{"host":"yd6hhqps9de4qmof","time":1612280924,"event":{"mods":["BaseMod","Downfall","Hermit","Highlight Path","Minty Spire (QoL Compilation)","Relic Stats","Robot Space Explorer","StSLib"],"gold_per_floor":[114,133,146,161,7,7,36,36,36,50,50,66,12,12,12,107,107,127,127,146,163,163,196,196,209,209,3,3,32,32,42,42,137,137,147,164,176,226,29,29,47,74,101,135,135,135,167,185,185,185],"floor_reached":51,"language":"ENG","playtime":2337,"items_purged":["RobotSpaceExplorer:Strike"],"score":1234,"play_id":"6db4b9a0-ed02-4456-926c-12102d58d92c","local_time":"20210202164844","is_ascension_mode":true,"campfire_choices":[{"data":"RobotSpaceExplorer:PowerCollector","floor":6,"key":"SMITH"},{"floor":8,"key":"REST"},{"floor":15,"key":"REST"},{"floor":24,"key":"REST"},{"floor":30,"key":"REST"},{"data":"RobotSpaceExplorer:Jetpack","floor":32,"key":"SMITH"},{"data":"RobotSpaceExplorer:DualCore","floor":40,"key":"SMITH"},{"floor":46,"key":"REST"},{"data":"RobotSpaceExplorer:TrailblazerForm","floor":49,"key":"SMITH"}],"circlet_count":0,"master_deck":["AscendersBane","RobotSpaceExplorer:Strike+1","RobotSpaceExplorer:Strike","RobotSpaceExplorer:Strike","RobotSpaceExplorer:Defend","RobotSpaceExplorer:Defend","RobotSpaceExplorer:Defend","RobotSpaceExplorer:Defend","RobotSpaceExplorer:Scan","RobotSpaceExplorer:MiniLasers","RobotSpaceExplorer:DualCore+1","RobotSpaceExplorer:PowerCollector+1","RobotSpaceExplorer:Probe","RobotSpaceExplorer:GearShield","RobotSpaceExplorer:StunGrenade+1","RobotSpaceExplorer:Probe","RobotSpaceExplorer:MiniDrones+1","RobotSpaceExplorer:ScrapMissile","RobotSpaceExplorer:ScrapMissile","RobotSpaceExplorer:TrailblazerForm+1","RobotSpaceExplorer:ScrapMissile+1","RobotSpaceExplorer:StunGrenade+1","RobotSpaceExplorer:DualCore","RobotSpaceExplorer:Ammunition+1","RobotSpaceExplorer:Jetpack+1","RobotSpaceExplorer:StunGrenade+1","RobotSpaceExplorer:Blaster+1","RobotSpaceExplorer:Asteroid+1","RobotSpaceExplorer:ScrapMissile+1","RobotSpaceExplorer:ScrapMissile+1","RobotSpaceExplorer:LuckyStrike+1","RobotSpaceExplorer:ScrapShield+1","RobotSpaceExplorer:ScrapMissile+1","RobotSpaceExplorer:FreezeRay","RobotSpaceExplorer:Fix","RobotSpaceExplorer:DoubleFind+1"],"relics":["RobotSpaceExplorer:RoboCore","Whetstone","Eternal Feather","RobotSpaceExplorer:SearchSpecs","Lizard Tail","Nunchaku","Molten Egg 2","Strange Spoon","Omamori","Sozu","StoneCalendar","Vajra","Blood Vial","Lantern","Gremlin Horn","White Beast Statue"],"acts_visited":["Exordium","TheCity","TheBeyond"],"potions_floor_usage":[4,4,7,16,19,21,23,45],"damage_taken":[{"damage":0,"enemies":"Cultist","floor":1,"turns":4},{"damage":1,"enemies":"Small Slimes","floor":2,"turns":5},{"damage":0,"enemies":"2 Louse","floor":3,"turns":6},{"damage":26,"enemies":"Exordium Thugs","floor":4,"turns":11},{"damage":30,"enemies":"Gremlin Nob","floor":7,"turns":6},{"damage":0,"enemies":"Blue Slaver","floor":10,"turns":4},{"damage":0,"enemies":"Looter","floor":12,"turns":4},{"damage":30,"enemies":"The Guardian","floor":16,"turns":16},{"damage":7,"enemies":"Shell Parasite","floor":18,"turns":5},{"damage":0,"enemies":"2 Thieves","floor":19,"turns":1},{"damage":2,"enemies":"Cultist and Chosen","floor":20,"turns":6},{"damage":44,"enemies":"Snake Plant","floor":21,"turns":6},{"damage":30,"enemies":"Gremlin Leader","floor":23,"turns":7},{"damage":0,"enemies":"Centurion and Healer","floor":25,"turns":6},{"damage":39,"enemies":"Book of Stabbing","floor":29,"turns":5},{"damage":3,"enemies":"Cultist and Chosen","floor":31,"turns":5},{"damage":6,"enemies":"Champ","floor":33,"turns":9},{"damage":4,"enemies":"3 Darklings","floor":35,"turns":3},{"damage":3,"enemies":"Orb Walker","floor":36,"turns":2},{"damage":13,"enemies":"Spire Growth","floor":37,"turns":4},{"damage":13,"enemies":"Mind Bloom Boss Battle","floor":38,"turns":5},{"damage":0,"enemies":"Maw","floor":41,"turns":4},{"damage":34,"enemies":"Nemesis","floor":42,"turns":5},{"damage":0,"enemies":"Reptomancer","floor":44,"turns":5},{"damage":0,"enemies":"Jaw Worm Horde","floor":45,"turns":1},{"damage":8,"enemies":"Giant Head","floor":47,"turns":7},{"damage":13,"enemies":"Spire Growth","floor":48,"turns":4},{"damage":58,"enemies":"Time Eater","floor":50,"turns":8}],"seed_played":"6866278563263237109","potions_obtained":[{"floor":0,"key":"Energy Potion"},{"floor":0,"key":"Weak Potion"},{"floor":0,"key":"Ancient Potion"},{"floor":4,"key":"Dexterity Potion"},{"floor":7,"key":"SmokeBomb"},{"floor":10,"key":"sneckomod:MuddlingPotion"},{"floor":18,"key":"SmokeBomb"},{"floor":20,"key":"LiquidBronze"},{"floor":21,"key":"EssenceOfSteel"}],"is_trial":false,"path_per_floor":["M","M","M","M","$","R","E","R","T","M","?","M","$","?","R","B",null,"M","M","M","M","?","E","R","M","T","$","$","E","R","M","R","B",null,"M","M","M","?","$","R","M","E","T","E","M","R","E","M","R","B",null],"character_chosen":"RobotSpaceExplorer","items_purchased":["RobotSpaceExplorer:GearShield","RobotSpaceExplorer:StunGrenade","RobotSpaceExplorer:ScrapMissile","Strange Spoon","RobotSpaceExplorer:StunGrenade+1","RobotSpaceExplorer:ScrapMissile+1","Vajra"],"campfire_rested":5,"item_purchase_floors":[5,5,13,27,27,39,39],"current_hp_per_floor":[68,67,67,41,41,41,11,33,33,33,26,26,26,26,60,30,64,57,57,55,11,11,27,61,61,61,61,61,22,59,56,71,65,73,69,66,53,40,40,58,58,24,24,26,28,71,69,62,75,17],"gold":185,"neow_bonus":"THREE_SMALL_POTIONS","is_daily":false,"chose_seed":false,"campfire_upgraded":4,"win_rate":0.0,"timestamp":1612280924,"path_taken":["M","M","?","M","$","R","E","R","T","M","?","M","$","?","R","BOSS","M","?","M","M","?","E","R","M","T","?","$","E","R","M","R","BOSS","M","M","M","?","$","R","M","E","T","E","M","R","E","M","R","BOSS"],"items_purchased_type":["Card","Card","Card","Relic","Card","Card","Relic"],"build_version":"2020-12-22","purchased_purges":1,"victory":true,"max_hp_per_floor":[75,75,75,75,75,75,75,75,75,75,75,75,75,75,75,75,75,75,75,75,75,75,75,75,75,75,75,75,75,75,75,75,75,75,75,75,75,75,75,75,75,75,75,75,75,75,75,75,75,75],"relic_stats":{"Sozu":5,"Blood Vial":8,"Strange Spoon":[73],"Lizard Tail":37,"Nunchaku":[28],"Gremlin Horn":[0,0],"counters":[28,154],"Eternal Feather":106,"StoneCalendar":[52],"Whetstone":["RobotSpaceExplorer:Strike","RobotSpaceExplorer:StunGrenade"],"obtain_stats":[{"Lantern":43,"Gremlin Horn":44,"Vajra":39,"RobotSpaceExplorer:RoboCore":0,"Eternal Feather":9,"StoneCalendar":38,"Omamori":29,"Whetstone":7,"White Beast Statue":47,"Sozu":34,"Blood Vial":42,"Strange Spoon":27,"Lizard Tail":22,"Nunchaku":23,"Molten Egg 2":26,"RobotSpaceExplorer:SearchSpecs":17},{"Lantern":23,"Gremlin Horn":24,"Vajra":21,"RobotSpaceExplorer:RoboCore":0,"Eternal Feather":5,"StoneCalendar":21,"Omamori":15,"Whetstone":5,"White Beast Statue":26,"Sozu":17,"Blood Vial":23,"Strange Spoon":14,"Lizard Tail":12,"Nunchaku":13,"Molten Egg 2":14,"RobotSpaceExplorer:SearchSpecs":8},{"Lantern":129,"Gremlin Horn":134,"Vajra":120,"RobotSpaceExplorer:RoboCore":0,"Eternal Feather":32,"StoneCalendar":120,"Omamori":92,"Whetstone":32,"White Beast Statue":142,"Sozu":106,"Blood Vial":129,"Strange Spoon":87,"Lizard Tail":74,"Nunchaku":81,"Molten Egg 2":87,"RobotSpaceExplorer:SearchSpecs":56}]},"card_choices":[{"not_picked":["RobotSpaceExplorer:SlimeMissile","RobotSpaceExplorer:IronShell"],"picked":"RobotSpaceExplorer:DualCore","floor":1},{"not_picked":["RobotSpaceExplorer:FranticSearch","RobotSpaceExplorer:PowerGlove"],"picked":"RobotSpaceExplorer:Smokescreen","floor":2},{"not_picked":["RobotSpaceExplorer:FranticSearch","RobotSpaceExplorer:ExhaustFan"],"picked":"RobotSpaceExplorer:PowerCollector","floor":3},{"not_picked":["RobotSpaceExplorer:Pulsar","RobotSpaceExplorer:DualCore"],"picked":"RobotSpaceExplorer:Probe","floor":4},{"not_picked":["RobotSpaceExplorer:GlueShot","RobotSpaceExplorer:SlimeMissile"],"picked":"RobotSpaceExplorer:Probe","floor":7},{"not_picked":["RobotSpaceExplorer:Probe","RobotSpaceExplorer:ShockKick"],"picked":"RobotSpaceExplorer:MiniDrones","floor":10},{"not_picked":["RobotSpaceExplorer:Electropulse","RobotSpaceExplorer:MiniDrones"],"picked":"RobotSpaceExplorer:ScrapMissile","floor":12},{"not_picked":["RobotSpaceExplorer:Comet","RobotSpaceExplorer:BlastShield"],"picked":"RobotSpaceExplorer:TrailblazerForm","floor":16},{"not_picked":["RobotSpaceExplorer:MiniDrones","RobotSpaceExplorer:FrostMissile"],"picked":"RobotSpaceExplorer:ScrapMissile+1","floor":18},{"not_picked":["RobotSpaceExplorer:FrostMissile","RobotSpaceExplorer:MetalStrike"],"picked":"RobotSpaceExplorer:StunGrenade+1","floor":20},{"not_picked":["RobotSpaceExplorer:SlimeMissile","RobotSpaceExplorer:FrostMissile+1"],"picked":"RobotSpaceExplorer:DualCore","floor":21},{"not_picked":["RobotSpaceExplorer:SelfCleaning","RobotSpaceExplorer:MiniDrones"],"picked":"RobotSpaceExplorer:Ammunition+1","floor":23},{"not_picked":["RobotSpaceExplorer:ExhaustFan","RobotSpaceExplorer:SwiftStep"],"picked":"RobotSpaceExplorer:Jetpack","floor":25},{"not_picked":["RobotSpaceExplorer:Counterblock+1","RobotSpaceExplorer:Pulsar+1"],"picked":"RobotSpaceExplorer:Blaster+1","floor":29},{"not_picked":["RobotSpaceExplorer:GlueShot","RobotSpaceExplorer:MakeshiftVolley+1","RobotSpaceExplorer:ShockKick+1"],"picked":"SKIP","floor":31},{"not_picked":["RobotSpaceExplorer:Wormhole","RobotSpaceExplorer:BlastShield"],"picked":"RobotSpaceExplorer:Asteroid+1","floor":33},{"not_picked":["RobotSpaceExplorer:ImprovisedAttack+1","RobotSpaceExplorer:GearShield+1"],"picked":"RobotSpaceExplorer:ScrapMissile+1","floor":35},{"not_picked":["RobotSpaceExplorer:SurgingStrike+1","RobotSpaceExplorer:GlueShot+1"],"picked":"RobotSpaceExplorer:ScrapMissile+1","floor":36},{"not_picked":["RobotSpaceExplorer:ScrapMissile+1","RobotSpaceExplorer:Discharger+1"],"picked":"RobotSpaceExplorer:LuckyStrike+1","floor":37},{"not_picked":["RobotSpaceExplorer:ShockKick+1","RobotSpaceExplorer:Smokescreen+1"],"picked":"RobotSpaceExplorer:ScrapShield+1","floor":38},{"not_picked":["RobotSpaceExplorer:SurgingShield+1","RobotSpaceExplorer:MiniDrones+1"],"picked":"RobotSpaceExplorer:FreezeRay","floor":41},{"not_picked":["RobotSpaceExplorer:Multitool","RobotSpaceExplorer:SurgingStrike+1","RobotSpaceExplorer:Probe+1"],"picked":"SKIP","floor":42},{"not_picked":["RobotSpaceExplorer:Counterblock","RobotSpaceExplorer:Scanner"],"picked":"RobotSpaceExplorer:Fix","floor":44},{"not_picked":["RobotSpaceExplorer:Electropulse+1","RobotSpaceExplorer:SelfCleaning"],"picked":"RobotSpaceExplorer:DoubleFind+1","floor":47},{"not_picked":["RobotSpaceExplorer:DualCore+1","RobotSpaceExplorer:SurgingShield","RobotSpaceExplorer:DoubleBlock"],"picked":"SKIP","floor":48}],"player_experience":1182430,"relics_obtained":[{"floor":7,"key":"Whetstone"},{"floor":9,"key":"Eternal Feather"},{"floor":23,"key":"Nunchaku"},{"floor":26,"key":"Molten Egg 2"},{"floor":29,"key":"Omamori"},{"floor":38,"key":"StoneCalendar"},{"floor":42,"key":"Blood Vial"},{"floor":43,"key":"Lantern"},{"floor":44,"key":"Gremlin Horn"},{"floor":47,"key":"White Beast Statue"}],"event_choices":[{"damage_healed":0,"gold_gain":0,"player_choice":"Fled","damage_taken":7,"max_hp_gain":0,"max_hp_loss":0,"event_name":"Scrap Ooze","floor":11,"gold_loss":0},{"damage_healed":0,"gold_gain":0,"player_choice":"Upgraded","damage_taken":0,"max_hp_gain":0,"max_hp_loss":0,"event_name":"Upgrade Shrine","floor":14,"gold_loss":0,"cards_upgraded":["RobotSpaceExplorer:MiniDrones"]},{"cards_removed":["RobotSpaceExplorer:Smokescreen"],"damage_healed":0,"gold_gain":0,"player_choice":"Gave Card","damage_taken":0,"relics_obtained":["Lizard Tail"],"max_hp_gain":0,"max_hp_loss":0,"event_name":"WeMeetAgain","floor":22,"gold_loss":0},{"damage_healed":0,"gold_gain":0,"player_choice":"Fight","damage_taken":0,"max_hp_gain":0,"max_hp_loss":0,"event_name":"MindBloom","floor":38,"gold_loss":0}],"is_beta":false,"boss_relics":[{"not_picked":["Tiny House","Black Star"],"picked":"RobotSpaceExplorer:SearchSpecs"},{"not_picked":["Runic Pyramid","SacredBark"],"picked":"Sozu"}],"items_purged_floors":[5],"is_endless":false,"potions_floor_spawned":[3,4,7,10,18,20,21,36,41,42,44,45,48],"ascension_level":10}}