{"host":"3gs8qmxwk42q8db2","time":1612280377,"event":{"mods":["2.2 Compatiblity","AchievementEnabler","Act Like it!","BaseMod","Better Note","Better Third Choice","Colored Map","Colored Powertips","Defuse TimeMaze Blight","Downfall","Friendly Minions","GifTheSpireLib","Gold Saver","Highlight Path","Hubris","Infinite Spire","Jedi Mod","Marisa????????","Minty Spire (QoL Compilation)","Permanent Neow","Replay The Spire","Shop Mod","Spikes Relics","StSLib","Stuff the Spire","The Animator","The Blackbeard","The Disciple","The Dragon Tamer","yUi"],"gold_per_floor":[479,490,490,503,503,503,503],"floor_reached":6,"language":"ENG","playtime":550,"items_purged":[],"score":34,"play_id":"169191aa-9585-4b59-9b03-5f57b1e9e372","local_time":"20210202163937","is_ascension_mode":false,"campfire_choices":[],"circlet_count":0,"master_deck":["animator:Strike_GATE","animator:Defend_GATE","animator:Strike","animator:Strike","animator:Strike","animator:Defend","animator:Defend","animator:Defend","animator:TukaLunaMarceau","animator:Kuribayashi","animator:Kuribayashi","animator:TukaLunaMarceau","CommonCold","animator:Entoma+1","Pain","animator:Kazuma","infinitespire:Menacing"],"relics":["animator:LivingPicture","animator:TheMissingPiece","animator:PurgingStone","PrismaticShard"],"acts_visited":["Exordium"],"potions_floor_usage":[],"damage_taken":[{"damage":2,"enemies":"Cultist","floor":2,"turns":5},{"damage":12,"enemies":"Jaw Worm","floor":4,"turns":4},{"damage":53,"enemies":"Gremlin Nob","floor":6,"turns":5}],"seed_played":"-3530773985464208884","potions_obtained":[],"is_trial":false,"path_per_floor":["R_BF","M","?","M","?","E"],"character_chosen":"THE_ANIMATOR","items_purchased":[],"campfire_rested":0,"item_purchase_floors":[],"current_hp_per_floor":[60,58,58,48,32,0,0],"gold":503,"neow_bonus":"TWO_FIFTY_GOLD","is_daily":false,"chose_seed":false,"campfire_upgraded":0,"win_rate":0.0,"timestamp":1612280377,"path_taken":["R_BF","M","?","M","?","E"],"items_purchased_type":[],"build_version":"2020-12-22","purchased_purges":0,"victory":false,"max_hp_per_floor":[60,60,60,62,62,62,62],"card_choices":[{"not_picked":["animator:EmiyaShirou","animator:ChaikaBohdan"],"picked":"animator:Entoma","floor":2},{"not_picked":["GalacticHalo","animator:Entoma"],"picked":"animator:Kazuma","floor":4},{"not_picked":["ReplayTheSpireMod:Black Plague","ReplayTheSpireMod:Book of Names"],"picked":"infinitespire:Menacing","floor":5}],"player_experience":141111,"relics_obtained":[],"event_choices":[],"is_beta":false,"boss_relics":[],"items_purged_floors":[],"is_endless":false,"potions_floor_spawned":[],"killed_by":"Gremlin Nob","ascension_level":0}}