{"host":"f4xk8spljo3akohx","time":1612242191,"event":{"mods":["Act Like it!","Arknights","BaseMod","Downfall","Gensokyo","GifTheSpireLib","Hallownest","Highlight Path","Marisa£®ÏF”Í°°ƒß¿Ì…≥£©","Minty Spire (QoL Compilation)","Quick Restart","StSLib","The Bug Knight"],"gold_per_floor":[117,134,59,234,246,246,256,266,266,266,266],"floor_reached":10,"language":"ZHS","playtime":326,"items_purged":["ats:Strike V"],"score":60,"play_id":"ff391f1c-c184-4b57-b739-2a4502ba9df6","local_time":"20210202130311","is_ascension_mode":false,"campfire_choices":[{"data":"ats:Volcano","floor":6,"key":"SMITH"}],"circlet_count":0,"master_deck":["ats:Strike C","ats:Strike G","ats:Strike S","ats:Armor Crushing Shot","ats:Defend","ats:Defend","ats:Defend","ats:Defend","ats:Emotion Absorption","Injury","ats:Volcano+1","ats:Burning Ground","Doubt","ats:Soul Absorption"],"relics":["ats:Sanity","Meat on the Bone"],"acts_visited":["Exordium"],"potions_floor_usage":[10,10],"damage_taken":[{"damage":12.0,"enemies":"Cultist","floor":1.0,"turns":5.0},{"damage":11.0,"enemies":"Jaw Worm","floor":2.0,"turns":5.0},{"damage":0.0,"enemies":"Small Slimes","floor":5.0,"turns":3.0},{"damage":8,"enemies":"Red Slaver","floor":7,"turns":4},{"damage":9,"enemies":"2 Fungi Beasts","floor":8,"turns":4},{"damage":21,"enemies":"Lagavulin","floor":10,"turns":5}],"seed_played":"7984769616454459680","potions_obtained":[{"floor":7,"key":"Fire Potion"},{"floor":8,"key":"PowerPotion"}],"is_trial":false,"path_per_floor":["M","M","$","?","M","R","M","M","T","E"],"character_chosen":"DOCTOR_CLASS","items_purchased":[],"campfire_rested":0,"item_purchase_floors":[],"current_hp_per_floor":[60,49,49,49,49,49,41,32,32,11,11],"gold":266,"neow_bonus":"THREE_RARE_CARDS","is_daily":false,"chose_seed":false,"campfire_upgraded":1,"win_rate":0.0,"timestamp":1612242191,"path_taken":["M","?","$","?","M","R","M","M","T","E"],"items_purchased_type":[],"build_version":"2020-12-22","purchased_purges":1,"victory":false,"max_hp_per_floor":[72,72,72,72,72,72,72,72,72,72,72],"card_choices":[{"not_picked":["ats:Dogmatic Field","ats:Roar Of Ursus"],"picked":"ats:Volcano","floor":0.0},{"not_picked":["ats:Apocalypse","ats:Thermite Blade","ats:Guard Mode"],"picked":"SKIP","floor":1.0},{"not_picked":["ats:Automatic Cover","ats:Sword Rain"],"picked":"ats:Burning Ground","floor":2.0},{"not_picked":["ats:Directed Diagnosis","ats:Leaping Hammer","ats:Encircling Forest"],"picked":"SKIP","floor":5.0},{"not_picked":["ats:Leaping Hammer","ats:Composite Medical Shells","ats:Shell Defense"],"picked":"SKIP","floor":7},{"not_picked":["ats:Explosion Area Strengthen","ats:Counter Healing Mode"],"picked":"ats:Soul Absorption","floor":8}],"player_experience":69635,"relics_obtained":[{"floor":9,"key":"Meat on the Bone"}],"event_choices":[{"damage_healed":0.0,"max_hp_gain":0.0,"max_hp_loss":0.0,"gold_gain":175.0,"event_name":"Liars Game","player_choice":"AGREE","floor":4.0,"gold_loss":0.0,"damage_taken":0.0,"cards_obtained":["Doubt"]}],"is_beta":false,"boss_relics":[],"items_purged_floors":[3],"is_endless":false,"potions_floor_spawned":[7,8],"killed_by":"Lagavulin","ascension_level":0}}