{"host":"qm4rv4rkpk76sbxu","time":1612268095,"event":{"mods":["BaseMod","Bestiary","Block Reminder","DeckTracker","Filter the Spire","Keyboard Shortcuts","Minty Spire (QoL Compilation)","MonsterHotkey","Quick Restart","Random Character Button","Relic Stats","Slay-I","StSLib","Unceasing Turn Reminder","ojb\u0027s Better Paths Mod","ojb\u0027s Info Mod"],"gold_per_floor":[116,132,12,12,12,356,356,377,377,390,390,405,448,467,467,587,587,605,704,352,277,302,337,337,337,337],"floor_reached":25,"language":"ENG","playtime":1220,"items_purged":["Strike_G"],"score":307,"play_id":"b328e6f1-6282-4071-8604-636a52979dd3","local_time":"20210202131455","is_ascension_mode":true,"campfire_choices":[{"data":"Bouncing Flask","floor":7,"key":"SMITH"},{"data":"Footwork","floor":11,"key":"SMITH"},{"data":"Blade Dance","floor":15,"key":"SMITH"}],"circlet_count":0,"master_deck":["Strike_G","Strike_G","Defend_G","Defend_G","Defend_G","Defend_G","Defend_G","Survivor","Neutralize","Footwork+1","Sucker Punch","Bouncing Flask+1","Poisoned Stab","Deflect","Malaise","Blade Dance+1","Accuracy","Footwork","Venomology","Blade Dance","Terror","Cloak And Dagger","Slice+1","Acrobatics","Writhe"],"relics":["Ring of the Snake","NeowsBlessing","Golden Idol","Old Coin","Shuriken","Ancient Tea Set","Cursed Key","Membership Card","Oddly Smooth Stone","MealTicket","Potion Belt"],"acts_visited":["Exordium","TheCity"],"potions_floor_usage":[10,13,16,22,22,23,25,25],"damage_taken":[{"damage":0,"enemies":"2 Louse","floor":1,"turns":1},{"damage":0,"enemies":"Small Slimes","floor":2,"turns":1},{"damage":0,"enemies":"Lagavulin","floor":6,"turns":1},{"damage":0,"enemies":"Jaw Worm","floor":8,"turns":4},{"damage":23,"enemies":"Gremlin Gang","floor":10,"turns":8},{"damage":0,"enemies":"Exordium Thugs","floor":12,"turns":4},{"damage":5,"enemies":"Gremlin Nob","floor":13,"turns":5},{"damage":2,"enemies":"Large Slime","floor":14,"turns":5},{"damage":3,"enemies":"Hexaghost","floor":16,"turns":7},{"damage":29,"enemies":"Chosen","floor":18,"turns":5},{"damage":1,"enemies":"2 Thieves","floor":22,"turns":3},{"damage":21,"enemies":"Gremlin Leader","floor":23,"turns":7},{"damage":19,"enemies":"Slavers","floor":25,"turns":3}],"seed_played":"704818298127048811","potions_obtained":[{"floor":2,"key":"BlessingOfTheForge"},{"floor":6,"key":"DistilledChaos"},{"floor":8,"key":"Swift Potion"},{"floor":13,"key":"SkillPotion"},{"floor":18,"key":"Ancient Potion"},{"floor":23,"key":"SneckoOil"}],"is_trial":false,"path_per_floor":["M","M","$","?","?","E","R","M","T","M","R","M","E","M","R","B",null,"M","?","$","?","M","E","?","E"],"character_chosen":"THE_SILENT","items_purchased":["Bouncing Flask","Poisoned Stab","Membership Card","Terror","Cloak And Dagger","Oddly Smooth Stone","Energy Potion"],"campfire_rested":0,"item_purchase_floors":[3,3,20,20,20,20,20],"current_hp_per_floor":[70,70,70,53,46,46,46,46,46,23,23,23,18,16,16,13,70,41,41,41,41,40,19,19,0,0],"gold":337,"neow_bonus":"THREE_ENEMY_KILL","is_daily":false,"chose_seed":false,"campfire_upgraded":3,"win_rate":0.0,"timestamp":1612268095,"path_taken":["M","M","$","?","?","E","R","M","T","?","R","M","E","?","R","BOSS","M","?","$","?","M","E","?","E"],"items_purchased_type":["Card","Card","Relic","Card","Card","Relic","Potion"],"build_version":"2020-12-22","purchased_purges":1,"victory":false,"max_hp_per_floor":[70,70,70,70,70,70,70,70,70,70,70,70,70,70,70,70,70,70,70,70,70,70,70,70,70,70],"relic_stats":{"counters":[13,54],"Golden Idol":72,"Shuriken":[27],"MealTicket":0,"Cursed Key":0,"obtain_stats":[{"Potion Belt":24,"NeowsBlessing":0,"Golden Idol":4,"Shuriken":9,"Oddly Smooth Stone":20,"MealTicket":23,"Membership Card":20,"Ancient Tea Set":13,"Cursed Key":17,"Ring of the Snake":0,"Old Coin":6},{"Potion Belt":12,"NeowsBlessing":0,"Golden Idol":2,"Shuriken":4,"Oddly Smooth Stone":10,"MealTicket":12,"Membership Card":10,"Ancient Tea Set":7,"Cursed Key":9,"Ring of the Snake":0,"Old Coin":3},{"Potion Belt":51,"NeowsBlessing":0,"Golden Idol":2,"Shuriken":7,"Oddly Smooth Stone":41,"MealTicket":51,"Membership Card":41,"Ancient Tea Set":24,"Cursed Key":36,"Ring of the Snake":0,"Old Coin":3}],"Ring of the Snake":[26]},"card_choices":[{"not_picked":["PiercingWail","Noxious Fumes"],"picked":"Footwork","floor":1},{"not_picked":["PiercingWail","Concentrate"],"picked":"Sucker Punch","floor":2},{"not_picked":["Choke","Finisher"],"picked":"Deflect","floor":6},{"not_picked":["Quick Slash","Dagger Throw"],"picked":"Malaise","floor":8},{"not_picked":["Sucker Punch","Outmaneuver"],"picked":"Blade Dance","floor":10},{"not_picked":["Underhanded Strike","Poisoned Stab","Deadly Poison"],"picked":"SKIP","floor":12},{"not_picked":["Backflip","Deflect"],"picked":"Accuracy","floor":13},{"not_picked":["Poisoned Stab","Flying Knee"],"picked":"Footwork","floor":14},{"not_picked":["Burst","Tools of the Trade"],"picked":"Venomology","floor":16},{"not_picked":["Prepared","Footwork+1"],"picked":"Blade Dance","floor":18},{"not_picked":["Expertise+1","Finisher+1"],"picked":"Slice+1","floor":22},{"not_picked":["PiercingWail+1","Crippling Poison"],"picked":"Acrobatics","floor":23}],"player_experience":1490323,"relics_obtained":[{"floor":6,"key":"Old Coin"},{"floor":9,"key":"Shuriken"},{"floor":13,"key":"Ancient Tea Set"},{"floor":23,"key":"MealTicket"}],"event_choices":[{"damage_healed":0,"gold_gain":0,"player_choice":"Take Damage","damage_taken":17,"relics_obtained":["Golden Idol"],"max_hp_gain":0,"max_hp_loss":0,"event_name":"Golden Idol","floor":4,"gold_loss":0},{"cards_removed":["Strike_G"],"damage_healed":0,"gold_gain":0,"player_choice":"Card Removal","damage_taken":7,"max_hp_gain":0,"max_hp_loss":0,"event_name":"Golden Wing","floor":5,"gold_loss":0},{"damage_healed":0,"gold_gain":99,"player_choice":"Stole From Cult","damage_taken":0,"max_hp_gain":0,"max_hp_loss":0,"event_name":"Nest","floor":19,"gold_loss":0},{"cards_removed":["Strike_G"],"damage_healed":0,"gold_gain":0,"player_choice":"Gave Gold","damage_taken":0,"max_hp_gain":0,"max_hp_loss":0,"event_name":"Beggar","floor":21,"gold_loss":75},{"damage_healed":0,"gold_gain":0,"player_choice":"Opened","damage_taken":0,"relics_obtained":["Potion Belt"],"max_hp_gain":0,"max_hp_loss":0,"event_name":"The Mausoleum","floor":24,"gold_loss":0,"cards_obtained":["Writhe"]}],"is_beta":false,"boss_relics":[{"not_picked":["Ring of the Serpent","Runic Pyramid"],"picked":"Cursed Key"}],"items_purged_floors":[20],"is_endless":false,"potions_floor_spawned":[2,6,8,13,18,23],"killed_by":"Slavers","ascension_level":4}}