{"host":"8p5c6x4qt9411139","time":1612228045,"event":{"mods":["Aspiration","BaseMod","BetterRewards","Friendly Minions","Hubris","Infinite Spire","Minty Spire (QoL Compilation)","Quick Restart","Relic Stats","Replay The Spire","Shop Mod","StSLib","The Jungle"],"gold_per_floor":[110,110,123,139,159,193,193,193,193,193,210,225,225,236,236,340,340,352,219,235,185,185,214,214,234,234,234,234,234,254,270,281,281,377,377,389,287,308,335,361,361,361,119,119,119,119,149,149,181,181,189],"floor_reached":52,"language":"ENG","playtime":1521,"items_purged":["Acrobatics","ReplayTheSpireMod:Shiv Toss"],"score":753,"play_id":"23f93f15-5289-4876-a0b5-41fdbf800684","local_time":"20210201170725","daily_mods":["Draft","Vintage","Heirloom","Time Dilation"],"is_ascension_mode":false,"campfire_choices":[{"data":"Catalyst","floor":7,"key":"SMITH"},{"data":"Deadly Poison","floor":10,"key":"SMITH"},{"data":"hubris:InfiniteBlow","floor":15,"key":"SMITH"},{"data":"hubris:InfiniteBlow+1","floor":24,"key":"SMITH"},{"data":"hubris:InfiniteBlow+3","floor":33,"key":"SMITH"},{"data":"hubris:InfiniteBlow+4","floor":41,"key":"SMITH"},{"data":"hubris:InfiniteBlow+6","floor":45,"key":"SMITH"},{"data":"hubris:InfiniteBlow+7","floor":50,"key":"SMITH"}],"circlet_count":0,"master_deck":["Deadly Poison+1","Leg Sweep","Dagger Throw+1","Infinite Blades","Hidden Blade","Masterful Stab+1","Catalyst+1","Poisoned Stab","Bane","Noxious Fumes","Cloak And Dagger","Deflect","hubris:InfiniteBlow+8","Poison Darts","ReplayTheSpireMod:Scrap Shanks","hubris:DuctTapeCard","Apotheosis+1","Catalyst+1"],"relics":["Ring of the Snake","Byrd Skull","infinitespire:BottledMercury","Meat on the Bone","hubris:TinFlute","Replay:WaspNest","The Specimen","Gremlin Horn","Unceasing Top","Happy Flower","hubris:HollowSoul","Eternal Feather","MerchantsRug","Toxic Egg 2","aspiration:ChemicalBlood","Busted Crown","aspiration:FetidBarrel","White Beast Statue","infinitespire:FocusingShard","infinitespire:EmpoweringShard","MutagenicStrength","aspiration:TomeofQuesting","Durian","aspiration:Lifesprig","hubris:CrackedHourglass","hubris:MedicalManual","Replay:Bandana","Lantern","infinitespire:Bottled Soul","The Courier","Letter Opener","ReplayTheSpireMod:ShopPack","Replay:Bottled Eggs","Replay:Bottled Steam","hubris:SlimyHat"],"acts_visited":["Exordium","TheCity","TheBeyond"],"potions_floor_usage":[16,20,34,34,39,51,51],"damage_taken":[{"damage":0,"enemies":"Small Slimes","floor":1,"turns":2},{"damage":0,"enemies":"Cultist","floor":3,"turns":2},{"damage":0,"enemies":"Jaw Worm","floor":4,"turns":1},{"damage":7,"enemies":"Blue Slaver","floor":5,"turns":2},{"damage":5,"enemies":"Gremlin Nob","floor":6,"turns":3},{"damage":0,"enemies":"Large Slime","floor":11,"turns":3},{"damage":0,"enemies":"Exordium Thugs","floor":12,"turns":2},{"damage":0,"enemies":"Blue Slaver","floor":14,"turns":1},{"damage":31,"enemies":"The Guardian","floor":16,"turns":5},{"damage":3,"enemies":"Chosen","floor":18,"turns":3},{"damage":30,"enemies":"Shell Parasite","floor":20,"turns":3},{"damage":13,"enemies":"Gremlin Leader","floor":23,"turns":3},{"damage":6,"enemies":"Cultist and Chosen","floor":25,"turns":4},{"damage":5,"enemies":"Chosen and Byrds","floor":30,"turns":2},{"damage":0,"enemies":"3 Cultists","floor":31,"turns":2},{"damage":0,"enemies":"Snecko","floor":32,"turns":2},{"damage":51,"enemies":"Collector","floor":34,"turns":4},{"damage":8,"enemies":"3 Darklings","floor":36,"turns":3},{"damage":0,"enemies":"Orb Walker","floor":38,"turns":1},{"damage":11,"enemies":"Jaw Worm Horde","floor":39,"turns":2},{"damage":3,"enemies":"Spire Growth","floor":40,"turns":2},{"damage":0,"enemies":"3 Darklings","floor":47,"turns":1},{"damage":0,"enemies":"Maw","floor":49,"turns":3},{"damage":32,"enemies":"infinitespire:MassOfShapes","floor":51,"turns":2}],"seed_played":"-1183996288456947155","potions_obtained":[{"floor":3,"key":"PowerPotion"},{"floor":4,"key":"Reflective Coating"},{"floor":5,"key":"GamblersBrew"},{"floor":23,"key":"Venom Potion"},{"floor":31,"key":"Dexterity Potion"},{"floor":34,"key":"infinitespire:BlackPotion"},{"floor":39,"key":"DuplicationPotion"}],"is_trial":true,"path_per_floor":["M","?","M","M","M","E","R","?","T","R","M","M","?","M","R","B",null,"M","$","M","?","AVR","E","R","M","T","T","?","?","M","M","M","R","B",null,"M","$","M","M","M","R","?","$","T","R","?","M","?","M","R","B",null],"character_chosen":"THE_SILENT","items_purchased":["MerchantsRug","ReplayTheSpireMod:Scrap Shanks","Replay:Bandana","Letter Opener","ReplayTheSpireMod:ShopPack"],"campfire_rested":0,"item_purchase_floors":[19,19,37,43,43],"current_hp_per_floor":[70,70,70,70,63,58,58,51,51,51,51,51,35,47,47,28,70,67,67,37,37,37,36,45,39,39,39,39,39,46,51,51,60,21,75,67,67,67,56,53,62,62,62,62,71,71,71,71,71,75,43],"gold":189,"neow_bonus":"","is_daily":false,"chose_seed":false,"campfire_upgraded":8,"win_rate":0.0,"timestamp":1612228045,"path_taken":["M","?","?","M","M","E","R","?","T","R","M","M","?","M","R","BOSS","M","$","M","?","AVR","E","R","?","T","T","?","?","?","M","M","R","BOSS","M","$","M","M","M","R","?","?","T","R","?","?","?","M","R","BOSS"],"items_purchased_type":["Relic","Card","Relic","Relic","Relic"],"build_version":"2020-12-22","purchased_purges":2,"victory":true,"max_hp_per_floor":[70,70,70,70,70,70,70,70,70,70,70,70,70,70,70,70,70,70,70,70,70,70,70,70,70,70,70,70,70,70,75,75,75,75,75,75,75,75,75,75,75,75,75,75,75,75,75,75,75,75,75],"relic_stats":{"Busted Crown":24,"Gremlin Horn":[17,17],"Happy Flower":[14],"counters":[24,58],"Eternal Feather":40,"Letter Opener":[25],"obtain_stats":[{"infinitespire:BottledMercury":3,"aspiration:Lifesprig":32,"Lantern":38,"Gremlin Horn":9,"aspiration:TomeofQuesting":30,"hubris:SlimyHat":49,"Whetstone":1,"Replay:Bandana":37,"hubris:AstralHammer":11,"infinitespire:Bottled Soul":39,"Toxic Egg 2":20,"Replay:Bottled Eggs":44,"Byrd Skull":0,"hubris:TinFlute":5,"Ring of the Snake":0,"aspiration:ChemicalBlood":22,"Replay:Bottled Steam":47,"MerchantsRug":19,"The Specimen":8,"Happy Flower":14,"hubris:DuctTape":42,"aspiration:FetidBarrel":23,"Eternal Feather":18,"Ring of Chaos":0,"Replay:WaspNest":6,"hubris:HollowSoul":17,"infinitespire:FocusingShard":26,"hubris:MedicalManual":36,"The Courier":40,"Letter Opener":43,"White Beast Statue":25,"Busted Crown":22,"MutagenicStrength":28,"infinitespire:EmpoweringShard":27,"Durian":31,"hubris:CrackedHourglass":35,"Unceasing Top":12,"Meat on the Bone":4,"ReplayTheSpireMod:ShopPack":43},{"infinitespire:BottledMercury":2,"aspiration:Lifesprig":16,"Lantern":19,"Gremlin Horn":5,"aspiration:TomeofQuesting":14,"hubris:SlimyHat":23,"Whetstone":1,"Replay:Bandana":18,"hubris:AstralHammer":6,"infinitespire:Bottled Soul":20,"Toxic Egg 2":11,"Replay:Bottled Eggs":21,"Byrd Skull":0,"hubris:TinFlute":4,"Ring of the Snake":0,"aspiration:ChemicalBlood":11,"Replay:Bottled Steam":22,"MerchantsRug":10,"The Specimen":5,"Happy Flower":8,"hubris:DuctTape":21,"aspiration:FetidBarrel":12,"Eternal Feather":10,"Ring of Chaos":0,"Replay:WaspNest":5,"hubris:HollowSoul":9,"infinitespire:FocusingShard":13,"hubris:MedicalManual":18,"The Courier":21,"Letter Opener":21,"White Beast Statue":13,"Busted Crown":11,"MutagenicStrength":13,"infinitespire:EmpoweringShard":13,"Durian":15,"hubris:CrackedHourglass":17,"Unceasing Top":7,"Meat on the Bone":3,"ReplayTheSpireMod:ShopPack":21},{"infinitespire:BottledMercury":4,"aspiration:Lifesprig":40,"Lantern":48,"Gremlin Horn":10,"aspiration:TomeofQuesting":36,"hubris:SlimyHat":56,"Whetstone":2,"Replay:Bandana":47,"hubris:AstralHammer":13,"infinitespire:Bottled Soul":50,"Toxic Egg 2":27,"Replay:Bottled Eggs":52,"Byrd Skull":0,"hubris:TinFlute":7,"Ring of the Snake":0,"aspiration:ChemicalBlood":27,"Replay:Bottled Steam":53,"MerchantsRug":24,"The Specimen":10,"Happy Flower":16,"hubris:DuctTape":52,"aspiration:FetidBarrel":30,"Eternal Feather":24,"Ring of Chaos":0,"Replay:WaspNest":10,"hubris:HollowSoul":21,"infinitespire:FocusingShard":34,"hubris:MedicalManual":47,"The Courier":52,"Letter Opener":52,"White Beast Statue":34,"Busted Crown":27,"MutagenicStrength":34,"infinitespire:EmpoweringShard":34,"Durian":38,"hubris:CrackedHourglass":44,"Unceasing Top":15,"Meat on the Bone":5,"ReplayTheSpireMod:ShopPack":52}],"Unceasing Top":[5],"Ring of the Snake":[48],"Meat on the Bone":60},"card_choices":[{"not_picked":["Backflip","Draining Mist"],"picked":"Deadly Poison","floor":0},{"not_picked":["Concentrate","Accuracy"],"picked":"Leg Sweep","floor":0},{"not_picked":["Sucker Punch","Dagger Spray"],"picked":"Deadly Poison","floor":0},{"not_picked":["Dagger Throw","Quick Slash"],"picked":"Acrobatics","floor":0},{"not_picked":["hubris:SlightOfHand","Slice"],"picked":"Dagger Throw","floor":0},{"not_picked":["Prepared","Dagger Spray"],"picked":"Infinite Blades","floor":0},{"not_picked":["PiercingWail","Leg Sweep"],"picked":"Hidden Blade","floor":0},{"not_picked":["Prepared","hubris:SlightOfHand"],"picked":"Masterful Stab","floor":0},{"not_picked":["hubris:Counter","Skewer"],"picked":"Deflect","floor":0},{"not_picked":["Bouncing Flask","Bane"],"picked":"Catalyst","floor":0},{"not_picked":["Underhanded Strike","All Out Attack"],"picked":"Poisoned Stab","floor":0},{"not_picked":["Dagger Spray","hubris:Counter"],"picked":"Bane","floor":0},{"not_picked":["Blade Dance","hubris:TrickCloak"],"picked":"Noxious Fumes","floor":0},{"not_picked":["Sucker Punch","Reflex"],"picked":"Cloak And Dagger","floor":0},{"not_picked":["Footwork","Outmaneuver"],"picked":"Deflect","floor":0},{"not_picked":["Quick Slash","Hidden Blade","Reflex"],"picked":"SKIP","floor":6},{"not_picked":["infinitespire:Punishment","infinitespire:Execution"],"picked":"hubris:InfiniteBlow","floor":13},{"not_picked":["Replay:Bag of Tricks","Venomology"],"picked":"Poison Darts","floor":16},{"not_picked":["Dagger Spray+1"],"picked":"SKIP","floor":23},{"not_picked":[],"picked":"Apotheosis","floor":43}],"player_experience":415181,"relics_obtained":[{"floor":1,"key":"Whetstone"},{"floor":3,"key":"infinitespire:BottledMercury"},{"floor":4,"key":"Meat on the Bone"},{"floor":5,"key":"hubris:TinFlute"},{"floor":6,"key":"Replay:WaspNest"},{"floor":9,"key":"Gremlin Horn"},{"floor":11,"key":"hubris:AstralHammer"},{"floor":12,"key":"Unceasing Top"},{"floor":14,"key":"Happy Flower"},{"floor":18,"key":"Eternal Feather"},{"floor":20,"key":"Toxic Egg 2"},{"floor":23,"key":"aspiration:FetidBarrel"},{"floor":25,"key":"White Beast Statue"},{"floor":26,"key":"infinitespire:FocusingShard"},{"floor":27,"key":"infinitespire:EmpoweringShard"},{"floor":30,"key":"aspiration:TomeofQuesting"},{"floor":31,"key":"Durian"},{"floor":32,"key":"aspiration:Lifesprig"},{"floor":36,"key":"hubris:MedicalManual"},{"floor":38,"key":"Lantern"},{"floor":39,"key":"infinitespire:Bottled Soul"},{"floor":40,"key":"The Courier"},{"floor":42,"key":"hubris:DuctTape"},{"floor":44,"key":"Replay:Bottled Eggs"},{"floor":47,"key":"Replay:Bottled Steam"},{"floor":49,"key":"hubris:SlimyHat"}],"event_choices":[{"damage_healed":0,"gold_gain":0,"cards_transformed":["Deflect"],"player_choice":"Transformed","damage_taken":0,"max_hp_gain":0,"max_hp_loss":0,"event_name":"Transmorgrifier","floor":2,"gold_loss":0,"cards_obtained":["ReplayTheSpireMod:Shiv Toss"]},{"damage_healed":0,"gold_gain":0,"player_choice":"Success","damage_taken":7,"relics_obtained":["The Specimen"],"max_hp_gain":0,"max_hp_loss":0,"event_name":"Scrap Ooze","floor":8,"gold_loss":0},{"damage_healed":0,"gold_gain":0,"player_choice":"Bet on Murderer","damage_taken":0,"max_hp_gain":0,"max_hp_loss":0,"event_name":"The Joust","floor":21,"gold_loss":50},{"damage_healed":0,"gold_gain":0,"player_choice":"Inject Mutagens","damage_taken":0,"relics_obtained":["MutagenicStrength"],"max_hp_gain":0,"max_hp_loss":0,"event_name":"Drug Dealer","floor":28,"gold_loss":0},{"damage_healed":0,"gold_gain":0,"player_choice":"Upgraded","damage_taken":0,"max_hp_gain":0,"max_hp_loss":0,"event_name":"Upgrade Shrine","floor":29,"gold_loss":0,"cards_upgraded":["hubris:InfiniteBlow"]},{"damage_healed":0,"gold_gain":0,"player_choice":"Relic","damage_taken":0,"max_hp_gain":0,"max_hp_loss":0,"event_name":"Wheel of Change","floor":42,"gold_loss":0},{"damage_healed":0,"gold_gain":0,"player_choice":"Copied","damage_taken":0,"max_hp_gain":0,"max_hp_loss":0,"event_name":"Duplicator","floor":46,"gold_loss":0,"cards_obtained":["Catalyst"]},{"damage_healed":0,"gold_gain":0,"player_choice":"Memory 1","damage_taken":0,"max_hp_gain":0,"max_hp_loss":0,"event_name":"SensoryStone","floor":48,"gold_loss":0}],"is_beta":false,"boss_relics":[{"not_picked":["ReplayTheSpireMod:DimensionalGlitch","Calling Bell"],"picked":"hubris:HollowSoul"},{"not_picked":["hubris:GrandSneckoEye","ReplayTheSpireMod:SealedPack"],"picked":"hubris:CrackedHourglass"}],"items_purged_floors":[22,37],"is_endless":false,"potions_floor_spawned":[3,4,5,23,30,31,32,34,36,38,39,40,47,49],"ascension_level":0}}