{"host":"0mf7robgulk01ko7","time":1612272720,"event":{"mods":["AchievementEnabler","BaseMod","Colored Map","DeckTracker","Minty Spire (QoL Compilation)","Quick Restart","Rare Cards Sparkle","Relic Stats","SuperFastMode","everything is the same but u backflip on backflip"],"gold_per_floor":[109,126,201,201,221,252,271,271,296,315,331,351,351,351],"floor_reached":13,"language":"KOR","playtime":384,"items_purged":[],"score":178,"play_id":"7620439e-0767-4253-b693-547ed8dee150","local_time":"20210202223200","is_ascension_mode":true,"campfire_choices":[{"floor":8.0,"key":"REST"}],"circlet_count":0,"master_deck":["AscendersBane","Strike_B","Strike_B","Strike_B","Defend_B","Defend_B","Defend_B","Defend_B","Zap","Dualcast","Storm","Sweeping Beam","Cold Snap","White Noise","Compile Driver","Streamline","Electrodynamics","Skim"],"relics":["Cracked Core","Vajra","Nunchaku"],"acts_visited":["Exordium"],"potions_floor_usage":[13,13],"damage_taken":[{"damage":6.0,"enemies":"Jaw Worm","floor":1.0,"turns":4.0},{"damage":1.0,"enemies":"Cultist","floor":2.0,"turns":3.0},{"damage":1.0,"enemies":"2 Louse","floor":5.0,"turns":2.0},{"damage":25.0,"enemies":"Lagavulin","floor":6.0,"turns":10.0},{"damage":8.0,"enemies":"Looter","floor":7.0,"turns":4.0},{"damage":6.0,"enemies":"Blue Slaver","floor":10.0,"turns":3.0},{"damage":2.0,"enemies":"2 Fungi Beasts","floor":11.0,"turns":3.0},{"damage":12.0,"enemies":"3 Louse","floor":12.0,"turns":3.0},{"damage":24,"enemies":"Gremlin Nob","floor":13,"turns":3}],"seed_played":"3684008070072020589","potions_obtained":[{"floor":1.0,"key":"Ancient Potion"},{"floor":2.0,"key":"Weak Potion"},{"floor":6.0,"key":"PotionOfCapacity"}],"is_trial":false,"path_per_floor":["M","M","?","?","M","E","M","R","T","M","M","M","E"],"character_chosen":"DEFECT","items_purchased":[],"campfire_rested":1,"item_purchase_floors":[],"current_hp_per_floor":[58,57,46,51,50,25,17,39,39,33,31,19,0,0],"gold":351,"neow_bonus":"REMOVE_CARD","is_daily":false,"chose_seed":false,"campfire_upgraded":0,"win_rate":0.0,"timestamp":1612272720,"path_taken":["M","M","?","?","M","E","M","R","T","M","?","M","E"],"items_purchased_type":[],"build_version":"2020-12-22","purchased_purges":0,"victory":false,"max_hp_per_floor":[71,71,71,76,76,76,76,76,76,76,76,76,76,76],"relic_stats":{"Nunchaku":[1],"counters":[9,35],"obtain_stats":[{"Nunchaku":9,"Vajra":6,"Cracked Core":0},{"Nunchaku":5,"Vajra":4,"Cracked Core":0},{"Nunchaku":23,"Vajra":19,"Cracked Core":0}]},"card_choices":[{"not_picked":["Heatsinks","Stack"],"picked":"Storm","floor":1.0},{"not_picked":["Rebound","Go for the Eyes"],"picked":"Sweeping Beam","floor":2.0},{"not_picked":["Hologram","Sweeping Beam"],"picked":"Cold Snap","floor":5.0},{"not_picked":["Steam Power","Rebound"],"picked":"White Noise","floor":6.0},{"not_picked":["Melter","Redo"],"picked":"Compile Driver","floor":7.0},{"not_picked":["Auto Shields","Undo"],"picked":"Streamline","floor":10.0},{"not_picked":["Turbo","White Noise"],"picked":"Electrodynamics","floor":11.0},{"not_picked":["Turbo","Leap"],"picked":"Skim","floor":12.0}],"player_experience":418680,"relics_obtained":[{"floor":6.0,"key":"Vajra"},{"floor":9.0,"key":"Nunchaku"}],"event_choices":[{"damage_healed":0.0,"max_hp_gain":0.0,"max_hp_loss":0.0,"gold_gain":75.0,"event_name":"World of Goop","player_choice":"Gather Gold","floor":3.0,"gold_loss":0.0,"damage_taken":11.0},{"damage_healed":0.0,"max_hp_gain":5.0,"max_hp_loss":0.0,"gold_gain":0.0,"event_name":"Big Fish","player_choice":"Donut","floor":4.0,"gold_loss":0.0,"damage_taken":0.0}],"is_beta":false,"boss_relics":[],"items_purged_floors":[],"is_endless":false,"potions_floor_spawned":[1,2,6],"killed_by":"Gremlin Nob","ascension_level":20}}