{"host":"xrk7zhg70ipmpx3n","time":1612234103,"event":{"mods":["BaseMod","Colored Map","Downfall","Highlight Path","Minty Spire (QoL Compilation)","StSLib"],"gold_per_floor":[117,130,130,149,161,161,173,201,201,219,219,219,253,264,264,364,364,364,304,304,268,268,268,268,268,268,268,268,268],"floor_reached":28,"language":"ENG","playtime":3084,"items_purged":[],"score":288,"play_id":"a7220bfa-899a-4f1e-8df4-8e89316ed50b","local_time":"20210202124823","is_ascension_mode":false,"campfire_choices":[{"data":"Rampage","floor":6,"key":"SMITH"},{"floor":11,"key":"REST"},{"floor":15,"key":"REST"},{"floor":23,"key":"REST"}],"circlet_count":0,"master_deck":["Strike_R","Strike_R","Strike_R","Strike_R","Strike_R","Defend_R","Defend_R","Defend_R","Defend_R","Bash","Disarm","Rampage+1","Pummel","Shrug It Off","Cleave","Sword Boomerang","Anger","Armaments","Anger","Demon Form","Spot Weakness","Heavy Blade","Infernal Blade","Carnage","Sword Boomerang","Ghostly Armor","Reckless Charge+1","Flex"],"relics":["Burning Blood","Pear","Charon\u0027s Ashes","Mango","Ectoplasm","Bag of Marbles"],"acts_visited":["Exordium","TheCity"],"potions_floor_usage":[13,16,22,25,28,28],"damage_taken":[{"damage":8,"enemies":"Jaw Worm","floor":1,"turns":5},{"damage":6,"enemies":"Cultist","floor":2,"turns":4},{"damage":0,"enemies":"Small Slimes","floor":4,"turns":3},{"damage":18,"enemies":"Exordium Thugs","floor":5,"turns":7},{"damage":25,"enemies":"3 Louse","floor":7,"turns":5},{"damage":28,"enemies":"Gremlin Nob","floor":8,"turns":5},{"damage":0,"enemies":"2 Fungi Beasts","floor":10,"turns":2},{"damage":28,"enemies":"3 Sentries","floor":13,"turns":6},{"damage":11,"enemies":"Red Slaver","floor":14,"turns":3},{"damage":43,"enemies":"Slime Boss","floor":16,"turns":11},{"damage":30,"enemies":"Spheric Guardian","floor":18,"turns":4},{"damage":32,"enemies":"2 Thieves","floor":19,"turns":3},{"damage":22,"enemies":"Cultist and Chosen","floor":20,"turns":7},{"damage":29,"enemies":"Centurion and Healer","floor":22,"turns":6},{"damage":31,"enemies":"Snake Plant","floor":24,"turns":5},{"damage":5,"enemies":"Shelled Parasite and Fungi","floor":25,"turns":3},{"damage":19,"enemies":"Centurion and Healer","floor":27,"turns":8},{"damage":26,"enemies":"Book of Stabbing","floor":28,"turns":3}],"seed_played":"4797119451896865239","potions_obtained":[{"floor":5,"key":"ColorlessPotion"},{"floor":10,"key":"BlessingOfTheForge"},{"floor":13,"key":"FearPotion"},{"floor":16,"key":"ElixirPotion"},{"floor":19,"key":"ColorlessPotion"},{"floor":22,"key":"SkillPotion"},{"floor":27,"key":"Swift Potion"}],"is_trial":false,"path_per_floor":["M","M","?","M","M","R","M","E","T","M","R","?","E","M","R","B",null,"M","M","M","$","M","R","M","M","T","M","E"],"character_chosen":"IRONCLAD","items_purchased":["Carnage"],"campfire_rested":3,"item_purchase_floors":[21],"current_hp_per_floor":[86,86,91,93,81,81,62,50,50,56,86,86,78,73,108,71,117,93,67,51,51,28,63,38,39,39,26,0,0],"gold":268,"neow_bonus":"TEN_PERCENT_HP_BONUS","is_daily":false,"chose_seed":false,"campfire_upgraded":1,"win_rate":0.0,"timestamp":1612234103,"path_taken":["M","M","?","M","M","R","M","E","T","M","R","?","E","?","R","BOSS","M","M","M","$","M","R","M","M","T","M","E"],"items_purchased_type":["Card"],"build_version":"2020-12-22","purchased_purges":0,"victory":false,"max_hp_per_floor":[88,88,93,93,93,93,93,103,103,103,103,103,117,117,117,117,117,117,117,117,117,117,117,117,117,117,117,117,117],"card_choices":[{"not_picked":["Body Slam","Clothesline"],"picked":"Disarm","floor":1},{"not_picked":["Whirlwind","Pommel Strike"],"picked":"Rampage","floor":2},{"not_picked":["Body Slam","Bloodletting"],"picked":"Pummel","floor":4},{"not_picked":["Headbutt","Heavy Blade"],"picked":"Shrug It Off","floor":5},{"not_picked":["Heavy Blade","Body Slam"],"picked":"Cleave","floor":7},{"not_picked":["Clothesline","Perfected Strike"],"picked":"Sword Boomerang","floor":8},{"not_picked":["Dropkick","Pommel Strike"],"picked":"Anger","floor":10},{"not_picked":["Corruption","Pommel Strike"],"picked":"Armaments","floor":13},{"not_picked":["Feel No Pain","Cleave"],"picked":"Anger","floor":14},{"not_picked":["Fiend Fire","Berserk"],"picked":"Demon Form","floor":16},{"not_picked":["Armaments","Combust+1"],"picked":"Spot Weakness","floor":18},{"not_picked":["Clash","Armaments"],"picked":"Heavy Blade","floor":19},{"not_picked":["Dark Embrace","Second Wind"],"picked":"Infernal Blade","floor":20},{"not_picked":["Cleave","Impervious"],"picked":"Sword Boomerang","floor":22},{"not_picked":["Shrug It Off","Sword Boomerang"],"picked":"Ghostly Armor","floor":24},{"not_picked":["Feel No Pain","Clothesline"],"picked":"Reckless Charge+1","floor":25},{"not_picked":["Iron Wave","Heavy Blade"],"picked":"Flex","floor":27}],"player_experience":8519,"relics_obtained":[{"floor":8,"key":"Pear"},{"floor":9,"key":"Charon\u0027s Ashes"},{"floor":13,"key":"Mango"},{"floor":26,"key":"Bag of Marbles"}],"event_choices":[{"damage_healed":0,"gold_gain":0,"player_choice":"Donut","damage_taken":0,"max_hp_gain":5,"max_hp_loss":0,"event_name":"Big Fish","floor":3,"gold_loss":0},{"damage_healed":0,"gold_gain":0,"player_choice":"Bought 0 Potions","damage_taken":0,"max_hp_gain":0,"max_hp_loss":0,"event_name":"The Woman in Blue","floor":12,"gold_loss":0}],"is_beta":false,"boss_relics":[{"not_picked":["Runic Dome","Cursed Key"],"picked":"Ectoplasm"}],"items_purged_floors":[],"is_endless":false,"potions_floor_spawned":[5,10,13,16,19,22,27],"killed_by":"Book of Stabbing","ascension_level":0}}