{"host":"phy652c7lim9lcu2","time":1612258447,"event":{"mods":["BaseMod","BetterRewards","Colored Powertips","Downfall","Googly Eyes","Hubris","Minty Spire (QoL Compilation)","Relic Stats","Spicy Shops","StSLib","everything is the same but u backflip on backflip"],"gold_per_floor":[113,125,135,148,164,198,198,210,210,242,242,258,258,258,258,379,379,403,417,432,62,161,161,204,229,229,229,264,18,18,54,54,183,183,202,227,560,580,189,214,229,257,304,304,62,75,101,119,119,119,119,119,119,149,149,149],"floor_reached":55,"language":"ENG","playtime":3225,"items_purged":["Defend_B","Strike_B"],"score":1361,"play_id":"ce13ff4f-dc21-443b-9633-e651ac95f25c","local_time":"20210202193407","is_ascension_mode":true,"campfire_choices":[{"data":"Chill","floor":7.0,"key":"SMITH"},{"floor":13.0,"key":"REST"},{"floor":15.0,"key":"REST"},{"data":"Buffer","floor":23.0,"key":"SMITH"},{"data":"Coolheaded","floor":27.0,"key":"SMITH"},{"data":"Hologram","floor":32.0,"key":"SMITH"},{"data":"Reinforced Body","floor":44.0,"key":"SMITH"},{"floor":49.0,"key":"RECALL"},{"data":"Echo Form","floor":52.0,"key":"SMITH"}],"circlet_count":0,"master_deck":["Defend_B","Defend_B","Zap","Dualcast","Gash","Gash","Chill+1","Glacier","Gash","Gash+1","Core Surge","Conserve Battery","Buffer+1","Coolheaded+1","Skim","Capacitor+1","Scrape","Hologram","Reinforced Body+1","Conserve Battery","Echo Form+1","Hologram+1","Coolheaded+1","Steam","Scrape+1","Biased Cognition","Gash","Glacier","Consume+1"],"relics":["Cracked Core","Gremlin Horn","Blue Candle","Question Card","Vajra","Empty Cage","PreservedInsect","Orrery","Turnip","Cables","Anchor","Mummified Hand","Bottled Lightning","hubris:Backtick","DataDisk","Calipers","Bag of Marbles","White Beast Statue","Kunai","Whetstone","Orichalcum"],"acts_visited":["Exordium","TheCity","TheBeyond","TheEnding"],"potions_floor_usage":[55,55],"damage_taken":[{"damage":2.0,"enemies":"2 Louse","floor":1.0,"turns":2.0},{"damage":9.0,"enemies":"Jaw Worm","floor":2.0,"turns":4.0},{"damage":9.0,"enemies":"Small Slimes","floor":3.0,"turns":2.0},{"damage":4.0,"enemies":"3 Louse","floor":4.0,"turns":2.0},{"damage":12.0,"enemies":"2 Fungi Beasts","floor":5.0,"turns":3.0},{"damage":9.0,"enemies":"3 Sentries","floor":6.0,"turns":10.0},{"damage":9.0,"enemies":"Looter","floor":8.0,"turns":3.0},{"damage":20.0,"enemies":"Gremlin Nob","floor":10.0,"turns":4.0},{"damage":16.0,"enemies":"Large Slime","floor":12.0,"turns":3.0},{"damage":16.0,"enemies":"Hexaghost","floor":16.0,"turns":10.0},{"damage":6.0,"enemies":"3 Byrds","floor":18.0,"turns":6.0},{"damage":5.0,"enemies":"Shell Parasite","floor":19.0,"turns":8.0},{"damage":15.0,"enemies":"Snecko","floor":20.0,"turns":6.0},{"damage":5.0,"enemies":"Slavers","floor":24.0,"turns":4.0},{"damage":0.0,"enemies":"Cultist and Chosen","floor":25.0,"turns":7.0},{"damage":0.0,"enemies":"Gremlin Leader","floor":28.0,"turns":5.0},{"damage":7.0,"enemies":"Book of Stabbing","floor":31.0,"turns":5.0},{"damage":0.0,"enemies":"Champ","floor":33.0,"turns":10.0},{"damage":0.0,"enemies":"3 Shapes","floor":35.0,"turns":7.0},{"damage":0.0,"enemies":"Orb Walker","floor":36.0,"turns":4.0},{"damage":0.0,"enemies":"4 Shapes","floor":38.0,"turns":5.0},{"damage":0.0,"enemies":"Reptomancer","floor":40.0,"turns":6.0},{"damage":0.0,"enemies":"Transient","floor":41.0,"turns":5.0},{"damage":0.0,"enemies":"Giant Head","floor":42.0,"turns":7.0},{"damage":0.0,"enemies":"Maw","floor":46.0,"turns":7.0},{"damage":1.0,"enemies":"Nemesis","floor":47.0,"turns":9.0},{"damage":0.0,"enemies":"Sphere and 2 Shapes","floor":48.0,"turns":6.0},{"damage":3.0,"enemies":"Time Eater","floor":50.0,"turns":13.0},{"damage":59,"enemies":"Shield and Spear","floor":54,"turns":9},{"damage":51,"enemies":"The Heart","floor":55,"turns":2}],"seed_played":"-5535382948647633953","potions_obtained":[{"floor":1.0,"key":"FairyPotion"},{"floor":2.0,"key":"sneckomod:MuddlingPotion"},{"floor":4.0,"key":"EssenceOfDarkness"},{"floor":8.0,"key":"SteroidPotion"},{"floor":10.0,"key":"Energy Potion"},{"floor":20.0,"key":"Guardian:BlockOnCardUsePotion"},{"floor":25.0,"key":"Fire Potion"},{"floor":28.0,"key":"PotionOfCapacity"},{"floor":31.0,"key":"SkillPotion"},{"floor":33.0,"key":"SteroidPotion"},{"floor":41.0,"key":"PowerPotion"},{"floor":47.0,"key":"FearPotion"},{"floor":54,"key":"Regen Potion"}],"is_trial":false,"path_per_floor":["M","M","M","M","M","E","R","M","T","E","?","M","R","?","R","B",null,"M","M","M","$","?","R","E","M","T","R","E","$","?","E","R","B",null,"M","M","?","M","$","E","M","E","T","R","$","M","E","M","R","B",null,"R","$","E","B"],"character_chosen":"DEFECT","items_purchased":["Gash","Gremlin Horn","Scrape","PreservedInsect","Orrery","Mummified Hand","Calipers","Kunai"],"campfire_rested":2,"item_purchase_floors":[0,0,21,21,21,29,39,45],"current_hp_per_floor":[58,49,40,36,24,15,15,6,6,18,18,2,24,6,28,12,59,53,48,33,33,33,33,28,28,28,28,28,28,28,21,21,21,62,62,62,62,62,62,62,62,62,62,62,62,62,61,61,61,58,71,71,71,12,0,0],"gold":149,"neow_bonus":"","is_daily":false,"chose_seed":false,"campfire_upgraded":6,"win_rate":0.0,"timestamp":1612258447,"path_taken":["M","M","M","M","M","E","R","M","T","E","?","M","R","?","R","BOSS","M","M","M","$","?","R","E","M","T","R","E","$","?","E","R","BOSS","M","M","?","M","$","E","M","E","T","R","$","M","E","M","R","BOSS","R","$","E","BOSS"],"items_purchased_type":["Card","Relic","Card","Relic","Relic","Relic","Relic","Relic"],"build_version":"2020-12-22","purchased_purges":2,"victory":false,"max_hp_per_floor":[75,75,75,75,75,75,75,75,75,75,75,75,75,75,75,75,75,75,75,75,75,75,75,75,75,75,75,75,75,75,75,75,75,75,75,75,75,75,75,75,75,75,75,75,75,75,75,75,75,75,75,75,75,75,75,75],"relic_stats":{"Gremlin Horn":[29,29],"counters":[30,174],"Mummified Hand":[45],"Blue Candle":[0],"PreservedInsect":447,"Turnip":[14],"Kunai":[16],"Whetstone":["Scrape","Gash"],"Orichalcum":[0],"Question Card":26,"obtain_stats":[{"Calipers":39,"Gremlin Horn":0,"Golden Idol":14,"Blue Candle":6,"Vajra":10,"PreservedInsect":21,"Whetstone":47,"Orichalcum":54,"Question Card":9,"Empty Cage":17,"White Beast Statue":42,"Cables":26,"Anchor":28,"DataDisk":34,"hubris:Backtick":34,"Mummified Hand":29,"Orrery":21,"Turnip":24,"Bag of Marbles":40,"Bottled Lightning":31,"Kunai":45,"Cracked Core":0},{"Calipers":21,"Gremlin Horn":0,"Golden Idol":9,"Blue Candle":6,"Vajra":8,"PreservedInsect":13,"Whetstone":26,"Orichalcum":29,"Question Card":7,"Empty Cage":10,"White Beast Statue":24,"Cables":15,"Anchor":16,"DataDisk":18,"hubris:Backtick":18,"Mummified Hand":16,"Orrery":13,"Turnip":14,"Bag of Marbles":22,"Bottled Lightning":17,"Kunai":24,"Cracked Core":0},{"Calipers":110,"Gremlin Horn":0,"Golden Idol":33,"Blue Candle":23,"Vajra":30,"PreservedInsect":63,"Whetstone":144,"Orichalcum":172,"Question Card":26,"Empty Cage":43,"White Beast Statue":128,"Cables":74,"Anchor":79,"DataDisk":94,"hubris:Backtick":94,"Mummified Hand":79,"Orrery":63,"Turnip":67,"Bag of Marbles":116,"Bottled Lightning":84,"Kunai":128,"Cracked Core":0}],"Cables":[89,4,85,0,0]},"card_choices":[{"not_picked":["Hologram","Blizzard"],"picked":"Gash","floor":1.0},{"not_picked":["Skim","Rebound","Blizzard"],"picked":"SKIP","floor":2.0},{"not_picked":["Rebound","Leap","Chaos"],"picked":"SKIP","floor":3.0},{"not_picked":["Chaos","Compile Driver"],"picked":"Chill","floor":4.0},{"not_picked":["Steam","Streamline"],"picked":"Glacier","floor":5.0},{"not_picked":["Compile Driver","Beam Cell"],"picked":"Gash","floor":6.0},{"not_picked":["Turbo","Static Discharge"],"picked":"Gash","floor":8.0},{"not_picked":["Compile Driver","Turbo","Storm"],"picked":"Core Surge","floor":10.0},{"not_picked":["Ball Lightning","Recycle","Redo","Compile Driver"],"picked":"SKIP","floor":12.0},{"not_picked":["hubris:Prefetch","Core Surge","hubris:SpecializedCircuitry"],"picked":"Buffer","floor":16.0},{"not_picked":["Reprogram+1","Heatsinks+1","Skim"],"picked":"Coolheaded","floor":18.0},{"not_picked":["Redo","Darkness","Compile Driver"],"picked":"Skim","floor":19.0},{"not_picked":["Blizzard","Hello World","Beam Cell"],"picked":"Capacitor+1","floor":20.0},{"not_picked":["Creative AI","Beam Cell","Ball Lightning"],"picked":"Hologram","floor":21.0},{"not_picked":["Leap","Stack","Doom and Gloom"],"picked":"Reinforced Body","floor":21.0},{"not_picked":["Turbo","Streamline","Rebound+1"],"picked":"Conserve Battery","floor":21.0},{"not_picked":["Beam Cell","Undo","Go for the Eyes"],"picked":"Echo Form","floor":21.0},{"not_picked":["Beam Cell","Creative AI","FTL+1","Cold Snap"],"picked":"SKIP","floor":24.0},{"not_picked":["Leap","White Noise","Redo"],"picked":"Hologram","floor":25.0},{"not_picked":["Heatsinks+1","hubris:Ukulele","Thunder Strike"],"picked":"Coolheaded+1","floor":28.0},{"not_picked":["Fusion","Beam Cell","Chaos","Rip and Tear"],"picked":"SKIP","floor":31.0},{"not_picked":["Creative AI","Thunder Strike","Hyperbeam"],"picked":"Biased Cognition","floor":33.0},{"not_picked":["Aggregate","Compile Driver+1","Ball Lightning","Conserve Battery"],"picked":"SKIP","floor":35.0},{"not_picked":["Chill+1","Lockon","Redo+1"],"picked":"Gash","floor":36.0},{"not_picked":["Stack+1","Beam Cell+1","Hologram","Go for the Eyes"],"picked":"SKIP","floor":38.0},{"not_picked":["Chaos+1","Rainbow","Barrage"],"picked":"Glacier","floor":40.0},{"not_picked":["Go for the Eyes","Fusion","Doom and Gloom"],"picked":"Consume+1","floor":41.0},{"not_picked":["Ball Lightning","Lockon","Chill+1","Fusion+1"],"picked":"SKIP","floor":42.0},{"not_picked":["Redo+1","Rebound","Stack+1","Heatsinks+1"],"picked":"SKIP","floor":46.0},{"not_picked":["Skim","Barrage","Beam Cell","Rainbow"],"picked":"SKIP","floor":47.0},{"not_picked":["Loop","Sweeping Beam","Barrage","Melter+1"],"picked":"SKIP","floor":48.0},{"not_picked":["Force Field+1","Ball Lightning+1","Seek","Coolheaded+1"],"picked":"SKIP","floor":54}],"player_experience":287349,"relics_obtained":[{"floor":6.0,"key":"Blue Candle"},{"floor":9.0,"key":"Question Card"},{"floor":10.0,"key":"Vajra"},{"floor":24.0,"key":"Turnip"},{"floor":26.0,"key":"Cables"},{"floor":28.0,"key":"Anchor"},{"floor":31.0,"key":"Bottled Lightning"},{"floor":40.0,"key":"Bag of Marbles"},{"floor":42.0,"key":"White Beast Statue"},{"floor":47.0,"key":"Whetstone"},{"floor":54,"key":"Orichalcum"}],"event_choices":[{"damage_healed":0.0,"max_hp_gain":0.0,"max_hp_loss":0.0,"gold_gain":0.0,"event_name":"Golden Idol","player_choice":"Take Damage","floor":14.0,"gold_loss":0.0,"damage_taken":18.0,"relics_obtained":["Golden Idol"]},{"damage_healed":0.0,"max_hp_gain":0.0,"max_hp_loss":0.0,"gold_gain":99.0,"event_name":"Nest","player_choice":"Stole From Cult","floor":22.0,"gold_loss":0.0,"damage_taken":0.0},{"damage_healed":0.0,"max_hp_gain":0.0,"max_hp_loss":0.0,"gold_gain":0.0,"cards_transformed":["Strike_B","Defend_B"],"event_name":"Drug Dealer","player_choice":"Became Test Subject","floor":30.0,"gold_loss":0.0,"damage_taken":0.0,"cards_obtained":["Steam","Scrape"]},{"damage_healed":0.0,"max_hp_gain":0.0,"max_hp_loss":0.0,"gold_gain":333.0,"event_name":"The Moai Head","player_choice":"Gave Idol","floor":37.0,"relics_lost":["Golden Idol"],"gold_loss":0.0,"damage_taken":0.0}],"is_beta":false,"boss_relics":[{"not_picked":["Astrolabe","Inserter"],"picked":"Empty Cage"},{"not_picked":["Velvet Choker","bronze:MakeshiftBattery"],"picked":"hubris:Backtick"}],"items_purged_floors":[0,39],"is_endless":false,"potions_floor_spawned":[1,2,4,8,10,20,25,28,31,33,38,41,46,47,48,54],"killed_by":"The Heart","ascension_level":9}}