{"host":"facnppb4175fcpe2","time":1612263983,"event":{"mods":["AchievementEnabler","BaseMod","Colored Map","Colored Powertips","Highlight Path","Minty Spire (QoL Compilation)","Quick Restart","Rare Cards Sparkle","Relic Stats","StSLib","SuperFastMode"],"gold_per_floor":[112,112,127,127,139,139,167,167,190,190,222,237,17,37,37,136,136,146,163,178,88,88,115,115,150,150,150,162,162,162],"floor_reached":29,"language":"ZHS","playtime":1908,"items_purged":["Strike_G"],"score":341,"play_id":"4852e604-7eaf-433a-a10f-a9e218b0c679","local_time":"20210202190623","is_ascension_mode":true,"campfire_choices":[{"data":"Terror","floor":6.0,"key":"SMITH"},{"floor":8.0,"key":"RECALL"},{"data":"Defend_G","floor":10.0,"key":"SMITH"},{"data":"Cloak And Dagger","floor":15.0,"key":"SMITH"},{"data":"A Thousand Cuts","floor":27.0,"key":"SMITH"}],"circlet_count":0,"master_deck":["Strike_G","Strike_G+1","Strike_G","Defend_G+1","Defend_G","Defend_G","Defend_G+1","Defend_G","Survivor","Neutralize","Dagger Spray","Terror+1","Blade Dance+1","Cloak And Dagger+1","After Image","Infinite Blades","A Thousand Cuts+1","J.A.X.","Phantasmal Killer"],"relics":["Ring of the Serpent","Juzu Bracelet","WingedGreaves","War Paint","Nloth\u0027s Gift","Potion Belt","Regal Pillow","Bottled Lightning"],"acts_visited":["Exordium","TheCity"],"potions_floor_usage":[],"damage_taken":[{"damage":0.0,"enemies":"Cultist","floor":1.0,"turns":3.0},{"damage":0.0,"enemies":"2 Louse","floor":3.0,"turns":3.0},{"damage":5.0,"enemies":"Small Slimes","floor":5.0,"turns":3.0},{"damage":24.0,"enemies":"Lagavulin","floor":7.0,"turns":9.0},{"damage":10.0,"enemies":"3 Sentries","floor":11.0,"turns":8.0},{"damage":0.0,"enemies":"Gremlin Gang","floor":12.0,"turns":4.0},{"damage":0.0,"enemies":"Large Slime","floor":14.0,"turns":3.0},{"damage":6.0,"enemies":"The Guardian","floor":16.0,"turns":14.0},{"damage":11.0,"enemies":"2 Thieves","floor":18.0,"turns":4.0},{"damage":0.0,"enemies":"3 Byrds","floor":19.0,"turns":5.0},{"damage":0.0,"enemies":"Centurion and Healer","floor":20.0,"turns":7.0},{"damage":7.0,"enemies":"Gremlin Leader","floor":23.0,"turns":6.0},{"damage":33.0,"enemies":"Slavers","floor":25.0,"turns":3.0},{"damage":9,"enemies":"3 Cultists","floor":28,"turns":5},{"damage":11,"enemies":"Snake Plant","floor":29,"turns":2}],"seed_played":"-7898857007671534305","potions_obtained":[{"floor":3.0,"key":"Block Potion"},{"floor":5.0,"key":"BlessingOfTheForge"},{"floor":7.0,"key":"CultistPotion"},{"floor":11.0,"key":"SteroidPotion"},{"floor":23.0,"key":"ColorlessPotion"}],"is_trial":false,"path_per_floor":["M","?","M","?","M","R","E","R","T","R","E","M","$","M","R","B",null,"M","M","M","?","?","E","?","E","T","R","M","M"],"character_chosen":"THE_SILENT","items_purchased":["War Paint"],"campfire_rested":0,"item_purchase_floors":[13],"current_hp_per_floor":[77,70,70,70,65,65,41,41,41,41,31,31,31,31,31,25,64,53,53,53,53,53,46,46,13,13,13,4,0,0],"gold":162,"neow_bonus":"TEN_PERCENT_HP_BONUS","is_daily":false,"chose_seed":false,"campfire_upgraded":4,"win_rate":0.0,"timestamp":1612263983,"path_taken":["M","?","?","?","?","R","E","R","T","R","E","M","$","M","R","BOSS","M","M","M","?","?","E","?","E","T","R","M","M"],"items_purchased_type":["Relic"],"build_version":"2020-12-22","purchased_purges":1,"victory":false,"max_hp_per_floor":[77,77,77,77,77,77,77,77,77,77,77,77,77,77,77,77,77,77,77,77,77,77,77,77,77,77,77,77,77,77],"relic_stats":{"Regal Pillow":0,"counters":[15,79],"Juzu Bracelet":2,"Nloth\u0027s Gift":3,"War Paint":["Defend_G","Blade Dance"],"obtain_stats":[{"Potion Belt":23,"Regal Pillow":25,"Oddly Smooth Stone":9,"WingedGreaves":11,"Juzu Bracelet":7,"Nloth\u0027s Gift":22,"Bottled Lightning":26,"War Paint":13,"Ring of the Serpent":17,"Ring of the Snake":0},{"Potion Belt":12,"Regal Pillow":13,"Oddly Smooth Stone":4,"WingedGreaves":5,"Juzu Bracelet":4,"Nloth\u0027s Gift":11,"Bottled Lightning":13,"War Paint":6,"Ring of the Serpent":8,"Ring of the Snake":0},{"Potion Belt":69,"Regal Pillow":72,"Oddly Smooth Stone":18,"WingedGreaves":26,"Juzu Bracelet":18,"Nloth\u0027s Gift":63,"Bottled Lightning":72,"War Paint":30,"Ring of the Serpent":47,"Ring of the Snake":0}]},"card_choices":[{"not_picked":["PiercingWail","Predator"],"picked":"Dagger Spray","floor":1.0},{"not_picked":["Sucker Punch","Cloak And Dagger"],"picked":"Terror","floor":3.0},{"not_picked":["Poisoned Stab","Dagger Throw","Finisher"],"picked":"SKIP","floor":5.0},{"not_picked":["Sucker Punch","Outmaneuver","Deflect"],"picked":"SKIP","floor":7.0},{"not_picked":["Dodge and Roll","Prepared"],"picked":"Blade Dance","floor":11.0},{"not_picked":["Tactician","Slice","Quick Slash"],"picked":"SKIP","floor":12.0},{"not_picked":["Dodge and Roll","Deflect"],"picked":"Cloak And Dagger","floor":14.0},{"not_picked":["Die Die Die","Malaise"],"picked":"After Image","floor":16.0},{"not_picked":["Distraction+1","Riddle With Holes","Endless Agony"],"picked":"SKIP","floor":18.0},{"not_picked":["Predator+1","Outmaneuver"],"picked":"Infinite Blades","floor":19.0},{"not_picked":["Flying Knee","PiercingWail+1","Cloak And Dagger"],"picked":"SKIP","floor":20.0},{"not_picked":["Night Terror","Choke"],"picked":"A Thousand Cuts","floor":23.0},{"not_picked":["Die Die Die","Prepared"],"picked":"Phantasmal Killer","floor":25.0},{"not_picked":["Tactician","Dash","Cloak And Dagger"],"picked":"SKIP","floor":28}],"player_experience":113514,"relics_obtained":[{"floor":7.0,"key":"Juzu Bracelet"},{"floor":9.0,"key":"Oddly Smooth Stone"},{"floor":11.0,"key":"WingedGreaves"},{"floor":23.0,"key":"Potion Belt"},{"floor":25.0,"key":"Regal Pillow"},{"floor":26.0,"key":"Bottled Lightning"}],"event_choices":[{"damage_healed":0.0,"max_hp_gain":0.0,"max_hp_loss":0.0,"gold_gain":0.0,"event_name":"Wheel of Change","player_choice":"Damaged","floor":2.0,"gold_loss":0.0,"damage_taken":7.0},{"damage_healed":0.0,"max_hp_gain":0.0,"max_hp_loss":0.0,"gold_gain":0.0,"event_name":"The Woman in Blue","player_choice":"Bought 0 Potions","floor":4.0,"gold_loss":0.0,"damage_taken":0.0},{"cards_removed":["Strike_G"],"damage_healed":0.0,"max_hp_gain":0.0,"max_hp_loss":0.0,"gold_gain":0.0,"event_name":"Designer","player_choice":"Upgrade and Remove","floor":21.0,"gold_loss":90.0,"damage_taken":0.0,"cards_upgraded":["Strike_G"]},{"damage_healed":0.0,"max_hp_gain":0.0,"max_hp_loss":0.0,"gold_gain":0.0,"event_name":"N\u0027loth","player_choice":"Traded Relic","floor":22.0,"relics_lost":["Oddly Smooth Stone"],"gold_loss":0.0,"damage_taken":0.0,"relics_obtained":["Nloth\u0027s Gift"]},{"damage_healed":0.0,"max_hp_gain":0.0,"max_hp_loss":0.0,"gold_gain":0.0,"event_name":"Drug Dealer","player_choice":"Obtain J.A.X.","floor":24.0,"gold_loss":0.0,"damage_taken":0.0,"cards_obtained":["J.A.X."]}],"is_beta":false,"boss_relics":[{"not_picked":["Pandora\u0027s Box","Empty Cage"],"picked":"Ring of the Serpent"}],"items_purged_floors":[13],"is_endless":false,"potions_floor_spawned":[3,5,7,11,20,23],"killed_by":"Snake Plant","ascension_level":5}}