{"host":"hmnld5ubpss6owfq","time":1612239503,"event":{"mods":["BaseMod","Colored Powertips","Downfall","Hermit","Minty Spire (QoL Compilation)","Replay The Spire","StSLib","The Cursed","The Disciple","The Runesmith","The Servant 0.9.4"],"gold_per_floor":[113,127,145,145,145,177,177,177,177,191,271,271,304,304,46,59,59,185,185,210,210,231,231,244,280,280,280,280,294,317,317,317],"floor_reached":31,"language":"ENG","playtime":2247,"items_purged":[],"score":315,"play_id":"cec2ab09-772b-4cd4-8d1d-a91973550695","local_time":"20210201201823","is_ascension_mode":false,"campfire_choices":[{"floor":7.0,"key":"REST"},{"floor":12.0,"key":"REST"},{"floor":17.0,"key":"REST"},{"floor":26.0,"key":"REST"}],"circlet_count":0,"master_deck":["Strike_S+1","Strike_S+1","Strike_S+1","Strike_S+1","Defend_S+1","Defend_S+1","Defend_S+1","KidneyShot","Exchange","Contraction","SilverBlades","DualDimension","MoonPhase+1","Snipe","Spin","BestPractice","KillingDoll+1","Ricochet","MurderousAura","InstantArmor","Defy","Desolation","Luminosity+1","TheWorld","Potential"],"relics":["Uniform","Ice Cream","Replay:Ringing Soul","Replay:Rubber Ducky","Golden Idol","Boot","Runesmith:UraniumAnvil","Replay:Bottled Flurry","Garlic"],"acts_visited":["Exordium","TheCity"],"potions_floor_usage":[],"damage_taken":[{"damage":2.0,"enemies":"2 Louse","floor":1.0,"turns":3.0},{"damage":0.0,"enemies":"Cultist","floor":2.0,"turns":4.0},{"damage":0.0,"enemies":"Small Slimes","floor":3.0,"turns":5.0},{"damage":56.0,"enemies":"Replay:BlueRogue","floor":6.0,"turns":14.0},{"damage":11.0,"enemies":"Looter","floor":10.0,"turns":4.0},{"damage":19.0,"enemies":"Gremlin Nob","floor":13.0,"turns":4.0},{"damage":3.0,"enemies":"2 Fungi Beasts","floor":16.0,"turns":3.0},{"damage":30.0,"enemies":"The Guardian","floor":18.0,"turns":10.0},{"damage":6.0,"enemies":"Chosen","floor":20.0,"turns":7.0},{"damage":21.0,"enemies":"2 Thieves","floor":22.0,"turns":4.0},{"damage":17.0,"enemies":"Snake Plant","floor":24.0,"turns":4.0},{"damage":11.0,"enemies":"theDuelist:KaibaA2","floor":25.0,"turns":5.0},{"damage":0.0,"enemies":"Snecko","floor":29.0,"turns":5.0},{"damage":0.0,"enemies":"Centurion and Healer","floor":30.0,"turns":4.0},{"damage":0,"enemies":"Sentry and Sphere","floor":31,"turns":1}],"seed_played":"672856190444676844","potions_obtained":[{"floor":2.0,"key":"Guardian:BlockOnCardUsePotion"},{"floor":3.0,"key":"Elixir"},{"floor":10.0,"key":"champ:CounterPotion"},{"floor":20.0,"key":"Elixir"},{"floor":29.0,"key":"EssenceOfSteel"},{"floor":30.0,"key":"SpeedPotion"}],"is_trial":false,"path_per_floor":["M","M","M","?","?","E","R","PTL","PTL","M","T","R","E","?","$","M","R","B",null,"M","?","M","$","M","E","R","?","T","M","M","M"],"character_chosen":"THE_SERVANT","items_purchased":["KillingDoll+1","Boot"],"campfire_rested":4,"item_purchase_floors":[15,15],"current_hp_per_floor":[69,69,69,69,69,13,34,34,34,23,23,44,28,10,13,13,37,10,83,80,80,62,62,48,40,68,68,68,71,74,74,74],"gold":317,"neow_bonus":"TEN_PERCENT_HP_BONUS","is_daily":false,"chose_seed":false,"campfire_upgraded":0,"win_rate":0.0,"timestamp":1612239503,"path_taken":["M","M","M","?","?","E","R","PTL","PTL","?","T","R","E","?","$","M","R","BOSS","M","?","M","$","M","E","R","?","T","M","M","M"],"items_purchased_type":["Card","Relic"],"build_version":"2020-12-22","purchased_purges":0,"victory":false,"max_hp_per_floor":[71,71,71,71,71,71,71,71,71,71,71,71,74,74,77,80,80,83,83,86,86,89,89,92,95,95,95,95,98,101,101,101],"card_choices":[{"not_picked":["Rewind","Replace"],"picked":"Contraction","floor":1.0},{"not_picked":["TimeWarp","Replace"],"picked":"SilverBlades","floor":2.0},{"not_picked":["Spin","Potential"],"picked":"DualDimension","floor":3.0},{"not_picked":["GearUp","RealityMarble"],"picked":"Snipe","floor":6.0},{"not_picked":["Sabotage","FastForward"],"picked":"Spin","floor":10.0},{"not_picked":["Revamp","Rearm"],"picked":"BestPractice","floor":13.0},{"not_picked":["TimeWarp","Unruled"],"picked":"Ricochet","floor":16.0},{"not_picked":["KillingDoll","TheWorld"],"picked":"MurderousAura","floor":18.0},{"not_picked":["Unruled","Misdirection"],"picked":"InstantArmor","floor":20.0},{"not_picked":["Revamp+1","Spin"],"picked":"Defy","floor":22.0},{"not_picked":["Reset","WasteNot"],"picked":"Desolation","floor":24.0},{"not_picked":["ShiftingGears","FastForward+1"],"picked":"Luminosity+1","floor":25.0},{"not_picked":["Collapse","Revamp"],"picked":"TheWorld","floor":29.0},{"not_picked":["Contraction","Ricochet"],"picked":"Potential","floor":30.0}],"player_experience":74768,"relics_obtained":[{"floor":6.0,"key":"Ice Cream"},{"floor":11.0,"key":"Replay:Ringing Soul"},{"floor":13.0,"key":"Replay:Rubber Ducky"},{"floor":25.0,"key":"Replay:Bottled Flurry"},{"floor":28.0,"key":"Garlic"}],"event_choices":[{"damage_healed":0.0,"max_hp_gain":0.0,"max_hp_loss":0.0,"gold_gain":0.0,"event_name":"The Woman in Blue","player_choice":"Bought 0 Potions","floor":5.0,"gold_loss":0.0,"damage_taken":0.0},{"damage_healed":0.0,"max_hp_gain":0.0,"max_hp_loss":0.0,"gold_gain":0.0,"event_name":"Golden Idol","player_choice":"Take Damage","floor":14.0,"gold_loss":0.0,"damage_taken":18.0,"relics_obtained":["Golden Idol"]},{"damage_healed":0.0,"max_hp_gain":0.0,"max_hp_loss":0.0,"gold_gain":0.0,"event_name":"Back to Basics","player_choice":"Simplicity","floor":21.0,"gold_loss":0.0,"damage_taken":0.0,"cards_upgraded":["Strike_S","Strike_S","Strike_S","Strike_S","Defend_S","Defend_S","Defend_S"]},{"damage_healed":0.0,"max_hp_gain":0.0,"max_hp_loss":0.0,"gold_gain":0.0,"event_name":"Vampires","player_choice":"Ignored","floor":27.0,"gold_loss":0.0,"damage_taken":0.0}],"is_beta":false,"boss_relics":[{"not_picked":["Painkiller Herb","Replay:Bronze Core"],"picked":"Runesmith:UraniumAnvil"}],"items_purged_floors":[],"is_endless":false,"potions_floor_spawned":[2,3,10,20,29,30],"killed_by":"Sentry and Sphere","ascension_level":0}}