{"host":"natui9yr7uuq78xo","time":1612225766,"event":{"mods":["BaseMod","Better Third Choice","BetterRewards","Lobotomy","LobotomyExtend","Minty Spire (QoL Compilation)","StSLib"],"gold_per_floor":[112,127,146,156,168,168,168,168],"floor_reached":7,"language":"ENG","playtime":398,"items_purged":[],"score":47,"play_id":"570d68c1-f318-48c9-b3cb-93c5d4dbe4d9","local_time":"20210201142926","is_ascension_mode":true,"campfire_choices":[{"data":"Bash","floor":6,"key":"SMITH"}],"circlet_count":0,"master_deck":["Strike_R","Strike_R","Strike_R","Strike_R","Strike_R","Defend_R","Defend_R","Defend_R","Defend_R","Bash+1","WallGazer","Inflame","DespairKnight","Cleave","Shrug It Off","True Grit","MeatLantern"],"relics":["Burning Blood","CogitoBucket","LetterFromLob"],"acts_visited":["Exordium"],"potions_floor_usage":[],"damage_taken":[{"damage":0,"enemies":"Small Slimes","floor":1,"turns":4},{"damage":9,"enemies":"Cultist","floor":2,"turns":4},{"damage":8,"enemies":"Jaw Worm","floor":3,"turns":4},{"damage":12,"enemies":"2 Fungi Beasts","floor":4,"turns":4},{"damage":31,"enemies":"Gremlin Gang","floor":5,"turns":5},{"damage":84,"enemies":"Lagavulin","floor":7,"turns":6}],"seed_played":"-6038495988019519775","potions_obtained":[{"floor":2,"key":"LiquidMemories"},{"floor":4,"key":"ColorlessPotion"},{"floor":5,"key":"Regen Potion"}],"is_trial":false,"path_per_floor":["M","M","M","M","M","R","E"],"character_chosen":"IRONCLAD","items_purchased":[],"campfire_rested":0,"item_purchase_floors":[],"current_hp_per_floor":[80,77,75,69,44,44,0,0],"gold":168,"neow_bonus":"","is_daily":false,"chose_seed":false,"campfire_upgraded":1,"win_rate":0.0,"timestamp":1612225766,"path_taken":["M","M","M","M","M","R","E"],"items_purchased_type":[],"build_version":"2020-12-22","purchased_purges":0,"victory":false,"max_hp_per_floor":[80,80,80,80,80,80,80,80],"card_choices":[{"not_picked":["FairyFestival","ShyLook"],"picked":"WallGazer","floor":1},{"not_picked":["Twin Strike","Blood for Blood"],"picked":"Inflame","floor":1},{"not_picked":["OldLady","OSAHOGD"],"picked":"DespairKnight","floor":2},{"not_picked":["Exhume","Clash"],"picked":"Cleave","floor":2},{"not_picked":["Sword Boomerang","Combust"],"picked":"Shrug It Off","floor":3},{"not_picked":["Flex","Anger"],"picked":"True Grit","floor":4},{"not_picked":["OSAHOGD","FieryBird"],"picked":"MeatLantern","floor":5},{"not_picked":["Cleave","Reckless Charge","Rupture"],"picked":"SKIP","floor":5}],"player_experience":334701,"relics_obtained":[{"floor":1,"key":"LetterFromLob"}],"event_choices":[],"is_beta":false,"boss_relics":[],"items_purged_floors":[],"is_endless":false,"potions_floor_spawned":[2,4,5],"killed_by":"Lagavulin","ascension_level":1}}