{"host":"jhywql2x2v3ppvhm","time":1612280173,"event":{"mods":["BaseMod","Colored Map","Colored Powertips","Downfall","Googly Eyes","Hermit","Marisa????????","Minty Spire (QoL Compilation)","Rare Cards Sparkle","Shop Mod","Slay the Relics Exporter","StSLib","The Animator","The Bug Knight","The Cursed","The Disciple","The Necromancer","The Runesmith","The Servant 0.9.4","slay the spire mod where everything is the same but ironclad has a cowboy hat"],"gold_per_floor":[99,110,130,205,205,218,241,271,11,111,131,27,44,63,80,175,175,75,91,26,38,56,156,156,308,328,27,27,46,46,62,81,176,176,76,91,91,91,91,91,170,190,203,203,229,26,26,71,83,83],"floor_reached":51,"language":"ENG","playtime":2592,"items_purged":["Slimebound:Strike_Slimebound","Slimebound:CorrosiveSpit","Slimebound:Defend_Slimebound","Slimebound:Strike_Slimebound","Slimebound:Strike_Slimebound"],"score":756,"play_id":"bb35101d-d6be-4661-95e4-ecc3cf1af536","local_time":"20210202103613","is_ascension_mode":false,"campfire_choices":[{"data":"Slimebound:Tackle","floor":1,"key":"SMITH"},{"data":"Slimebound:SamplingLick","floor":18,"key":"SMITH"},{"data":"Slimebound:CheckThePlaybook","floor":28,"key":"SMITH"},{"floor":30,"key":"RECALL"},{"data":"Slimebound:GoopTackle","floor":35,"key":"SMITH"},{"data":"Slimebound:FinishingTackle","floor":40,"key":"SMITH"},{"data":"Slimebound:FinishingTackle","floor":47,"key":"SMITH"}],"circlet_count":0,"master_deck":["Slimebound:Tackle+1","Slimebound:Defend_Slimebound","Slimebound:Split","Finesse","Slimebound:SamplingLick","Slimebound:FinishingTackle+1","Slimebound:SamplingLick","Slimebound:RollThrough+1","Slimebound:FinishingTackle+1","Slimebound:HungryTackle","Slimebound:SamplingLick+1","Slimebound:Chomp+1","Slimebound:Schlurp","Slimebound:RollThrough","Slimebound:CheckThePlaybook+1","CurseOfTheBell","Slimebound:GoopTackle+1","Slimebound:ComboTackle+1","Slimebound:SplitLeeching+1","Slimebound:MassFeed+1","Slimebound:Nibble+1","Slimebound:SplitLeeching+1","Slimebound:HauntingLick+1","Slimebound:HauntingLick+1","expansioncontent:AwakenDeath","downfall:Malfunctioning","Slimebound:Prepare+1"],"relics":["Slimebound:AbsorbEndCombat","downfall:ShatteredFragment","Bronze Scales","Smiling Mask","PreservedInsect","Calling Bell","Orichalcum","HornCleat","Torii","downfall:HeartBlessingGreen","Pen Nib","Strawberry","Akabeko","Astrolabe","downfall:HeartBlessingBlue","Pantograph","Omamori","Shuriken","Slimebound:SelfDamagePreventRelic","CatCart"],"acts_visited":["Exordium","TheCity","TheBeyond"],"potions_floor_usage":[16,21,21,26,33,37,48,48,50],"damage_taken":[{"damage":2,"enemies":"Cultist","floor":2,"turns":3},{"damage":3,"enemies":"2 Louse","floor":3,"turns":2},{"damage":0,"enemies":"Small Slimes","floor":6,"turns":2},{"damage":28,"enemies":"3 Sentries","floor":8,"turns":7},{"damage":0,"enemies":"downfall:FleeingMerchant","floor":9,"turns":4},{"damage":6,"enemies":"Blue Slaver","floor":11,"turns":2},{"damage":19,"enemies":"downfall:FleeingMerchant","floor":12,"turns":4},{"damage":3,"enemies":"2 Fungi Beasts","floor":13,"turns":3},{"damage":6,"enemies":"Red Slaver","floor":14,"turns":2},{"damage":0,"enemies":"Large Slime","floor":15,"turns":2},{"damage":22,"enemies":"WA_ARCHETYPE_RETAIN","floor":16,"turns":5},{"damage":11,"enemies":"Spheric Guardian","floor":19,"turns":4},{"damage":1,"enemies":"downfall:FleeingMerchant","floor":20,"turns":4},{"damage":0,"enemies":"Shell Parasite","floor":21,"turns":1},{"damage":7,"enemies":"Chosen and Byrds","floor":22,"turns":5},{"damage":0,"enemies":"Chosen and Byrds","floor":23,"turns":2},{"damage":0,"enemies":"downfall:FleeingMerchant","floor":25,"turns":2},{"damage":8,"enemies":"Centurion and Healer","floor":26,"turns":2},{"damage":3,"enemies":"Shelled Parasite and Fungi","floor":29,"turns":3},{"damage":15,"enemies":"Snake Plant","floor":31,"turns":2},{"damage":0,"enemies":"Centurion and Healer","floor":32,"turns":4},{"damage":62,"enemies":"IC_MUSHROOM_ARCHETYPE","floor":33,"turns":7},{"damage":6,"enemies":"Orb Walker","floor":36,"turns":2},{"damage":0,"enemies":"Orb Walker","floor":37,"turns":4},{"damage":0,"enemies":"3 Darklings","floor":42,"turns":3},{"damage":11,"enemies":"Spire Growth","floor":43,"turns":3},{"damage":13,"enemies":"Nemesis","floor":45,"turns":3},{"damage":18,"enemies":"Orin","floor":48,"turns":6},{"damage":0,"enemies":"Writhing Mass","floor":49,"turns":3},{"damage":85,"enemies":"DF_ARCHETYPE_ORBS","floor":50,"turns":7}],"seed_played":"1756429369850448819","potions_obtained":[{"floor":2,"key":"Slimebound:SlimyTonguePotion"},{"floor":6,"key":"AttackPotion"},{"floor":11,"key":"EssenceOfSteel"},{"floor":13,"key":"Energy Potion"},{"floor":15,"key":"Fire Potion"},{"floor":16,"key":"Fire Potion"},{"floor":21,"key":"PowerPotion"},{"floor":26,"key":"EssenceOfSteel"},{"floor":29,"key":"champ:CounterPotion"},{"floor":36,"key":"Explosive Potion"},{"floor":37,"key":"PowerPotion"},{"floor":48,"key":"PowerPotion"}],"is_trial":false,"path_per_floor":["R","M","M","?","?","M","T","E","$","?","M","$","M","M","M","B",null,"R","M","$","M","M","?","T","$","M","$","R","M","R","M","M","B",null,"R","M","?","?","?","R","T","M","M","T","E","$","R","?","M","B",null],"character_chosen":"SLIMEBOUND","items_purchased":["Slimebound:HungryTackle","PreservedInsect","Slimebound:Chomp","Pen Nib","Strawberry","Akabeko","Slimebound:SelfDamagePreventRelic"],"campfire_rested":0,"item_purchase_floors":[9,9,12,25,27,27,46],"current_hp_per_floor":[65,64,64,64,46,48,48,24,32,32,30,13,12,10,18,4,65,65,56,61,61,59,63,63,65,57,64,64,65,65,54,60,6,72,82,78,82,82,82,82,82,82,73,73,68,68,68,73,79,8],"gold":83,"neow_bonus":"RANDOM_COLORLESS","is_daily":false,"chose_seed":false,"campfire_upgraded":6,"win_rate":0.0,"timestamp":1612280173,"path_taken":["R","M","?","?","?","M","T","E","$","?","M","?","?","M","M","BOSS","R","M","$","M","M","?","T","?","M","$","R","M","R","M","M","BOSS","R","M","?","?","?","R","T","?","?","?","E","$","R","?","M","BOSS"],"items_purchased_type":["Card","Relic","Card","Relic","Relic","Relic","Relic"],"build_version":"2020-12-22","purchased_purges":5,"victory":true,"max_hp_per_floor":[65,65,65,65,65,65,65,65,65,65,65,65,65,65,65,65,65,65,65,65,65,65,65,65,65,65,72,72,72,72,72,72,72,72,82,82,82,82,82,82,82,82,82,82,82,82,82,82,82,82],"card_choices":[{"not_picked":["Flash of Steel","Good Instincts"],"picked":"Finesse","floor":0},{"not_picked":["Slimebound:SplitAcid","Slimebound:ItLooksTasty"],"picked":"Slimebound:SamplingLick","floor":2},{"not_picked":["Slimebound:Nibble","Slimebound:SamplingLick"],"picked":"Slimebound:FinishingTackle","floor":3},{"not_picked":["Slimebound:Replication","Slimebound:SpikyOuterGoop"],"picked":"Slimebound:SamplingLick","floor":6},{"not_picked":["Slimebound:ServeAndProtect","Slimebound:Chomp"],"picked":"Slimebound:RollThrough","floor":8},{"not_picked":["Slimebound:Recollect","Slimebound:MassFeed"],"picked":"Slimebound:FinishingTackle","floor":9},{"not_picked":["Slimebound:SplitMire","Slimebound:LevelUp","Slimebound:ForwardTackle"],"picked":"SKIP","floor":11},{"not_picked":["Slimebound:Chomp","Slimebound:SplitMire"],"picked":"Slimebound:SamplingLick","floor":12},{"not_picked":["Slimebound:LeadByExample","Slimebound:SplitAcid"],"picked":"Slimebound:SamplingLick","floor":13},{"not_picked":["Slimebound:Replication","Slimebound:Prepare"],"picked":"Slimebound:Schlurp","floor":14},{"not_picked":["Slimebound:SplitLeeching","Slimebound:HauntingLick"],"picked":"Slimebound:RollThrough","floor":15},{"not_picked":["Slimebound:MassRepurpose","Slimebound:Darklings"],"picked":"Slimebound:CheckThePlaybook","floor":16},{"not_picked":["Slimebound:LeechEnergy+1","Slimebound:Prepare"],"picked":"Slimebound:GoopTackle","floor":19},{"not_picked":["Slimebound:LeechEnergy","Slimebound:Replication+1"],"picked":"Slimebound:ComboTackle+1","floor":20},{"not_picked":["Slimebound:ComboTackle","Slimebound:SplitLeeching","Slimebound:ViciousTackle"],"picked":"SKIP","floor":21},{"not_picked":["Slimebound:Replication","Slimebound:FinishingTackle","Slimebound:PressTheAttack"],"picked":"SKIP","floor":22},{"not_picked":["Slimebound:SplitMire","Slimebound:Gluttony+1","Slimebound:HauntingLick"],"picked":"SKIP","floor":25},{"not_picked":["Slimebound:RollThrough","Slimebound:ItLooksTasty+1"],"picked":"Slimebound:SplitLeeching+1","floor":26},{"not_picked":["Slimebound:SlimeBarrage+1","Slimebound:SlimeSpikes+1","Slimebound:ItLooksTasty"],"picked":"SKIP","floor":29},{"not_picked":["Slimebound:Recollect","Slimebound:ServeAndProtect","Slimebound:FormOfPuddle"],"picked":"SKIP","floor":31},{"not_picked":["Slimebound:FirmFortitude","Slimebound:SlimeBrawl","Slimebound:LevelUp+1"],"picked":"SKIP","floor":32},{"not_picked":["Slimebound:SlimeTap+1","Slimebound:GoopSpray+1"],"picked":"Slimebound:HauntingLick+1","floor":36},{"not_picked":["Slimebound:Dissolve+1","Slimebound:ProtectTheBoss"],"picked":"Slimebound:HauntingLick+1","floor":37},{"not_picked":["expansioncontent:HyperBeam","expansioncontent:InvincibleStrength"],"picked":"expansioncontent:AwakenDeath","floor":38},{"not_picked":["Slimebound:ItLooksTasty+1","Slimebound:FlameTackle","Slimebound:RainOfGoop"],"picked":"SKIP","floor":42},{"not_picked":["Slimebound:SpikyOuterGoop","Slimebound:SplitMire+1","Slimebound:FinishingTackle"],"picked":"SKIP","floor":43},{"not_picked":["Slimebound:Grow+1","Slimebound:LeadByExample+1"],"picked":"Slimebound:Prepare+1","floor":45},{"not_picked":["Slimebound:GrowthPunch+1","Slimebound:LeechEnergy+1","Slimebound:Gluttony+1"],"picked":"SKIP","floor":49}],"player_experience":197161,"relics_obtained":[{"floor":7,"key":"Bronze Scales"},{"floor":8,"key":"Smiling Mask"},{"floor":17,"key":"Orichalcum"},{"floor":17,"key":"HornCleat"},{"floor":17,"key":"Torii"},{"floor":41,"key":"Pantograph"},{"floor":44,"key":"Omamori"},{"floor":45,"key":"Shuriken"},{"floor":48,"key":"CatCart"}],"event_choices":[{"damage_healed":0,"gold_gain":0,"player_choice":"Fight","damage_taken":0,"max_hp_gain":0,"max_hp_loss":0,"event_name":"OrinTheCat","floor":48,"gold_loss":0}],"is_beta":false,"boss_relics":[{"not_picked":["SacredBark","Snecko Eye"],"picked":"Calling Bell"},{"not_picked":["Runic Pyramid","Fusion Hammer"],"picked":"Astrolabe"}],"items_purged_floors":[9,12,20,25,46],"is_endless":false,"potions_floor_spawned":[2,6,11,13,14,15,16,19,21,26,29,31,36,37,45,48],"ascension_level":0}}