{"host":"y7357sx8ps3jkgoj","time":1612231378,"event":{"mods":["BaseMod","Friendly Minions","Minty Spire (QoL Compilation)","Permanent Neow","Relic Stats","Shop Mod","StSLib","The Alterego","Uncapped","Unceasing Turn Reminder"],"gold_per_floor":[118,68,78,93,106,106,31,31,31],"floor_reached":8,"language":"ENG","playtime":463,"items_purged":["alterego_mod:Defend"],"score":90,"play_id":"8d8af5fa-20a0-4a41-8266-230329108a55","local_time":"20210201200258","is_ascension_mode":true,"campfire_choices":[],"circlet_count":0,"master_deck":["AscendersBane","alterego_mod:Strike","alterego_mod:Strike","alterego_mod:Strike","alterego_mod:Strike","alterego_mod:Defend","alterego_mod:Defend","alterego_mod:Defend","alterego_mod:BigMeatyClaws","alterego_mod:BrynhildrsRune","Thinking Ahead","alterego_mod:1TonWallop","alterego_mod:Clones","alterego_mod:Vow"],"relics":["alterego_mod:MasochisticConstitution"],"acts_visited":["Exordium"],"potions_floor_usage":[6],"damage_taken":[{"damage":6.0,"enemies":"2 Louse","floor":1.0,"turns":6.0},{"damage":8.0,"enemies":"Jaw Worm","floor":3.0,"turns":7.0},{"damage":4.0,"enemies":"Small Slimes","floor":4.0,"turns":4.0},{"damage":23.0,"enemies":"Exordium Wildlife","floor":5.0,"turns":5.0},{"damage":0,"enemies":"Gremlin Nob","floor":6,"turns":1},{"damage":63,"enemies":"Lagavulin","floor":8,"turns":8}],"seed_played":"-6100970134944109276","potions_obtained":[{"floor":1.0,"key":"SmokeBomb"}],"is_trial":false,"path_per_floor":["M","?","M","M","M","E","$","E"],"character_chosen":"The_Alterego","items_purchased":[],"campfire_rested":0,"item_purchase_floors":[],"current_hp_per_floor":[54,54,54,58,50,50,50,0,0],"gold":31,"neow_bonus":"RANDOM_COLORLESS_2","is_daily":false,"chose_seed":false,"campfire_upgraded":0,"win_rate":0.0,"timestamp":1612231378,"path_taken":["M","?","M","M","M","E","$","E"],"items_purchased_type":[],"build_version":"2020-12-22","purchased_purges":1,"victory":false,"max_hp_per_floor":[71,71,72,73,74,74,74,74,74],"relic_stats":{"counters":[6,31],"obtain_stats":[{"alterego_mod:MasochisticConstitution":0},{"alterego_mod:MasochisticConstitution":0},{"alterego_mod:MasochisticConstitution":0}]},"card_choices":[{"not_picked":["Chrysalis","Transmutation"],"picked":"Thinking Ahead","floor":0.0},{"not_picked":["alterego_mod:Undulate","alterego_mod:DiscoLights"],"picked":"alterego_mod:1TonWallop","floor":1.0},{"not_picked":["alterego_mod:Clap","alterego_mod:Undulate"],"picked":"alterego_mod:Clones","floor":3.0},{"not_picked":["alterego_mod:SakuraLabyrinth","alterego_mod:Mirror"],"picked":"alterego_mod:Vow","floor":4.0},{"not_picked":["alterego_mod:PerceptionDisorder","alterego_mod:Cycle","alterego_mod:BoobPocket"],"picked":"SKIP","floor":5.0}],"player_experience":383440,"relics_obtained":[],"event_choices":[{"cards_removed":["alterego_mod:Impale"],"damage_healed":0.0,"max_hp_gain":0.0,"max_hp_loss":0.0,"gold_gain":0.0,"event_name":"The Cleric","player_choice":"Card Removal","floor":2.0,"gold_loss":50.0,"damage_taken":0.0}],"is_beta":false,"boss_relics":[],"items_purged_floors":[7],"is_endless":false,"potions_floor_spawned":[1,6],"killed_by":"Lagavulin","ascension_level":11}}