{"host":"rq7gz685gkaokql0","time":1612299832,"event":{"mods":["BaseMod","Hubris","Infinite Spire","Minty Spire (QoL Compilation)","Replay The Spire","StSLib"],"gold_per_floor":[110,110,89,101,124,152,152,162,162,162,138,163,179,214,214,291,291,303,303,303,314,334,334,345,371,371,386,386,386,386],"floor_reached":29,"language":"ENG","playtime":880,"items_purged":[],"score":576,"play_id":"abab6f24-f378-4fb2-abcd-024ed1ebf16f","local_time":"20210202110352","is_ascension_mode":true,"campfire_choices":[{"floor":7.0,"key":"REST"},{"data":"Inflame","floor":10.0,"key":"SMITH"},{"floor":15.0,"key":"REST"},{"floor":23.0,"key":"REST"}],"circlet_count":0,"master_deck":["AscendersBane","Strike_R","Strike_R","Strike_R","Strike_R","Strike_R","Defend_R+1","Defend_R+1","Defend_R","Defend_R","Bash","ReplayTheSpireMod:Limb From Limb+1","hubris:Wrath","Evolve","Inflame+1","Shockwave","Ghostly Armor+1","Cleave","Pot Of Greed","Pot Of Greed","Flex","ReplayTheSpireMod:Stacked","Double Tap+1","Offering","Sword Boomerang","Infernal Blade","Pot Of Greed","hubris:Lust","Anger","ReplayTheSpireMod:Strike From Hell","Pummel+1","Ghostly Armor","Replay:Undeath\u0027s Touch","infinitespire:SevenWalls"],"relics":["Burning Blood","NeowsBlessing","Replay:WaspNest","ReplayTheSpireMod:CursedCoin","Gremlin Food","hubris:Zylophone","War Paint","Ancient Tea Set","Grinning Jar","hubris:Potato","hubris:ScarierMask","Magic Flower","ReplayTheSpireMod:Spearhead","King of Hearts","Letter Opener"],"acts_visited":["Exordium","TheCity"],"potions_floor_usage":[27],"damage_taken":[{"damage":0.0,"enemies":"Jaw Worm","floor":1.0,"turns":1.0},{"damage":0.0,"enemies":"Cultist","floor":4.0,"turns":1.0},{"damage":0.0,"enemies":"Replay:BlueRogue","floor":6.0,"turns":1.0},{"damage":4.0,"enemies":"2 Louse","floor":8.0,"turns":3.0},{"damage":22.0,"enemies":"Lagavulin","floor":12.0,"turns":6.0},{"damage":25.0,"enemies":"Exordium Thugs","floor":13.0,"turns":4.0},{"damage":11.0,"enemies":"Replay:BlueRogue","floor":14.0,"turns":4.0},{"damage":33.0,"enemies":"Hexaghost","floor":16.0,"turns":7.0},{"damage":10.0,"enemies":"Chosen","floor":18.0,"turns":4.0},{"damage":24.0,"enemies":"Spheric Guardian","floor":21.0,"turns":5.0},{"damage":0.0,"enemies":"Centurion and Healer","floor":22.0,"turns":3.0},{"damage":22.0,"enemies":"Snecko","floor":24.0,"turns":5.0},{"damage":55.0,"enemies":"Book of Stabbing","floor":25.0,"turns":5.0},{"damage":13,"enemies":"Shelled Parasite and Fungi","floor":27,"turns":3},{"damage":13,"enemies":"Slavers","floor":29,"turns":1}],"seed_played":"7542458267554925688","potions_obtained":[{"floor":1.0,"key":"Weak Potion"},{"floor":6.0,"key":"SmokeBomb"},{"floor":12.0,"key":"Milkshake"},{"floor":14.0,"key":"Adrenaline Potion"},{"floor":16.0,"key":"SkillPotion"},{"floor":21.0,"key":"Fire Potion"},{"floor":25.0,"key":"GamblersBrew"}],"is_trial":false,"path_per_floor":["M","?","$","M","?","E","R","M","T","R","$","E","M","E","R","B",null,"M","?","?","M","M","R","M","E","T","M","AVR","E"],"character_chosen":"IRONCLAD","items_purchased":["ReplayTheSpireMod:CursedCoin","Gremlin Food","Cleave"],"campfire_rested":3,"item_purchase_floors":[3,3,11],"current_hp_per_floor":[74,74,74,75,45,51,73,75,75,75,75,59,40,35,57,30,64,60,60,60,45,54,75,62,16,16,12,12,0,0],"gold":386,"neow_bonus":"THREE_ENEMY_KILL","is_daily":false,"chose_seed":false,"campfire_upgraded":1,"win_rate":0.0,"timestamp":1612299832,"path_taken":["M","?","?","?","?","E","R","M","T","R","?","E","M","E","R","BOSS","M","?","?","M","M","R","M","E","T","M","AVR","E"],"items_purchased_type":["Relic","Relic","Card"],"build_version":"2020-12-22","purchased_purges":0,"victory":false,"max_hp_per_floor":[75,75,75,75,75,75,75,75,75,75,75,75,75,75,75,75,75,75,75,75,75,75,75,75,75,75,75,75,75,75],"card_choices":[{"not_picked":["Reckless Charge","Rage"],"picked":"ReplayTheSpireMod:Limb From Limb","floor":1.0},{"not_picked":["Anger","Reckless Charge"],"picked":"Evolve","floor":4.0},{"not_picked":["Heavy Blade","Cleave"],"picked":"Inflame","floor":5.0},{"not_picked":["Havoc","ReplayTheSpireMod:Strike From Hell"],"picked":"Shockwave","floor":6.0},{"not_picked":["Sword Boomerang","Shrug It Off"],"picked":"Ghostly Armor","floor":8.0},{"not_picked":["Shockwave","Ghostly Armor"],"picked":"Flex","floor":12.0},{"not_picked":["ReplayTheSpireMod:Strike From Hell","ReplayTheSpireMod:Limb From Limb"],"picked":"ReplayTheSpireMod:Stacked","floor":13.0},{"not_picked":["Body Slam","True Grit"],"picked":"Double Tap","floor":14.0},{"not_picked":["Brutality","Corruption"],"picked":"Offering","floor":16.0},{"not_picked":["Flex","Wild Strike"],"picked":"Sword Boomerang","floor":18.0},{"not_picked":["Massacre","Body Slam"],"picked":"Anger","floor":21.0},{"not_picked":["Pommel Strike","hubris:ReadiedAction"],"picked":"ReplayTheSpireMod:Strike From Hell","floor":22.0},{"not_picked":["Hemokinesis","Flame Barrier"],"picked":"Pummel+1","floor":24.0},{"not_picked":["ReplayTheSpireMod:Strike From Hell","Abandon"],"picked":"Ghostly Armor","floor":25.0},{"not_picked":["Flex","Wild Strike"],"picked":"Replay:Undeath\u0027s Touch","floor":27}],"player_experience":1235652,"relics_obtained":[{"floor":5.0,"key":"hubris:Zylophone"},{"floor":6.0,"key":"War Paint"},{"floor":9.0,"key":"Ancient Tea Set"},{"floor":12.0,"key":"Grinning Jar"},{"floor":14.0,"key":"hubris:Potato"},{"floor":25.0,"key":"ReplayTheSpireMod:Spearhead"},{"floor":26.0,"key":"King of Hearts"}],"event_choices":[{"damage_healed":0.0,"max_hp_gain":0.0,"max_hp_loss":0.0,"gold_gain":0.0,"event_name":"WeMeetAgain","player_choice":"Gave Potion","floor":2.0,"gold_loss":0.0,"damage_taken":0.0,"relics_obtained":["Replay:WaspNest"]},{"damage_healed":0.0,"max_hp_gain":0.0,"max_hp_loss":0.0,"gold_gain":0.0,"event_name":"The Library","player_choice":"Read","floor":19.0,"gold_loss":0.0,"damage_taken":0.0,"cards_obtained":["Infernal Blade"]}],"is_beta":false,"boss_relics":[{"not_picked":["Tiny House","infinitespire:Cupcake"],"picked":"hubris:ScarierMask"}],"items_purged_floors":[],"is_endless":false,"potions_floor_spawned":[1,6,12,14,16,21,25],"killed_by":"Slavers","ascension_level":20}}