{"host":"p62uqwu04pp7leh9","time":1612230864,"event":{"mods":["BaseMod","Block Reminder","Colored Map","Colored Powertips","Minty Spire (QoL Compilation)","Relic Stats"],"gold_per_floor":[112,62,62,77,88,122,122,122,122],"floor_reached":8,"language":"ENG","playtime":493,"items_purged":[],"score":70,"play_id":"61bb9304-2e35-4d5f-a73b-99f752a3aac0","local_time":"20210201205424","is_ascension_mode":true,"campfire_choices":[{"data":"Body Slam","floor":7,"key":"SMITH"}],"circlet_count":0,"master_deck":["Strike_R","Strike_R","Strike_R","Strike_R","Strike_R","Defend_R","Defend_R+1","Defend_R","Bash","Power Through+1","Feel No Pain","Body Slam+1","Rampage"],"relics":["Burning Blood","Bottled Tornado"],"acts_visited":["Exordium"],"potions_floor_usage":[6],"damage_taken":[{"damage":0,"enemies":"Small Slimes","floor":1,"turns":3},{"damage":9,"enemies":"Jaw Worm","floor":4,"turns":4},{"damage":6,"enemies":"Cultist","floor":5,"turns":5},{"damage":58,"enemies":"3 Sentries","floor":6,"turns":19},{"damage":15,"enemies":"Lagavulin","floor":8,"turns":4}],"seed_played":"5336791977972230749","potions_obtained":[{"floor":4,"key":"Weak Potion"}],"is_trial":false,"path_per_floor":["M","?","?","M","M","E","R","E"],"character_chosen":"IRONCLAD","items_purchased":[],"campfire_rested":0,"item_purchase_floors":[],"current_hp_per_floor":[88,88,70,67,67,15,15,0,0],"gold":122,"neow_bonus":"TEN_PERCENT_HP_BONUS","is_daily":false,"chose_seed":false,"campfire_upgraded":1,"win_rate":0.0,"timestamp":1612230864,"path_taken":["M","?","?","M","M","E","R","E"],"items_purchased_type":[],"build_version":"2020-12-22","purchased_purges":0,"victory":false,"max_hp_per_floor":[88,88,88,88,88,88,88,88,88],"relic_stats":{"counters":[5,35],"obtain_stats":[{"Bottled Tornado":6,"Burning Blood":0},{"Bottled Tornado":4,"Burning Blood":0},{"Bottled Tornado":31,"Burning Blood":0}],"Burning Blood":18},"card_choices":[{"not_picked":["True Grit","Seeing Red"],"picked":"Power Through","floor":1},{"not_picked":["Iron Wave","Twin Strike"],"picked":"Feel No Pain","floor":4},{"not_picked":["Body Slam","Havoc","Heavy Blade"],"picked":"SKIP","floor":5},{"not_picked":["Havoc","Heavy Blade"],"picked":"Body Slam","floor":5},{"not_picked":["Thunderclap","Impervious"],"picked":"Rampage","floor":6}],"player_experience":395975,"relics_obtained":[{"floor":6,"key":"Bottled Tornado"}],"event_choices":[{"cards_removed":["Defend_R"],"damage_healed":0,"gold_gain":0,"player_choice":"Card Removal","damage_taken":0,"max_hp_gain":0,"max_hp_loss":0,"event_name":"The Cleric","floor":2,"gold_loss":50},{"damage_healed":0,"gold_gain":0,"player_choice":"Entered Light","damage_taken":18,"max_hp_gain":0,"max_hp_loss":0,"event_name":"Shining Light","floor":3,"gold_loss":0,"cards_upgraded":["Defend_R","Power Through"]}],"is_beta":false,"boss_relics":[],"items_purged_floors":[],"is_endless":false,"potions_floor_spawned":[4],"killed_by":"Lagavulin","ascension_level":5}}