{"host":"q6r63elxu27obe7v","time":1612248724,"event":{"mods":["2.2 Compatiblity","AchievementEnabler","BaseMod","CapriCore","Colored Map","DeckTracker","Keyboard Shortcuts","Lobotomy","Minty Spire (QoL Compilation)","Permanent Neow","Quick Restart","Replay The Spire","StSLib","SuperFastMode","¡¼?Úª?ø«¡½REMEMod"],"gold_per_floor":[112,193,268,268,280,280,280],"floor_reached":6,"language":"KOR","playtime":283,"items_purged":[],"score":36,"play_id":"c749279c-316d-49de-845c-a3f904d00958","local_time":"20210202155204","is_ascension_mode":true,"campfire_choices":[],"circlet_count":0,"master_deck":["Strike_G","Strike_G","Strike_G","Strike_G","Strike_G","Defend_G","Defend_G","Defend_G","Defend_G","Defend_G","Survivor","Neutralize","REME_Shoggoth","MHz","Deadly Poison","Backflip","Dagger Throw","Acrobatics","Scorched","Footwork"],"relics":["Ring of the Snake","REME_ComplimentaryCards","CogitoBucket","SsserpentHead"],"acts_visited":["Exordium"],"potions_floor_usage":[],"damage_taken":[{"damage":2,"enemies":"Small Slimes","floor":1,"turns":5},{"damage":4,"enemies":"2 Louse","floor":5,"turns":3},{"damage":66,"enemies":"Replay:BlueRogue","floor":6,"turns":3}],"seed_played":"2350962087574162698","potions_obtained":[],"is_trial":false,"path_per_floor":["M","?","?","?","M","E"],"character_chosen":"THE_SILENT","items_purchased":[],"campfire_rested":0,"item_purchase_floors":[],"current_hp_per_floor":[68,68,57,57,53,0,0],"gold":280,"neow_bonus":"","is_daily":false,"chose_seed":false,"campfire_upgraded":0,"win_rate":0.0,"timestamp":1612248724,"path_taken":["M","?","?","?","M","E"],"items_purchased_type":[],"build_version":"2020-12-22","purchased_purges":0,"victory":false,"max_hp_per_floor":[70,70,70,70,70,70,70],"card_choices":[{"not_picked":["Scorched","PunishingBird"],"picked":"MHz","floor":1},{"not_picked":["Underhanded Strike","Heel Hook"],"picked":"Deadly Poison","floor":1},{"not_picked":["ReplayTheSpireMod:Tripwire","Predator"],"picked":"Backflip","floor":2},{"not_picked":["Poisoned Stab","Underhanded Strike"],"picked":"Dagger Throw","floor":2},{"not_picked":["PiercingWail","Toxin Wave"],"picked":"Acrobatics","floor":2},{"not_picked":["OSAHOGD","GreedKing"],"picked":"Scorched","floor":5},{"not_picked":["All Out Attack","Expertise"],"picked":"Footwork","floor":5}],"player_experience":99679,"relics_obtained":[],"event_choices":[{"damage_healed":0,"gold_gain":75,"player_choice":"Gather Gold","damage_taken":11,"max_hp_gain":0,"max_hp_loss":0,"event_name":"World of Goop","floor":3,"gold_loss":0},{"damage_healed":0,"gold_gain":0,"player_choice":"Trade","damage_taken":0,"relics_obtained":["SsserpentHead"],"max_hp_gain":0,"max_hp_loss":0,"event_name":"FaceTrader","floor":4,"gold_loss":0}],"is_beta":false,"boss_relics":[],"items_purged_floors":[],"is_endless":false,"potions_floor_spawned":[],"killed_by":"Replay:BlueRogue","ascension_level":1}}