{"host":"2qpilcmj89x3pncz","time":1612284075,"event":{"mods":["100% Spire Juice","2.2 Compatiblity","Act Like it!","Aspiration","BaseMod","Beaked The Cultist","BetterRewards","Colored Map","Colored Powertips","Conjunction","Conspire","Dota2Spire","Evolution","Faster Ascension Climbing","Gensokyo","GifTheSpireLib","Grow up Mod","Halation","Hubris","Infinite Spire","Jedi Mod","KomeijiMod","Marisa????????","Mimic Mod","Minty Spire (QoL Compilation)","Pale of the Ancients","Poem Panic","Quarter Circle Forward PUNCH!","Quick Restart","Replay The Spire","Shop Mod","Small Relic Pack","Spicy Shops","Spikes Relics","StSLib","Strawberry Spire","Stuff the Spire","SuperFastMode","Synergy Search","The Servant 0.9.4","Wandering Minibosses","Yakumo Yukari mod"],"gold_per_floor":[136,72,72,83,103,134,134,164,164],"floor_reached":8,"language":"ENG","playtime":381,"items_purged":["Defend_purpleEX"],"score":162,"play_id":"48e0f447-4a93-41d0-b477-0f69d68e9b65","local_time":"20210202164115","is_ascension_mode":true,"campfire_choices":[{"data":"Mirror_FourBoundary_purple","floor":7,"key":"SMITH"}],"circlet_count":0,"master_deck":["AscendersBane","AT_purpleEX","AT_purpleEX","AT_purpleEX","AT_purpleEX","Defend_purpleEX","Defend_purpleEX","Defend_purpleEX","Observe_purple_1","Observe_purple_2","MeetDecomposer_purple+1","UniverseChoice_purple","Umbrella_purple","CommonSense_AntiCommonSense_purple+1","Charmbait_purple","Mirror_FourBoundary_purple+1","Mirror_FormAndEmptin_purple","Anti_communist_purple"],"relics":["Boundary_crack","Memoryfragments_purpleEX","EVO:Axolotl","StuffTheSpire:GrapeVine","Iron Hammer","RoseTintedShades","jedi:heavyjacket","Anchor","Dota2Spire:PhaseBoots"],"acts_visited":["Gensokyo:Gensokyo"],"potions_floor_usage":[],"damage_taken":[{"damage":6,"enemies":"Gensokyo:3_Fairies","floor":1,"turns":4},{"damage":7,"enemies":"Gensokyo:2_Kodama","floor":4,"turns":6},{"damage":0,"enemies":"Gensokyo:Gryphon","floor":5,"turns":2},{"damage":46,"enemies":"Gensokyo:Aya","floor":6,"turns":4},{"damage":38,"enemies":"Gensokyo:Mamizou","floor":8,"turns":7}],"seed_played":"-3270497135851633292","potions_obtained":[{"floor":4,"key":"ColorlessPotion"}],"is_trial":false,"path_per_floor":["M","$","?","M","M","E","R","E"],"character_chosen":"Youkari","items_purchased":["MeetDecomposer_purple+1","StuffTheSpire:GrapeVine","Iron Hammer","RoseTintedShades","jedi:heavyjacket","UniverseChoice_purple","CommonSense_AntiCommonSense_purple+1"],"campfire_rested":0,"item_purchase_floors":[0,0,0,0,0,0,2],"current_hp_per_floor":[75,85,100,108,123,92,102,68,68],"gold":164,"neow_bonus":"","is_daily":false,"chose_seed":false,"campfire_upgraded":1,"win_rate":0.0,"timestamp":1612284075,"path_taken":["M","?","?","M","M","E","R","E"],"items_purchased_type":["Card","Relic","Relic","Relic","Relic","Card","Card"],"build_version":"2020-12-22","purchased_purges":1,"victory":false,"max_hp_per_floor":[85,95,105,115,125,135,145,145,145],"card_choices":[{"not_picked":["Anti_communist_purple","StateErode_purple"],"picked":"Umbrella_purple","floor":1},{"not_picked":["SfantasyHide_purple","Shallow_ocean_purpleEX"],"picked":"Charmbait_purple","floor":4},{"not_picked":["StateErode_purple","OpenedBox_purple"],"picked":"Mirror_FourBoundary_purple","floor":5},{"not_picked":["DarkRealmRedLine_purple","StateDuplicate_purple"],"picked":"Mirror_FormAndEmptin_purple","floor":6},{"not_picked":["RuleDissolution_purple","ExistenceContinue_purple"],"picked":"Anti_communist_purple","floor":8}],"player_experience":269192,"relics_obtained":[{"floor":6,"key":"Anchor"},{"floor":8,"key":"Dota2Spire:PhaseBoots"}],"event_choices":[],"is_beta":false,"boss_relics":[],"items_purged_floors":[0],"is_endless":false,"potions_floor_spawned":[1,4,6],"killed_by":"Gensokyo:Mamizou","ascension_level":20}}