{"host":"zwuytn9vh5b8tdl7","time":1612234416,"event":{"mods":["AchievementEnabler","BaseMod","Colored Powertips","GifTheSpireLib","Minty Spire (QoL Compilation)","Rare Cards Sparkle","StSLib","The Animator"],"gold_per_floor":[123,151,151,171,171,171,191,191,216,263,263,276,121,121,121,223,248,264,319,81,96,96,96,96,96,121,121,121,145,145,202,202,202,202],"floor_reached":33,"language":"ENG","playtime":1216,"items_purged":[],"score":284,"play_id":"cb99f812-20b7-4105-b78e-5e8f509317f9","local_time":"20210201215336","is_ascension_mode":false,"campfire_choices":[{"floor":6,"key":"REST"},{"floor":8,"key":"REST"},{"floor":15,"key":"REST"},{"floor":23,"key":"REST"},{"floor":28,"key":"REST"},{"floor":30,"key":"REST"},{"floor":32,"key":"REST"}],"circlet_count":0,"master_deck":["animator:Strike_Fate+1","animator:Defend_Fate+1","animator:Strike+1","animator:Strike+1","animator:Strike+1","animator:Defend+1","animator:Defend+1","animator:Defend+1","animator:Alexander+1","animator:Rider+1","animator:Lu+1","animator:YaoHaDucy","animator:Raven","animator:TukaLunaMarceau","animator:EmiyaShirou","animator:Viivi","animator:Gilgamesh+4","animator:Raven+1","animator:Shuna","animator:MumenRider","animator:Archer","animator:EmiyaShirou"],"relics":["animator:LivingPicture","animator:TheMissingPiece","NeowsBlessing","Odd Mushroom","Orichalcum","animator:AlchemistGlove","HandDrill","animator:HolyGrailRelic","Red Mask","Question Card","War Paint","Boot"],"acts_visited":["Exordium","TheCity"],"potions_floor_usage":[31,31,33],"damage_taken":[{"damage":0,"enemies":"Small Slimes","floor":1,"turns":1},{"damage":0,"enemies":"Jaw Worm","floor":2,"turns":1},{"damage":0,"enemies":"2 Louse","floor":4,"turns":1},{"damage":13,"enemies":"The Mushroom Lair","floor":7,"turns":3},{"damage":29,"enemies":"3 Sentries","floor":10,"turns":10},{"damage":4,"enemies":"Exordium Thugs","floor":12,"turns":5},{"damage":34,"enemies":"Slime Boss","floor":16,"turns":12},{"damage":3,"enemies":"3 Byrds","floor":18,"turns":5},{"damage":38,"enemies":"Masked Bandits","floor":19,"turns":5},{"damage":10,"enemies":"Chosen","floor":21,"turns":5},{"damage":49,"enemies":"3 Cultists","floor":29,"turns":7},{"damage":28,"enemies":"animator:HornedBat","floor":31,"turns":6},{"damage":56,"enemies":"Collector","floor":33,"turns":7}],"seed_played":"256547813947115703","potions_obtained":[{"floor":4,"key":"PowerPotion"},{"floor":7,"key":"Block Potion"},{"floor":12,"key":"Dexterity Potion"}],"is_trial":false,"path_per_floor":["M","M","?","M","?","R","?","R","T","E","?","M","$","?","R","B",null,"M","?","$","M","?","R","$","?","T","?","R","M","R","E","R","B"],"character_chosen":"THE_ANIMATOR","items_purchased":["HandDrill","Question Card"],"campfire_rested":7,"item_purchase_floors":[13,20],"current_hp_per_floor":[66,66,66,67,54,67,55,68,68,39,39,35,35,35,55,22,77,76,40,40,32,16,42,42,42,42,42,68,21,48,22,49,0,0],"gold":202,"neow_bonus":"THREE_ENEMY_KILL","is_daily":false,"chose_seed":false,"campfire_upgraded":0,"win_rate":0.0,"timestamp":1612234416,"path_taken":["M","M","?","M","?","R","?","R","T","E","?","?","$","?","R","BOSS","M","?","$","M","?","R","?","?","T","?","R","M","R","E","R","BOSS"],"items_purchased_type":["Relic","Relic"],"build_version":"2020-12-22","purchased_purges":0,"victory":false,"max_hp_per_floor":[66,66,66,67,67,67,68,68,68,68,68,68,68,68,68,69,77,79,81,81,83,88,88,88,88,88,88,88,90,90,92,92,92,92],"card_choices":[{"not_picked":["animator:Kuribayashi","animator:Genos"],"picked":"animator:Lu","floor":1},{"not_picked":["animator:Tyuule","animator:Berserker"],"picked":"animator:YaoHaDucy","floor":2},{"not_picked":["animator:IzunaHatsuse","animator:MumenRider"],"picked":"animator:Raven","floor":4},{"not_picked":["animator:Ain","animator:FielNirvalen"],"picked":"animator:TukaLunaMarceau","floor":7},{"not_picked":["animator:Illya","animator:Lancer"],"picked":"animator:EmiyaShirou","floor":10},{"not_picked":["animator:Bozes","animator:Hakurou"],"picked":"animator:Viivi","floor":12},{"not_picked":["animator:ChaikaTrabant","animator:Shizu"],"picked":"animator:Gilgamesh","floor":16},{"not_picked":["animator:Ara","animator:Kaijin"],"picked":"animator:Raven+1","floor":18},{"not_picked":["animator:Rider","animator:Hakurou"],"picked":"animator:Shuna","floor":19},{"not_picked":["animator:Jibril+1","animator:DolaCouronne","animator:Benimaru"],"picked":"animator:MumenRider","floor":21},{"not_picked":["animator:SakuraMatou","animator:RinTohsaka","animator:ShinjiMatou"],"picked":"animator:Archer","floor":29},{"not_picked":["animator:AcuraAkari","animator:Rena+1","animator:Hakurou"],"picked":"animator:EmiyaShirou","floor":31}],"player_experience":357405,"relics_obtained":[{"floor":7,"key":"Odd Mushroom"},{"floor":9,"key":"Orichalcum"},{"floor":10,"key":"animator:AlchemistGlove"},{"floor":19,"key":"Red Mask"},{"floor":26,"key":"War Paint"},{"floor":31,"key":"Boot"}],"event_choices":[{"damage_healed":0,"gold_gain":0,"player_choice":"Grow","damage_taken":0,"max_hp_gain":0,"max_hp_loss":0,"event_name":"Living Wall","floor":3,"gold_loss":0,"cards_upgraded":["animator:Alexander"]},{"damage_healed":0,"gold_gain":0,"player_choice":"Entered Light","damage_taken":13,"max_hp_gain":0,"max_hp_loss":0,"event_name":"Shining Light","floor":5,"gold_loss":0,"cards_upgraded":["animator:Lu","animator:Defend_Fate"]},{"damage_healed":0,"gold_gain":0,"player_choice":"Fought Mushrooms","damage_taken":0,"max_hp_gain":0,"max_hp_loss":0,"event_name":"Mushrooms","floor":7,"gold_loss":0},{"damage_healed":0,"gold_gain":0,"player_choice":"Ignored","damage_taken":0,"max_hp_gain":0,"max_hp_loss":0,"event_name":"Purifier","floor":11,"gold_loss":0},{"damage_healed":0,"gold_gain":0,"player_choice":"Ignored","damage_taken":0,"max_hp_gain":0,"max_hp_loss":0,"event_name":"Golden Wing","floor":14,"gold_loss":0},{"damage_healed":0,"gold_gain":0,"player_choice":"Fought Bandits","damage_taken":0,"max_hp_gain":0,"max_hp_loss":0,"event_name":"Masked Bandits","floor":19,"gold_loss":0},{"damage_healed":0,"gold_gain":0,"player_choice":"Shed Blood","damage_taken":21,"max_hp_gain":5,"max_hp_loss":0,"event_name":"Forgotten Altar","floor":22,"gold_loss":0},{"damage_healed":0,"gold_gain":0,"player_choice":"Ignored","damage_taken":0,"max_hp_gain":0,"max_hp_loss":0,"event_name":"Vampires","floor":25,"gold_loss":0},{"damage_healed":0,"gold_gain":0,"player_choice":"Simplicity","damage_taken":0,"max_hp_gain":0,"max_hp_loss":0,"event_name":"Back to Basics","floor":27,"gold_loss":0,"cards_upgraded":["animator:Strike_Fate","animator:Strike","animator:Strike","animator:Strike","animator:Defend","animator:Defend"]}],"is_beta":false,"boss_relics":[{"not_picked":["Philosopher\u0027s Stone","Sozu"],"picked":"animator:HolyGrailRelic"}],"items_purged_floors":[],"is_endless":false,"potions_floor_spawned":[4,7,12,19,21,29],"killed_by":"Collector","ascension_level":0}}