{"host":"431it2xtlpekoa51","time":1612233586,"event":{"mods":["BaseMod","Hubris","Minty Spire (QoL Compilation)","StSLib"],"gold_per_floor":[119,130,150,150,170,170,6,41,101,113,151,163,189,201,213,299,311,337,382,406,428,440,77,77,101,130,147,158,188,114,114,193,193,209,431,234,254,273,303,315,315,364,394,409,434,250,264,264,264,264],"floor_reached":51,"language":"ENG","playtime":2910,"items_purged":["Strike_R"],"score":2339,"play_id":"d13f96e8-2710-4bfe-aa13-de0267fc0f30","local_time":"20210201203946","is_ascension_mode":true,"campfire_choices":[{"floor":6.0,"key":"REST"},{"floor":12.0,"key":"REST"},{"data":"Combust","floor":15.0,"key":"SMITH"},{"floor":22,"key":"REST"},{"floor":31,"key":"REST"},{"data":"Power Through","floor":41,"key":"SMITH"},{"floor":48,"key":"RECALL"}],"circlet_count":0,"master_deck":["AscendersBane","Strike_R","Strike_R","Strike_R","Strike_R","Defend_R","Defend_R","Defend_R","Defend_R","Bash","Metallicize","Sever Soul","Clash","Twin Strike","Flame Barrier","Second Wind","Combust+1","Pommel Strike","Sentinel","Offering","Thunderclap+1","Uppercut","Power Through+1","Body Slam","Panache","Uppercut","Clash","Ghostly Armor","Uppercut","Pommel Strike","Shrug It Off","Dark Embrace","Clash","Dark Embrace","Bludgeon","hubris:CleavingFinish","Apotheosis","Carnage","Dual Wield","Power Through","Entrench","Flame Barrier","Dual Wield","Feel No Pain","Panache","Ghostly Armor"],"relics":["Black Star","hubris:Towel","Charon\u0027s Ashes","MawBank","Nunchaku","hubris:Teleporter","Mercury Hourglass","hubris:BlackHole","Red Mask","Centennial Puzzle","Bag of Preparation","Question Card","hubris:FunFungus","StrikeDummy","Strawberry","Bag of Marbles","Anchor","Regal Pillow","Shuriken","Ginger"],"acts_visited":["Exordium","TheCity","TheBeyond"],"potions_floor_usage":[49],"damage_taken":[{"damage":11.0,"enemies":"Cultist","floor":1.0,"turns":4.0},{"damage":9.0,"enemies":"Small Slimes","floor":2.0,"turns":5.0},{"damage":3.0,"enemies":"2 Louse","floor":3.0,"turns":2.0},{"damage":15.0,"enemies":"2 Fungi Beasts","floor":5.0,"turns":4.0},{"damage":24.0,"enemies":"Lagavulin","floor":8.0,"turns":7.0},{"damage":10.0,"enemies":"3 Sentries","floor":11.0,"turns":5.0},{"damage":2.0,"enemies":"Lots of Slimes","floor":13.0,"turns":2.0},{"damage":23.0,"enemies":"Hexaghost","floor":16.0,"turns":7.0},{"damage":9.0,"enemies":"Shell Parasite","floor":18.0,"turns":2.0},{"damage":6.0,"enemies":"Masked Bandits","floor":19.0,"turns":1.0},{"damage":0.0,"enemies":"Chosen","floor":20.0,"turns":3.0},{"damage":9.0,"enemies":"Centurion and Healer","floor":21.0,"turns":3.0},{"damage":0,"enemies":"Slavers","floor":26,"turns":2},{"damage":8,"enemies":"Shelled Parasite and Fungi","floor":27,"turns":2},{"damage":6,"enemies":"Cultist and Chosen","floor":28,"turns":3},{"damage":6,"enemies":"Gremlin Leader","floor":29,"turns":2},{"damage":6,"enemies":"Champ","floor":32,"turns":2},{"damage":1,"enemies":"3 Shapes","floor":34,"turns":1},{"damage":0,"enemies":"Orb Walker","floor":37,"turns":1},{"damage":0,"enemies":"Sphere and 2 Shapes","floor":38,"turns":1},{"damage":16,"enemies":"Nemesis","floor":39,"turns":3},{"damage":0,"enemies":"4 Shapes","floor":40,"turns":1},{"damage":6,"enemies":"Giant Head","floor":43,"turns":2},{"damage":0,"enemies":"3 Darklings","floor":44,"turns":1},{"damage":0,"enemies":"Mind Bloom Boss Battle","floor":45,"turns":1},{"damage":0,"enemies":"Jaw Worm Horde","floor":47,"turns":1},{"damage":14,"enemies":"Donu and Deca","floor":49,"turns":3},{"damage":4,"enemies":"Time Eater","floor":50,"turns":2}],"seed_played":"5501946197534276917","potions_obtained":[{"floor":1.0,"key":"Weak Potion"},{"floor":5.0,"key":"CultistPotion"},{"floor":13.0,"key":"LiquidMemories"},{"floor":19.0,"key":"Fire Potion"},{"floor":28,"key":"Block Potion"}],"is_trial":false,"path_per_floor":["M","M","M","?","M","R","$","E","T","?","E","R","M","?","R","B",null,"M","?","M","M","R","$","?","T","E","M","M","E","$","R","B",null,"M","?","$","M","M","E","M","R","T","E","M","?","$","M","R","B","B",null],"character_chosen":"IRONCLAD","items_purchased":["Flame Barrier","Panache","Uppercut","Clash","Ghostly Armor","Dark Embrace","Apotheosis","Panache"],"campfire_rested":4,"item_purchase_floors":[7,23,23,23,23,30,36,46],"current_hp_per_floor":[57,48,45,45,30,52,52,28,28,53,43,65,63,63,63,40,66,57,51,51,42,64,64,64,64,64,56,50,44,44,66,64,72,71,71,71,71,71,72,72,72,72,72,72,72,72,72,72,66,65],"gold":264,"neow_bonus":"BOSS_RELIC","is_daily":false,"chose_seed":false,"campfire_upgraded":2,"win_rate":0.0,"timestamp":1612233586,"path_taken":["M","?","M","?","M","R","$","E","T","?","E","R","M","?","R","BOSS","M","?","M","M","R","$","?","T","E","M","?","E","$","R","BOSS","M","?","$","M","M","E","M","R","T","E","M","?","$","M","R","BOSS","BOSS"],"items_purchased_type":["Card","Card","Card","Card","Card","Card","Card","Card"],"build_version":"2020-12-22","purchased_purges":1,"victory":true,"max_hp_per_floor":[75,75,75,75,75,75,75,75,75,75,75,75,75,75,75,75,75,75,75,75,75,75,75,75,75,75,75,75,75,75,75,75,75,75,75,75,75,75,82,82,82,82,82,82,82,82,82,82,82,82],"card_choices":[{"not_picked":["Seeing Red","Warcry"],"picked":"Metallicize","floor":1.0},{"not_picked":["hubris:ReadiedAction","Clash"],"picked":"Sever Soul","floor":2.0},{"not_picked":["Clothesline","Perfected Strike"],"picked":"Clash","floor":3.0},{"not_picked":["Body Slam","Sever Soul"],"picked":"Twin Strike","floor":5.0},{"not_picked":["Sever Soul","Intimidate"],"picked":"Second Wind","floor":8.0},{"not_picked":["Pommel Strike","Blood for Blood"],"picked":"Combust","floor":11.0},{"not_picked":["Pommel Strike","hubris:ReadiedAction","Twin Strike"],"picked":"SKIP","floor":13.0},{"not_picked":["hubris:ReadiedAction","Twin Strike"],"picked":"Pommel Strike","floor":13.0},{"not_picked":["Impervious","Demon Form"],"picked":"Offering","floor":16.0},{"not_picked":["Searing Blow","Cleave"],"picked":"Thunderclap+1","floor":18.0},{"not_picked":["hubris:ReadiedAction","Rampage"],"picked":"Uppercut","floor":19.0},{"not_picked":["Headbutt","hubris:SharpeningStone"],"picked":"Power Through","floor":20.0},{"not_picked":["Intimidate","Wild Strike"],"picked":"Body Slam","floor":21.0},{"not_picked":["Wild Strike","Warcry"],"picked":"Pommel Strike","floor":26},{"not_picked":["hubris:ReadiedAction","Pommel Strike","Wild Strike+1"],"picked":"Shrug It Off","floor":27},{"not_picked":["Flex+1","Heavy Blade","Bloodletting"],"picked":"Dark Embrace","floor":28},{"not_picked":["Thunderclap","hubris:ReadiedAction","Fire Breathing"],"picked":"Clash","floor":29},{"not_picked":["Immolate","Double Tap","Limit Break"],"picked":"Bludgeon","floor":32},{"not_picked":["Twin Strike","Clothesline","Seeing Red+1"],"picked":"hubris:CleavingFinish","floor":34},{"not_picked":["Havoc","Battle Trance+1","Immolate"],"picked":"Carnage","floor":37},{"not_picked":["Flex","hubris:ReadiedAction","Armaments"],"picked":"Dual Wield","floor":38},{"not_picked":["Blood for Blood","Flex","Anger"],"picked":"Power Through","floor":39},{"not_picked":["Clothesline","Body Slam","Hemokinesis"],"picked":"Entrench","floor":40},{"not_picked":["Shockwave","Twin Strike","Clothesline"],"picked":"Flame Barrier","floor":43},{"not_picked":["Havoc","Sever Soul","Evolve"],"picked":"Dual Wield","floor":44},{"not_picked":["Perfected Strike","hubris:ReadiedAction","Dropkick+1"],"picked":"Feel No Pain","floor":45},{"not_picked":["Combust","Cleave","Sword Boomerang+1"],"picked":"Ghostly Armor","floor":47}],"player_experience":3120998,"relics_obtained":[{"floor":8.0,"key":"Charon\u0027s Ashes"},{"floor":8.0,"key":"MawBank"},{"floor":9.0,"key":"Nunchaku"},{"floor":11.0,"key":"hubris:Teleporter"},{"floor":11.0,"key":"Mercury Hourglass"},{"floor":19.0,"key":"Red Mask"},{"floor":25,"key":"Centennial Puzzle"},{"floor":26,"key":"Bag of Preparation"},{"floor":26,"key":"Question Card"},{"floor":29,"key":"hubris:FunFungus"},{"floor":29,"key":"StrikeDummy"},{"floor":39,"key":"Strawberry"},{"floor":39,"key":"Bag of Marbles"},{"floor":42,"key":"Anchor"},{"floor":43,"key":"Regal Pillow"},{"floor":43,"key":"Shuriken"},{"floor":45,"key":"Ginger"}],"event_choices":[{"damage_healed":25.0,"max_hp_gain":0.0,"max_hp_loss":0.0,"gold_gain":0.0,"event_name":"Big Fish","player_choice":"Banana","floor":10.0,"gold_loss":0.0,"damage_taken":0.0},{"damage_healed":0.0,"max_hp_gain":0.0,"max_hp_loss":0.0,"gold_gain":0.0,"event_name":"Masked Bandits","player_choice":"Fought Bandits","floor":19.0,"gold_loss":0.0,"damage_taken":0.0},{"damage_healed":0,"gold_gain":0,"player_choice":"Copied","damage_taken":0,"max_hp_gain":0,"max_hp_loss":0,"event_name":"Duplicator","floor":24,"gold_loss":0,"cards_obtained":["Uppercut"]},{"damage_healed":0,"gold_gain":222,"player_choice":"Wore Mask","damage_taken":0,"max_hp_gain":0,"max_hp_loss":0,"event_name":"Tomb of Lord Red Mask","floor":35,"gold_loss":0},{"damage_healed":0,"gold_gain":0,"player_choice":"Fight","damage_taken":0,"max_hp_gain":0,"max_hp_loss":0,"event_name":"MindBloom","floor":45,"gold_loss":0}],"is_beta":false,"boss_relics":[{"not_picked":["hubris:RunicObelisk","hubris:HollowSoul"],"picked":"hubris:BlackHole"},{"not_picked":["hubris:GrandSneckoEye","Fusion Hammer","Cursed Key"]}],"items_purged_floors":[7],"is_endless":false,"potions_floor_spawned":[1,5,13,19,21,28,29,37,43,44],"ascension_level":20}}