{"host":"fuszjwm6fqgjjp4d","time":1612246490,"event":{"mods":["BaseMod","Bestiary","Colored Map","DeckTracker","Minty Spire (QoL Compilation)","Permanent Neow","Relic Sorter","Relic Stats","StSLib"],"gold_per_floor":[218,237,252,267,278,278,303,303,373,373,390,97,97,109,109,187,187,200,229,4,4,54,54,64,64,64],"floor_reached":25,"language":"ENG","playtime":856,"items_purged":["Strike_G","Strike_G"],"score":406,"play_id":"575a6e8f-bc95-4253-933d-2ea14acfe31f","local_time":"20210202001450","is_ascension_mode":true,"campfire_choices":[{"data":"Deadly Poison","floor":6,"key":"SMITH"},{"data":"Poisoned Stab","floor":8,"key":"SMITH"},{"data":"Neutralize","floor":10,"key":"SMITH"},{"data":"Cloak And Dagger","floor":13,"key":"SMITH"},{"data":"Poisoned Stab","floor":15,"key":"SMITH"},{"data":"Adrenaline","floor":23,"key":"SMITH"}],"circlet_count":0,"master_deck":["AscendersBane","Strike_G","Strike_G","Strike_G","Defend_G","Defend_G","Defend_G","Defend_G","Defend_G","Survivor","Neutralize+1","Deadly Poison+1","Poisoned Stab+1","Predator","Poisoned Stab+1","PiercingWail","Cloak And Dagger+1","Infinite Blades","Tools of the Trade","CurseOfTheBell","Dagger Spray","Well Laid Plans","Adrenaline+1","Catalyst"],"relics":["Ring of the Snake","HornCleat","Meat on the Bone","Membership Card","Lantern","Calling Bell","Anchor","Question Card","Lizard Tail","Red Mask","Bottled Tornado"],"acts_visited":["Exordium","TheCity"],"potions_floor_usage":[7,19,19],"damage_taken":[{"damage":6,"enemies":"Cultist","floor":1,"turns":5},{"damage":0,"enemies":"2 Louse","floor":2,"turns":3},{"damage":0,"enemies":"Jaw Worm","floor":3,"turns":4},{"damage":9,"enemies":"Large Slime","floor":4,"turns":6},{"damage":20,"enemies":"Gremlin Gang","floor":5,"turns":5},{"damage":20,"enemies":"Lagavulin","floor":7,"turns":7},{"damage":0,"enemies":"2 Fungi Beasts","floor":11,"turns":4},{"damage":10,"enemies":"Exordium Thugs","floor":14,"turns":4},{"damage":12,"enemies":"Hexaghost","floor":16,"turns":8},{"damage":23,"enemies":"Chosen","floor":18,"turns":5},{"damage":59,"enemies":"Masked Bandits","floor":19,"turns":6},{"damage":17,"enemies":"Spheric Guardian","floor":24,"turns":6},{"damage":48,"enemies":"Gremlin Leader","floor":25,"turns":6}],"seed_played":"7741940390471928267","potions_obtained":[{"floor":4,"key":"CultistPotion"},{"floor":5,"key":"PowerPotion"},{"floor":7,"key":"SpeedPotion"},{"floor":24,"key":"Strength Potion"}],"is_trial":false,"path_per_floor":["M","M","M","M","M","R","E","R","T","R","M","$","R","M","R","B",null,"M","?","$","?","?","R","M","E"],"character_chosen":"THE_SILENT","items_purchased":["Membership Card","Lantern","Adrenaline","Bottled Tornado"],"campfire_rested":0,"item_purchase_floors":[12,12,20,20],"current_hp_per_floor":[53,53,53,44,24,24,4,4,4,4,16,16,16,18,18,18,54,43,45,45,45,45,45,40,0,0],"gold":64,"neow_bonus":"HUNDRED_GOLD","is_daily":false,"chose_seed":false,"campfire_upgraded":6,"win_rate":0.0,"timestamp":1612246490,"path_taken":["M","M","M","?","?","R","E","R","T","R","M","$","R","M","R","BOSS","M","?","$","?","?","R","?","E"],"items_purchased_type":["Relic","Relic","Card","Relic"],"build_version":"2020-12-22","purchased_purges":2,"victory":false,"max_hp_per_floor":[66,66,66,66,66,66,66,66,66,66,66,66,66,66,66,66,66,66,66,66,66,66,66,66,66,66],"relic_stats":{"Lizard Tail":33,"counters":[13,69],"Question Card":3,"obtain_stats":[{"Calling Bell":17,"Lantern":12,"Anchor":17,"Lizard Tail":17,"HornCleat":7,"Red Mask":19,"Membership Card":12,"Bottled Tornado":20,"Question Card":17,"Ring of the Snake":0,"Meat on the Bone":9},{"Calling Bell":9,"Lantern":7,"Anchor":9,"Lizard Tail":9,"HornCleat":6,"Red Mask":11,"Membership Card":7,"Bottled Tornado":11,"Question Card":9,"Ring of the Snake":0,"Meat on the Bone":6},{"Calling Bell":46,"Lantern":34,"Anchor":46,"Lizard Tail":46,"HornCleat":30,"Red Mask":57,"Membership Card":34,"Bottled Tornado":57,"Question Card":46,"Ring of the Snake":0,"Meat on the Bone":30}],"Ring of the Snake":[26],"Meat on the Bone":72},"card_choices":[{"not_picked":["Dagger Spray","Dodge and Roll"],"picked":"Deadly Poison","floor":1},{"not_picked":["Blade Dance","Heel Hook"],"picked":"Poisoned Stab","floor":2},{"not_picked":["Dagger Throw","All Out Attack"],"picked":"Predator","floor":3},{"not_picked":["Underhanded Strike","Dagger Spray"],"picked":"Poisoned Stab","floor":4},{"not_picked":["Backflip","Slice"],"picked":"PiercingWail","floor":5},{"not_picked":["Setup","Bane","Blade Dance"],"picked":"SKIP","floor":7},{"not_picked":["Die Die Die","Escape Plan"],"picked":"Cloak And Dagger","floor":11},{"not_picked":["PiercingWail","Deflect"],"picked":"Infinite Blades","floor":14},{"not_picked":["Night Terror","Doppelganger"],"picked":"Tools of the Trade","floor":16},{"not_picked":["Outmaneuver","Concentrate","Backstab"],"picked":"Dagger Spray","floor":18},{"not_picked":["Backstab+1","Leg Sweep","PiercingWail"],"picked":"Well Laid Plans","floor":19},{"not_picked":["Sucker Punch","Concentrate","Blur"],"picked":"Catalyst","floor":24}],"player_experience":1420296,"relics_obtained":[{"floor":7,"key":"HornCleat"},{"floor":9,"key":"Meat on the Bone"},{"floor":17,"key":"Anchor"},{"floor":17,"key":"Question Card"},{"floor":17,"key":"Lizard Tail"},{"floor":19,"key":"Red Mask"}],"event_choices":[{"damage_healed":0,"gold_gain":0,"player_choice":"Fought Bandits","damage_taken":0,"max_hp_gain":0,"max_hp_loss":0,"event_name":"Masked Bandits","floor":19,"gold_loss":0},{"damage_healed":0,"gold_gain":0,"player_choice":"Ignored","damage_taken":0,"max_hp_gain":0,"max_hp_loss":0,"event_name":"The Mausoleum","floor":21,"gold_loss":0},{"damage_healed":0,"gold_gain":50,"player_choice":"Pray","damage_taken":0,"max_hp_gain":0,"max_hp_loss":0,"event_name":"Golden Shrine","floor":22,"gold_loss":0}],"is_beta":false,"boss_relics":[{"not_picked":["Sozu","Runic Pyramid"],"picked":"Calling Bell"}],"items_purged_floors":[12,20],"is_endless":false,"potions_floor_spawned":[4,5,7,14,24],"killed_by":"Gremlin Leader","ascension_level":20}}