{"host":"6bsan6hkua32tfq7","time":1612243902,"event":{"mods":["BaseMod","Better Third Choice","Colored Map","Highlight Path","Minty Spire (QoL Compilation)","StSLib"],"gold_per_floor":[118,133,133,133,152,152,187,187,213,239,239,239,74,74,74,152,152,163,163,88,88,88,88,4,4,4,4,21,21,47,90,90,165,165,205,205,205,205,205],"floor_reached":38,"language":"ENG","playtime":916,"items_purged":["Defend_P"],"score":788,"play_id":"1d138dfc-151a-49a9-aca4-502ca335038e","local_time":"20210202063142","is_ascension_mode":true,"campfire_choices":[{"data":"WindmillStrike","floor":6,"key":"SMITH"},{"data":"Vault","floor":8,"key":"SMITH"},{"data":"Eruption","floor":11,"key":"SMITH"},{"floor":15,"key":"REST"},{"floor":23,"key":"REST"},{"data":"Consecrate","floor":25,"key":"SMITH"},{"data":"Consecrate","floor":27,"key":"SMITH"},{"floor":32,"key":"REST"}],"circlet_count":0,"master_deck":["AscendersBane","Eruption+1","WindmillStrike+1","Perseverance","Consecrate+1","Vault+1","Consecrate+1","WindmillStrike","Establishment","InnerPeace+1","Regret","InnerPeace+1","Wish","PathToVictory","LessonLearned+1","LikeWater"],"relics":["PureWater","Art of War","Boot","Orichalcum","Cursed Key","Molten Egg 2","Eternal Feather","SlaversCollar"],"acts_visited":["Exordium","TheCity","TheBeyond"],"potions_floor_usage":[5,7,16,28],"damage_taken":[{"damage":9,"enemies":"Small Slimes","floor":1,"turns":4},{"damage":0,"enemies":"Jaw Worm","floor":2,"turns":2},{"damage":5,"enemies":"2 Louse","floor":5,"turns":2},{"damage":2,"enemies":"Lagavulin","floor":7,"turns":7},{"damage":33,"enemies":"3 Sentries","floor":10,"turns":13},{"damage":21,"enemies":"Slime Boss","floor":16,"turns":6},{"damage":12,"enemies":"3 Byrds","floor":18,"turns":4},{"damage":7,"enemies":"2 Thieves","floor":28,"turns":2},{"damage":19,"enemies":"Gremlin Leader","floor":30,"turns":4},{"damage":7,"enemies":"Chosen and Byrds","floor":31,"turns":4},{"damage":42,"enemies":"Automaton","floor":33,"turns":6},{"damage":19,"enemies":"3 Shapes","floor":35,"turns":6},{"damage":43,"enemies":"3 Darklings","floor":38,"turns":2}],"seed_played":"821229670806020791","potions_obtained":[{"floor":1,"key":"Swift Potion"},{"floor":2,"key":"SkillPotion"},{"floor":7,"key":"SpeedPotion"},{"floor":10,"key":"Regen Potion"},{"floor":18,"key":"AttackPotion"},{"floor":33,"key":"BottledMiracle"}],"is_trial":false,"path_per_floor":["M","M","?","?","M","R","E","R","T","E","R","?","$","?","R","B",null,"M","?","?","?","$","R","$","R","T","R","M","$","E","M","R","B",null,"M","?","?","M"],"character_chosen":"WATCHER","items_purchased":["WindmillStrike","InnerPeace"],"campfire_rested":3,"item_purchase_floors":[13,24],"current_hp_per_floor":[52,52,52,52,47,47,45,45,45,12,12,5,5,5,25,9,53,41,41,41,41,41,61,61,61,61,61,54,54,35,28,54,12,54,35,35,35,0,0],"gold":205,"neow_bonus":"REMOVE_CARD","is_daily":false,"chose_seed":false,"campfire_upgraded":5,"win_rate":0.0,"timestamp":1612243902,"path_taken":["M","M","?","?","M","R","E","R","T","E","R","?","$","?","R","BOSS","M","?","?","?","$","R","$","R","T","R","M","?","E","M","R","BOSS","M","?","?","M"],"items_purchased_type":["Card","Card"],"build_version":"2020-12-22","purchased_purges":1,"victory":false,"max_hp_per_floor":[68,68,68,68,68,68,68,68,68,68,68,68,68,68,68,68,68,68,68,68,68,68,68,68,68,68,68,68,68,68,68,68,68,68,68,65,65,65,65],"card_choices":[{"not_picked":["Prostrate","Protect"],"picked":"WindmillStrike","floor":1},{"not_picked":["Wireheading","JustLucky"],"picked":"Perseverance","floor":2},{"not_picked":["Swivel","ClearTheMind"],"picked":"Consecrate","floor":5},{"not_picked":["ThirdEye","Sanctity"],"picked":"Vault","floor":7},{"not_picked":["Conclude","WindmillStrike"],"picked":"Consecrate","floor":10},{"not_picked":["Ragnarok","Scrawl"],"picked":"Establishment","floor":16},{"not_picked":["EmptyFist","SashWhip","FollowUp"],"picked":"SKIP","floor":18},{"not_picked":["Wireheading","EmptyBody"],"picked":"InnerPeace+1","floor":28},{"not_picked":["Wireheading","ThirdEye"],"picked":"Wish","floor":30},{"not_picked":["Prostrate","Meditate"],"picked":"PathToVictory","floor":31},{"not_picked":["Establishment","Judgement"],"picked":"LessonLearned+1","floor":33},{"not_picked":["DeceiveReality+1","FlyingSleeves+1"],"picked":"LikeWater","floor":35}],"player_experience":5370926,"relics_obtained":[{"floor":7,"key":"Art of War"},{"floor":9,"key":"Boot"},{"floor":10,"key":"Orichalcum"},{"floor":26,"key":"Molten Egg 2"},{"floor":30,"key":"Eternal Feather"}],"event_choices":[{"cards_removed":["Strike_P"],"damage_healed":0,"gold_gain":0,"player_choice":"Forget","damage_taken":0,"max_hp_gain":0,"max_hp_loss":0,"event_name":"Living Wall","floor":3,"gold_loss":0},{"damage_healed":0,"gold_gain":0,"player_choice":"Ignored","damage_taken":133,"max_hp_gain":0,"max_hp_loss":0,"event_name":"betterThird:BetterSerpent","floor":4,"gold_loss":0},{"cards_removed":["Strike_P"],"damage_healed":0,"gold_gain":0,"player_choice":"Card Removal","damage_taken":7,"max_hp_gain":0,"max_hp_loss":0,"event_name":"Golden Wing","floor":12,"gold_loss":0},{"damage_healed":0,"gold_gain":0,"player_choice":"Searched \u00271\u0027 times","damage_taken":0,"max_hp_gain":0,"max_hp_loss":0,"event_name":"Dead Adventurer","floor":14,"gold_loss":0},{"damage_healed":0,"gold_gain":0,"player_choice":"Materialism","damage_taken":0,"max_hp_gain":0,"max_hp_loss":4,"event_name":"betterThird:BetterWriting","floor":19,"gold_loss":0},{"cards_removed":["Vigilance"],"damage_healed":0,"gold_gain":0,"player_choice":"Gave Gold","damage_taken":0,"max_hp_gain":0,"max_hp_loss":0,"event_name":"Beggar","floor":20,"gold_loss":75},{"damage_healed":0,"gold_gain":0,"player_choice":"Ignored","damage_taken":0,"max_hp_gain":0,"max_hp_loss":0,"event_name":"The Mausoleum","floor":21,"gold_loss":0},{"damage_healed":0,"gold_gain":0,"player_choice":"Max HP","damage_taken":0,"max_hp_gain":0,"max_hp_loss":3,"event_name":"Winding Halls","floor":36,"gold_loss":0},{"damage_healed":0,"gold_gain":0,"player_choice":"Memory 1","damage_taken":0,"max_hp_gain":0,"max_hp_loss":0,"event_name":"SensoryStone","floor":37,"gold_loss":0}],"is_beta":false,"boss_relics":[{"not_picked":["Snecko Eye","VioletLotus"],"picked":"Cursed Key"},{"not_picked":["Runic Dome","Calling Bell"],"picked":"SlaversCollar"}],"items_purged_floors":[13],"is_endless":false,"potions_floor_spawned":[1,2,7,10,18,33],"killed_by":"3 Darklings","ascension_level":20}}