{"host":"and8eo8sydud92t3","time":1612238268,"event":{"mods":["AchievementEnabler","BaseMod","Bestiary","Colored Map","Colored Powertips","Highlight Path","Minty Spire (QoL Compilation)","Relic Stats","StSLib"],"gold_per_floor":[109,128,128,55,70,105,105,115,115,172,192,38,38,38,38,133,133,153,163,18,34,34,34,50,50,50],"floor_reached":25,"language":"ENG","playtime":1054,"items_purged":["Strike_B"],"score":233,"play_id":"7ca988b8-cbbe-42af-b2fd-31eb6fe45eb0","local_time":"20210201225748","is_ascension_mode":true,"campfire_choices":[{"floor":7,"key":"REST"},{"data":"Conserve Battery","floor":13,"key":"SMITH"},{"floor":15,"key":"RECALL"},{"data":"Seek","floor":23,"key":"SMITH"}],"circlet_count":0,"master_deck":["Strike_B","Strike_B","Strike_B","Defend_B","Defend_B","Defend_B","Defend_B","Zap","Dualcast","CurseOfTheBell","Hello World+1","Barrage+1","Self Repair+1","Conserve Battery+1","Sunder","Sweeping Beam","Seek+1","Swift Strike","Biased Cognition+1","Defragment+1","Cold Snap","Loop+1","Genetic Algorithm+1","Coolheaded"],"relics":["Calling Bell","Bag of Marbles","Frozen Egg 2","Peace Pipe","Orichalcum","DataDisk","Coffee Dripper"],"acts_visited":["Exordium","TheCity"],"potions_floor_usage":[6,16,16,25,25],"damage_taken":[{"damage":5,"enemies":"Small Slimes","floor":1,"turns":3},{"damage":0,"enemies":"Cultist","floor":2,"turns":3},{"damage":18,"enemies":"Jaw Worm","floor":5,"turns":4},{"damage":36,"enemies":"Lagavulin","floor":6,"turns":7},{"damage":1,"enemies":"Exordium Wildlife","floor":8,"turns":3},{"damage":11,"enemies":"Blue Slaver","floor":11,"turns":5},{"damage":21,"enemies":"Hexaghost","floor":16,"turns":8},{"damage":21,"enemies":"3 Byrds","floor":18,"turns":4},{"damage":27,"enemies":"Spheric Guardian","floor":19,"turns":6},{"damage":19,"enemies":"Snecko","floor":21,"turns":7},{"damage":18,"enemies":"3 Cultists","floor":24,"turns":5},{"damage":21,"enemies":"Book of Stabbing","floor":25,"turns":4}],"seed_played":"3013724967840748529","potions_obtained":[{"floor":1,"key":"LiquidBronze"},{"floor":6,"key":"PowerPotion"},{"floor":8,"key":"SkillPotion"},{"floor":18,"key":"LiquidBronze"},{"floor":24,"key":"BlessingOfTheForge"}],"is_trial":false,"path_per_floor":["M","M","?","$","M","E","R","M","T","?","M","$","R","?","R","B",null,"M","M","$","M","?","R","M","E"],"character_chosen":"DEFECT","items_purchased":["Self Repair+1","DataDisk","Loop+1"],"campfire_rested":1,"item_purchase_floors":[4,12,20],"current_hp_per_floor":[70,70,70,70,62,36,58,57,57,57,56,56,56,56,56,35,75,64,47,47,38,38,38,30,9,9],"gold":50,"neow_bonus":"BOSS_RELIC","is_daily":false,"chose_seed":false,"campfire_upgraded":2,"win_rate":0.0,"timestamp":1612238268,"path_taken":["M","M","?","$","M","E","R","M","T","?","M","$","R","?","R","BOSS","M","M","$","?","?","R","M","E"],"items_purchased_type":["Card","Relic","Card"],"build_version":"2020-12-22","purchased_purges":1,"victory":false,"max_hp_per_floor":[75,75,75,75,75,75,75,75,75,75,75,75,75,75,75,75,75,75,75,75,75,75,75,75,75,75],"relic_stats":{"Peace Pipe":0,"counters":[12,59],"Orichalcum":[48],"obtain_stats":[{"Calling Bell":0,"Peace Pipe":0,"DataDisk":12,"Bag of Marbles":0,"Coffee Dripper":17,"Frozen Egg 2":0,"Orichalcum":6,"Cracked Core":0},{"Calling Bell":0,"Peace Pipe":0,"DataDisk":6,"Bag of Marbles":0,"Coffee Dripper":7,"Frozen Egg 2":0,"Orichalcum":4,"Cracked Core":0},{"Calling Bell":0,"Peace Pipe":0,"DataDisk":25,"Bag of Marbles":0,"Coffee Dripper":33,"Frozen Egg 2":0,"Orichalcum":17,"Cracked Core":0}]},"card_choices":[{"not_picked":["Aggregate","Conserve Battery"],"picked":"Hello World+1","floor":1},{"not_picked":["Force Field","Gash"],"picked":"Barrage","floor":2},{"not_picked":["Rebound","Multi-Cast"],"picked":"Conserve Battery","floor":5},{"not_picked":["Leap","Gash"],"picked":"Sunder","floor":6},{"not_picked":["Turbo","Gash","Streamline"],"picked":"SKIP","floor":8},{"not_picked":["Turbo","Consume"],"picked":"Sweeping Beam","floor":11},{"not_picked":["Buffer+1","Seek"],"picked":"Biased Cognition+1","floor":16},{"not_picked":["Go for the Eyes","Reinforced Body"],"picked":"Defragment+1","floor":18},{"not_picked":["Go for the Eyes","Static Discharge+1"],"picked":"Cold Snap","floor":19},{"not_picked":["Cold Snap","Hologram"],"picked":"Genetic Algorithm+1","floor":21},{"not_picked":["Gash","Sunder","Sweeping Beam"],"picked":"SKIP","floor":24}],"player_experience":368842,"relics_obtained":[{"floor":0,"key":"Bag of Marbles"},{"floor":0,"key":"Frozen Egg 2"},{"floor":0,"key":"Peace Pipe"},{"floor":6,"key":"Orichalcum"}],"event_choices":[{"damage_healed":0,"gold_gain":0,"player_choice":"Grow","damage_taken":0,"max_hp_gain":0,"max_hp_loss":0,"event_name":"Living Wall","floor":3,"gold_loss":0,"cards_upgraded":["Barrage"]},{"damage_healed":0,"gold_gain":57,"player_choice":"Gained Gold","damage_taken":0,"max_hp_gain":0,"max_hp_loss":0,"event_name":"Golden Wing","floor":10,"gold_loss":0},{"damage_healed":0,"gold_gain":0,"player_choice":"2 cards matched","damage_taken":0,"max_hp_gain":0,"max_hp_loss":0,"event_name":"Match and Keep!","floor":14,"gold_loss":0,"cards_obtained":["Seek","Swift Strike"]},{"damage_healed":0,"gold_gain":0,"player_choice":"Read","damage_taken":0,"max_hp_gain":0,"max_hp_loss":0,"event_name":"The Library","floor":22,"gold_loss":0,"cards_obtained":["Coolheaded"]}],"is_beta":false,"boss_relics":[{"not_picked":["Tiny House","Inserter"],"picked":"Coffee Dripper"}],"items_purged_floors":[20],"is_endless":false,"potions_floor_spawned":[1,6,8,18,24],"killed_by":"Book of Stabbing","ascension_level":3}}