{"host":"72u2l81w7bxoihz9","time":1612264905,"event":{"mods":["Act Like it!","Aspiration","BaseMod","BetterRewards","Dota2Spire","Downfall","Friendly Minions","Gensokyo","GifTheSpireLib","Hallownest","Hermit","KinomotoSakuraMod(木之本樱)","Luminous","Marisa（F雨　魔理沙）","Minty Spire (QoL Compilation)","MostiFishMod","Prisma Mod","Remilia（蕾米莉亚）","Replay The Spire","Shop Mod","Spicy Shops","StSLib","TestMod","The Bug Knight","The Construct","The Cursed","The Gatherer","TheWitcher","UnlockEverythingMod","Yakumo Yukari mod","Yuyuko","[IsaacMod]以撒尖塔","noobMod","【功能Mod】聪明的最终Boss","篝火指南"],"gold_per_floor":[199,199,199,199,220,235,235,410,412,412,412],"floor_reached":9,"language":"ZHS","playtime":162,"items_purged":[],"score":54,"play_id":"303dbfb3-54e6-460a-9472-6d0342066e42","local_time":"20210202192145","is_ascension_mode":true,"campfire_choices":[],"circlet_count":0,"master_deck":["Slimebound:Strike_Slimebound","Slimebound:Strike_Slimebound","Slimebound:Strike_Slimebound","Slimebound:Tackle","Slimebound:Defend_Slimebound","Slimebound:Defend_Slimebound","Slimebound:Defend_Slimebound","Slimebound:Defend_Slimebound","Slimebound:Split","Slimebound:CorrosiveSpit","Slimebound:GoopTackle","Slimebound:Nibble","Bomb","Slimebound:ForwardTackle","Slimebound:FinishingTackle","Doubt"],"relics":["Slimebound:AbsorbEndCombat","testmod-TestBox","HushsDoor","DaveBox","ice","MaYiHuaBei","testmod-TheFather","Nloth\u0027s Gift","downfall:HeartsMalice","TuHaoJin"],"acts_visited":["Exordium"],"potions_floor_usage":[],"damage_taken":[{"damage":0.0,"enemies":"Cultist","floor":2.0,"turns":1.0},{"damage":0.0,"enemies":"Jaw Worm","floor":3.0,"turns":1.0},{"damage":0.0,"enemies":"Small Slimes","floor":4.0,"turns":1.0},{"damage":0.0,"enemies":"Blue Slaver","floor":5.0,"turns":1.0},{"damage":0.0,"enemies":"2 Fungi Beasts","floor":6.0,"turns":1.0},{"damage":7,"enemies":"3 Sentries","floor":9,"turns":2}],"seed_played":"2909851378742122955","potions_obtained":[{"floor":6.0,"key":"Fire Potion"}],"is_trial":false,"path_per_floor":["R","M","M","M","M","M","T","?","E"],"character_chosen":"SLIMEBOUND","items_purchased":[],"campfire_rested":0,"item_purchase_floors":[],"current_hp_per_floor":[65,65,65,65,65,65,65,65,-999934,-999934,-999934],"gold":412,"neow_bonus":"THREE_ENEMY_KILL","is_daily":false,"chose_seed":false,"campfire_upgraded":0,"win_rate":0.0,"timestamp":1612264905,"path_taken":["R","M","?","M","M","M","T","?","E"],"items_purchased_type":[],"build_version":"2020-12-22","purchased_purges":0,"victory":false,"max_hp_per_floor":[65,65,65,65,65,65,65,65,65,65,65],"card_choices":[{"not_picked":[],"picked":"SuicideKing","floor":0.0},{"not_picked":["Slimebound:GoopSpray","Slimebound:DouseInSlime"],"picked":"Slimebound:GoopTackle","floor":2.0},{"not_picked":["Slimebound:LeechEnergy","Slimebound:SplitSpecialist"],"picked":"Slimebound:Nibble","floor":3.0},{"not_picked":["Slimebound:ItLooksTasty","Slimebound:DuplicatedForm"],"picked":"Bomb","floor":4.0},{"not_picked":["Slimebound:LivingWall","Slimebound:SplitAcid"],"picked":"Slimebound:ForwardTackle","floor":5.0},{"not_picked":["Slimebound:PressTheAttack","Slimebound:HauntingLick"],"picked":"Slimebound:FinishingTackle","floor":6.0}],"player_experience":147084,"relics_obtained":[{"floor":7.0,"key":"TuHaoJin"}],"event_choices":[],"is_beta":false,"boss_relics":[],"items_purged_floors":[],"is_endless":false,"potions_floor_spawned":[6],"killed_by":"3 Sentries","ascension_level":2}}