{"host":"684z1xpuwaoqmmh1","time":1612263532,"event":{"mods":["A Magickal Journey","BaseMod","Dio Mod","Downfall","Hermit","Jorbs\u0027s Wanderer Trilogy","Marisa????????","Minty Spire (QoL Compilation)","Robot Space Explorer","Shade Mod","StSLib","The Elementalist","The Hayseed","The Hierophant","The Marked","The Mystic","The Runesmith","The Saiyan","The Vixen","TheFirefly"],"gold_per_floor":[88,103,178,128,142,142,174,174,174,202,241,314,360,372,384,501,513,512,524,113,130,130,157,167,167,167,194,194,229,229,279,279,375,375,389,389,400,400,416,447,211,211,258,273,86,120,130,155,155,155,155,155,4,33,33],"floor_reached":56,"language":"ENG","playtime":3903,"items_purged":["Pain","Saiyan:SAIYA_Strike"],"score":1565,"play_id":"695cd133-b9ad-410a-8b4f-e3e3310e62fd","local_time":"20210202125852","is_ascension_mode":true,"campfire_choices":[{"data":"Saiyan:AugmentedBlast","floor":6.0,"key":"SMITH"},{"data":"Saiyan:SuperSaiyanForm","floor":8.0,"key":"SMITH"},{"data":"Saiyan:SuperSaiyanThree","floor":15.0,"key":"SMITH"},{"floor":25.0,"key":"REST"},{"data":"Saiyan:PlotArmor","floor":32.0,"key":"SMITH"},{"floor":42.0,"key":"RECALL"},{"data":"Saiyan:EnergyBlast","floor":49,"key":"SMITH"},{"data":"Saiyan:Momentum","floor":52,"key":"SMITH"}],"circlet_count":0,"master_deck":["Saiyan:SAIYA_Strike+1","Saiyan:SAIYA_Defend","Saiyan:SAIYA_Defend","Saiyan:SAIYA_Defend","Saiyan:SAIYA_Defend","Saiyan:EnergyBlast+1","Saiyan:KaioKen","Saiyan:RuthlessBlow+1","Saiyan:SuperSaiyanThree+1","Saiyan:SuperSaiyanForm+1","Saiyan:PowerUp","Saiyan:AugmentedBlast+1","Saiyan:Teleport+1","Saiyan:CCCapsule","Saiyan:Furor","Saiyan:BackAttack+1","Saiyan:SuperSaiyanForm","Saiyan:SenzuBean+1","Saiyan:KiStrike+1","Saiyan:KiStrike+1","Saiyan:PlotArmor+1","Saiyan:ReverberatingForce+1","Saiyan:PowerStance","Saiyan:DrainingStrike+1","Saiyan:SuperSaiyanForm","Saiyan:Momentum+1","Saiyan:Overexert","Saiyan:FinalFlash+1","Saiyan:GhostAttack+1","Saiyan:ConcussiveBlow+1","Saiyan:Flurry+1","Saiyan:Fly","Saiyan:WarmUp+1","Saiyan:TurtleShell+1","Saiyan:KiStrike+1"],"relics":["SaiyanSoul","SaiyanHeart","Bottled Lightning","MawBank","Molten Egg 2","Ornamental Fan","hexamod:BolsterEngine","WarpedTongs","Black Star","Bag of Marbles","Lantern","Pen Nib","Runesmith:AutoHammer","War Paint","Bottled Flame","MealTicket","Bronze Scales","StoneCalendar","Smiling Mask","MutagenicStrength","Ancient Tea Set","Eternal Feather","Runesmith:UraniumAnvil","Vajra","Blood Vial","Art of War","The Courier","Membership Card","Strawberry","Whetstone","Happy Flower","Oddly Smooth Stone","Nunchaku","bronze:BronzeIdol","Turnip","Boot","Toy Ornithopter","Regal Pillow","Guardian:PocketSentry","sneckomod:BlankCard","Akabeko","Bag of Preparation","Centennial Puzzle","Mercury Hourglass"],"acts_visited":["Exordium","TheCity","TheBeyond","TheEnding"],"potions_floor_usage":[46,48,55],"damage_taken":[{"damage":1.0,"enemies":"Small Slimes","floor":1.0,"turns":3.0},{"damage":0.0,"enemies":"2 Louse","floor":2.0,"turns":4.0},{"damage":0.0,"enemies":"Cultist","floor":5.0,"turns":5.0},{"damage":11.0,"enemies":"3 Sentries","floor":7.0,"turns":10.0},{"damage":17.0,"enemies":"Large Slime","floor":10.0,"turns":6.0},{"damage":0.0,"enemies":"Lagavulin","floor":11.0,"turns":8.0},{"damage":10.0,"enemies":"3 Sentries","floor":12.0,"turns":12.0},{"damage":1.0,"enemies":"Gremlin Nob","floor":13.0,"turns":4.0},{"damage":12.0,"enemies":"Slime Boss","floor":16.0,"turns":9.0},{"damage":14.0,"enemies":"2 Thieves","floor":18.0,"turns":4.0},{"damage":0.0,"enemies":"Shell Parasite","floor":21.0,"turns":8.0},{"damage":30.0,"enemies":"Book of Stabbing","floor":23.0,"turns":10.0},{"damage":0.0,"enemies":"Centurion and Healer","floor":24.0,"turns":6.0},{"damage":6.0,"enemies":"Slavers","floor":27.0,"turns":8.0},{"damage":0.0,"enemies":"Gremlin Leader","floor":29.0,"turns":3.0},{"damage":30.0,"enemies":"Automaton","floor":33.0,"turns":9.0},{"damage":0.0,"enemies":"Orb Walker","floor":35.0,"turns":5.0},{"damage":0.0,"enemies":"3 Shapes","floor":37.0,"turns":1.0},{"damage":1.0,"enemies":"Maw","floor":39.0,"turns":11.0},{"damage":18.0,"enemies":"Reptomancer","floor":40.0,"turns":6.0},{"damage":2,"enemies":"Jaw Worm Horde","floor":44,"turns":4},{"damage":14,"enemies":"Giant Head","floor":46,"turns":12},{"damage":3,"enemies":"Spire Growth","floor":47,"turns":7},{"damage":19,"enemies":"Reptomancer","floor":48,"turns":6},{"damage":23,"enemies":"Awakened One","floor":50,"turns":8},{"damage":21,"enemies":"Shield and Spear","floor":54,"turns":8},{"damage":76,"enemies":"The Heart","floor":55,"turns":15}],"seed_played":"6035019239554259095","potions_obtained":[{"floor":1.0,"key":"CultistPotion"},{"floor":7.0,"key":"LiquidBronze"},{"floor":10.0,"key":"Weak Potion"},{"floor":11.0,"key":"Ancient Potion"},{"floor":16.0,"key":"SpeedPotion"},{"floor":18.0,"key":"Block Potion"},{"floor":22.0,"key":"Explosive Potion"},{"floor":22.0,"key":"PowerPotion"},{"floor":23.0,"key":"Strength Potion"},{"floor":24.0,"key":"Weak Potion"},{"floor":27.0,"key":"EssenceOfSteel"},{"floor":37.0,"key":"Explosive Potion"},{"floor":39.0,"key":"SteroidPotion"},{"floor":40.0,"key":"FearPotion"},{"floor":47,"key":"sneckomod:MuddlingPotion"}],"is_trial":false,"path_per_floor":["M","M","?","?","M","R","E","R","T","M","E","?","E","?","R","B",null,"M","?","$","M","?","E","M","R","T","E","?","E","?","?","R","B",null,"M","?","M","?","M","E","$","R","T","M","$","E","M","E","R","B",null,"R","$","E","B",null],"character_chosen":"SAIYAJIN","items_purchased":["Bag of Marbles","Lantern","Saiyan:PlotArmor","Membership Card","Saiyan:Flurry+1","Strawberry","Happy Flower","Oddly Smooth Stone","Nunchaku","sneckomod:BlankCard","Akabeko","Saiyan:KiStrike+1"],"campfire_rested":1,"item_purchase_floors":[20,20,20,41,41,41,45,45,45,53,53,53],"current_hp_per_floor":[62,64,53,53,54,54,45,45,45,31,32,22,24,24,24,13,76,62,62,62,63,63,34,36,60,60,54,54,55,55,55,70,40,81,83,83,84,80,82,66,88,91,91,91,93,81,80,69,87,67,97,97,97,76,9],"gold":33,"neow_bonus":"ONE_RANDOM_RARE_CARD","is_daily":false,"chose_seed":false,"campfire_upgraded":6,"win_rate":0.0,"timestamp":1612263532,"path_taken":["M","M","?","?","M","R","E","R","T","M","E","?","E","?","R","BOSS","M","?","$","M","?","E","?","R","T","E","?","E","?","?","R","BOSS","M","?","M","?","M","E","$","R","T","M","$","E","M","E","R","BOSS","R","$","E","BOSS"],"items_purchased_type":["Relic","Relic","Card","Relic","Card","Relic","Relic","Relic","Relic","Relic","Relic","Card"],"build_version":"2020-12-22","purchased_purges":2,"victory":true,"max_hp_per_floor":[63,65,65,65,66,66,68,68,68,71,72,72,75,75,75,76,76,76,76,76,77,77,78,80,80,80,80,80,81,81,81,81,81,81,83,83,84,80,83,84,91,91,91,93,93,95,95,96,96,97,97,97,97,97,99],"card_choices":[{"not_picked":["Saiyan:Overexert","Saiyan:Quickening"],"picked":"Saiyan:SuperSaiyanForm","floor":1.0},{"not_picked":["Saiyan:KiExplosion","Saiyan:Flurry"],"picked":"Saiyan:PowerUp","floor":2.0},{"not_picked":["Saiyan:Quickening","Saiyan:Expend"],"picked":"Saiyan:AugmentedBlast","floor":5.0},{"not_picked":["Saiyan:DrainingStrike","Saiyan:CCCapsule"],"picked":"Saiyan:Teleport","floor":7.0},{"not_picked":["Saiyan:DoubleMasenko","Saiyan:MeteorDash"],"picked":"Saiyan:CCCapsule","floor":10.0},{"not_picked":["Saiyan:Reset","Saiyan:RemoveWeights"],"picked":"Saiyan:Furor","floor":11.0},{"not_picked":["Saiyan:Twize","Saiyan:DoubleMasenko+1"],"picked":"Saiyan:BackAttack+1","floor":12.0},{"not_picked":["Saiyan:ExpandingShockwave+1","Saiyan:WarmUp"],"picked":"Saiyan:SuperSaiyanForm","floor":13.0},{"not_picked":["Saiyan:Momentum","Saiyan:TransfigurationBeam+1"],"picked":"Saiyan:SenzuBean","floor":16.0},{"not_picked":["Saiyan:PowerUp","Saiyan:MeteorDash+1"],"picked":"Saiyan:KiStrike+1","floor":18.0},{"not_picked":["Saiyan:Reset+1","Saiyan:FingerParry+1"],"picked":"Saiyan:ReverberatingForce+1","floor":21.0},{"not_picked":["Saiyan:RemoveWeights","Saiyan:Pacing"],"picked":"Saiyan:PowerStance","floor":23.0},{"not_picked":["Saiyan:FingerParry","Saiyan:Pacing+1"],"picked":"Saiyan:DrainingStrike+1","floor":24.0},{"not_picked":["Saiyan:FingerParry","Saiyan:BigBangAttack+1","Saiyan:BackAttack+1"],"picked":"SKIP","floor":27.0},{"not_picked":["Saiyan:BackAttack+1","Saiyan:ThirstForFight+1"],"picked":"Saiyan:SuperSaiyanForm","floor":29.0},{"not_picked":["Saiyan:SuperSaiyanThree","Saiyan:MindBoom"],"picked":"Saiyan:Momentum","floor":33.0},{"not_picked":["Saiyan:MeteorDash+1","Saiyan:AugmentedBlast+1"],"picked":"Saiyan:Overexert","floor":35.0},{"not_picked":["Saiyan:MeteorDash+1","Saiyan:BackAttack+1"],"picked":"Saiyan:FinalFlash+1","floor":37.0},{"not_picked":["Saiyan:RemoveWeights+1","Saiyan:KiExplosion+1"],"picked":"Saiyan:GhostAttack+1","floor":39.0},{"not_picked":["Saiyan:KameHameHa+1","Saiyan:MeteorDash+1"],"picked":"Saiyan:ConcussiveBlow+1","floor":40.0},{"not_picked":["Saiyan:Honing","Saiyan:Scouter+1"],"picked":"Saiyan:Fly","floor":44},{"not_picked":["Saiyan:PlotArmor","Saiyan:SaiyanHubris","Saiyan:ReverberatingForce+1"],"picked":"SKIP","floor":46},{"not_picked":["Saiyan:Honing","Saiyan:BackAttack+1"],"picked":"Saiyan:WarmUp+1","floor":47},{"not_picked":["Saiyan:BigBangAttack+1","Saiyan:Quickening"],"picked":"Saiyan:TurtleShell+1","floor":48},{"not_picked":["Saiyan:FingerParry","Saiyan:SaiyanHubris","Saiyan:ExpandingShockwave+1"],"picked":"SKIP","floor":54}],"player_experience":2947780,"relics_obtained":[{"floor":7.0,"key":"Bottled Lightning"},{"floor":9.0,"key":"MawBank"},{"floor":11.0,"key":"Molten Egg 2"},{"floor":12.0,"key":"Ornamental Fan"},{"floor":13.0,"key":"hexamod:BolsterEngine"},{"floor":21.0,"key":"Pen Nib"},{"floor":23.0,"key":"Runesmith:AutoHammer"},{"floor":23.0,"key":"War Paint"},{"floor":23.0,"key":"Bottled Flame"},{"floor":24.0,"key":"MealTicket"},{"floor":27.0,"key":"Bronze Scales"},{"floor":27.0,"key":"StoneCalendar"},{"floor":27.0,"key":"Smiling Mask"},{"floor":29.0,"key":"Ancient Tea Set"},{"floor":29.0,"key":"Eternal Feather"},{"floor":35.0,"key":"Vajra"},{"floor":39.0,"key":"Blood Vial"},{"floor":40.0,"key":"Art of War"},{"floor":40.0,"key":"The Courier"},{"floor":43.0,"key":"Whetstone"},{"floor":46,"key":"bronze:BronzeIdol"},{"floor":46,"key":"Turnip"},{"floor":46,"key":"Boot"},{"floor":47,"key":"Toy Ornithopter"},{"floor":48,"key":"Regal Pillow"},{"floor":48,"key":"Guardian:PocketSentry"},{"floor":54,"key":"Bag of Preparation"},{"floor":54,"key":"Centennial Puzzle"},{"floor":54,"key":"Mercury Hourglass"}],"event_choices":[{"damage_healed":0.0,"max_hp_gain":0.0,"max_hp_loss":0.0,"gold_gain":75.0,"event_name":"World of Goop","player_choice":"Gather Gold","floor":3.0,"gold_loss":0.0,"damage_taken":11.0},{"cards_removed":["Saiyan:SAIYA_Strike"],"damage_healed":0.0,"max_hp_gain":0.0,"max_hp_loss":0.0,"gold_gain":0.0,"event_name":"The Cleric","player_choice":"Card Removal","floor":4.0,"gold_loss":50.0,"damage_taken":0.0},{"damage_healed":0.0,"max_hp_gain":0.0,"max_hp_loss":0.0,"gold_gain":0.0,"event_name":"Dead Adventurer","player_choice":"Searched \u00271\u0027 times","floor":12.0,"gold_loss":0.0,"damage_taken":0.0},{"damage_healed":0.0,"max_hp_gain":0.0,"max_hp_loss":0.0,"gold_gain":0.0,"event_name":"Accursed Blacksmith","player_choice":"Rummage","floor":14.0,"gold_loss":0.0,"damage_taken":0.0,"relics_obtained":["WarpedTongs"],"cards_obtained":["Pain"]},{"damage_healed":0.0,"max_hp_gain":0.0,"max_hp_loss":0.0,"gold_gain":0.0,"event_name":"The Library","player_choice":"Read","floor":19.0,"gold_loss":0.0,"damage_taken":0.0,"cards_obtained":["Saiyan:KiStrike"]},{"damage_healed":0.0,"max_hp_gain":0.0,"max_hp_loss":0.0,"gold_gain":0.0,"event_name":"Lab","player_choice":"Got Potions","floor":22.0,"gold_loss":0.0,"damage_taken":0.0},{"damage_healed":0.0,"max_hp_gain":0.0,"max_hp_loss":0.0,"gold_gain":0.0,"event_name":"Drug Dealer","player_choice":"Inject Mutagens","floor":28.0,"gold_loss":0.0,"damage_taken":0.0,"relics_obtained":["MutagenicStrength"]},{"damage_healed":0.0,"max_hp_gain":0.0,"max_hp_loss":0.0,"gold_gain":0.0,"event_name":"Vampires","player_choice":"Ignored","floor":30.0,"gold_loss":0.0,"damage_taken":0.0},{"cards_removed":["Saiyan:SAIYA_Strike"],"damage_healed":0.0,"max_hp_gain":0.0,"max_hp_loss":0.0,"gold_gain":0.0,"event_name":"Falling","player_choice":"Removed Attack","floor":36.0,"gold_loss":0.0,"damage_taken":0.0},{"damage_healed":0.0,"max_hp_gain":0.0,"max_hp_loss":4.0,"gold_gain":0.0,"event_name":"Winding Halls","player_choice":"Max HP","floor":38.0,"gold_loss":0.0,"damage_taken":0.0}],"is_beta":false,"boss_relics":[{"not_picked":["Snecko Eye","Tiny House"],"picked":"Black Star"},{"not_picked":["Empty Cage","Velvet Choker"],"picked":"Runesmith:UraniumAnvil"}],"items_purged_floors":[20,41],"is_endless":false,"potions_floor_spawned":[1,7,10,11,16,18,23,24,27,37,39,40,44,47],"ascension_level":2}}