{"host":"2se5dq1do2gp0x9k","time":1612236563,"event":{"mods":["AchievementEnabler","BaseMod","Block Reminder","Colored Map","Colored Powertips","Minty Spire (QoL Compilation)","Relic Stats","StSLib","SuperFastMode"],"gold_per_floor":[119,132,149,159,171,171,221,240,263,263,41,41,41],"floor_reached":12,"language":"ENG","playtime":430,"items_purged":[],"score":137,"play_id":"5bef5061-0e84-44c9-92ab-43de43bcd0e5","local_time":"20210201192923","is_ascension_mode":true,"campfire_choices":[{"data":"Wallop","floor":6,"key":"SMITH"},{"data":"Eruption","floor":10,"key":"SMITH"}],"circlet_count":0,"master_deck":["AscendersBane","Strike_P","Strike_P","Strike_P","Strike_P","Defend_P","Defend_P","Defend_P","Defend_P","Eruption+1","Vigilance","BowlingBash","CrushJoints","Evaluate","Wallop+1","Collect","CutThroughFate"],"relics":["PureWater","Peace Pipe","Lantern","OrangePellets"],"acts_visited":["Exordium"],"potions_floor_usage":[],"damage_taken":[{"damage":0,"enemies":"Cultist","floor":1,"turns":4},{"damage":1,"enemies":"2 Louse","floor":2,"turns":4},{"damage":16,"enemies":"Small Slimes","floor":3,"turns":5},{"damage":7,"enemies":"Looter","floor":4,"turns":4},{"damage":13,"enemies":"Exordium Wildlife","floor":5,"turns":4},{"damage":1,"enemies":"3 Louse","floor":8,"turns":3},{"damage":21,"enemies":"3 Sentries","floor":12,"turns":4}],"seed_played":"-3762694950977305478","potions_obtained":[{"floor":1,"key":"FearPotion"},{"floor":4,"key":"Block Potion"}],"is_trial":false,"path_per_floor":["M","M","M","M","M","R","?","M","T","R","$","E"],"character_chosen":"WATCHER","items_purchased":["OrangePellets","CutThroughFate"],"campfire_rested":0,"item_purchase_floors":[11,11],"current_hp_per_floor":[61,60,44,37,24,24,18,17,17,17,17,0,0],"gold":41,"neow_bonus":"ONE_RARE_RELIC","is_daily":false,"chose_seed":false,"campfire_upgraded":2,"win_rate":0.0,"timestamp":1612236563,"path_taken":["M","M","M","M","?","R","?","?","T","R","$","E"],"items_purchased_type":["Relic","Card"],"build_version":"2020-12-22","purchased_purges":0,"victory":false,"max_hp_per_floor":[62,62,62,62,62,62,62,62,62,62,62,62,62],"relic_stats":{"Peace Pipe":0,"OrangePellets":[0],"counters":[7,28],"obtain_stats":[{"Peace Pipe":0,"OrangePellets":11,"Lantern":9,"PureWater":0},{"Peace Pipe":0,"OrangePellets":6,"Lantern":6,"PureWater":0},{"Peace Pipe":0,"OrangePellets":24,"Lantern":24,"PureWater":0}]},"card_choices":[{"not_picked":["Indignation","Protect"],"picked":"BowlingBash","floor":1},{"not_picked":["Prostrate","Evaluate"],"picked":"CrushJoints","floor":2},{"not_picked":["FlurryOfBlows","Crescendo","ClearTheMind"],"picked":"SKIP","floor":3},{"not_picked":["JustLucky","Pray"],"picked":"Evaluate","floor":4},{"not_picked":["MentalFortress","FlurryOfBlows"],"picked":"Wallop","floor":5},{"not_picked":["EmptyBody","SashWhip"],"picked":"Collect","floor":8}],"player_experience":4047846,"relics_obtained":[{"floor":9,"key":"Lantern"}],"event_choices":[{"damage_healed":0,"gold_gain":50,"player_choice":"Touch","damage_taken":6,"max_hp_gain":0,"max_hp_loss":0,"event_name":"FaceTrader","floor":7,"gold_loss":0}],"is_beta":false,"boss_relics":[],"items_purged_floors":[],"is_endless":false,"potions_floor_spawned":[1,4],"killed_by":"3 Sentries","ascension_level":18}}