{"host":"yi49lbnhh35mzi7n","time":1612305295,"event":{"mods":["BaseMod","Bestiary","BetterRewards","Colored Map","Conspire","Downfall","Googly Eyes","Hermit","Hubris","Infinite Spire","Minty Spire (QoL Compilation)","Quick Restart","StSLib","The Bladedancer","The Construct","The Jungle","The Necromancer"],"gold_per_floor":[112,38,38,38,113,142,142,176,199,211,211,171,181,213,213,311,311,324,334,249,249,15,15,45,45,45,79,79,97,122,137,137,232,232,251,302,302,302,317,347,347,376,399,424,32,51,83,103,103,200,200,213,223,67,84,93,104,116,124,148,154,154,178,178,228,228,319,319,327,327,252,252,69,69,85,85,85,85,85,81,93,94,94,175,175,163,148,170,166,153,164,166,170,222,244,237,237,264,264,264,319,319,333,333,341,341,341,341,348,348,416,432,378,417,417,424,424,504,504,510,510,501,501,600,609,609,608,608,608,605,617,617,488,488,547,547,552,544,544,548,543,560,550,553,553,553,553,553,553,540,540,601,601,601,90,112,171],"floor_reached":158,"language":"ENG","playtime":9789,"items_purged":["Defend_G","Defend_G"],"score":5695,"play_id":"7ca21880-449c-4dfd-a270-a87e646bef6c","local_time":"20210202233455","is_ascension_mode":true,"campfire_choices":[{"data":"Poisoned Stab","floor":7.0,"key":"SMITH"},{"data":"Dash","floor":11.0,"key":"SMITH"},{"data":"Footwork","floor":15.0,"key":"SMITH"},{"data":"infinitespire:Gouge","floor":23.0,"key":"SMITH"},{"data":"infinitespire:Neurotoxin","floor":25.0,"key":"SMITH"},{"floor":32.0,"key":"REST"},{"data":"Dodge and Roll","floor":41.0,"key":"SMITH"},{"data":"Footwork+1","floor":49.0,"key":"SMITH"},{"data":"Footwork+2","floor":62.0,"key":"SMITH"},{"data":"Catalyst","floor":64.0,"key":"SMITH"},{"data":"Dodge and Roll+1","floor":66.0,"key":"SMITH"},{"data":"Apotheosis","floor":74.0,"key":"SMITH"},{"data":"Adrenaline","floor":76.0,"key":"SMITH"},{"data":"Footwork+3","floor":79.0,"key":"SMITH"},{"data":"Venomology","floor":83.0,"key":"SMITH"},{"data":"infinitespire:Gouge+1","floor":97.0,"key":"SMITH"},{"data":"Venomology","floor":100.0,"key":"SMITH"},{"data":"Adrenaline","floor":108.0,"key":"SMITH"},{"data":"PiercingWail","floor":110.0,"key":"SMITH"},{"data":"Burst","floor":117.0,"key":"SMITH"},{"data":"Neutralize","floor":126.0,"key":"SMITH"},{"data":"Flechettes+1","floor":132.0,"key":"SMITH"},{"data":"Bullet Time","floor":134.0,"key":"SMITH"},{"data":"Dodge and Roll+2","floor":146,"key":"SMITH"},{"data":"Footwork+4","floor":148,"key":"SMITH"},{"data":"infinitespire:Fortify","floor":151,"key":"SMITH"},{"data":"Footwork+5","floor":154,"key":"SMITH"}],"circlet_count":0,"master_deck":["Survivor","Neutralize+1","Dodge and Roll+3","Poisoned Stab+1","infinitespire:Gouge+2","Acrobatics","Footwork+6","Dash+1","PiercingWail+1","infinitespire:Neurotoxin+1","Unload","conspire:PoisonWeapons+1","Dodge and Roll","Slimebound:Tackle+1","Slimebound:Tackle+1","Slimebound:Tackle+1","Noxious Fumes","PiercingWail+1","Venomology+1","Dagger Spray","Deflect","Bouncing Flask+2","Adrenaline+1","Deflect","After Image","Flechettes+2","hubris:TrickCloak+1","Caltrops","Dodge and Roll+1","Deadly Poison+1","Deflect+1","Adrenaline+1","Catalyst+1","Expertise","Noxious Fumes+1","Malaise","infinitespire:Fortify+1","Well Laid Plans+1","Apotheosis+1","Venomology+1","Burst+1","PiercingWail+1","Dagger Spray+1","Blur","Leg Sweep","PiercingWail+1","Well Laid Plans+1","Catalyst","Adrenaline","PiercingWail","Dodge and Roll+1","Bullet Time+1","Crippling Poison+1","Catalyst","Malaise"],"relics":["Ring of the Snake","NeowsBlessing","Pear","conspire:Flyswatter","Bag of Marbles","hubris:Zylophone","SacredBark","Omamori","Akabeko","Orichalcum","infinitespire:BottledMercury","Ninja Scroll","conspire:InfiniteJournal","Ring of the Serpent","Turnip","conspire:RoyalGoblet","hubris:GlazedTorus","hubris:Towel","Snake Skull","Blood Vial","Tiny Chest","Ice Cream","Frozen Egg 2","Lee\u0027s Waffle","hubris:MysteriousPyramids","PreservedInsect","Mango","infinitespire:PuzzleCube","Bag of Preparation","infinitespire:Cupcake","Blue Candle","hubris:PeanutButter","Lantern","hubris:MedicalManual","Lizard Tail","Coffee Dripper","Bottled Lightning","hubris:SlimyHat","Potion Belt","War Paint","Happy Flower","Ginger","hubris:64BitClover","Calling Bell","infinitespire:Lucky Rock","Pantograph","Thread and Needle","hubris:Icosahedron","Darkstone Periapt","Boot","infinitespire:EmpoweringShard","The Courier","infinitespire:FocusingShard","hubris:RunicObelisk","Anchor","hubris:ToyBattleship","Paper Crane","Calipers","hubris:EvacipatedBox","hubris:SphereOfDissonance","Empty Cage","Molten Egg 2","infinitespire:Golems Mask","infinitespire:Joker Card","Pen Nib","infinitespire:Bottled Soul","hubris:ScarierMask","Membership Card","hubris:TenFootPole","Meat on the Bone","TungstenRod","Regal Pillow","Ancient Tea Set","Smiling Mask"],"acts_visited":["Exordium","TheCity","TheBeyond","Exordium","TheCity","TheBeyond","Exordium","TheCity","TheBeyond","TheEnding"],"potions_floor_usage":[144,144,152,152,157,157,157,157,157,157,157],"damage_taken":[{"damage":0.0,"enemies":"Small Slimes","floor":1.0,"turns":1.0},{"damage":0.0,"enemies":"Gremlin Nob","floor":6.0,"turns":1.0},{"damage":0.0,"enemies":"3 Sentries","floor":8.0,"turns":1.0},{"damage":0.0,"enemies":"2 Louse","floor":10.0,"turns":1.0},{"damage":0.0,"enemies":"Jaw Worm","floor":13.0,"turns":2.0},{"damage":4.0,"enemies":"Lagavulin","floor":14.0,"turns":5.0},{"damage":46.0,"enemies":"Slime Boss","floor":16.0,"turns":20.0},{"damage":4.0,"enemies":"Spheric Guardian","floor":18.0,"turns":4.0},{"damage":0.0,"enemies":"Chosen","floor":19.0,"turns":3.0},{"damage":0.0,"enemies":"Slavers","floor":24.0,"turns":1.0},{"damage":29.0,"enemies":"conspire:Head Lice","floor":27.0,"turns":4.0},{"damage":14.0,"enemies":"Centurion and Healer","floor":29.0,"turns":4.0},{"damage":19.0,"enemies":"Nightmare","floor":30.0,"turns":6.0},{"damage":0.0,"enemies":"Shelled Parasite and Fungi","floor":31.0,"turns":1.0},{"damage":21.0,"enemies":"Automaton","floor":33.0,"turns":8.0},{"damage":0.0,"enemies":"Orb Walker","floor":35.0,"turns":2.0},{"damage":9.0,"enemies":"2 Orb Walkers","floor":36.0,"turns":3.0},{"damage":7.0,"enemies":"3 Darklings","floor":39.0,"turns":4.0},{"damage":16.0,"enemies":"Reptomancer","floor":40.0,"turns":4.0},{"damage":39.0,"enemies":"Nemesis","floor":42.0,"turns":7.0},{"damage":0.0,"enemies":"Giant Head","floor":44.0,"turns":7.0},{"damage":0.0,"enemies":"Spire Growth","floor":46.0,"turns":3.0},{"damage":9.0,"enemies":"Nemesis","floor":47.0,"turns":5.0},{"damage":0.0,"enemies":"Writhing Mass","floor":48.0,"turns":3.0},{"damage":34.0,"enemies":"Time Eater","floor":50.0,"turns":10.0},{"damage":0.0,"enemies":"Cultist","floor":52.0,"turns":1.0},{"damage":0.0,"enemies":"Small Slimes","floor":53.0,"turns":2.0},{"damage":0.0,"enemies":"2 Louse","floor":55.0,"turns":1.0},{"damage":0.0,"enemies":"Gremlin Gang","floor":56.0,"turns":1.0},{"damage":33.0,"enemies":"3 Sentries","floor":57.0,"turns":4.0},{"damage":0.0,"enemies":"Looter","floor":58.0,"turns":1.0},{"damage":0.0,"enemies":"3 Louse","floor":59.0,"turns":2.0},{"damage":0.0,"enemies":"Red Slaver","floor":61.0,"turns":1.0},{"damage":0.0,"enemies":"Gremlin Nob","floor":63.0,"turns":2.0},{"damage":28.0,"enemies":"Hexaghost","floor":67.0,"turns":3.0},{"damage":0.0,"enemies":"Chosen","floor":69.0,"turns":1.0},{"damage":0.0,"enemies":"Gremlin Leader","floor":75.0,"turns":3.0},{"damage":0.0,"enemies":"2 Thieves","floor":80.0,"turns":3.0},{"damage":16.0,"enemies":"Book of Stabbing","floor":81.0,"turns":3.0},{"damage":0.0,"enemies":"Sentry and Sphere","floor":82.0,"turns":4.0},{"damage":3.0,"enemies":"Collector","floor":84.0,"turns":3.0},{"damage":0.0,"enemies":"3 Shapes","floor":86.0,"turns":4.0},{"damage":15.0,"enemies":"3 Darklings","floor":87.0,"turns":3.0},{"damage":0.0,"enemies":"conspire:MimicChest","floor":88.0,"turns":2.0},{"damage":0.0,"enemies":"Transient","floor":89.0,"turns":5.0},{"damage":0.0,"enemies":"Spire Growth","floor":90.0,"turns":3.0},{"damage":0.0,"enemies":"Giant Head","floor":91.0,"turns":5.0},{"damage":6.0,"enemies":"4 Shapes","floor":92.0,"turns":4.0},{"damage":0.0,"enemies":"Nemesis","floor":93.0,"turns":5.0},{"damage":0.0,"enemies":"Reptomancer","floor":95.0,"turns":1.0},{"damage":0.0,"enemies":"3 Darklings","floor":96.0,"turns":2.0},{"damage":7.0,"enemies":"Mind Bloom Boss Battle","floor":98.0,"turns":4.0},{"damage":0.0,"enemies":"Donu and Deca","floor":101.0,"turns":6.0},{"damage":0.0,"enemies":"2 Louse","floor":103.0,"turns":1.0},{"damage":0.0,"enemies":"Small Slimes","floor":105.0,"turns":1.0},{"damage":0.0,"enemies":"Nightmare_Alpha","floor":109.0,"turns":3.0},{"damage":0.0,"enemies":"Gremlin Nob","floor":112.0,"turns":2.0},{"damage":0.0,"enemies":"3 Sentries","floor":114.0,"turns":4.0},{"damage":0.0,"enemies":"Cultist","floor":116.0,"turns":1.0},{"damage":0.0,"enemies":"The Guardian","floor":118.0,"turns":3.0},{"damage":0.0,"enemies":"Shell Parasite","floor":120.0,"turns":1.0},{"damage":1.0,"enemies":"Chosen","floor":122.0,"turns":4.0},{"damage":0.0,"enemies":"Gremlin Leader","floor":125.0,"turns":3.0},{"damage":0.0,"enemies":"Shelled Parasite and Fungi","floor":127.0,"turns":2.0},{"damage":0.0,"enemies":"Cultist and Chosen","floor":130.0,"turns":5.0},{"damage":9.0,"enemies":"Slavers","floor":131.0,"turns":3.0},{"damage":36.0,"enemies":"hubris:MusketHawk","floor":135.0,"turns":6.0},{"damage":0.0,"enemies":"Orb Walker","floor":137.0,"turns":2.0},{"damage":14.0,"enemies":"3 Shapes","floor":138.0,"turns":4.0},{"damage":70.0,"enemies":"Transient","floor":140.0,"turns":5.0},{"damage":0.0,"enemies":"Jaw Worm Horde","floor":141.0,"turns":3.0},{"damage":0.0,"enemies":"Reptomancer","floor":142.0,"turns":3.0},{"damage":0,"enemies":"3 Darklings","floor":143,"turns":4},{"damage":0,"enemies":"Giant Head","floor":144,"turns":6},{"damage":0,"enemies":"4 Shapes","floor":150,"turns":5},{"damage":23,"enemies":"Time Eater","floor":152,"turns":7},{"damage":0,"enemies":"Shield and Spear","floor":156,"turns":2},{"damage":63,"enemies":"The Heart","floor":157,"turns":7}],"seed_played":"4800579074413874444","potions_obtained":[{"floor":10.0,"key":"SneckoOil"},{"floor":12.0,"key":"Slimebound:ThreeZeroPotion"},{"floor":12.0,"key":"Weak Potion"},{"floor":12.0,"key":"conspire:TimeTravelPotion"},{"floor":16.0,"key":"Energy Potion"},{"floor":18.0,"key":"SkillPotion"},{"floor":27.0,"key":"champ:CounterPotion"},{"floor":29.0,"key":"champ:CounterPotion"},{"floor":33.0,"key":"AttackPotion"},{"floor":46.0,"key":"ColorlessPotion"},{"floor":48.0,"key":"PowerPotion"},{"floor":52.0,"key":"Strength Potion"},{"floor":63.0,"key":"Energy Potion"},{"floor":75.0,"key":"sneckomod:MuddlingPotion"},{"floor":80.0,"key":"Energy Potion"},{"floor":93.0,"key":"Energy Potion"},{"floor":143,"key":"champ:CounterPotion"},{"floor":152,"key":"FearPotion"},{"floor":157,"key":"Block Potion"}],"is_trial":false,"path_per_floor":["M","$","?","?","?","E","R","E","T","M","R","?","M","E","R","B",null,"M","M","?","?","$","R","E","R","T","E","AVR","M","NM","M","R","B",null,"M","?","?","?","M","E","R","E","T","E","$","M","E","M","R","B",null,"M","M","$","M","M","E","M","M","T","M","R","E","R","?","R","B",null,"M","?","?","T","$","R","E","R","T","AVR","R","M","E","M","R","B",null,"M","M","?","M","M","E","M","E","T","E","M","R","?","T","R","B",null,"M","?","M","?","T","R","NM","R","T","E","$","?","$","M","R","B",null,"M","?","M","T","?","E","R","M","T","$","M","E","R","$","R","B",null,"M","M","T","M","M","E","M","E","T","R","?","R","$","M","R","B",null,"R","$","E","B",null],"character_chosen":"THE_SILENT","items_purchased":["Dodge and Roll","Poisoned Stab","Akabeko","Noxious Fumes","Frozen Egg 2","Lee\u0027s Waffle","PreservedInsect","Apotheosis","Catalyst","hubris:EvacipatedBox","Bullet Time","Membership Card","hubris:TenFootPole","Meat on the Bone","TungstenRod","Regal Pillow","Ancient Tea Set"],"campfire_rested":1,"item_purchase_floors":[2,2,22,22,45,45,54,73,113,129,133,155,155,155,155,155,155],"current_hp_per_floor":[70,70,70,52,41,51,51,51,51,51,51,51,51,47,47,1,80,76,76,76,76,76,76,76,76,76,47,47,33,14,14,38,17,80,80,71,71,71,64,76,76,37,37,39,87,87,78,80,80,48,87,87,87,87,87,87,100,101,101,101,101,101,101,101,101,101,73,101,101,96,96,96,96,96,98,98,98,98,98,100,85,87,87,86,101,101,86,88,90,92,94,90,92,92,94,96,96,91,91,91,93,101,101,101,101,101,101,101,101,101,101,101,101,101,101,101,101,101,101,101,101,100,100,100,101,101,101,101,82,84,77,77,77,77,65,101,101,87,87,19,21,23,25,27,27,27,27,27,27,29,29,33,101,101,101,101,50],"gold":171,"neow_bonus":"THREE_ENEMY_KILL","is_daily":false,"chose_seed":false,"campfire_upgraded":26,"win_rate":0.0,"timestamp":1612305295,"path_taken":["M","$","?","?","?","E","R","E","T","?","R","?","?","E","R","BOSS","M","?","?","?","?","R","E","R","T","E","AVR","M","NM","M","R","BOSS","M","?","?","?","M","E","R","E","T","E","$","M","E","M","R","BOSS","M","M","$","M","M","E","M","M","T","M","R","E","R","?","R","BOSS","M","?","?","?","$","R","E","R","T","AVR","R","M","E","M","R","BOSS","M","M","?","M","?","E","M","E","T","E","M","R","?","?","R","BOSS","M","?","?","?","?","R","NM","R","T","E","$","?","$","?","R","BOSS","M","?","M","?","?","E","R","M","T","?","?","E","R","$","R","BOSS","M","M","?","M","?","E","M","E","T","R","?","R","$","M","R","BOSS","R","$","E","BOSS"],"items_purchased_type":["Card","Card","Relic","Card","Relic","Relic","Relic","Card","Card","Relic","Card","Relic","Relic","Relic","Relic","Relic","Relic"],"build_version":"2020-12-22","purchased_purges":2,"victory":true,"max_hp_per_floor":[70,70,70,70,70,80,80,80,80,80,80,80,80,80,80,80,80,80,80,80,80,80,80,80,80,80,80,80,80,80,80,80,80,80,80,80,80,80,80,80,80,80,80,80,87,87,87,87,87,87,87,87,87,87,87,87,101,101,101,101,101,101,101,101,101,101,101,101,101,101,101,101,101,101,101,101,101,101,101,101,101,101,101,101,101,101,101,101,101,101,101,101,101,101,101,101,101,101,101,101,101,101,101,101,101,101,101,101,101,101,101,101,101,101,101,101,101,101,101,101,101,101,101,101,101,101,101,101,101,101,101,101,101,101,101,101,101,101,101,101,101,101,101,101,101,101,101,101,101,101,101,101,101,101,101,101,101],"card_choices":[{"not_picked":["Deflect","Dagger Spray"],"picked":"Poisoned Stab","floor":1.0},{"not_picked":["infinitespire:Collect","infinitespire:FinalStrike"],"picked":"infinitespire:Gouge","floor":4.0},{"not_picked":["Envenom","Backflip"],"picked":"Acrobatics","floor":6.0},{"not_picked":["hubris:TrickCloak","Blur"],"picked":"Footwork","floor":8.0},{"not_picked":["Backstab","hubris:SlightOfHand"],"picked":"Dash","floor":10.0},{"not_picked":["Slice","Cloak And Dagger"],"picked":"PiercingWail","floor":13.0},{"not_picked":["Skewer","Accuracy"],"picked":"infinitespire:Neurotoxin","floor":14.0},{"not_picked":["Grand Finale","Glass Knife"],"picked":"Unload","floor":16.0},{"not_picked":["Riddle With Holes+1","Backstab+1"],"picked":"conspire:PoisonWeapons+1","floor":18.0},{"not_picked":["Outmaneuver","Poisoned Stab"],"picked":"Dodge and Roll","floor":19.0},{"not_picked":["Deflect+1","Distraction+1"],"picked":"PiercingWail+1","floor":24.0},{"not_picked":["Prepared","Predator+1"],"picked":"Venomology","floor":27.0},{"not_picked":["Underhanded Strike+1","Concentrate"],"picked":"Dagger Spray","floor":29.0},{"not_picked":["Outmaneuver","conspire:DoublingDagger+1"],"picked":"Deflect","floor":30.0},{"not_picked":["Cloak And Dagger","Heel Hook+1"],"picked":"Bouncing Flask+1","floor":31.0},{"not_picked":["Unload","Doppelganger"],"picked":"Adrenaline","floor":33.0},{"not_picked":["Dagger Throw+1","Terror+1"],"picked":"Deflect","floor":35.0},{"not_picked":["Distraction","Prepared"],"picked":"After Image","floor":36.0},{"not_picked":["Prepared","Masterful Stab+1"],"picked":"Flechettes+1","floor":39.0},{"not_picked":["Setup","infinitespire:Neurotoxin"],"picked":"hubris:TrickCloak+1","floor":40.0},{"not_picked":["Accuracy","Cloak And Dagger"],"picked":"Caltrops","floor":42.0},{"not_picked":["Poisoned Stab","Sucker Punch"],"picked":"Dodge and Roll","floor":44.0},{"not_picked":["Flying Knee","Skewer+1"],"picked":"Deadly Poison+1","floor":46.0},{"not_picked":["Slice+1","Distraction+1","Flying Knee"],"picked":"SKIP","floor":47.0},{"not_picked":["Slice+1","Predator"],"picked":"Deflect+1","floor":48.0},{"not_picked":["infinitespire:Neurotoxin","Glass Knife"],"picked":"Adrenaline","floor":50.0},{"not_picked":["Finisher","Masterful Stab","Dagger Throw"],"picked":"SKIP","floor":52.0},{"not_picked":["Sucker Punch","hubris:SlightOfHand"],"picked":"Catalyst","floor":53.0},{"not_picked":["Deadly Poison","Dash","conspire:DoublingDagger"],"picked":"SKIP","floor":55.0},{"not_picked":["Slice","Flying Knee","Choke"],"picked":"SKIP","floor":56.0},{"not_picked":["Flying Knee","hubris:Counter"],"picked":"Expertise","floor":57.0},{"not_picked":["Poisoned Stab","hubris:SlightOfHand","Acrobatics"],"picked":"SKIP","floor":58.0},{"not_picked":["Flying Knee","Acrobatics"],"picked":"Noxious Fumes+1","floor":59.0},{"not_picked":["infinitespire:Neurotoxin","Tactician","Cloak And Dagger"],"picked":"SKIP","floor":61.0},{"not_picked":["Backflip","Deflect","Expertise"],"picked":"SKIP","floor":63.0},{"not_picked":["Doppelganger","Phantasmal Killer"],"picked":"Malaise","floor":67.0},{"not_picked":["infinitespire:Oblivion","infinitespire:SevenWalls"],"picked":"infinitespire:Fortify","floor":68.0},{"not_picked":["Backflip","Deadly Poison"],"picked":"Well Laid Plans+1","floor":69.0},{"not_picked":["Outmaneuver","All Out Attack"],"picked":"Venomology","floor":75.0},{"not_picked":["Dash","Skewer+1","Quick Slash"],"picked":"SKIP","floor":80.0},{"not_picked":["Sucker Punch+1","Blade Dance","Reflex"],"picked":"SKIP","floor":81.0},{"not_picked":["Flechettes+1","Prepared","Accuracy+1"],"picked":"SKIP","floor":82.0},{"not_picked":["A Thousand Cuts+1","Unload"],"picked":"Burst","floor":84.0},{"not_picked":["Leg Sweep","Bane","Deadly Poison"],"picked":"SKIP","floor":86.0},{"not_picked":["hubris:SlightOfHand+1","Skewer","Footwork+1"],"picked":"SKIP","floor":87.0},{"not_picked":["Concentrate+1","Dodge and Roll+1","Skewer"],"picked":"SKIP","floor":89.0},{"not_picked":["PiercingWail","Prepared+1","Skewer+1"],"picked":"SKIP","floor":90.0},{"not_picked":["Grand Finale","Underhanded Strike","Burst"],"picked":"SKIP","floor":91.0},{"not_picked":["Backflip","Flying Knee+1"],"picked":"PiercingWail+1","floor":92.0},{"not_picked":["Sucker Punch+1","Deflect"],"picked":"Dagger Spray+1","floor":93.0},{"not_picked":["Die Die Die","Deflect","Endless Agony+1"],"picked":"SKIP","floor":95.0},{"not_picked":["Underhanded Strike+1","Skewer","Infinite Blades+1"],"picked":"SKIP","floor":96.0},{"not_picked":["Finisher","Backstab","Blur"],"picked":"SKIP","floor":103.0},{"not_picked":["Finisher","Backstab"],"picked":"Blur","floor":103.0},{"not_picked":["Blade Dance","Deadly Poison"],"picked":"PiercingWail","floor":105.0},{"not_picked":["Heel Hook","Deflect"],"picked":"Well Laid Plans+1","floor":109.0},{"not_picked":["Malaise","Sucker Punch","hubris:TrickCloak"],"picked":"SKIP","floor":112.0},{"not_picked":["Well Laid Plans+1","Dagger Spray","Sucker Punch"],"picked":"SKIP","floor":116.0},{"not_picked":["Venomology","Burst"],"picked":"Adrenaline","floor":118.0},{"not_picked":["Expertise","Prepared","hubris:Counter"],"picked":"SKIP","floor":120.0},{"not_picked":["Sucker Punch+1","Eviscerate+1","Deflect"],"picked":"SKIP","floor":122.0},{"not_picked":["Outmaneuver","Bane","Prepared"],"picked":"SKIP","floor":125.0},{"not_picked":["Prepared+1","Dagger Spray"],"picked":"PiercingWail","floor":127.0},{"not_picked":["hubris:TrickCloak","hubris:SlightOfHand","All Out Attack"],"picked":"SKIP","floor":130.0},{"not_picked":["Heel Hook","Tools of the Trade+1"],"picked":"Dodge and Roll+1","floor":131.0},{"not_picked":["Backflip","Dagger Throw+1","hubris:SlightOfHand+1"],"picked":"SKIP","floor":137.0},{"not_picked":["Infinite Blades+1","Bane+1"],"picked":"Crippling Poison+1","floor":138.0},{"not_picked":["hubris:Counter+1","PiercingWail+1","Endless Agony+1"],"picked":"SKIP","floor":140.0},{"not_picked":["Slice+1","Bane+1","Dodge and Roll"],"picked":"SKIP","floor":141.0},{"not_picked":["infinitespire:Neurotoxin","PiercingWail+1","Bane+1"],"picked":"SKIP","floor":142.0},{"not_picked":["Predator+1","Escape Plan"],"picked":"Catalyst","floor":143},{"not_picked":["Blur","Sucker Punch+1","Acrobatics+1"],"picked":"SKIP","floor":144},{"not_picked":["Poisoned Stab+1","Underhanded Strike+1","Bouncing Flask+1"],"picked":"SKIP","floor":150},{"not_picked":["Bane+1","Blade Dance+1","hubris:SlightOfHand+1"],"picked":"SKIP","floor":156},{"not_picked":["Night Terror","After Image+1"],"picked":"Malaise","floor":157}],"player_experience":601925,"relics_obtained":[{"floor":6.0,"key":"Pear"},{"floor":8.0,"key":"conspire:Flyswatter"},{"floor":9.0,"key":"Bag of Marbles"},{"floor":14.0,"key":"hubris:Zylophone"},{"floor":24.0,"key":"Orichalcum"},{"floor":26.0,"key":"infinitespire:BottledMercury"},{"floor":27.0,"key":"Ninja Scroll"},{"floor":30.0,"key":"Turnip"},{"floor":36.0,"key":"hubris:GlazedTorus"},{"floor":40.0,"key":"Snake Skull"},{"floor":42.0,"key":"Blood Vial"},{"floor":43.0,"key":"Tiny Chest"},{"floor":44.0,"key":"Ice Cream"},{"floor":47.0,"key":"hubris:MysteriousPyramids"},{"floor":57.0,"key":"Mango"},{"floor":60.0,"key":"infinitespire:PuzzleCube"},{"floor":63.0,"key":"Bag of Preparation"},{"floor":72.0,"key":"hubris:PeanutButter"},{"floor":75.0,"key":"Lantern"},{"floor":77.0,"key":"hubris:MedicalManual"},{"floor":81.0,"key":"Lizard Tail"},{"floor":88.0,"key":"Bottled Lightning"},{"floor":91.0,"key":"hubris:SlimyHat"},{"floor":93.0,"key":"Potion Belt"},{"floor":94.0,"key":"War Paint"},{"floor":95.0,"key":"Happy Flower"},{"floor":98.0,"key":"Ginger"},{"floor":99.0,"key":"hubris:64BitClover"},{"floor":102.0,"key":"infinitespire:Lucky Rock"},{"floor":102.0,"key":"Pantograph"},{"floor":102.0,"key":"Thread and Needle"},{"floor":107.0,"key":"Darkstone Periapt"},{"floor":109.0,"key":"Boot"},{"floor":111.0,"key":"infinitespire:EmpoweringShard"},{"floor":112.0,"key":"The Courier"},{"floor":114.0,"key":"infinitespire:FocusingShard"},{"floor":122.0,"key":"Anchor"},{"floor":123.0,"key":"hubris:ToyBattleship"},{"floor":125.0,"key":"Paper Crane"},{"floor":128.0,"key":"Calipers"},{"floor":131.0,"key":"hubris:SphereOfDissonance"},{"floor":139.0,"key":"Molten Egg 2"},{"floor":141.0,"key":"infinitespire:Golems Mask"},{"floor":142.0,"key":"infinitespire:Joker Card"},{"floor":144,"key":"Pen Nib"},{"floor":145,"key":"infinitespire:Bottled Soul"},{"floor":156,"key":"Smiling Mask"}],"event_choices":[{"damage_healed":0.0,"max_hp_gain":0.0,"max_hp_loss":0.0,"gold_gain":0.0,"event_name":"conspire:Investor","player_choice":"Leave","floor":3.0,"gold_loss":0.0,"damage_taken":0.0},{"damage_healed":0.0,"max_hp_gain":0.0,"max_hp_loss":0.0,"gold_gain":75.0,"event_name":"World of Goop","player_choice":"Gather Gold","floor":5.0,"gold_loss":0.0,"damage_taken":11.0},{"damage_healed":0.0,"max_hp_gain":0.0,"max_hp_loss":0.0,"gold_gain":0.0,"event_name":"The Woman in Blue","player_choice":"Bought 3 Potions","floor":12.0,"gold_loss":0.0,"damage_taken":0.0},{"damage_healed":0.0,"max_hp_gain":0.0,"max_hp_loss":0.0,"gold_gain":0.0,"event_name":"Addict","player_choice":"Obtained Relic","floor":20.0,"gold_loss":85.0,"damage_taken":0.0,"relics_obtained":["Omamori"]},{"damage_healed":0.0,"max_hp_gain":0.0,"max_hp_loss":0.0,"gold_gain":0.0,"event_name":"Mysterious Sphere","player_choice":"Fight","floor":36.0,"gold_loss":0.0,"damage_taken":0.0},{"damage_healed":0.0,"max_hp_gain":0.0,"max_hp_loss":0.0,"gold_gain":0.0,"event_name":"Tomb of Lord Red Mask","player_choice":"Ignored","floor":38.0,"gold_loss":0.0,"damage_taken":0.0},{"damage_healed":0.0,"max_hp_gain":0.0,"max_hp_loss":0.0,"gold_gain":50.0,"event_name":"Golden Wing","player_choice":"Gained Gold","floor":65.0,"gold_loss":0.0,"damage_taken":0.0},{"cards_removed":["Poisoned Stab"],"damage_healed":0.0,"max_hp_gain":0.0,"max_hp_loss":0.0,"gold_gain":0.0,"event_name":"Beggar","player_choice":"Gave Gold","floor":71.0,"gold_loss":75.0,"damage_taken":0.0},{"damage_healed":0.0,"max_hp_gain":0.0,"max_hp_loss":0.0,"gold_gain":0.0,"event_name":"MindBloom","player_choice":"Fight","floor":98.0,"gold_loss":0.0,"damage_taken":0.0},{"damage_healed":0.0,"max_hp_gain":0.0,"max_hp_loss":0.0,"gold_gain":0.0,"cards_transformed":["Defend_G"],"event_name":"Transmorgrifier","player_choice":"Transformed","floor":104.0,"gold_loss":0.0,"damage_taken":0.0,"cards_obtained":["Leg Sweep"]},{"damage_healed":0.0,"max_hp_gain":0.0,"max_hp_loss":0.0,"gold_gain":0.0,"event_name":"Dead Adventurer","player_choice":"Searched \u00271\u0027 times","floor":114.0,"gold_loss":0.0,"damage_taken":0.0},{"damage_healed":0.0,"max_hp_gain":0.0,"max_hp_loss":0.0,"gold_gain":0.0,"event_name":"Upgrade Shrine","player_choice":"Upgraded","floor":121.0,"gold_loss":0.0,"damage_taken":0.0,"cards_upgraded":["Bouncing Flask"]},{"damage_healed":0.0,"max_hp_gain":0.0,"max_hp_loss":0.0,"gold_gain":99.0,"event_name":"Nest","player_choice":"Stole From Cult","floor":124.0,"gold_loss":0.0,"damage_taken":0.0}],"is_beta":false,"boss_relics":[{"not_picked":["Coffee Dripper","Snecko Eye"],"picked":"SacredBark"},{"not_picked":["hubris:BlackHole","construct:ClawGrip"],"picked":"conspire:RoyalGoblet"},{"not_picked":["conspire:RunicOctahedron","Runic Dome","Runic Pyramid"]},{"not_picked":["SlaversCollar","bronze:MakeshiftBattery"],"picked":"infinitespire:Cupcake"},{"not_picked":["Sozu","conspire:RunicOctahedron"],"picked":"Coffee Dripper"},{"not_picked":["hubris:TerracottaHorce","Runic Pyramid"],"picked":"Calling Bell"},{"not_picked":["Runic Dome","Sozu"],"picked":"hubris:RunicObelisk"},{"not_picked":["hubris:GrandSneckoEye","hubris:HollowSoul","conspire:RunicOctahedron"],"picked":"Empty Cage"},{"not_picked":["hubris:TerracottaHorce","Philosopher\u0027s Stone","Black Star"],"picked":"hubris:ScarierMask"}],"items_purged_floors":[28,78],"is_endless":true,"potions_floor_spawned":[10,16,18,27,29,33,39,46,48,52,55,56,61,63,75,80,81,89,90,91,92,93,96,105,109,116,118,122,131,135,137,143,150,152,157],"ascension_level":2}}