{"host":"e3jr8cs0hrgde9ri","time":1612239544,"event":{"mods":["2.2 Compatiblity","BaseMod","Highlight Path","Minty Spire (QoL Compilation)","Permanent Neow","Quick Restart","SuperFastMode"],"gold_per_floor":[121,133,165,177,206,253,265,303,341,385,397,409,437,462,474,486,486],"floor_reached":16,"language":"ENG","playtime":466,"items_purged":[],"score":240,"play_id":"20b7f3b5-4ea4-4765-9cf3-c2d673cd3728","local_time":"20210201201904","is_ascension_mode":true,"campfire_choices":[{"data":"All Out Attack","floor":7,"key":"SMITH"},{"data":"Poisoned Stab","floor":11,"key":"SMITH"},{"data":"Deadly Poison","floor":15,"key":"SMITH"}],"circlet_count":0,"master_deck":["AscendersBane","Strike_G","Strike_G","Strike_G","Defend_G","Defend_G","Defend_G","Defend_G","Defend_G","Survivor","Neutralize","CurseOfTheBell","Leg Sweep","Poisoned Stab+1","All Out Attack+1","Die Die Die","Deadly Poison+1","Dash"],"relics":["Calling Bell","MawBank","Meat on the Bone","Thread and Needle","Regal Pillow","Centennial Puzzle","Juzu Bracelet","Incense Burner"],"acts_visited":["Exordium"],"potions_floor_usage":[6,8],"damage_taken":[{"damage":3.0,"enemies":"Small Slimes","floor":1.0,"turns":6.0},{"damage":3.0,"enemies":"Jaw Worm","floor":3.0,"turns":8.0},{"damage":0.0,"enemies":"Cultist","floor":5.0,"turns":5.0},{"damage":30,"enemies":"3 Sentries","floor":6,"turns":13},{"damage":11,"enemies":"Lagavulin","floor":8,"turns":9},{"damage":16,"enemies":"3 Sentries","floor":10,"turns":7},{"damage":11,"enemies":"Large Slime","floor":13,"turns":5},{"damage":0,"enemies":"Exordium Thugs","floor":14,"turns":4},{"damage":27,"enemies":"Slime Boss","floor":16,"turns":7}],"seed_played":"6577587046970291295","potions_obtained":[{"floor":5.0,"key":"AttackPotion"},{"floor":6,"key":"SteroidPotion"}],"is_trial":false,"path_per_floor":["M","?","M","?","M","E","R","E","T","E","R","?","M","M","R","B"],"character_chosen":"THE_SILENT","items_purchased":[],"campfire_rested":0,"item_purchase_floors":[],"current_hp_per_floor":[56,56,53,46,46,28,28,29,29,25,25,25,26,38,38,11,11],"gold":486,"neow_bonus":"BOSS_RELIC","is_daily":false,"chose_seed":false,"campfire_upgraded":3,"win_rate":0.0,"timestamp":1612239544,"path_taken":["M","?","M","?","M","E","R","E","T","E","R","?","M","M","R","BOSS"],"items_purchased_type":[],"build_version":"2020-12-22","purchased_purges":0,"victory":false,"max_hp_per_floor":[66,66,66,66,66,66,66,66,66,66,66,66,66,66,66,66,66],"card_choices":[{"not_picked":["Poisoned Stab","Flying Knee"],"picked":"Leg Sweep","floor":1.0},{"not_picked":["Terror","Slice"],"picked":"Poisoned Stab","floor":3.0},{"not_picked":["Endless Agony","Deflect","Dagger Throw"],"picked":"SKIP","floor":5.0},{"not_picked":["PiercingWail","Finisher"],"picked":"All Out Attack","floor":6},{"not_picked":["Slice","Quick Slash"],"picked":"Die Die Die","floor":8},{"not_picked":["Choke","Dagger Throw","Sucker Punch"],"picked":"SKIP","floor":10},{"not_picked":["Outmaneuver","Dagger Throw"],"picked":"Deadly Poison","floor":13},{"not_picked":["Heel Hook","Poisoned Stab"],"picked":"Dash","floor":14}],"player_experience":1805260,"relics_obtained":[{"floor":0.0,"key":"MawBank"},{"floor":0.0,"key":"Meat on the Bone"},{"floor":0.0,"key":"Thread and Needle"},{"floor":6,"key":"Regal Pillow"},{"floor":8,"key":"Centennial Puzzle"},{"floor":9,"key":"Juzu Bracelet"},{"floor":10,"key":"Incense Burner"}],"event_choices":[{"damage_healed":0.0,"max_hp_gain":0.0,"max_hp_loss":0.0,"gold_gain":0.0,"event_name":"The Cleric","player_choice":"Leave","floor":2.0,"gold_loss":0.0,"damage_taken":0.0},{"cards_removed":["Strike_G"],"damage_healed":0.0,"max_hp_gain":0.0,"max_hp_loss":0.0,"gold_gain":0.0,"event_name":"Golden Wing","player_choice":"Card Removal","floor":4.0,"gold_loss":0.0,"damage_taken":7.0},{"cards_removed":["Strike_G"],"damage_healed":0,"gold_gain":0,"player_choice":"Purged","damage_taken":0,"max_hp_gain":0,"max_hp_loss":0,"event_name":"Purifier","floor":12,"gold_loss":0}],"is_beta":false,"boss_relics":[],"items_purged_floors":[],"is_endless":false,"potions_floor_spawned":[5,6],"killed_by":"Slime Boss","ascension_level":20}}