{"host":"rolltorest","time":1612240757,"event":{"mods":["BaseMod","Minty Spire (QoL Compilation)","Relic Stats","Slay the Relics Exporter","StSLib"],"gold_per_floor":[112,112,127,144,219,219,238,270,270,287,129,159,73,103,103,180,180,194,207,36,36,36,36,70,70,70,84,116,216,248,267,267,341,341,355,380,396,396,396,423,423,435,461,461,54,74,93,128,128,128,128,128,128,76,110,110],"floor_reached":57,"language":"ENG","playtime":4025,"items_purged":["Strike_G","Strike_G"],"score":3126,"play_id":"023162dd-5833-4a90-9bea-9da7a35f2f4e","local_time":"20210201203917","is_ascension_mode":true,"campfire_choices":[{"data":"Blade Dance","floor":6,"key":"SMITH"},{"data":"Footwork","floor":15,"key":"SMITH"},{"data":"Ghostly","floor":23,"key":"SMITH"},{"data":"Ghostly","floor":32,"key":"SMITH"},{"data":"Ghostly","floor":41,"key":"SMITH"},{"data":"Blade Dance","floor":44,"key":"SMITH"},{"floor":49,"key":"RECALL"},{"data":"Wraith Form v2","floor":53,"key":"SMITH"}],"circlet_count":0,"master_deck":["AscendersBane","Strike_G","Strike_G+1","Defend_G","Defend_G","Defend_G","Defend_G","Defend_G","Survivor","Neutralize","Blade Dance+1","Accuracy","Finisher","Malaise","PiercingWail","Footwork","Dash+1","Footwork+1","Infinite Blades+1","Ghostly+1","Ghostly+1","Ghostly+1","Terror","Accuracy","Adrenaline","PiercingWail","Blade Dance+1","Blade Dance+1","Dodge and Roll","Wraith Form v2+1","Well Laid Plans","Dodge and Roll","Adrenaline"],"relics":["Ring of the Snake","NeowsBlessing","Shuriken","Pear","Thread and Needle","Centennial Puzzle","Bag of Marbles","WristBlade","Toolbox","Darkstone Periapt","Enchiridion","Gremlin Horn","Ice Cream","Torii","Singing Bowl","Blue Candle","Sozu","TungstenRod","Bottled Lightning","Bottled Tornado","Kunai","Whetstone"],"acts_visited":["Exordium","TheCity","TheBeyond","TheEnding"],"potions_floor_usage":[12,24,28,56],"damage_taken":[{"damage":0,"enemies":"2 Louse","floor":1,"turns":1},{"damage":0,"enemies":"Cultist","floor":3,"turns":1},{"damage":0,"enemies":"Jaw Worm","floor":4,"turns":1},{"damage":1,"enemies":"Looter","floor":7,"turns":3},{"damage":25,"enemies":"Gremlin Nob","floor":8,"turns":4},{"damage":0,"enemies":"2 Fungi Beasts","floor":10,"turns":3},{"damage":10,"enemies":"3 Sentries","floor":12,"turns":10},{"damage":0,"enemies":"Lagavulin","floor":14,"turns":4},{"damage":0,"enemies":"The Guardian","floor":16,"turns":11},{"damage":9,"enemies":"Spheric Guardian","floor":18,"turns":4},{"damage":0,"enemies":"3 Byrds","floor":19,"turns":4},{"damage":0,"enemies":"Gremlin Leader","floor":24,"turns":6},{"damage":0,"enemies":"Snecko","floor":27,"turns":4},{"damage":0,"enemies":"Slavers","floor":28,"turns":5},{"damage":0,"enemies":"Colosseum Slavers","floor":29,"turns":3},{"damage":3,"enemies":"Colosseum Nobs","floor":29,"turns":5},{"damage":1,"enemies":"Book of Stabbing","floor":30,"turns":7},{"damage":0,"enemies":"Centurion and Healer","floor":31,"turns":4},{"damage":8,"enemies":"Champ","floor":33,"turns":7},{"damage":0,"enemies":"Orb Walker","floor":35,"turns":2},{"damage":0,"enemies":"Mind Bloom Boss Battle","floor":36,"turns":6},{"damage":0,"enemies":"3 Darklings","floor":37,"turns":4},{"damage":11,"enemies":"Nemesis","floor":40,"turns":5},{"damage":0,"enemies":"Sphere and 2 Shapes","floor":42,"turns":4},{"damage":0,"enemies":"Transient","floor":46,"turns":6},{"damage":0,"enemies":"4 Shapes","floor":47,"turns":2},{"damage":0,"enemies":"Giant Head","floor":48,"turns":4},{"damage":0,"enemies":"Awakened One","floor":50,"turns":13},{"damage":10,"enemies":"Donu and Deca","floor":51,"turns":9},{"damage":0,"enemies":"Shield and Spear","floor":55,"turns":8},{"damage":40,"enemies":"The Heart","floor":56,"turns":14}],"seed_played":"-4677237022272359540","potions_obtained":[{"floor":8,"key":"BlessingOfTheForge"},{"floor":10,"key":"CultistPotion"},{"floor":12,"key":"ColorlessPotion"},{"floor":14,"key":"Fire Potion"},{"floor":27,"key":"SteroidPotion"},{"floor":29,"key":"Weak Potion"}],"is_trial":false,"path_per_floor":["M","?","M","M","T","R","M","E","T","M","$","E","$","E","R","B",null,"M","M","$","?","?","R","E","?","T","M","E","?","E","M","R","B",null,"M","?","M","?","?","E","R","M","T","R","$","M","M","E","R","B","B",null,"R","$","E","B",null],"character_chosen":"THE_SILENT","items_purchased":["Footwork","Footwork","Toolbox","Dodge and Roll","Bottled Tornado","Dodge and Roll"],"campfire_rested":0,"item_purchase_floors":[11,13,20,45,45,54],"current_hp_per_floor":[59,59,59,59,59,59,58,43,43,43,43,33,33,33,33,33,65,56,56,56,56,38,38,38,17,17,17,17,16,15,17,17,9,34,34,36,36,36,36,27,27,27,27,27,27,29,29,29,29,29,19,41,41,41,41,1],"gold":110,"neow_bonus":"THREE_ENEMY_KILL","is_daily":false,"chose_seed":false,"campfire_upgraded":7,"win_rate":0.0,"timestamp":1612240757,"path_taken":["M","?","?","?","?","R","M","E","T","M","$","E","$","E","R","BOSS","M","M","$","?","?","R","E","?","T","M","E","?","E","M","R","BOSS","M","?","M","?","?","E","R","M","T","R","$","M","M","E","R","BOSS","BOSS","R","$","E","BOSS"],"items_purchased_type":["Card","Card","Relic","Card","Relic","Card"],"build_version":"2020-12-18","purchased_purges":2,"victory":true,"max_hp_per_floor":[66,66,66,66,66,66,66,76,76,76,76,76,76,76,76,76,76,76,76,76,76,38,38,38,38,38,38,38,40,40,42,42,42,42,42,44,44,44,44,46,46,46,46,46,46,48,48,48,48,48,48,48,48,48,48,48],"relic_stats":{"Darkstone Periapt":0,"Gremlin Horn":[17,17],"Torii":8,"Singing Bowl":10,"counters":[31,164],"Blue Candle":[0],"Whetstone":["Dash","Strike_G"],"Sozu":0,"Centennial Puzzle":[21],"Shuriken":[100],"Kunai":[28],"obtain_stats":[{"Darkstone Periapt":24,"Ice Cream":28,"Pear":8,"NeowsBlessing":0,"Gremlin Horn":26,"Torii":29,"Singing Bowl":29,"Blue Candle":30,"Enchiridion":25,"Thread and Needle":9,"Whetstone":55,"Bottled Tornado":45,"Sozu":34,"Centennial Puzzle":12,"WristBlade":17,"Shuriken":5,"Toolbox":20,"Bag of Marbles":14,"Bottled Lightning":40,"Kunai":48,"TungstenRod":36,"Ring of the Snake":0},{"Darkstone Periapt":12,"Ice Cream":14,"Pear":5,"NeowsBlessing":0,"Gremlin Horn":12,"Torii":16,"Singing Bowl":16,"Blue Candle":17,"Enchiridion":12,"Thread and Needle":5,"Whetstone":30,"Bottled Tornado":24,"Sozu":19,"Centennial Puzzle":7,"WristBlade":9,"Shuriken":3,"Toolbox":11,"Bag of Marbles":8,"Bottled Lightning":23,"Kunai":27,"TungstenRod":21,"Ring of the Snake":0},{"Darkstone Periapt":52,"Ice Cream":61,"Pear":10,"NeowsBlessing":0,"Gremlin Horn":52,"Torii":69,"Singing Bowl":69,"Blue Candle":76,"Enchiridion":52,"Thread and Needle":10,"Whetstone":150,"Bottled Tornado":108,"Sozu":87,"Centennial Puzzle":23,"WristBlade":38,"Shuriken":3,"Toolbox":46,"Bag of Marbles":27,"Bottled Lightning":104,"Kunai":120,"TungstenRod":95,"Ring of the Snake":0}],"TungstenRod":51,"Ring of the Snake":[62]},"card_choices":[{"not_picked":["Outmaneuver","Tactician"],"picked":"Blade Dance","floor":1},{"not_picked":["Sucker Punch","Backflip","Tactician"],"picked":"SKIP","floor":3},{"not_picked":["Blur","All Out Attack"],"picked":"Accuracy","floor":4},{"not_picked":["Bane","All Out Attack"],"picked":"Finisher","floor":7},{"not_picked":["Blur","Accuracy"],"picked":"Malaise","floor":8},{"not_picked":["Backflip","Infinite Blades"],"picked":"PiercingWail","floor":10},{"not_picked":["Distraction","Predator"],"picked":"Dash","floor":12},{"not_picked":["Slice","Concentrate","Distraction"],"picked":"SKIP","floor":14},{"not_picked":["Dash","Prepared"],"picked":"Infinite Blades+1","floor":18},{"not_picked":["Concentrate","Bane","Underhanded Strike"],"picked":"SKIP","floor":19},{"not_picked":["Skewer+1","Masterful Stab","Outmaneuver"],"picked":"SKIP","floor":24},{"not_picked":["Poisoned Stab","Slice","Infinite Blades"],"picked":"SKIP","floor":27},{"not_picked":["Grand Finale","Slice"],"picked":"Terror","floor":28},{"not_picked":["Flying Knee","Tactician","Quick Slash+1"],"picked":"Singing Bowl","floor":29},{"not_picked":["Bullet Time","Well Laid Plans"],"picked":"Accuracy","floor":30},{"not_picked":["Blur","Eviscerate","Dagger Spray"],"picked":"Singing Bowl","floor":31},{"not_picked":["Tools of the Trade","Burst"],"picked":"Adrenaline","floor":33},{"not_picked":["Outmaneuver","Dagger Spray"],"picked":"PiercingWail","floor":35},{"not_picked":["Cloak And Dagger","Masterful Stab+1","PiercingWail"],"picked":"Singing Bowl","floor":36},{"not_picked":["Prepared","Accuracy"],"picked":"Blade Dance+1","floor":37},{"not_picked":["Escape Plan","Quick Slash","A Thousand Cuts"],"picked":"Singing Bowl","floor":40},{"not_picked":["Poisoned Stab","Deadly Poison"],"picked":"Blade Dance","floor":42},{"not_picked":["Deflect","PiercingWail+1","Concentrate+1"],"picked":"Singing Bowl","floor":46},{"not_picked":["Prepared","PiercingWail"],"picked":"Wraith Form v2","floor":47},{"not_picked":["Tactician","PiercingWail"],"picked":"Well Laid Plans","floor":48},{"not_picked":["Deflect","Escape Plan"],"picked":"Adrenaline","floor":55}],"player_experience":1797645,"relics_obtained":[{"floor":5,"key":"Shuriken"},{"floor":8,"key":"Pear"},{"floor":9,"key":"Thread and Needle"},{"floor":12,"key":"Centennial Puzzle"},{"floor":14,"key":"Bag of Marbles"},{"floor":24,"key":"Darkstone Periapt"},{"floor":25,"key":"Enchiridion"},{"floor":26,"key":"Gremlin Horn"},{"floor":28,"key":"Ice Cream"},{"floor":29,"key":"Torii"},{"floor":29,"key":"Singing Bowl"},{"floor":30,"key":"Blue Candle"},{"floor":36,"key":"TungstenRod"},{"floor":40,"key":"Bottled Lightning"},{"floor":48,"key":"Kunai"},{"floor":55,"key":"Whetstone"}],"event_choices":[{"cards_removed":["Strike_G"],"damage_healed":0,"gold_gain":0,"player_choice":"Purged","damage_taken":0,"max_hp_gain":0,"max_hp_loss":0,"event_name":"Purifier","floor":2,"gold_loss":0},{"damage_healed":0,"gold_gain":0,"player_choice":"Ignored","damage_taken":0,"max_hp_gain":0,"max_hp_loss":0,"event_name":"The Mausoleum","floor":21,"gold_loss":0},{"damage_healed":0,"gold_gain":0,"player_choice":"Became a Ghost","damage_taken":0,"max_hp_gain":0,"max_hp_loss":38,"event_name":"Ghosts","floor":22,"gold_loss":0,"cards_obtained":["Ghostly","Ghostly","Ghostly"]},{"damage_healed":0,"gold_gain":0,"player_choice":"Obtained Book","damage_taken":21,"max_hp_gain":0,"max_hp_loss":0,"event_name":"Cursed Tome","floor":25,"gold_loss":0},{"damage_healed":0,"gold_gain":0,"player_choice":"Fight","damage_taken":0,"max_hp_gain":0,"max_hp_loss":0,"event_name":"Colosseum","floor":29,"gold_loss":0},{"damage_healed":0,"gold_gain":0,"player_choice":"Fought Nobs","damage_taken":0,"max_hp_gain":0,"max_hp_loss":0,"event_name":"Colosseum","floor":29,"gold_loss":0},{"damage_healed":0,"gold_gain":0,"player_choice":"Fight","damage_taken":0,"max_hp_gain":0,"max_hp_loss":0,"event_name":"MindBloom","floor":36,"gold_loss":0},{"damage_healed":0,"gold_gain":0,"player_choice":"Ignored","damage_taken":0,"max_hp_gain":0,"max_hp_loss":0,"event_name":"Tomb of Lord Red Mask","floor":38,"gold_loss":0},{"damage_healed":0,"gold_gain":0,"player_choice":"0 cards matched","damage_taken":0,"max_hp_gain":0,"max_hp_loss":0,"event_name":"Match and Keep!","floor":39,"gold_loss":0,"cards_obtained":[]}],"is_beta":true,"boss_relics":[{"not_picked":["Empty Cage","Runic Pyramid"],"picked":"WristBlade"},{"not_picked":["Velvet Choker","Black Star"],"picked":"Sozu"}],"items_purged_floors":[11,45],"is_endless":false,"potions_floor_spawned":[8,10,12,14,16,18,19,27,29,30,33,35,36,47,48,55],"ascension_level":20}}