{"host":"m4qpn8a4h7jhbw2f","time":1612236433,"event":{"mods":["BaseMod","Colored Map","Colored Powertips","Highlight Path","Minty Spire (QoL Compilation)","Rare Cards Sparkle","Relic Stats"],"gold_per_floor":[112,112,112,131,149,149,174,184,207,235,1,14,30,64,64,163,163,173,203,22,36,36,36,63,63,63,109,136,148,178,202,214,226,226],"floor_reached":33,"language":"ENG","playtime":2389,"items_purged":["Regret","Strike_R"],"score":353,"play_id":"160e0b16-8052-4fb2-93f9-4421a6b85953","local_time":"20210201222713","is_ascension_mode":true,"campfire_choices":[{"data":"Metallicize","floor":6,"key":"SMITH"},{"data":"Battle Trance","floor":15,"key":"SMITH"},{"data":"Madness","floor":23,"key":"SMITH"},{"data":"True Grit","floor":25,"key":"SMITH"},{"data":"Anger","floor":29,"key":"SMITH"},{"data":"Battle Trance","floor":32,"key":"SMITH"}],"circlet_count":0,"master_deck":["Strike_R","Strike_R","Strike_R","Strike_R","Defend_R","Defend_R","Defend_R","Defend_R","Bash","Juggernaut+1","Metallicize+1","Anger+1","Power Through","Shrug It Off","Infernal Blade","Impervious","Iron Wave","Infernal Blade","Battle Trance+1","Immolate","Shrug It Off","True Grit+1","Madness+1","Battle Trance+1","Shame","Iron Wave","Metallicize+1","Evolve","Juggernaut"],"relics":["Black Blood","Anchor","Potion Belt","Blood Vial","Dream Catcher","Du-Vu Doll","Red Mask","Juzu Bracelet","Oddly Smooth Stone","MawBank","Bottled Lightning"],"acts_visited":["Exordium","TheCity"],"potions_floor_usage":[9,14,16,19,27,33,33,33,33],"damage_taken":[{"damage":5,"enemies":"Small Slimes","floor":1,"turns":4},{"damage":3,"enemies":"Jaw Worm","floor":4,"turns":3},{"damage":4,"enemies":"2 Louse","floor":5,"turns":3},{"damage":30,"enemies":"Gremlin Nob","floor":7,"turns":4},{"damage":5,"enemies":"Looter","floor":8,"turns":4},{"damage":18,"enemies":"Lagavulin","floor":10,"turns":7},{"damage":17,"enemies":"Gremlin Gang","floor":12,"turns":4},{"damage":3,"enemies":"3 Louse","floor":13,"turns":4},{"damage":11,"enemies":"3 Sentries","floor":14,"turns":5},{"damage":11,"enemies":"Slime Boss","floor":16,"turns":6},{"damage":16,"enemies":"Spheric Guardian","floor":18,"turns":4},{"damage":38,"enemies":"Masked Bandits","floor":19,"turns":5},{"damage":0,"enemies":"Chosen","floor":21,"turns":5},{"damage":35,"enemies":"Gremlin Leader","floor":24,"turns":6},{"damage":20,"enemies":"Book of Stabbing","floor":27,"turns":6},{"damage":10,"enemies":"Snake Plant","floor":28,"turns":4},{"damage":19,"enemies":"Centurion and Healer","floor":30,"turns":7},{"damage":11,"enemies":"Snecko","floor":31,"turns":5},{"damage":83,"enemies":"Collector","floor":33,"turns":5}],"seed_played":"-9114404285548869752","potions_obtained":[{"floor":1,"key":"BloodPotion"},{"floor":4,"key":"BloodPotion"},{"floor":10,"key":"DuplicationPotion"},{"floor":14,"key":"Energy Potion"},{"floor":16,"key":"Regen Potion"},{"floor":18,"key":"Block Potion"},{"floor":28,"key":"EntropicBrew"},{"floor":31,"key":"LiquidBronze"}],"is_trial":false,"path_per_floor":["M","?","?","M","M","R","E","M","T","E","$","M","M","E","R","B",null,"M","?","$","M","?","R","E","R","T","E","M","R","M","M","R","B"],"character_chosen":"IRONCLAD","items_purchased":["Impervious","Madness"],"campfire_rested":0,"item_purchase_floors":[11,20],"current_hp_per_floor":[72,72,72,72,72,72,48,49,63,53,53,44,49,46,46,43,72,68,44,44,58,58,58,37,37,37,45,49,49,44,47,47,0,0],"gold":226,"neow_bonus":"THREE_RARE_CARDS","is_daily":false,"chose_seed":false,"campfire_upgraded":6,"win_rate":0.0,"timestamp":1612236433,"path_taken":["M","?","?","M","M","R","E","M","T","E","$","M","M","E","R","BOSS","M","?","$","M","?","R","E","R","T","E","M","R","M","M","R","BOSS"],"items_purchased_type":["Card","Card"],"build_version":"2020-12-22","purchased_purges":2,"victory":false,"max_hp_per_floor":[72,72,72,72,72,72,72,72,72,72,72,72,72,72,72,72,72,72,72,72,72,72,72,72,72,72,72,72,72,72,72,72,72,72],"relic_stats":{"Blood Vial":26,"Dream Catcher":0,"counters":[19,91],"Black Blood":150,"Juzu Bracelet":0,"MawBank":84,"obtain_stats":[{"Potion Belt":7,"Blood Vial":9,"Du-Vu Doll":14,"Anchor":2,"Dream Catcher":10,"Black Blood":17,"Oddly Smooth Stone":24,"Red Mask":19,"Juzu Bracelet":22,"Bottled Lightning":27,"MawBank":26,"Burning Blood":0},{"Potion Belt":4,"Blood Vial":5,"Du-Vu Doll":9,"Anchor":1,"Dream Catcher":6,"Black Blood":10,"Oddly Smooth Stone":14,"Red Mask":12,"Juzu Bracelet":13,"Bottled Lightning":15,"MawBank":14,"Burning Blood":0},{"Potion Belt":14,"Blood Vial":18,"Du-Vu Doll":38,"Anchor":4,"Dream Catcher":25,"Black Blood":44,"Oddly Smooth Stone":64,"Red Mask":53,"Juzu Bracelet":58,"Bottled Lightning":70,"MawBank":64,"Burning Blood":0}]},"card_choices":[{"not_picked":["Fiend Fire","Exhume"],"picked":"Juggernaut","floor":0},{"not_picked":["Rage","Flame Barrier"],"picked":"Metallicize","floor":1},{"not_picked":["Pommel Strike","Headbutt"],"picked":"Anger","floor":4},{"not_picked":["Flex","Twin Strike","Havoc"],"picked":"SKIP","floor":5},{"not_picked":["Double Tap","Rupture"],"picked":"Power Through","floor":7},{"not_picked":["Twin Strike","Cleave"],"picked":"Shrug It Off","floor":8},{"not_picked":["Twin Strike","Cleave"],"picked":"Infernal Blade","floor":10},{"not_picked":["Burning Pact","Wild Strike"],"picked":"Iron Wave","floor":12},{"not_picked":["Perfected Strike","Combust"],"picked":"Infernal Blade","floor":13},{"not_picked":["Evolve","Fiend Fire"],"picked":"Battle Trance","floor":14},{"not_picked":["Demon Form","Bludgeon"],"picked":"Immolate","floor":16},{"not_picked":["Sword Boomerang","Twin Strike"],"picked":"Shrug It Off","floor":18},{"not_picked":["Sword Boomerang","Warcry+1"],"picked":"True Grit","floor":19},{"not_picked":["Spot Weakness","Whirlwind"],"picked":"Battle Trance","floor":21},{"not_picked":["Second Wind+1","Pommel Strike"],"picked":"Iron Wave","floor":24},{"not_picked":["Flex","Pommel Strike"],"picked":"Metallicize+1","floor":27},{"not_picked":["Spot Weakness","Flex"],"picked":"Evolve","floor":28},{"not_picked":["Warcry+1","Shockwave","Dual Wield"],"picked":"SKIP","floor":30},{"not_picked":["Armaments","Clothesline"],"picked":"Juggernaut","floor":31}],"player_experience":223405,"relics_obtained":[{"floor":7,"key":"Potion Belt"},{"floor":9,"key":"Blood Vial"},{"floor":10,"key":"Dream Catcher"},{"floor":14,"key":"Du-Vu Doll"},{"floor":19,"key":"Red Mask"},{"floor":24,"key":"Oddly Smooth Stone"},{"floor":26,"key":"MawBank"},{"floor":27,"key":"Bottled Lightning"}],"event_choices":[{"damage_healed":0,"gold_gain":0,"player_choice":"Box","damage_taken":0,"relics_obtained":["Anchor"],"max_hp_gain":0,"max_hp_loss":0,"event_name":"Big Fish","floor":2,"gold_loss":0,"cards_obtained":["Regret"]},{"damage_healed":0,"gold_gain":0,"player_choice":"Grow","damage_taken":0,"max_hp_gain":0,"max_hp_loss":0,"event_name":"Living Wall","floor":3,"gold_loss":0,"cards_upgraded":["Juggernaut"]},{"damage_healed":0,"gold_gain":0,"player_choice":"Fought Bandits","damage_taken":0,"max_hp_gain":0,"max_hp_loss":0,"event_name":"Masked Bandits","floor":19,"gold_loss":0},{"damage_healed":0,"gold_gain":0,"player_choice":"Stole Relic","damage_taken":0,"relics_obtained":["Juzu Bracelet"],"max_hp_gain":0,"max_hp_loss":0,"event_name":"Addict","floor":22,"gold_loss":0,"cards_obtained":["Shame"]}],"is_beta":false,"boss_relics":[{"not_picked":["Fusion Hammer","Sozu"],"picked":"Black Blood"}],"items_purged_floors":[11,20],"is_endless":false,"potions_floor_spawned":[1,4,10,14,16,18,28,31],"killed_by":"Collector","ascension_level":3}}