{"host":"qm4rv4rkpk76sbxu","time":1612275066,"event":{"mods":["BaseMod","Bestiary","Block Reminder","DeckTracker","Filter the Spire","Keyboard Shortcuts","Minty Spire (QoL Compilation)","MonsterHotkey","Quick Restart","Random Character Button","Relic Stats","Slay-I","StSLib","Unceasing Turn Reminder","ojb\u0027s Better Paths Mod","ojb\u0027s Info Mod"],"gold_per_floor":[113,113,213,233,244,244,274,274,274,274,3,13,13,43,43,141,141,153,153,171,188,103,103,135,135,135,135,163,174,174,193,193,296,296,315,368,668,668,668,668,696,696,719,175,190,465,496,510,510,510,510],"floor_reached":50,"language":"ENG","playtime":2787,"items_purged":["Strike_G"],"score":933,"play_id":"b03a4b1f-0300-4117-a573-28918f560072","local_time":"20210202151106","is_ascension_mode":true,"campfire_choices":[{"data":"Dagger Spray","floor":6.0,"key":"SMITH"},{"data":"Eviscerate","floor":10.0,"key":"SMITH"},{"data":"Bouncing Flask","floor":15.0,"key":"SMITH"},{"data":"Burst","floor":23.0,"key":"SMITH"},{"data":"Ghostly","floor":27.0,"key":"SMITH"},{"data":"Venomology","floor":32.0,"key":"SMITH"},{"data":"Ghostly","floor":40.0,"key":"SMITH"},{"data":"Ghostly","floor":42.0,"key":"SMITH"},{"floor":49.0,"key":"RECALL"}],"circlet_count":0,"master_deck":["Strike_G","Strike_G","Defend_G","Defend_G","Defend_G","Defend_G","Defend_G","Survivor","Neutralize","Eviscerate+1","Dagger Spray+1","Masterful Stab","After Image","Bouncing Flask+1","Backstab","All Out Attack","Cloak And Dagger","Burst+1","Calculated Gamble","Leg Sweep","Blade Dance+1","Crippling Poison+1","Ghostly+1","Ghostly+1","Ghostly+1","Ghostly","Ghostly","Dagger Throw","Venomology+1","Madness","Madness","Blur+1","Acrobatics","Regret","Tactician","Unload+1"],"relics":["Ring of the Snake","Paper Crane","Bottled Tornado","Snake Skull","Pen Nib","Coffee Dripper","Nloth\u0027s Gift","Orichalcum","Toy Ornithopter","Smiling Mask","Juzu Bracelet","Black Star","Thread and Needle","Molten Egg 2","Tingsha","Oddly Smooth Stone","TwistedFunnel","Bronze Scales","Art of War","Frozen Egg 2"],"acts_visited":["Exordium","TheCity","TheBeyond"],"potions_floor_usage":[50,50,50],"damage_taken":[{"damage":0.0,"enemies":"Cultist","floor":1.0,"turns":1.0},{"damage":0.0,"enemies":"Small Slimes","floor":4.0,"turns":1.0},{"damage":0.0,"enemies":"Jaw Worm","floor":5.0,"turns":1.0},{"damage":27.0,"enemies":"3 Sentries","floor":7.0,"turns":8.0},{"damage":7.0,"enemies":"Lots of Slimes","floor":12.0,"turns":2.0},{"damage":15.0,"enemies":"Gremlin Nob","floor":14.0,"turns":3.0},{"damage":0.0,"enemies":"Slime Boss","floor":16.0,"turns":6.0},{"damage":0.0,"enemies":"Spheric Guardian","floor":18.0,"turns":3.0},{"damage":6.0,"enemies":"2 Thieves","floor":20.0,"turns":3.0},{"damage":2.0,"enemies":"Chosen and Byrds","floor":21.0,"turns":6.0},{"damage":0.0,"enemies":"Gremlin Leader","floor":24.0,"turns":5.0},{"damage":0.0,"enemies":"Slavers","floor":28.0,"turns":5.0},{"damage":0.0,"enemies":"Snake Plant","floor":29.0,"turns":3.0},{"damage":0.0,"enemies":"Sentry and Sphere","floor":31.0,"turns":4.0},{"damage":29.0,"enemies":"Automaton","floor":33.0,"turns":11.0},{"damage":0.0,"enemies":"3 Darklings","floor":35.0,"turns":7.0},{"damage":2.0,"enemies":"2 Orb Walkers","floor":36.0,"turns":5.0},{"damage":0.0,"enemies":"Reptomancer","floor":41.0,"turns":9.0},{"damage":0.0,"enemies":"3 Shapes","floor":45.0,"turns":3.0},{"damage":1.0,"enemies":"Giant Head","floor":47.0,"turns":9.0},{"damage":1.0,"enemies":"3 Darklings","floor":48.0,"turns":3.0},{"damage":41,"enemies":"Awakened One","floor":50,"turns":18}],"seed_played":"-4678752834260640094","potions_obtained":[{"floor":1.0,"key":"Regen Potion"},{"floor":7.0,"key":"PowerPotion"},{"floor":16.0,"key":"Regen Potion"},{"floor":20.0,"key":"PowerPotion"},{"floor":24.0,"key":"GamblersBrew"},{"floor":28.0,"key":"Explosive Potion"},{"floor":31.0,"key":"Fire Potion"},{"floor":35.0,"key":"SteroidPotion"},{"floor":41.0,"key":"SmokeBomb"}],"is_trial":false,"path_per_floor":["M","?","?","M","M","R","E","?","T","R","$","M","$","E","R","B",null,"M","?","M","M","?","R","E","?","T","R","E","M","?","M","R","B",null,"M","?","?","?","?","R","E","R","T","$","M","?","E","M","R","B"],"character_chosen":"THE_SILENT","items_purchased":["Bouncing Flask","Snake Skull","Backstab","Oddly Smooth Stone","TwistedFunnel","Bronze Scales","Acrobatics"],"campfire_rested":0,"item_purchase_floors":[11,11,11,44,44,44,44],"current_hp_per_floor":[70,63,63,63,63,63,36,36,36,36,36,29,29,14,14,29,70,70,70,64,62,62,62,62,35,35,35,35,35,35,35,35,6,35,35,33,33,29,29,29,34,34,34,34,34,34,33,32,32,0,0],"gold":510,"neow_bonus":"THREE_ENEMY_KILL","is_daily":false,"chose_seed":false,"campfire_upgraded":8,"win_rate":0.0,"timestamp":1612275066,"path_taken":["M","?","?","M","?","R","E","?","T","R","?","?","?","E","R","BOSS","M","?","?","M","?","R","E","?","T","R","E","M","?","M","R","BOSS","M","?","?","?","?","R","E","R","T","?","M","?","E","M","R","BOSS"],"items_purchased_type":["Card","Relic","Card","Relic","Relic","Relic","Card"],"build_version":"2020-12-22","purchased_purges":1,"victory":false,"max_hp_per_floor":[70,70,70,70,70,70,70,70,70,70,70,70,70,70,70,70,70,70,70,70,70,70,70,70,35,35,35,35,35,35,35,35,35,35,35,35,35,35,35,35,35,35,35,35,35,35,35,35,35,35,35],"relic_stats":{"counters":[22,116],"Tingsha":[102],"Snake Skull":[95],"Pen Nib":[26],"Juzu Bracelet":2,"Orichalcum":[6],"Smiling Mask":25,"Bronze Scales":[126],"Nloth\u0027s Gift":5,"Black Star":2,"Art of War":[3],"obtain_stats":[{"TwistedFunnel":44,"NeowsBlessing":0,"Oddly Smooth Stone":44,"Thread and Needle":36,"Tingsha":41,"Snake Skull":11,"Pen Nib":14,"Juzu Bracelet":28,"Paper Crane":7,"Bottled Tornado":9,"Orichalcum":22,"Frozen Egg 2":47,"Smiling Mask":26,"Bronze Scales":44,"Molten Egg 2":41,"Coffee Dripper":17,"Nloth\u0027s Gift":19,"Black Star":34,"Art of War":47,"Toy Ornithopter":24,"Ring of the Snake":0},{"TwistedFunnel":18,"NeowsBlessing":0,"Oddly Smooth Stone":18,"Thread and Needle":17,"Tingsha":18,"Snake Skull":4,"Pen Nib":6,"Juzu Bracelet":12,"Paper Crane":4,"Bottled Tornado":4,"Orichalcum":10,"Frozen Egg 2":20,"Smiling Mask":11,"Bronze Scales":18,"Molten Egg 2":18,"Coffee Dripper":7,"Nloth\u0027s Gift":8,"Black Star":15,"Art of War":20,"Toy Ornithopter":11,"Ring of the Snake":0},{"TwistedFunnel":83,"NeowsBlessing":0,"Oddly Smooth Stone":83,"Thread and Needle":74,"Tingsha":83,"Snake Skull":11,"Pen Nib":16,"Juzu Bracelet":44,"Paper Crane":11,"Bottled Tornado":11,"Orichalcum":34,"Frozen Egg 2":95,"Smiling Mask":39,"Bronze Scales":83,"Molten Egg 2":83,"Coffee Dripper":22,"Nloth\u0027s Gift":25,"Black Star":62,"Art of War":95,"Toy Ornithopter":39,"Ring of the Snake":0}],"Toy Ornithopter":11,"Ring of the Snake":[44]},"card_choices":[{"not_picked":["Outmaneuver","Prepared"],"picked":"Eviscerate","floor":1.0},{"not_picked":["Noxious Fumes","Bane"],"picked":"Dagger Spray","floor":4.0},{"not_picked":["Choke","Accuracy"],"picked":"Masterful Stab","floor":5.0},{"not_picked":["Deadly Poison","Escape Plan"],"picked":"After Image","floor":7.0},{"not_picked":["Backstab","Riddle With Holes"],"picked":"All Out Attack","floor":12.0},{"not_picked":["Quick Slash","Phantasmal Killer"],"picked":"Cloak And Dagger","floor":14.0},{"not_picked":["Wraith Form v2","Phantasmal Killer"],"picked":"Burst","floor":16.0},{"not_picked":["Deflect","Outmaneuver"],"picked":"Calculated Gamble","floor":18.0},{"not_picked":["Flying Knee","Unload"],"picked":"Leg Sweep","floor":20.0},{"not_picked":["PiercingWail","Expertise"],"picked":"Blade Dance+1","floor":21.0},{"not_picked":["Sucker Punch+1","After Image"],"picked":"Crippling Poison+1","floor":24.0},{"not_picked":["Sucker Punch+1","Malaise"],"picked":"Dagger Throw","floor":28.0},{"not_picked":["Accuracy","Infinite Blades","Dodge and Roll"],"picked":"SKIP","floor":29.0},{"not_picked":["Accuracy","Infinite Blades","Dodge and Roll"],"picked":"SKIP","floor":29.0},{"not_picked":["Concentrate","Choke"],"picked":"Venomology","floor":31.0},{"not_picked":["Flechettes","Dagger Throw","Choke+1"],"picked":"SKIP","floor":35.0},{"not_picked":["Riddle With Holes+1","Slice+1"],"picked":"Blur+1","floor":41.0},{"not_picked":["Distraction+1","Blade Dance","Poisoned Stab+1"],"picked":"SKIP","floor":45.0},{"not_picked":["Malaise","Slice+1"],"picked":"Tactician","floor":47.0},{"not_picked":["Accuracy+1","Dagger Throw+1"],"picked":"Unload+1","floor":48.0}],"player_experience":1490323,"relics_obtained":[{"floor":7.0,"key":"Paper Crane"},{"floor":9.0,"key":"Bottled Tornado"},{"floor":14.0,"key":"Pen Nib"},{"floor":24.0,"key":"Toy Ornithopter"},{"floor":26.0,"key":"Smiling Mask"},{"floor":28.0,"key":"Juzu Bracelet"},{"floor":36.0,"key":"Thread and Needle"},{"floor":41.0,"key":"Molten Egg 2"},{"floor":41.0,"key":"Tingsha"},{"floor":47.0,"key":"Art of War"},{"floor":47.0,"key":"Frozen Egg 2"}],"event_choices":[{"cards_removed":["Strike_G"],"damage_healed":0.0,"max_hp_gain":0.0,"max_hp_loss":0.0,"gold_gain":0.0,"event_name":"Golden Wing","player_choice":"Card Removal","floor":2.0,"gold_loss":0.0,"damage_taken":7.0},{"damage_healed":0.0,"max_hp_gain":0.0,"max_hp_loss":0.0,"gold_gain":100.0,"event_name":"Wheel of Change","player_choice":"Gold","floor":3.0,"gold_loss":0.0,"damage_taken":0.0},{"cards_removed":["Strike_G"],"damage_healed":0.0,"max_hp_gain":0.0,"max_hp_loss":0.0,"gold_gain":0.0,"event_name":"Wheel of Change","player_choice":"Card Removal","floor":8.0,"gold_loss":0.0,"damage_taken":0.0},{"damage_healed":0.0,"max_hp_gain":0.0,"max_hp_loss":0.0,"gold_gain":0.0,"event_name":"N\u0027loth","player_choice":"Traded Relic","floor":19.0,"relics_lost":["NeowsBlessing"],"gold_loss":0.0,"damage_taken":0.0,"relics_obtained":["Nloth\u0027s Gift"]},{"damage_healed":0.0,"max_hp_gain":0.0,"max_hp_loss":0.0,"gold_gain":0.0,"event_name":"Addict","player_choice":"Obtained Relic","floor":22.0,"gold_loss":85.0,"damage_taken":0.0,"relics_obtained":["Orichalcum"]},{"damage_healed":0.0,"max_hp_gain":0.0,"max_hp_loss":35.0,"gold_gain":0.0,"event_name":"Ghosts","player_choice":"Became a Ghost","floor":25.0,"gold_loss":0.0,"damage_taken":0.0,"cards_obtained":["Ghostly","Ghostly","Ghostly","Ghostly","Ghostly"]},{"damage_healed":0.0,"max_hp_gain":0.0,"max_hp_loss":0.0,"gold_gain":0.0,"event_name":"Vampires","player_choice":"Ignored","floor":30.0,"gold_loss":0.0,"damage_taken":0.0},{"damage_healed":0.0,"max_hp_gain":0.0,"max_hp_loss":0.0,"gold_gain":0.0,"event_name":"Mysterious Sphere","player_choice":"Fight","floor":36.0,"gold_loss":0.0,"damage_taken":0.0},{"damage_healed":0.0,"max_hp_gain":0.0,"max_hp_loss":0.0,"gold_gain":300.0,"event_name":"Wheel of Change","player_choice":"Gold","floor":37.0,"gold_loss":0.0,"damage_taken":0.0},{"damage_healed":0.0,"max_hp_gain":0.0,"max_hp_loss":0.0,"gold_gain":0.0,"event_name":"Winding Halls","player_choice":"Embrace Madness","floor":38.0,"gold_loss":0.0,"damage_taken":4.0,"cards_obtained":["Madness","Madness"]},{"damage_healed":0.0,"max_hp_gain":0.0,"max_hp_loss":0.0,"gold_gain":0.0,"event_name":"Match and Keep!","player_choice":"0 cards matched","floor":39.0,"gold_loss":0.0,"damage_taken":0.0,"cards_obtained":[]},{"damage_healed":0.0,"max_hp_gain":0.0,"max_hp_loss":0.0,"gold_gain":275.0,"event_name":"Golden Shrine","player_choice":"Desecrate","floor":46.0,"gold_loss":0.0,"damage_taken":0.0,"cards_obtained":["Regret"]}],"is_beta":false,"boss_relics":[{"not_picked":["Snecko Eye","WristBlade"],"picked":"Coffee Dripper"},{"not_picked":["Tiny House","SlaversCollar"],"picked":"Black Star"}],"items_purged_floors":[44],"is_endless":false,"potions_floor_spawned":[1,7,16,20,24,28,31,35,41,47],"killed_by":"Awakened One","ascension_level":4}}