{"host":"jumrmhf584hajrnz","time":1612257414,"event":{"mods":["BaseMod","Duelist Mod","GifTheSpireLib","Minty Spire (QoL Compilation)","Quick Restart","StSLib"],"gold_per_floor":[141,141,158,175,188,188,188],"floor_reached":6,"language":"ENG","playtime":472,"items_purged":[],"score":76,"play_id":"d14305e1-0159-4ffe-9741-c5094f9b531b","local_time":"20210202101654","is_ascension_mode":true,"campfire_choices":[],"circlet_count":0,"master_deck":["AscendersBane","theDuelist:BabyDragon","theDuelist:CastleWalls","theDuelist:CastleWalls","theDuelist:CaveDragon","theDuelist:CaveDragon","theDuelist:LesserDragon","theDuelist:LesserDragon","theDuelist:Sparks","theDuelist:Sparks","theDuelist:YamataDragon","theDuelist:GalaxySoldier","theDuelist:FireDarts","theDuelist:SafeZone","theDuelist:LightningDarts"],"relics":["theDuelist:MillenniumPuzzle","theDuelist:CardPoolRelic","theDuelist:CardPoolBasicRelic","theDuelist:BoosterPackPoolRelic","theDuelist:CardPoolAddRelic","theDuelist:CardPoolMinusRelic","theDuelist:CardPoolSaveRelic","theDuelist:CardPoolOptionsRelic"],"acts_visited":["Exordium"],"potions_floor_usage":[],"damage_taken":[{"damage":0,"enemies":"Cultist","floor":1,"turns":3},{"damage":6,"enemies":"2 Louse","floor":3,"turns":3},{"damage":6,"enemies":"Jaw Worm","floor":4,"turns":2},{"damage":4,"enemies":"Blue Slaver","floor":5,"turns":4},{"damage":54,"enemies":"Lagavulin","floor":6,"turns":8}],"seed_played":"3340067889101579849","potions_obtained":[],"is_trial":false,"path_per_floor":["M","$","M","M","M","E"],"character_chosen":"THE_DUELIST","items_purchased":[],"campfire_rested":0,"item_purchase_floors":[],"current_hp_per_floor":[59,59,53,47,43,0,0],"gold":188,"neow_bonus":"TWENTY_PERCENT_HP_BONUS","is_daily":false,"chose_seed":false,"campfire_upgraded":0,"win_rate":0.0,"timestamp":1612257414,"path_taken":["M","$","?","M","?","E"],"items_purchased_type":[],"build_version":"2020-12-22","purchased_purges":0,"victory":false,"max_hp_per_floor":[84,84,84,84,84,84,84],"card_choices":[{"not_picked":["theDuelist:SystemDown","theDuelist:MiraculousDescent","theDuelist:DragonRavine","theDuelist:CyberLaserDragon"],"picked":"theDuelist:GalaxySoldier","floor":1},{"not_picked":["theDuelist:VeilDarkness+1","theDuelist:TyrantWing","theDuelist:SpiralSpearStrike+1","theDuelist:DefenseZone+1"],"picked":"theDuelist:FireDarts","floor":3},{"not_picked":["theDuelist:TyrantWing","theDuelist:SpiralSpearStrike+1","theDuelist:DragonShield+1","theDuelist:DefenseZone+1"],"picked":"theDuelist:SafeZone","floor":4},{"not_picked":["theDuelist:BattleguardKing","theDuelist:BigFire","theDuelist:RainbowOverdragon","theDuelist:SmashingGround"],"picked":"theDuelist:LightningDarts","floor":5}],"player_experience":1668137,"relics_obtained":[],"event_choices":[],"is_beta":false,"boss_relics":[],"items_purged_floors":[],"is_endless":false,"potions_floor_spawned":[],"killed_by":"Lagavulin","ascension_level":20}}