{"host":"4jpe1m3cviuzvkch","time":1612251361,"event":{"mods":["BaseMod","Marisa£®ÏF”Í°°ƒß¿Ì…≥£©","Minty Spire (QoL Compilation)","Remilia£®¿Ÿ√◊¿Ú—«£©","StSLib","The Servant 0.9.4","Youmu£®ªÍ∆«—˝√Œ£©"],"gold_per_floor":[112,129,139,139,139,139,170,195,230,242,283,295,318,344,356,465,477,499,511,538,560,80,90,123,137,190,190,290,290,320,332,332,434,434,448,448,448,7,53,53,84,98,123,123,157,5,24,24,24,24,24,24,24,24],"floor_reached":55,"language":"ZHS","playtime":2419,"items_purged":["Defend_RM","Writhe"],"score":1569,"play_id":"8759a4f9-66f1-4316-913d-7c07cb4649ed","local_time":"20210202153601","is_ascension_mode":true,"campfire_choices":[{"data":"BloodHunter","floor":6,"key":"SMITH"},{"floor":12,"key":"REST"},{"data":"ScarletShoot","floor":15,"key":"SMITH"},{"floor":27,"key":"REST"},{"floor":29,"key":"REST"},{"floor":32,"key":"REST"},{"floor":40,"key":"RECALL"},{"data":"1","floor":44,"key":"LIFT"},{"data":"2","floor":49,"key":"LIFT"},{"data":"3","floor":52,"key":"LIFT"}],"circlet_count":0,"master_deck":["Strike_RM","Strike_RM","Strike_RM","Defend_RM","Defend_RM+1","RedMoon+1","ScarletShoot+1","BloodHunter+1","RedNightlessCastle","VampireClaw","RedRainbow","VampireKiss","CurseOfVladTepes","Stigmanizer","VampireKiss+1","Finesse","Master of Strategy","Ultimatum+1","BloodHunter+1","EternalNight+1","ScarletDream+1","DevilSight+1","QueenOfMidnight","BloodyTrap+1","UltimateOffering","Master of Strategy+1","BlasphemousPunishment+1","BloodyHallows+1","KillingBlow"],"relics":["ScarletEmblem","Art of War","MawBank","Potion Belt","Ornamental Fan","Empty Cage","Strange Spoon","Toxic Egg 2","Bag of Preparation","Lizard Tail","RedBat","Red Mask","Philosopher\u0027s Stone","Pen Nib","DollysMirror","Girya","Orichalcum","Lantern","ScarletDevilRocket","Lee\u0027s Waffle"],"acts_visited":["Exordium","TheCity","TheBeyond","TheEnding"],"potions_floor_usage":[11,11,16,16,16,20,21,24,24,28,28,31,33,41,41,42,54],"damage_taken":[{"damage":10,"enemies":"Cultist","floor":1,"turns":5},{"damage":0,"enemies":"Jaw Worm","floor":2,"turns":4},{"damage":0,"enemies":"2 Louse","floor":3,"turns":2},{"damage":28,"enemies":"Gremlin Nob","floor":7,"turns":4},{"damage":1,"enemies":"Red Slaver","floor":8,"turns":4},{"damage":7,"enemies":"3 Sentries","floor":11,"turns":4},{"damage":2,"enemies":"Large Slime","floor":13,"turns":4},{"damage":3,"enemies":"Exordium Thugs","floor":14,"turns":3},{"damage":44,"enemies":"The Guardian","floor":16,"turns":12},{"damage":6,"enemies":"Chosen","floor":18,"turns":5},{"damage":3,"enemies":"3 Byrds","floor":20,"turns":4},{"damage":35,"enemies":"Snake Plant","floor":21,"turns":4},{"damage":8,"enemies":"Centurion and Healer","floor":23,"turns":7},{"damage":41,"enemies":"Slavers","floor":24,"turns":5},{"damage":6,"enemies":"3 Cultists","floor":25,"turns":4},{"damage":14,"enemies":"Colosseum Slavers","floor":28,"turns":3},{"damage":11,"enemies":"Colosseum Nobs","floor":28,"turns":5},{"damage":11,"enemies":"Masked Bandits","floor":30,"turns":3},{"damage":29,"enemies":"Snecko","floor":31,"turns":4},{"damage":62,"enemies":"Collector","floor":33,"turns":10},{"damage":30,"enemies":"3 Darklings","floor":35,"turns":4},{"damage":58,"enemies":"2 Orb Walkers","floor":39,"turns":3},{"damage":53,"enemies":"Reptomancer","floor":41,"turns":6},{"damage":5,"enemies":"Orb Walker","floor":42,"turns":1},{"damage":42,"enemies":"Nemesis","floor":45,"turns":1},{"damage":50,"enemies":"3 Darklings","floor":47,"turns":2},{"damage":90,"enemies":"Donu and Deca","floor":50,"turns":3},{"damage":183,"enemies":"The Heart","floor":54,"turns":6}],"seed_played":"-4288718341234551282","potions_obtained":[{"floor":1,"key":"Dexterity Potion"},{"floor":2,"key":"SteroidPotion"},{"floor":8,"key":"AttackPotion"},{"floor":10,"key":"DistilledChaos"},{"floor":10,"key":"AttackPotion"},{"floor":10,"key":"BlessingOfTheForge"},{"floor":13,"key":"Ancient Potion"},{"floor":14,"key":"AttackPotion"},{"floor":16,"key":"SpeedPotion"},{"floor":18,"key":"ColorlessPotion"},{"floor":20,"key":"AttackPotion"},{"floor":23,"key":"Ancient Potion"},{"floor":28,"key":"LiquidBronze"},{"floor":30,"key":"Regen Potion"},{"floor":33,"key":"EssenceOfSteel"},{"floor":39,"key":"EssenceOfSteel"},{"floor":41,"key":"AttackPotion"},{"floor":42,"key":"LiquidBronze"}],"is_trial":false,"path_per_floor":["M","M","M","?","?","R","E","M","T","?","E","R","M","M","R","B",null,"M","?","M","M","$","M","E","M","T","R","?","R","?","M","R","B",null,"M","?","T","$","?","R","E","M","T","R","E","$","M","$","R","B",null,"R","$","B",null],"character_chosen":"REMILIA","items_purchased":["Strange Spoon","Finesse","Master of Strategy","UltimateOffering","Pen Nib","DollysMirror","Lee\u0027s Waffle"],"campfire_rested":4,"item_purchase_floors":[22,22,22,38,38,38,46],"current_hp_per_floor":[65,65,67,67,52,52,24,26,26,26,20,42,43,41,41,10,59,59,59,59,29,29,38,4,8,8,35,19,46,45,37,64,36,79,55,78,78,78,64,64,50,56,56,56,79,100,100,100,100,103,103,103,103,103],"gold":24,"neow_bonus":"BOSS_RELIC","is_daily":false,"chose_seed":false,"campfire_upgraded":2,"win_rate":0.0,"timestamp":1612251361,"path_taken":["M","?","M","?","?","R","E","M","T","?","E","R","?","M","R","BOSS","M","?","M","M","?","M","E","?","T","R","?","R","?","M","R","BOSS","M","?","?","$","?","R","E","?","T","R","E","?","M","$","R","BOSS","R","$","BOSS"],"items_purchased_type":["Relic","Card","Card","Card","Relic","Relic","Relic"],"build_version":"2020-12-22","purchased_purges":2,"victory":true,"max_hp_per_floor":[75,75,75,75,75,75,75,75,75,75,75,75,75,75,75,75,75,78,78,81,81,81,87,87,90,90,90,90,90,93,93,93,93,93,93,93,93,93,93,93,93,93,93,93,93,100,100,100,100,103,103,103,103,103],"card_choices":[{"not_picked":["UltimateOffering","BadLadyScramble"],"picked":"BloodHunter","floor":1},{"not_picked":["RedRainbow","Maim"],"picked":"RedNightlessCastle","floor":2},{"not_picked":["MillenniumVampire","BadLadyScramble"],"picked":"VampireClaw","floor":3},{"not_picked":["ScarletDevilSign","BloodyTrap"],"picked":"RedRainbow","floor":7},{"not_picked":["ScarletImprint","ScarletDevil","EndlessAdversity"],"picked":"SKIP","floor":8},{"not_picked":["ForbiddenFruit","GlobalNightmare","MillenniumVampire"],"picked":"SKIP","floor":11},{"not_picked":["UnderTheZenith","RedRainbow","FavorOfDestiny"],"picked":"SKIP","floor":13},{"not_picked":["EmergencyRegeneration","MastersStateliness"],"picked":"VampireKiss","floor":14},{"not_picked":["TransientEternity","BloodRain"],"picked":"CurseOfVladTepes","floor":16},{"not_picked":["BlasphemousPunishment","ScarletImprint","EndlessAdversity"],"picked":"SKIP","floor":18},{"not_picked":["VampireKiss","UnderTheZenith+1"],"picked":"Stigmanizer","floor":20},{"not_picked":["ChaoticDestiny","UnstableMagic"],"picked":"VampireKiss+1","floor":21},{"not_picked":["BombardNight","UnderTheZenith+1","ScarletImprint"],"picked":"SKIP","floor":23},{"not_picked":["NightLord","MillenniumVampire+1"],"picked":"Ultimatum+1","floor":24},{"not_picked":["ScarletImprint","ScarletDevil"],"picked":"BloodHunter+1","floor":25},{"not_picked":["StarOfDavid","ScarletGensokyo+1"],"picked":"EternalNight+1","floor":28},{"not_picked":["UnderTheZenith+1","BloodHunter+1"],"picked":"ScarletDream+1","floor":30},{"not_picked":["Stigmanizer+1","BloodyTrap+1"],"picked":"DevilSight+1","floor":31},{"not_picked":["KillingBlow","BloodRain+1"],"picked":"QueenOfMidnight","floor":33},{"not_picked":["UnstableMagic+1","EndlessAdversity"],"picked":"BloodyTrap+1","floor":35},{"not_picked":["BombardNight+1","VampireKiss"],"picked":"BlasphemousPunishment+1","floor":39},{"not_picked":["EndlessAdversity+1","BombardNight","ChainGang"],"picked":"SKIP","floor":41},{"not_picked":["DiffusionOfMisfortune","StarOfDavid+1"],"picked":"BloodyHallows+1","floor":42},{"not_picked":["BloodyTrap+1","ScarletDream+1"],"picked":"KillingBlow","floor":45},{"not_picked":["BloodyTrap+1","ScarletImprint","StarOfDavid"],"picked":"SKIP","floor":47}],"player_experience":322486,"relics_obtained":[{"floor":7,"key":"MawBank"},{"floor":9,"key":"Potion Belt"},{"floor":11,"key":"Ornamental Fan"},{"floor":24,"key":"Toxic Egg 2"},{"floor":26,"key":"Bag of Preparation"},{"floor":28,"key":"Lizard Tail"},{"floor":28,"key":"RedBat"},{"floor":30,"key":"Red Mask"},{"floor":39,"key":"Girya"},{"floor":41,"key":"Orichalcum"},{"floor":43,"key":"Lantern"},{"floor":45,"key":"ScarletDevilRocket"}],"event_choices":[{"damage_healed":0,"gold_gain":0,"player_choice":"Box","damage_taken":0,"relics_obtained":["Art of War"],"max_hp_gain":0,"max_hp_loss":0,"event_name":"Big Fish","floor":4,"gold_loss":0,"cards_obtained":["Regret"]},{"damage_healed":0,"gold_gain":0,"player_choice":"Entered Light","damage_taken":15,"max_hp_gain":0,"max_hp_loss":0,"event_name":"Shining Light","floor":5,"gold_loss":0,"cards_upgraded":["RedMoon","Defend_RM"]},{"damage_healed":0,"gold_gain":0,"player_choice":"Got Potions","damage_taken":0,"max_hp_gain":0,"max_hp_loss":0,"event_name":"Lab","floor":10,"gold_loss":0},{"cards_removed":["Strike_RM"],"damage_healed":0,"gold_gain":0,"player_choice":"Elegance","damage_taken":0,"max_hp_gain":0,"max_hp_loss":0,"event_name":"Back to Basics","floor":19,"gold_loss":0},{"damage_healed":0,"gold_gain":0,"player_choice":"Fight","damage_taken":0,"max_hp_gain":0,"max_hp_loss":0,"event_name":"Colosseum","floor":28,"gold_loss":0},{"damage_healed":0,"gold_gain":0,"player_choice":"Fought Nobs","damage_taken":0,"max_hp_gain":0,"max_hp_loss":0,"event_name":"Colosseum","floor":28,"gold_loss":0},{"damage_healed":0,"gold_gain":0,"player_choice":"Fought Bandits","damage_taken":0,"max_hp_gain":0,"max_hp_loss":0,"event_name":"Masked Bandits","floor":30,"gold_loss":0},{"damage_healed":23,"gold_gain":0,"player_choice":"Writhe","damage_taken":0,"max_hp_gain":0,"max_hp_loss":0,"event_name":"Winding Halls","floor":36,"gold_loss":0,"cards_obtained":["Writhe"]},{"damage_healed":0,"gold_gain":0,"player_choice":"Fight","damage_taken":0,"max_hp_gain":0,"max_hp_loss":0,"event_name":"Mysterious Sphere","floor":39,"gold_loss":0}],"is_beta":false,"boss_relics":[{"not_picked":["SacredBark","Tiny House"],"picked":"Empty Cage"},{"not_picked":["Busted Crown","Runic Dome"],"picked":"Philosopher\u0027s Stone"}],"items_purged_floors":[22,38],"is_endless":false,"potions_floor_spawned":[1,2,8,13,14,16,18,20,23,28,30,33,39,41,42],"ascension_level":5}}