{"host":"vyjryxuuuxkt43k4","time":1612230487,"event":{"mods":["AchievementEnabler","BaseMod","Colored Map","DeckTracker","Keyboard Shortcuts","Minty Spire (QoL Compilation)","Permanent Neow","Quick Restart","Rare Cards Sparkle","Relic Stats","StSLib","SuperFastMode","everything is the same but u backflip on backflip"],"gold_per_floor":[114,25,100,120,120,120,137,137,137,154,154,154,73,85,85,157,207,224,139,139,151,161,161,251,251,275,287,302,55,55,74,74,74,74],"floor_reached":33,"language":"KOR","playtime":3085,"items_purged":["Strike_G"],"score":427,"play_id":"28425d61-e403-4f58-abcb-f8031d74dda2","local_time":"20210202104807","is_ascension_mode":true,"campfire_choices":[{"floor":6.0,"key":"REST"},{"data":"Acrobatics","floor":8.0,"key":"SMITH"},{"data":"Prepared","floor":12.0,"key":"SMITH"},{"floor":15.0,"key":"REST"},{"data":"Tactician","floor":23.0,"key":"SMITH"},{"data":"Phantasmal Killer","floor":25.0,"key":"SMITH"},{"floor":32.0,"key":"REST"}],"circlet_count":0,"master_deck":["AscendersBane","Strike_G","Strike_G","Strike_G","Defend_G","Defend_G","Defend_G","Defend_G","Defend_G","Survivor","Neutralize","Dagger Throw","Eviscerate+1","Backflip","Acrobatics+1","Prepared+1","Blur","PiercingWail","Phantasmal Killer+1","Tactician+1","Well Laid Plans+1","Distraction+1","Footwork+1","Concentrate","Noxious Fumes"],"relics":["Ring of the Snake","Incense Burner","Centennial Puzzle","Question Card","Tiny House","Bronze Scales","PreservedInsect"],"acts_visited":["Exordium","TheCity"],"potions_floor_usage":[33,33],"damage_taken":[{"damage":1.0,"enemies":"2 Louse","floor":1.0,"turns":4.0},{"damage":1.0,"enemies":"Small Slimes","floor":4.0,"turns":3.0},{"damage":2.0,"enemies":"Cultist","floor":7.0,"turns":4.0},{"damage":1.0,"enemies":"Blue Slaver","floor":10.0,"turns":3.0},{"damage":1.0,"enemies":"Looter","floor":14.0,"turns":3.0},{"damage":35.0,"enemies":"The Guardian","floor":16.0,"turns":18.0},{"damage":0.0,"enemies":"2 Thieves","floor":18.0,"turns":4.0},{"damage":1.0,"enemies":"Spheric Guardian","floor":21.0,"turns":4.0},{"damage":19.0,"enemies":"3 Cultists","floor":22.0,"turns":6.0},{"damage":11.0,"enemies":"Snecko","floor":27.0,"turns":7.0},{"damage":12.0,"enemies":"Snake Plant","floor":28.0,"turns":4.0},{"damage":0.0,"enemies":"Centurion and Healer","floor":31.0,"turns":5.0},{"damage":30,"enemies":"Collector","floor":33,"turns":8}],"seed_played":"-6176641675256535913","potions_obtained":[{"floor":4.0,"key":"Swift Potion"},{"floor":10.0,"key":"BlessingOfTheForge"},{"floor":11.0,"key":"Fire Potion"},{"floor":14.0,"key":"DistilledChaos"},{"floor":17.0,"key":"SteroidPotion"},{"floor":18.0,"key":"SteroidPotion"},{"floor":31.0,"key":"Explosive Potion"}],"is_trial":false,"path_per_floor":["M","$","?","M","?","R","M","R","T","M","?","R","$","M","R","B",null,"M","?","?","M","M","R","?","R","T","M","M","$","?","M","R","B"],"character_chosen":"THE_SILENT","items_purchased":["Eviscerate","Blur","DistilledChaos","Concentrate"],"campfire_rested":3,"item_purchase_floors":[2,13,29,29],"current_hp_per_floor":[43,43,32,31,5,24,22,22,22,21,21,21,21,20,39,4,56,56,56,56,55,36,36,24,24,24,13,1,1,1,1,22,0,0],"gold":74,"neow_bonus":"ONE_RARE_RELIC","is_daily":false,"chose_seed":false,"campfire_upgraded":4,"win_rate":0.0,"timestamp":1612230487,"path_taken":["M","$","?","M","?","R","M","R","T","M","?","R","$","?","R","BOSS","M","?","?","?","M","R","?","R","T","M","?","$","?","M","R","BOSS"],"items_purchased_type":["Card","Card","Potion","Card"],"build_version":"2020-12-22","purchased_purges":1,"victory":false,"max_hp_per_floor":[66,66,66,66,66,66,66,66,66,66,66,66,66,66,66,66,71,71,71,71,71,71,71,71,71,71,71,71,71,71,71,71,71,71],"relic_stats":{"Centennial Puzzle":[27],"counters":[13,73],"Bronze Scales":[90],"PreservedInsect":0,"Question Card":10,"obtain_stats":[{"Centennial Puzzle":5,"Tiny House":17,"Bronze Scales":19,"PreservedInsect":26,"Incense Burner":0,"Question Card":9,"Ring of the Snake":0},{"Centennial Puzzle":2,"Tiny House":6,"Bronze Scales":7,"PreservedInsect":9,"Incense Burner":0,"Question Card":3,"Ring of the Snake":0},{"Centennial Puzzle":7,"Tiny House":35,"Bronze Scales":39,"PreservedInsect":49,"Incense Burner":0,"Question Card":11,"Ring of the Snake":0}],"Ring of the Snake":[26]},"card_choices":[{"not_picked":["Sucker Punch","Quick Slash"],"picked":"Dagger Throw","floor":1.0},{"not_picked":["Deadly Poison","Cloak And Dagger"],"picked":"Backflip","floor":4.0},{"not_picked":["Deadly Poison","Finisher"],"picked":"Acrobatics","floor":7.0},{"not_picked":["Slice","Dagger Spray","Flechettes"],"picked":"Prepared","floor":10.0},{"not_picked":["Outmaneuver","Dodge and Roll","Sucker Punch"],"picked":"PiercingWail","floor":14.0},{"not_picked":["Unload","Night Terror","Doppelganger"],"picked":"Phantasmal Killer","floor":16.0},{"not_picked":["Choke","Skewer","Flechettes"],"picked":"Tactician","floor":17.0},{"not_picked":["PiercingWail+1","Bouncing Flask","Sucker Punch"],"picked":"Well Laid Plans+1","floor":18.0},{"not_picked":["Setup","Riddle With Holes","Masterful Stab"],"picked":"Distraction+1","floor":21.0},{"not_picked":["Dagger Spray","Deflect","Sucker Punch","Leg Sweep"],"picked":"SKIP","floor":22.0},{"not_picked":["Prepared","Poisoned Stab+1","Outmaneuver"],"picked":"Footwork+1","floor":27.0},{"not_picked":["Flechettes+1","Prepared","Masterful Stab","Dash"],"picked":"SKIP","floor":28.0},{"not_picked":["Flying Knee","Unload","Leg Sweep"],"picked":"Noxious Fumes","floor":31.0}],"player_experience":593092,"relics_obtained":[{"floor":9.0,"key":"Question Card"},{"floor":26.0,"key":"PreservedInsect"}],"event_choices":[{"damage_healed":0.0,"max_hp_gain":0.0,"max_hp_loss":0.0,"gold_gain":75.0,"event_name":"World of Goop","player_choice":"Gather Gold","floor":3.0,"gold_loss":0.0,"damage_taken":11.0},{"damage_healed":0.0,"max_hp_gain":0.0,"max_hp_loss":0.0,"gold_gain":0.0,"event_name":"Scrap Ooze","player_choice":"Success","floor":5.0,"gold_loss":0.0,"damage_taken":26.0,"relics_obtained":["Centennial Puzzle"]},{"damage_healed":0.0,"max_hp_gain":0.0,"max_hp_loss":0.0,"gold_gain":0.0,"event_name":"Lab","player_choice":"Got Potions","floor":11.0,"gold_loss":0.0,"damage_taken":0.0},{"damage_healed":0.0,"max_hp_gain":0.0,"max_hp_loss":0.0,"gold_gain":0.0,"event_name":"Addict","player_choice":"Obtained Relic","floor":19.0,"gold_loss":85.0,"damage_taken":0.0,"relics_obtained":["Bronze Scales"]},{"damage_healed":0.0,"max_hp_gain":0.0,"max_hp_loss":0.0,"gold_gain":0.0,"event_name":"N\u0027loth","player_choice":"Ignored","floor":20.0,"gold_loss":0.0,"damage_taken":0.0},{"damage_healed":0.0,"max_hp_gain":0.0,"max_hp_loss":0.0,"gold_gain":90.0,"event_name":"Knowing Skull","player_choice":"GOLD ","floor":24.0,"potions_obtained":[],"gold_loss":0.0,"damage_taken":12.0,"cards_obtained":[]},{"cards_removed":["Strike_G"],"damage_healed":0.0,"max_hp_gain":0.0,"max_hp_loss":0.0,"gold_gain":0.0,"event_name":"Back to Basics","player_choice":"Elegance","floor":30.0,"gold_loss":0.0,"damage_taken":0.0}],"is_beta":false,"boss_relics":[{"not_picked":["Ectoplasm","Velvet Choker"],"picked":"Tiny House"}],"items_purged_floors":[29],"is_endless":false,"potions_floor_spawned":[4,10,14,18,31],"killed_by":"Collector","ascension_level":16}}