{"host":"7erghha4zaoybdup","time":1612292009,"event":{"mods":["2.2 Compatiblity","AchievementEnabler","Act Like it!","Astrologer","BaseMod","Better Third Choice","CapriCore","ChefMod","Chen","Colored Powertips","Conspire","Downfall","Friendly Minions","Gensokyo","GifTheSpireLib","Glutton Mod","Hermit","Hubris","Infinite Spire","Jorbs\u0027s Wanderer Trilogy","Lobotomy","LobotomyExtend","MarisaÅiñ∂âJÅ@ñÇóùçπÅj","Minty Spire (QoL Compilation)","Quick Restart","Random Character Button","ReimuÅiîé??öÎÅj","Reliquary","Shade Mod","Somnambulant","StSLib","The Administrix","The Alterego","The Bug Knight","The Clintock","The Cursed","The Disciple","The Dragon Tamer","The Fake Hero","The Gatherer","The Immortal","The Judge","The Marked","The Necromancer","The Poker Player","The Wild Card","TheBandit","Wandering Minibosses","Yakumo Yukari mod","Yuyuko","Åy?ï®?îvÅzREMEMod"],"gold_per_floor":[99,114,114,127,127,141,141,141,503,521,538,538,550,569,569,672,672,672,686,700,720,731,731,784,784,381,400,426,441,458,458,472,472,472,472],"floor_reached":33,"language":"ENG","playtime":3124,"items_purged":["Guardian:Strike_Guardian"],"score":275,"play_id":"a216d00e-3876-4e2e-9338-fd0cedd51c8f","local_time":"20210202125329","is_ascension_mode":false,"campfire_choices":[{"data":"Guardian:BodySlam","floor":1.0,"key":"SMITH"},{"floor":12.0,"key":"REST"},{"floor":18.0,"key":"RECALL"}],"circlet_count":0,"master_deck":["Guardian:Strike_Guardian","Guardian:Strike_Guardian","Guardian:Defend_Guardian","Guardian:Defend_Guardian","Guardian:Defend_Guardian","Guardian:CurlUp","Guardian:TwinSlam","Guardian:SentryBeam","Guardian:WalkerClaw","Guardian:DecasProtection","Guardian:Recover","Guardian:RevengeProtocol","Guardian:StasisStrike","Guardian:Preprogram+1","Guardian:FastForward","Guardian:Incinerate","Guardian:Gem_Red","expansioncontent:LastStand","Guardian:TimeSifter","Guardian:ShieldCharger","Guardian:TimeBomb"],"relics":["Guardian:ModeShifter","REME_ComplimentaryCards","LetterFromLob","Gensokyo:YoukaiFlower","conspire:DeflatedDodgeball","Gensokyo:OccultBall","Bronze Scales","Fusion Hammer","infinitespire:Golems Mask","Guardian:ModeShifterPlus","Guardian:PickAxe","alterego_mod:SomeoneToFightFor","reliquary:BoilingFlask","reliquary:Sideboard","hubris:Towel"],"acts_visited":["Exordium","TheCity"],"potions_floor_usage":[33,33,33],"damage_taken":[{"damage":5.0,"enemies":"Gensokyo:2_Kodama","floor":2.0,"turns":3.0},{"damage":2.0,"enemies":"Gensokyo:Gryphon","floor":4.0,"turns":4.0},{"damage":6.0,"enemies":"Gensokyo:Python","floor":6.0,"turns":3.0},{"damage":44.0,"enemies":"Gensokyo:Aya","floor":9.0,"turns":6.0},{"damage":9.0,"enemies":"Gensokyo:VengefulSpirit","floor":10.0,"turns":5.0},{"damage":7.0,"enemies":"Gensokyo:5_Fairies","floor":11.0,"turns":5.0},{"damage":6.0,"enemies":"Gensokyo:LivingMonolith","floor":13.0,"turns":4.0},{"damage":0.0,"enemies":"Gensokyo:CorruptedTreant","floor":14.0,"turns":4.0},{"damage":9.0,"enemies":"WA_ARCHETYPE_RETAIN","floor":16.0,"turns":7.0},{"damage":4.0,"enemies":"3 Byrds","floor":19.0,"turns":3.0},{"damage":15.0,"enemies":"3 Cultists","floor":20.0,"turns":5.0},{"damage":5.0,"enemies":"Chosen and Byrds","floor":21.0,"turns":5.0},{"damage":17.0,"enemies":"Shelled Parasite and Fungi","floor":22.0,"turns":3.0},{"damage":10.0,"enemies":"downfall:FleeingMerchant","floor":26.0,"turns":4.0},{"damage":11.0,"enemies":"Snecko","floor":27.0,"turns":3.0},{"damage":23.0,"enemies":"Gremlin Leader","floor":28.0,"turns":6.0},{"damage":6,"enemies":"3 Cultists","floor":29,"turns":5},{"damage":12,"enemies":"Centurion and Healer","floor":30,"turns":3},{"damage":2,"enemies":"Cultist and Chosen","floor":32,"turns":4},{"damage":16,"enemies":"SI_MIRROR_ARCHETYPE","floor":33,"turns":8}],"seed_played":"-4665551129786530918","potions_obtained":[{"floor":2.0,"key":"FairyPotion"},{"floor":6.0,"key":"DuplicationPotion"},{"floor":13.0,"key":"LiquidBronze"},{"floor":30,"key":"champ:CounterPotion"}],"is_trial":false,"path_per_floor":["R","M","?","M","?","M","T","?","E","M","M","R","M","M","M","B",null,"R","M","M","M","M","AVR","T","?","$","M","E","M","M","?","M","B"],"character_chosen":"GUARDIAN","items_purchased":["reliquary:BoilingFlask","Guardian:Gem_Red","expansioncontent:LastStand"],"campfire_rested":1,"item_purchase_floors":[26,26,26],"current_hp_per_floor":[80,75,75,73,73,67,67,67,23,14,7,31,25,25,25,16,80,80,76,61,56,39,39,39,39,29,18,24,18,6,6,4,0,0,0],"gold":472,"neow_bonus":"TRANSFORM_CARD","is_daily":false,"chose_seed":false,"campfire_upgraded":1,"win_rate":0.0,"timestamp":1612292009,"path_taken":["R","M","?","M","?","M","T","?","E","M","M","R","M","M","M","BOSS","R","M","M","M","M","AVR","T","?","$","M","E","M","M","?","M","BOSS"],"items_purchased_type":["Relic","Card","Card"],"build_version":"2020-12-22","purchased_purges":1,"victory":false,"max_hp_per_floor":[80,80,80,80,80,80,80,80,80,80,80,80,80,80,80,80,80,80,80,80,80,80,80,80,80,80,80,80,80,80,80,80,80,80,80],"card_choices":[{"not_picked":["Guardian:CrystalBeam","Guardian:Suspension"],"picked":"Guardian:SentryBeam","floor":2.0},{"not_picked":["Guardian:Recover","Guardian:PiercingHide"],"picked":"Guardian:WalkerClaw","floor":4.0},{"not_picked":["Guardian:Gem_Cyan","Guardian:TemporalShield","Guardian:CrystalBeam"],"picked":"SKIP","floor":6.0},{"not_picked":["Guardian:TemporalStrike","Guardian:ShieldCharger"],"picked":"Guardian:Gem_White","floor":9.0},{"not_picked":["Guardian:WalkerClaw","Guardian:ShieldCharger"],"picked":"Guardian:DecasProtection","floor":10.0},{"not_picked":["Guardian:SpikerProtocol","Guardian:Gem_Lightblue","Guardian:Reroute"],"picked":"SKIP","floor":11.0},{"not_picked":["Guardian:Gem_Cyan","Guardian:VentSteam"],"picked":"Guardian:Recover","floor":13.0},{"not_picked":["Guardian:RefractedBeam","Guardian:PiercingHide"],"picked":"Guardian:RevengeProtocol","floor":14.0},{"not_picked":["Guardian:SphericShield","Guardian:TimeSifter"],"picked":"Guardian:StasisStrike","floor":16.0},{"not_picked":["Guardian:Gem_Green","Guardian:TemporalShield+1"],"picked":"Guardian:Preprogram+1","floor":19.0},{"not_picked":["Guardian:Gem_Green","Guardian:TemporalStrike+1"],"picked":"Guardian:FastForward","floor":20.0},{"not_picked":["Guardian:TemporalStrike","Guardian:PiercingHide"],"picked":"Guardian:Incinerate","floor":21.0},{"not_picked":["Guardian:Gem_Green","Guardian:CrystalBeam","Guardian:Gem_Lightblue"],"picked":"SKIP","floor":22.0},{"not_picked":["Guardian:VentSteam","Guardian:PrimingBeam","Guardian:Gem_Cyan"],"picked":"SKIP","floor":26.0},{"not_picked":["Guardian:ChargeCore","Guardian:Gem_Lightblue","Guardian:SentryBeam"],"picked":"SKIP","floor":27.0},{"not_picked":["Guardian:Preprogram","Guardian:MultiBeam+1"],"picked":"Guardian:TimeSifter","floor":28},{"not_picked":["Guardian:Gem_Lightblue","Guardian:Gem_Cyan"],"picked":"Guardian:TimeBomb","floor":29},{"not_picked":["Guardian:Gem_Fragmented","Guardian:PrimingBeam"],"picked":"Guardian:ShieldCharger","floor":30},{"not_picked":["Guardian:Gem_Lightblue","Guardian:CrystalBeam","Guardian:PiercingHide"],"picked":"SKIP","floor":32}],"player_experience":290662,"relics_obtained":[{"floor":2.0,"key":"LetterFromLob"},{"floor":7.0,"key":"conspire:DeflatedDodgeball"},{"floor":9.0,"key":"Bronze Scales"},{"floor":16.0,"key":"Gensokyo:OccultBall"},{"floor":21.0,"key":"Gensokyo:OccultBall"},{"floor":24.0,"key":"Guardian:PickAxe"},{"floor":28,"key":"reliquary:Sideboard"}],"event_choices":[{"damage_healed":0.0,"max_hp_gain":0.0,"max_hp_loss":0.0,"gold_gain":0.0,"event_name":"Secret Garden","player_choice":"Choice 2","floor":25.0,"gold_loss":0.0,"damage_taken":0.0,"relics_obtained":["alterego_mod:SomeoneToFightFor"]}],"is_beta":false,"boss_relics":[{"not_picked":["reliquary:KinkedSpring","Guardian:StasisSlotReductionRelic"],"picked":"Fusion Hammer"}],"items_purged_floors":[23],"is_endless":false,"potions_floor_spawned":[2,6,13,14,16,20,27,30,32],"killed_by":"SI_MIRROR_ARCHETYPE","ascension_level":0}}