{"host":"ow66nzv2xecjoor3","time":1612240805,"event":{"mods":["BaseMod","Bestiary","Block Reminder","Colored Powertips","Curses Come First","Highlight Path","Keyboard Shortcuts","Minty Spire (QoL Compilation)","Permanent Neow","Relic Stats","StSLib","UnlockEverythingMod"],"gold_per_floor":[110,33,33,108,108,133,133,151,174,200,212,228,228,262,262,337,337,356,376,392,145,163,190,190,190,190,204,38,63,63,63,63,135,135,152,152,168,168,195,195,222,222,222,222,34,48,48,75,75,75,75,75,75,0,33,33],"floor_reached":57,"language":"ENG","playtime":2762,"items_purged":["Strike_G","Strike_G"],"score":2928,"play_id":"e557a04e-f379-437b-a471-ffa86c1dd945","local_time":"20210201224005","is_ascension_mode":true,"campfire_choices":[{"data":"Noxious Fumes","floor":7.0,"key":"SMITH"},{"data":"Die Die Die","floor":13.0,"key":"SMITH"},{"data":"Footwork","floor":15.0,"key":"SMITH"},{"floor":24.0,"key":"REST"},{"data":"Catalyst","floor":30.0,"key":"SMITH"},{"data":"Footwork","floor":32.0,"key":"SMITH"},{"data":"Crippling Poison","floor":40,"key":"SMITH"},{"data":"PiercingWail","floor":42,"key":"SMITH"},{"floor":49,"key":"RECALL"},{"floor":53,"key":"REST"}],"circlet_count":0,"master_deck":["AscendersBane","Strike_G","Strike_G","Defend_G","Defend_G","Defend_G","Defend_G","Defend_G","Survivor","Neutralize","Footwork+1","Noxious Fumes+1","Choke","Die Die Die+1","Deadly Poison","Blade Dance","PiercingWail+1","Dodge and Roll","Adrenaline","Noxious Fumes+1","Catalyst+1","Adrenaline","Footwork+1","Adrenaline","After Image","Blur","Crippling Poison+1","Blind","PanicButton","Heel Hook+1","Acrobatics","Deflect","Footwork","Calculated Gamble"],"relics":["Ring of the Snake","NeowsBlessing","TungstenRod","Blood Vial","Tiny Chest","Question Card","Sozu","Happy Flower","Pear","TwistedFunnel","Molten Egg 2","White Beast Statue","Runic Pyramid","PreservedInsect","Orichalcum","HornCleat","Shuriken","Incense Burner","Strawberry"],"acts_visited":["Exordium","TheCity","TheBeyond","TheEnding"],"potions_floor_usage":[51,56],"damage_taken":[{"damage":0.0,"enemies":"Jaw Worm","floor":1.0,"turns":1.0},{"damage":0.0,"enemies":"3 Sentries","floor":6.0,"turns":2.0},{"damage":0.0,"enemies":"2 Louse","floor":8.0,"turns":2.0},{"damage":9.0,"enemies":"Lagavulin","floor":10.0,"turns":7.0},{"damage":0.0,"enemies":"Cultist","floor":11.0,"turns":3.0},{"damage":13.0,"enemies":"Red Slaver","floor":12.0,"turns":4.0},{"damage":11.0,"enemies":"3 Sentries","floor":14.0,"turns":6.0},{"damage":19.0,"enemies":"Slime Boss","floor":16.0,"turns":11.0},{"damage":0.0,"enemies":"3 Byrds","floor":18.0,"turns":5.0},{"damage":8.0,"enemies":"Spheric Guardian","floor":19.0,"turns":5.0},{"damage":8.0,"enemies":"Centurion and Healer","floor":20.0,"turns":7.0},{"damage":15.0,"enemies":"Sentry and Sphere","floor":22.0,"turns":3.0},{"damage":32.0,"enemies":"Gremlin Leader","floor":23.0,"turns":6.0},{"damage":10.0,"enemies":"Snecko","floor":27.0,"turns":5.0},{"damage":10.0,"enemies":"Book of Stabbing","floor":29.0,"turns":6.0},{"damage":12.0,"enemies":"Automaton","floor":33.0,"turns":8.0},{"damage":0,"enemies":"3 Shapes","floor":35,"turns":4},{"damage":0,"enemies":"Orb Walker","floor":37,"turns":3},{"damage":6,"enemies":"Nemesis","floor":41,"turns":5},{"damage":0,"enemies":"Transient","floor":46,"turns":6},{"damage":0,"enemies":"Reptomancer","floor":48,"turns":5},{"damage":29,"enemies":"Time Eater","floor":50,"turns":15},{"damage":0,"enemies":"Donu and Deca","floor":51,"turns":10},{"damage":15,"enemies":"Shield and Spear","floor":55,"turns":8},{"damage":47,"enemies":"The Heart","floor":56,"turns":11}],"seed_played":"2163725046146649059","potions_obtained":[{"floor":1.0,"key":"AttackPotion"},{"floor":10.0,"key":"SpeedPotion"},{"floor":11.0,"key":"Dexterity Potion"}],"is_trial":false,"path_per_floor":["M","$","?","?","?","E","R","M","T","E","M","M","R","E","R","B",null,"M","M","M","$","M","E","R","?","T","M","$","E","R","T","R","B",null,"M","?","M","?","T","R","E","R","T","T","$","M","?","E","R","B","B",null,"R","$","E","B",null],"character_chosen":"THE_SILENT","items_purchased":["Noxious Fumes","Happy Flower","TwistedFunnel","Acrobatics","Deflect","Calculated Gamble"],"campfire_rested":2,"item_purchase_floors":[2,21,28,45,45,54],"current_hp_per_floor":[59,59,64,53,53,53,53,53,53,46,48,37,37,28,28,11,56,58,52,46,46,33,13,37,37,37,29,29,21,21,21,21,11,64,66,66,68,59,59,59,55,55,55,55,55,57,57,59,59,32,34,69,81,81,73,28],"gold":33,"neow_bonus":"THREE_ENEMY_KILL","is_daily":false,"chose_seed":false,"campfire_upgraded":7,"win_rate":0.0,"timestamp":1612240805,"path_taken":["M","$","?","?","?","E","R","M","T","E","?","M","R","E","R","BOSS","M","M","M","$","M","E","R","?","T","?","$","E","R","?","R","BOSS","BOSS","M","?","M","?","?","R","E","R","T","?","$","?","?","E","R","BOSS","BOSS","R","$","E","BOSS"],"items_purchased_type":["Card","Relic","Relic","Card","Card","Card"],"build_version":"2020-12-22","purchased_purges":2,"victory":true,"max_hp_per_floor":[66,66,71,71,71,71,71,71,71,71,71,71,71,71,71,71,71,71,71,71,71,71,81,81,81,81,81,81,81,81,81,81,81,81,81,81,81,81,81,81,81,81,81,81,81,81,81,81,81,81,81,81,81,81,88,88],"relic_stats":{"Blood Vial":42,"Sozu":7,"Happy Flower":[31],"counters":[25,148],"Shuriken":[14],"Tiny Chest":2,"PreservedInsect":188,"Orichalcum":[36],"Question Card":19,"obtain_stats":[{"TwistedFunnel":28,"Pear":23,"NeowsBlessing":0,"Happy Flower":21,"PreservedInsect":39,"Incense Burner":48,"Orichalcum":41,"Question Card":14,"White Beast Statue":31,"Blood Vial":9,"Sozu":17,"HornCleat":43,"Shuriken":44,"Strawberry":55,"Tiny Chest":10,"Molten Egg 2":29,"TungstenRod":6,"Ring of the Snake":0,"Runic Pyramid":34},{"TwistedFunnel":14,"Pear":13,"NeowsBlessing":0,"Happy Flower":11,"PreservedInsect":18,"Incense Burner":21,"Orichalcum":19,"Question Card":7,"White Beast Statue":15,"Blood Vial":3,"Sozu":8,"HornCleat":19,"Shuriken":19,"Strawberry":24,"Tiny Chest":4,"Molten Egg 2":15,"TungstenRod":2,"Ring of the Snake":0,"Runic Pyramid":16},{"TwistedFunnel":67,"Pear":62,"NeowsBlessing":0,"Happy Flower":53,"PreservedInsect":88,"Incense Burner":104,"Orichalcum":93,"Question Card":25,"White Beast Statue":73,"Blood Vial":5,"Sozu":36,"HornCleat":93,"Shuriken":93,"Strawberry":137,"Tiny Chest":12,"Molten Egg 2":73,"TungstenRod":3,"Ring of the Snake":0,"Runic Pyramid":81}],"TungstenRod":87,"Ring of the Snake":[50]},"card_choices":[{"not_picked":["Dash","Calculated Gamble"],"picked":"Footwork","floor":1.0},{"not_picked":["Bouncing Flask","All Out Attack"],"picked":"Die Die Die","floor":6.0},{"not_picked":["PiercingWail","Prepared"],"picked":"Deadly Poison","floor":8.0},{"not_picked":["Envenom","Cloak And Dagger","Quick Slash"],"picked":"SKIP","floor":10.0},{"not_picked":["Flying Knee","Prepared"],"picked":"Blade Dance","floor":11.0},{"not_picked":["Bane","Poisoned Stab"],"picked":"PiercingWail","floor":12.0},{"not_picked":["Bouncing Flask","Quick Slash"],"picked":"Dodge and Roll","floor":14.0},{"not_picked":["Storm of Steel","A Thousand Cuts","After Image"],"picked":"Adrenaline","floor":16.0},{"not_picked":["Blade Dance+1","Riddle With Holes","Outmaneuver+1"],"picked":"Noxious Fumes+1","floor":18.0},{"not_picked":["Dodge and Roll","Bouncing Flask","Predator"],"picked":"Catalyst","floor":19.0},{"not_picked":["Outmaneuver","Poisoned Stab","Dagger Spray"],"picked":"Acrobatics","floor":20.0},{"not_picked":["Prepared","Quick Slash","Tactician"],"picked":"Adrenaline","floor":22.0},{"not_picked":["Finisher","Cloak And Dagger","Skewer","Deflect"],"picked":"SKIP","floor":23.0},{"not_picked":["Dagger Throw","Underhanded Strike+1","Infinite Blades"],"picked":"Footwork","floor":27.0},{"not_picked":["All Out Attack+1","Dagger Spray+1","Underhanded Strike+1"],"picked":"Adrenaline","floor":29.0},{"not_picked":["Bullet Time","Grand Finale+1","Die Die Die+1"],"picked":"After Image","floor":33},{"not_picked":["Poisoned Stab+1","Dagger Throw+1","Prepared"],"picked":"Blur","floor":35},{"not_picked":["Deadly Poison","Endless Agony+1","Bane+1"],"picked":"Crippling Poison","floor":37},{"not_picked":["Mind Blast+1","Mayhem","Dramatic Entrance+1"],"picked":"Blind","floor":38},{"not_picked":["Impatience","Madness","Bandage Up"],"picked":"PanicButton","floor":38},{"not_picked":["Sucker Punch+1","Quick Slash+1","Deadly Poison"],"picked":"Heel Hook+1","floor":41},{"not_picked":["Underhanded Strike+1","Cloak And Dagger","Riddle With Holes+1","Caltrops"],"picked":"SKIP","floor":46},{"not_picked":["Prepared","Infinite Blades","Acrobatics"],"picked":"Footwork","floor":48},{"not_picked":["Sucker Punch+1","Blade Dance+1","Dagger Throw+1","Dagger Spray+1"],"picked":"SKIP","floor":55}],"player_experience":2815344,"relics_obtained":[{"floor":6.0,"key":"TungstenRod"},{"floor":9.0,"key":"Blood Vial"},{"floor":10.0,"key":"Tiny Chest"},{"floor":14.0,"key":"Question Card"},{"floor":23.0,"key":"Pear"},{"floor":29.0,"key":"Molten Egg 2"},{"floor":31.0,"key":"White Beast Statue"},{"floor":39,"key":"PreservedInsect"},{"floor":41,"key":"Orichalcum"},{"floor":43,"key":"HornCleat"},{"floor":44,"key":"Shuriken"},{"floor":48,"key":"Incense Burner"},{"floor":55,"key":"Strawberry"}],"event_choices":[{"damage_healed":0.0,"max_hp_gain":5.0,"max_hp_loss":0.0,"gold_gain":0.0,"event_name":"Big Fish","player_choice":"Donut","floor":3.0,"gold_loss":0.0,"damage_taken":0.0},{"damage_healed":0.0,"max_hp_gain":0.0,"max_hp_loss":0.0,"gold_gain":75.0,"event_name":"World of Goop","player_choice":"Gather Gold","floor":4.0,"gold_loss":0.0,"damage_taken":11.0},{"damage_healed":0.0,"max_hp_gain":0.0,"max_hp_loss":0.0,"gold_gain":0.0,"cards_transformed":["Strike_G"],"event_name":"Transmorgrifier","player_choice":"Transformed","floor":5.0,"gold_loss":0.0,"damage_taken":0.0,"cards_obtained":["Choke"]},{"damage_healed":0.0,"max_hp_gain":0.0,"max_hp_loss":0.0,"gold_gain":0.0,"event_name":"N\u0027loth","player_choice":"Ignored","floor":25.0,"gold_loss":0.0,"damage_taken":0.0},{"cards_removed":["Acrobatics"],"damage_healed":0,"gold_gain":0,"player_choice":"Removed Skill","damage_taken":0,"max_hp_gain":0,"max_hp_loss":0,"event_name":"Falling","floor":36,"gold_loss":0},{"damage_healed":0,"gold_gain":0,"player_choice":"Memory 3","damage_taken":10,"max_hp_gain":0,"max_hp_loss":0,"event_name":"SensoryStone","floor":38,"gold_loss":0},{"damage_healed":0,"gold_gain":0,"player_choice":"Ignored","damage_taken":0,"max_hp_gain":0,"max_hp_loss":0,"event_name":"Mysterious Sphere","floor":47,"gold_loss":0}],"is_beta":false,"boss_relics":[{"not_picked":["Astrolabe","SacredBark"],"picked":"Sozu"},{"not_picked":["Velvet Choker","SlaversCollar"],"picked":"Runic Pyramid"}],"items_purged_floors":[21,45],"is_endless":false,"potions_floor_spawned":[1,10,11,12,22,23,27,33,35,37,41,46,48,55],"ascension_level":20}}