{"host":"uv5ws9rdk87e8i5k","time":1612283655,"event":{"mods":["AchievementEnabler","BaseMod","Colored Map","Minty Spire (QoL Compilation)","Permanent Neow","Quick Restart","StSLib","SuperFastMode","The Necromancer"],"gold_per_floor":[15,15,15,36,56,56,97,97,97,110,123,123,138,154,154,284,284,302,302,31,31,52,52,95,110,157,157,171,210,210,226,226,352,352,367,33,53,78,2,2,45,45,57,85,120,132,177,42,42,42,42],"floor_reached":50,"language":"ENG","playtime":1806,"items_purged":["Strike_G"],"score":991,"play_id":"d16f92ff-6cbe-42fa-a23e-7652d2009b75","local_time":"20210202103415","is_ascension_mode":true,"campfire_choices":[{"floor":6.0,"key":"DIG"},{"floor":8.0,"key":"DIG"},{"floor":12.0,"key":"DIG"},{"data":"Infinite Blades","floor":15.0,"key":"SMITH"},{"floor":23.0,"key":"DIG"},{"floor":27.0,"key":"REST"},{"floor":30.0,"key":"DIG"},{"floor":32.0,"key":"REST"},{"floor":40,"key":"DIG"},{"floor":42,"key":"DIG"},{"floor":49,"key":"REST"}],"circlet_count":0,"master_deck":["AscendersBane","Strike_G","Strike_G","Strike_G","Strike_G","Defend_G","Defend_G","Defend_G","Defend_G","Defend_G","Survivor","Neutralize","Cloak And Dagger+1","Backstab","Deadly Poison","Infinite Blades+1","Deadly Poison","Cloak And Dagger","Blade Dance","Phantasmal Killer","CurseOfTheBell","Backflip","Dagger Throw","Deadly Poison+1","Footwork","Terror+1","Deadly Poison+1","Catalyst+1","Riddle With Holes+1","Acrobatics+1","Backflip+1","Adrenaline+1","Accuracy","Quick Slash","Crippling Poison+1","Finisher+1","Phantasmal Killer+1","Masterful Stab+1","Deadly Poison+1"],"relics":["Ring of the Snake","Shovel","Golden Idol","Pantograph","Turnip","Toy Ornithopter","HornCleat","Bottled Flame","Calling Bell","Art of War","Pear","FossilizedHelix","Toxic Egg 2","Happy Flower","Bag of Marbles","Blood Vial","Oddly Smooth Stone","Regal Pillow","Black Star","Mercury Hourglass","Omamori","Ginger","Meat on the Bone","MawBank","Kunai","Gremlin Horn","Centennial Puzzle","Lantern"],"acts_visited":["Exordium","TheCity","TheBeyond"],"potions_floor_usage":[33,37,37,44,45,47,50,50],"damage_taken":[{"damage":0.0,"enemies":"Small Slimes","floor":1.0,"turns":6.0},{"damage":1.0,"enemies":"Jaw Worm","floor":4.0,"turns":5.0},{"damage":0.0,"enemies":"2 Louse","floor":5.0,"turns":2.0},{"damage":44.0,"enemies":"Lagavulin","floor":7.0,"turns":12.0},{"damage":0.0,"enemies":"Gremlin Gang","floor":10.0,"turns":5.0},{"damage":1.0,"enemies":"Lots of Slimes","floor":11.0,"turns":5.0},{"damage":0.0,"enemies":"Looter","floor":13.0,"turns":3.0},{"damage":1.0,"enemies":"Gremlin Gang","floor":14.0,"turns":4.0},{"damage":20.0,"enemies":"Hexaghost","floor":16.0,"turns":10.0},{"damage":3.0,"enemies":"3 Byrds","floor":18.0,"turns":7.0},{"damage":11.0,"enemies":"2 Thieves","floor":22.0,"turns":4.0},{"damage":42.0,"enemies":"Gremlin Leader","floor":24.0,"turns":6.0},{"damage":9.0,"enemies":"Centurion and Healer","floor":25.0,"turns":2.0},{"damage":10.0,"enemies":"Snake Plant","floor":28.0,"turns":3.0},{"damage":35.0,"enemies":"Book of Stabbing","floor":29.0,"turns":5.0},{"damage":0.0,"enemies":"Sentry and Sphere","floor":31.0,"turns":3.0},{"damage":0,"enemies":"Champ","floor":33,"turns":7},{"damage":0,"enemies":"Orb Walker","floor":35,"turns":3},{"damage":29,"enemies":"3 Darklings","floor":37,"turns":9},{"damage":7,"enemies":"Jaw Worm Horde","floor":38,"turns":5},{"damage":33,"enemies":"Giant Head","floor":41,"turns":7},{"damage":0,"enemies":"Maw","floor":44,"turns":5},{"damage":8,"enemies":"4 Shapes","floor":45,"turns":4},{"damage":38,"enemies":"Reptomancer","floor":47,"turns":6},{"damage":91,"enemies":"Time Eater","floor":50,"turns":7}],"seed_played":"8963628036005613458","potions_obtained":[{"floor":7.0,"key":"Block Potion"},{"floor":11.0,"key":"PowerPotion"},{"floor":13.0,"key":"Swift Potion"},{"floor":14.0,"key":"EssenceOfSteel"},{"floor":16.0,"key":"SkillPotion"},{"floor":22.0,"key":"SteroidPotion"},{"floor":24.0,"key":"FairyPotion"},{"floor":31.0,"key":"PowerPotion"},{"floor":35,"key":"Dexterity Potion"},{"floor":38,"key":"Energy Potion"},{"floor":44,"key":"Explosive Potion"}],"is_trial":false,"path_per_floor":["M","?","?","M","M","R","E","R","T","M","M","R","M","M","R","B",null,"M","?","$","?","M","R","E","M","T","R","M","E","R","M","R","B",null,"M","$","M","M","?","R","E","R","T","M","M","T","E","$","R","B"],"character_chosen":"THE_SILENT","items_purchased":["PowerPotion","Dagger Throw","Deadly Poison+1","Footwork","Terror+1","Accuracy","LiquidMemories","Fire Potion","Quick Slash","DuplicationPotion","SteroidPotion","Deadly Poison+1"],"campfire_rested":3,"item_purchase_floors":[20,20,20,20,20,36,36,36,36,48,48,48],"current_hp_per_floor":[63,63,63,62,62,62,18,18,18,23,22,22,22,21,21,36,68,65,65,65,59,53,53,16,17,17,39,31,22,22,24,61,75,75,75,75,51,46,46,46,15,15,15,34,45,45,26,26,63,0,0],"gold":42,"neow_bonus":"ONE_RARE_RELIC","is_daily":false,"chose_seed":false,"campfire_upgraded":1,"win_rate":0.0,"timestamp":1612283655,"path_taken":["M","?","?","M","M","R","E","R","T","M","M","R","M","M","R","BOSS","M","?","$","?","M","R","E","?","T","R","M","E","R","M","R","BOSS","M","$","?","M","?","R","E","R","T","?","?","?","E","?","R","BOSS"],"items_purchased_type":["Potion","Card","Card","Card","Card","Card","Potion","Potion","Card","Potion","Potion","Card"],"build_version":"2020-12-22","purchased_purges":1,"victory":false,"max_hp_per_floor":[70,70,65,65,65,65,65,65,65,65,65,65,65,65,65,65,75,75,75,75,75,75,75,75,75,75,75,75,75,75,75,75,75,75,75,75,75,75,75,75,75,75,75,75,75,75,75,75,75,75,75],"card_choices":[{"not_picked":["Blade Dance","Endless Agony"],"picked":"Cloak And Dagger","floor":1.0},{"not_picked":["Dagger Throw","Riddle With Holes"],"picked":"Backstab","floor":4.0},{"not_picked":["Envenom","Dash"],"picked":"Deadly Poison","floor":5.0},{"not_picked":["Outmaneuver","Dagger Spray","Masterful Stab"],"picked":"SKIP","floor":7.0},{"not_picked":["Choke","All Out Attack"],"picked":"Infinite Blades","floor":10.0},{"not_picked":["Eviscerate","Endless Agony"],"picked":"Deadly Poison","floor":11.0},{"not_picked":["Deflect","Dagger Throw"],"picked":"Cloak And Dagger","floor":13.0},{"not_picked":["Predator","Outmaneuver"],"picked":"Blade Dance","floor":14.0},{"not_picked":["Unload","Malaise"],"picked":"Phantasmal Killer","floor":16.0},{"not_picked":["Underhanded Strike","Flying Knee"],"picked":"Backflip","floor":18.0},{"not_picked":["Die Die Die","Deflect+1"],"picked":"Deadly Poison+1","floor":22.0},{"not_picked":["Acrobatics+1","Deflect+1"],"picked":"Catalyst+1","floor":24.0},{"not_picked":["Poisoned Stab","Quick Slash"],"picked":"Riddle With Holes+1","floor":25.0},{"not_picked":["Underhanded Strike","Terror+1"],"picked":"Acrobatics+1","floor":28.0},{"not_picked":["Sucker Punch+1","Setup+1","Acrobatics+1"],"picked":"SKIP","floor":29.0},{"not_picked":["Infinite Blades","Predator"],"picked":"Backflip+1","floor":31.0},{"not_picked":["Tools of the Trade","Glass Knife"],"picked":"Adrenaline+1","floor":33},{"not_picked":["All Out Attack","Outmaneuver+1","Underhanded Strike"],"picked":"SKIP","floor":35},{"not_picked":["PiercingWail+1","Deadly Poison+1"],"picked":"Crippling Poison+1","floor":37},{"not_picked":["Underhanded Strike","Slice","Reflex+1"],"picked":"SKIP","floor":38},{"not_picked":["Masterful Stab","Outmaneuver+1","Bane"],"picked":"SKIP","floor":41},{"not_picked":["Setup+1","All Out Attack+1"],"picked":"Finisher+1","floor":44},{"not_picked":["Slice","Poisoned Stab"],"picked":"Phantasmal Killer+1","floor":45},{"not_picked":["Bane+1","Acrobatics+1"],"picked":"Masterful Stab+1","floor":47}],"player_experience":336170,"relics_obtained":[{"floor":6.0,"key":"Pantograph"},{"floor":7.0,"key":"Turnip"},{"floor":8.0,"key":"Toy Ornithopter"},{"floor":9.0,"key":"HornCleat"},{"floor":12.0,"key":"Bottled Flame"},{"floor":17.0,"key":"Art of War"},{"floor":17.0,"key":"Pear"},{"floor":17.0,"key":"FossilizedHelix"},{"floor":23.0,"key":"Happy Flower"},{"floor":24.0,"key":"Bag of Marbles"},{"floor":26.0,"key":"Blood Vial"},{"floor":29.0,"key":"Oddly Smooth Stone"},{"floor":30.0,"key":"Regal Pillow"},{"floor":40,"key":"Omamori"},{"floor":41,"key":"Ginger"},{"floor":41,"key":"Meat on the Bone"},{"floor":42,"key":"MawBank"},{"floor":43,"key":"Kunai"},{"floor":46,"key":"Gremlin Horn"},{"floor":47,"key":"Centennial Puzzle"},{"floor":47,"key":"Lantern"}],"event_choices":[{"damage_healed":0.0,"max_hp_gain":0.0,"max_hp_loss":0.0,"gold_gain":0.0,"event_name":"Living Wall","player_choice":"Grow","floor":2.0,"gold_loss":0.0,"damage_taken":0.0,"cards_upgraded":["Cloak And Dagger"]},{"damage_healed":0.0,"max_hp_gain":0.0,"max_hp_loss":5.0,"gold_gain":0.0,"event_name":"Golden Idol","player_choice":"Lose Max HP","floor":3.0,"gold_loss":0.0,"damage_taken":0.0,"relics_obtained":["Golden Idol"]},{"damage_healed":0.0,"max_hp_gain":0.0,"max_hp_loss":0.0,"gold_gain":0.0,"event_name":"The Mausoleum","player_choice":"Opened","floor":19.0,"gold_loss":0.0,"damage_taken":0.0,"relics_obtained":["Toxic Egg 2"]},{"damage_healed":0.0,"max_hp_gain":0.0,"max_hp_loss":0.0,"gold_gain":0.0,"event_name":"Knowing Skull","player_choice":"","floor":21.0,"potions_obtained":[],"gold_loss":0.0,"damage_taken":6.0,"cards_obtained":[]},{"damage_healed":0,"gold_gain":0,"player_choice":"Paid Gold","damage_taken":0,"relics_obtained":["Mercury Hourglass"],"max_hp_gain":0,"max_hp_loss":0,"event_name":"WeMeetAgain","floor":39,"gold_loss":76}],"is_beta":false,"boss_relics":[{"not_picked":["Ring of the Serpent","Fusion Hammer"],"picked":"Calling Bell"},{"not_picked":["Pandora\u0027s Box","Cursed Key"],"picked":"Black Star"}],"items_purged_floors":[36],"is_endless":false,"potions_floor_spawned":[7,11,13,14,16,22,24,31,35,38,44],"killed_by":"Time Eater","ascension_level":10}}