{"host":"fuszjwm6fqgjjp4d","time":1612252461,"event":{"mods":["BaseMod","Bestiary","Colored Map","DeckTracker","Minty Spire (QoL Compilation)","Permanent Neow","Relic Sorter","Relic Stats","StSLib"],"gold_per_floor":[110,127,202,202,202,202,217,251,278,278,296,296,296],"floor_reached":12,"language":"ENG","playtime":287,"items_purged":[],"score":156,"play_id":"cbecd88e-a588-47fd-bf86-5ac3bd80a57e","local_time":"20210202015421","is_ascension_mode":true,"campfire_choices":[{"data":"Zap","floor":6.0,"key":"SMITH"},{"data":"Barrage","floor":10.0,"key":"SMITH"}],"circlet_count":0,"master_deck":["AscendersBane","Strike_B","Strike_B","Strike_B+1","Strike_B","Defend_B","Defend_B","Defend_B","Defend_B","Zap+1","Dualcast+1","Finesse","Barrage+1","Cold Snap","Coolheaded","Barrage"],"relics":["Cracked Core","Blood Vial","Smiling Mask"],"acts_visited":["Exordium"],"potions_floor_usage":[12,12],"damage_taken":[{"damage":1.0,"enemies":"Cultist","floor":1.0,"turns":3.0},{"damage":4.0,"enemies":"Small Slimes","floor":2.0,"turns":3.0},{"damage":0.0,"enemies":"Jaw Worm","floor":7.0,"turns":2.0},{"damage":14.0,"enemies":"3 Sentries","floor":8.0,"turns":9.0},{"damage":4.0,"enemies":"2 Fungi Beasts","floor":11.0,"turns":3.0},{"damage":34,"enemies":"Gremlin Nob","floor":12,"turns":3}],"seed_played":"2545803944810851759","potions_obtained":[{"floor":5.0,"key":"SteroidPotion"},{"floor":5.0,"key":"Swift Potion"},{"floor":7.0,"key":"PowerPotion"},{"floor":8.0,"key":"CultistPotion"}],"is_trial":false,"path_per_floor":["M","M","?","?","?","R","M","E","T","R","M","E"],"character_chosen":"DEFECT","items_purchased":[],"campfire_rested":0,"item_purchase_floors":[],"current_hp_per_floor":[63,59,48,27,27,27,27,13,13,13,11,0,0],"gold":296,"neow_bonus":"RANDOM_COLORLESS","is_daily":false,"chose_seed":false,"campfire_upgraded":2,"win_rate":0.0,"timestamp":1612252461,"path_taken":["M","M","?","?","?","R","M","E","T","R","M","E"],"items_purchased_type":[],"build_version":"2020-12-22","purchased_purges":0,"victory":false,"max_hp_per_floor":[71,71,71,71,71,71,71,71,71,71,71,71,71],"relic_stats":{"Blood Vial":4,"counters":[6,23],"Smiling Mask":0,"obtain_stats":[{"Blood Vial":8,"Cracked Core":0,"Smiling Mask":9},{"Blood Vial":4,"Cracked Core":0,"Smiling Mask":4},{"Blood Vial":17,"Cracked Core":0,"Smiling Mask":17}]},"card_choices":[{"not_picked":["Jack Of All Trades","Panacea"],"picked":"Finesse","floor":0.0},{"not_picked":["Redo","Gash"],"picked":"Barrage","floor":1.0},{"not_picked":["Blizzard","Streamline"],"picked":"Cold Snap","floor":2.0},{"not_picked":["Blizzard","Leap"],"picked":"Coolheaded","floor":7.0},{"not_picked":["Steam","Stack","Leap"],"picked":"SKIP","floor":8.0},{"not_picked":["Consume","Storm"],"picked":"Barrage","floor":11.0}],"player_experience":1423489,"relics_obtained":[{"floor":8.0,"key":"Blood Vial"},{"floor":9.0,"key":"Smiling Mask"}],"event_choices":[{"damage_healed":0.0,"max_hp_gain":0.0,"max_hp_loss":0.0,"gold_gain":75.0,"event_name":"World of Goop","player_choice":"Gather Gold","floor":3.0,"gold_loss":0.0,"damage_taken":11.0},{"damage_healed":0.0,"max_hp_gain":0.0,"max_hp_loss":0.0,"gold_gain":0.0,"event_name":"Shining Light","player_choice":"Entered Light","floor":4.0,"gold_loss":0.0,"damage_taken":21.0,"cards_upgraded":["Dualcast","Strike_B"]},{"damage_healed":0.0,"max_hp_gain":0.0,"max_hp_loss":0.0,"gold_gain":0.0,"event_name":"Lab","player_choice":"Got Potions","floor":5.0,"gold_loss":0.0,"damage_taken":0.0}],"is_beta":false,"boss_relics":[],"items_purged_floors":[],"is_endless":false,"potions_floor_spawned":[7,8],"killed_by":"Gremlin Nob","ascension_level":20}}