{"host":"t1puqh5lxz8sp6fn","time":1612225639,"event":{"mods":["AchievementEnabler","BaseMod","Colored Powertips","Minty Spire (QoL Compilation)","Rare Cards Sparkle","Relic Stats","StSLib"],"gold_per_floor":[363,333,112,131,150,150,179,179,204,204,231,251,284,299,299,373,373,383,400,400,72,89,89,117,42,42,42,42,59,59,93,93,93,93],"floor_reached":33,"playtime":1238,"items_purged":["Strike_B"],"score":500,"play_id":"bb25f115-8704-4b16-8875-2bbcf44cff7c","local_time":"20210201212719","is_ascension_mode":true,"campfire_choices":[{"data":"Reinforced Body","floor":6,"key":"SMITH"},{"floor":10,"key":"REST"},{"floor":15,"key":"REST"},{"floor":23,"key":"REST"},{"floor":27,"key":"REST"},{"data":"Fusion","floor":32,"key":"SMITH"}],"circlet_count":0,"master_deck":["AscendersBane","Strike_B","Strike_B","Defend_B","Defend_B","Defend_B","Defend_B","Zap","Dualcast","Reinforced Body+1","Doom and Gloom","Tempest","Go for the Eyes","Sweeping Beam","Fusion+1","Undo","Machine Learning","Conserve Battery","Stack+1","Core Surge","Self Repair+1","Self Repair","Multi-Cast"],"relics":["Cracked Core","Regal Pillow","Blood Vial","Centennial Puzzle","Bottled Lightning","Bird Faced Urn","Sozu","PreservedInsect","Cables","Bag of Preparation","Lizard Tail","Boot","Art of War"],"acts_visited":["Exordium","TheCity"],"potions_floor_usage":[7,11,16],"damage_taken":[{"damage":1,"enemies":"Cultist","floor":1,"turns":3},{"damage":2,"enemies":"Jaw Worm","floor":4,"turns":3},{"damage":0,"enemies":"Small Slimes","floor":5,"turns":3},{"damage":12,"enemies":"Lagavulin","floor":7,"turns":7},{"damage":39,"enemies":"3 Sentries","floor":11,"turns":6},{"damage":9,"enemies":"Red Slaver","floor":12,"turns":3},{"damage":35,"enemies":"Lagavulin","floor":13,"turns":5},{"damage":10,"enemies":"Lots of Slimes","floor":14,"turns":3},{"damage":12,"enemies":"Slime Boss","floor":16,"turns":9},{"damage":18,"enemies":"3 Byrds","floor":18,"turns":4},{"damage":16,"enemies":"Chosen","floor":19,"turns":5},{"damage":19,"enemies":"3 Cultists","floor":22,"turns":5},{"damage":47,"enemies":"Book of Stabbing","floor":24,"turns":5},{"damage":15,"enemies":"Centurion and Healer","floor":29,"turns":6},{"damage":19,"enemies":"Gremlin Leader","floor":31,"turns":8},{"damage":123,"enemies":"Champ","floor":33,"turns":10}],"seed_played":"-5236655156533269958","potions_obtained":[{"floor":2,"key":"SmokeBomb"},{"floor":2,"key":"Ancient Potion"},{"floor":4,"key":"FairyPotion"},{"floor":5,"key":"Fire Potion"},{"floor":7,"key":"SkillPotion"},{"floor":13,"key":"DuplicationPotion"},{"floor":14,"key":"Ancient Potion"}],"is_trial":false,"path_per_floor":["M","?","$","M","M","R","E","?","T","R","E","M","E","M","R","B",null,"M","M","?","$","M","R","E","$","T","R","?","M","?","E","R","B"],"character_chosen":"DEFECT","items_purchased":["Regal Pillow","Doom and Gloom","Cables","Core Surge"],"campfire_rested":4,"item_purchase_floors":[3,3,21,21],"current_hp_per_floor":[49,49,49,47,47,47,35,35,35,72,35,28,22,14,51,41,67,51,39,39,39,24,61,18,18,18,55,55,56,56,62,62,0,0],"gold":93,"neow_bonus":"TWO_FIFTY_GOLD","is_daily":false,"chose_seed":false,"campfire_upgraded":2,"win_rate":0.0,"timestamp":1612225639,"path_taken":["M","?","$","?","M","R","E","?","T","R","E","M","E","M","R","BOSS","M","M","?","$","?","R","E","?","T","R","?","M","?","E","R","BOSS"],"items_purchased_type":["Relic","Card","Relic","Card"],"build_version":"2020-12-13","purchased_purges":1,"victory":false,"max_hp_per_floor":[75,75,75,75,75,75,75,75,75,75,75,75,75,75,75,75,75,75,75,75,75,75,75,75,75,75,75,75,75,75,75,75,75,75],"relic_stats":{"Regal Pillow":60,"counters":[16,85],"PreservedInsect":88,"Bag of Preparation":[6],"Boot":[10],"Cables":[30,25,0,1,4],"Blood Vial":24,"Sozu":2,"Centennial Puzzle":[36],"Lizard Tail":37,"Bird Faced Urn":[22],"Art of War":[2],"obtain_stats":[{"Regal Pillow":3,"PreservedInsect":20,"Bag of Preparation":24,"Boot":28,"Cables":21,"Blood Vial":7,"Sozu":17,"Centennial Puzzle":9,"Lizard Tail":26,"Bird Faced Urn":13,"Art of War":31,"Bottled Lightning":11,"Cracked Core":0},{"Regal Pillow":1,"PreservedInsect":11,"Bag of Preparation":13,"Boot":13,"Cables":11,"Blood Vial":4,"Sozu":9,"Centennial Puzzle":4,"Lizard Tail":13,"Bird Faced Urn":7,"Art of War":15,"Bottled Lightning":5,"Cracked Core":0},{"Regal Pillow":3,"PreservedInsect":51,"Bag of Preparation":61,"Boot":61,"Cables":51,"Blood Vial":16,"Sozu":42,"Centennial Puzzle":16,"Lizard Tail":61,"Bird Faced Urn":30,"Art of War":75,"Bottled Lightning":22,"Cracked Core":0}]},"card_choices":[{"not_picked":["Hologram","Fusion"],"picked":"Reinforced Body","floor":1},{"not_picked":["Coolheaded","Conserve Battery"],"picked":"Tempest","floor":4},{"not_picked":["Lockon","Fusion"],"picked":"Go for the Eyes","floor":5},{"not_picked":["Hologram","Double Energy"],"picked":"Sunder","floor":7},{"not_picked":["Reboot","Recycle"],"picked":"Sweeping Beam","floor":11},{"not_picked":["Cold Snap","Blizzard"],"picked":"Fusion","floor":12},{"not_picked":["Steam","Rip and Tear"],"picked":"Undo","floor":13},{"not_picked":["Redo","Cold Snap","Stack"],"picked":"SKIP","floor":14},{"not_picked":["Seek","Biased Cognition"],"picked":"Machine Learning","floor":16},{"not_picked":["Coolheaded","Leap"],"picked":"Conserve Battery","floor":18},{"not_picked":["Compile Driver+1","FTL"],"picked":"Stack+1","floor":19},{"not_picked":["Beam Cell","Go for the Eyes","Consume"],"picked":"SKIP","floor":22},{"not_picked":["Glacier","Hologram"],"picked":"Self Repair+1","floor":24},{"not_picked":["Stack","Cold Snap"],"picked":"Self Repair","floor":29},{"not_picked":["Cold Snap","Reprogram"],"picked":"Multi-Cast","floor":31}],"player_experience":464053,"relics_obtained":[{"floor":7,"key":"Blood Vial"},{"floor":9,"key":"Centennial Puzzle"},{"floor":11,"key":"Bottled Lightning"},{"floor":13,"key":"Bird Faced Urn"},{"floor":24,"key":"Bag of Preparation"},{"floor":26,"key":"Lizard Tail"},{"floor":31,"key":"Art of War"}],"event_choices":[{"damage_healed":0,"gold_gain":0,"player_choice":"Bought 2 Potions","damage_taken":0,"max_hp_gain":0,"max_hp_loss":0,"event_name":"The Woman in Blue","floor":2,"gold_loss":0},{"cards_removed":["Strike_B"],"damage_healed":0,"gold_gain":0,"player_choice":"Purged","damage_taken":0,"max_hp_gain":0,"max_hp_loss":0,"event_name":"Purifier","floor":8,"gold_loss":0},{"cards_removed":["Sunder"],"damage_healed":0,"gold_gain":0,"player_choice":"Gave Card","damage_taken":0,"relics_obtained":["PreservedInsect"],"max_hp_gain":0,"max_hp_loss":0,"event_name":"WeMeetAgain","floor":20,"gold_loss":0},{"damage_healed":0,"gold_gain":0,"player_choice":"Stole Relic","damage_taken":0,"relics_obtained":["Boot"],"max_hp_gain":0,"max_hp_loss":0,"event_name":"Addict","floor":28,"gold_loss":0,"cards_obtained":["Shame"]},{"cards_removed":["Shame"],"damage_healed":0,"gold_gain":0,"player_choice":"Removed Curses","damage_taken":0,"max_hp_gain":0,"max_hp_loss":0,"event_name":"Fountain of Cleansing","floor":30,"gold_loss":0}],"is_beta":false,"boss_relics":[{"not_picked":["Velvet Choker","FrozenCore"],"picked":"Sozu"}],"items_purged_floors":[25],"is_endless":false,"potions_floor_spawned":[4,5,7,13,14,22,29],"killed_by":"Champ","ascension_level":13}}