{"host":"yqw1zpryoutrnocq","time":1612300999,"event":{"mods":["2.2 Compatiblity","AchievementEnabler","BaseMod","Colored Map","Custom Start","DeckTracker","Minty Spire (QoL Compilation)","StSLib","SuperFastMode"],"gold_per_floor":[109,109,126,72,72,72,83,83,83,114,114,114,138,182,182,302,302,315,31,44,44,67,102,102,145,168,180,206,241,286,316,328,465,477,512,524,536,55,55,55,95,95,95,115,115,133,133,176,176,176],"floor_reached":51,"language":"KOR","playtime":1239,"items_purged":[],"score":1107,"play_id":"44ddf853-57b6-436d-8e07-74a90f97a1c2","local_time":"20210202152319","is_ascension_mode":true,"campfire_choices":[{"data":"Sadistic Nature","floor":6,"key":"SMITH"},{"data":"Backstab","floor":8,"key":"SMITH"},{"floor":15,"key":"REST"},{"floor":24,"key":"REST"},{"floor":32,"key":"REST"},{"data":"Noxious Fumes","floor":40,"key":"SMITH"},{"floor":42,"key":"REST"},{"floor":47,"key":"REST"},{"floor":49,"key":"REST"}],"circlet_count":0,"master_deck":["Strike_G+1","Strike_G+1","Defend_G","Defend_G","Defend_G","Defend_G","Survivor+1","Neutralize","Sadistic Nature+1","Deadly Poison","Backstab+1","PiercingWail","Dagger Throw","Noxious Fumes+1","Blur+1","Endless Agony","Endless Agony","Backflip+1","Footwork","Dagger Spray+1","PiercingWail+1","Corpse Explosion+1","Catalyst+1","Cloak And Dagger+1","Blade Dance+1","Bouncing Flask+1","Dodge and Roll+1","Glass Knife","Deadly Poison+1","Writhe","Cloak And Dagger+1","Secret Technique+1","Cloak And Dagger+1","Cloak And Dagger+1","Flying Knee","Cloak And Dagger+1","Backstab"],"relics":["Ring of the Snake","Whetstone","Tough Bandages","Snake Skull","Golden Idol","StrikeDummy","Runic Pyramid","Toxic Egg 2","Bag of Marbles","Pantograph","MawBank","Frozen Egg 2","Empty Cage","Ornamental Fan","Potion Belt","War Paint","Blue Candle"],"acts_visited":["TheCity","TheBeyond"],"potions_floor_usage":[16,20,20,25,29,30,30,41,50],"damage_taken":[{"damage":1,"enemies":"Jaw Worm","floor":1,"turns":5},{"damage":5,"enemies":"Small Slimes","floor":3,"turns":3},{"damage":0,"enemies":"Cultist","floor":7,"turns":3},{"damage":2,"enemies":"Gremlin Nob","floor":10,"turns":3},{"damage":0,"enemies":"Looter","floor":13,"turns":2},{"damage":19,"enemies":"3 Sentries","floor":14,"turns":4},{"damage":11,"enemies":"Hexaghost","floor":16,"turns":9},{"damage":17,"enemies":"2 Thieves","floor":18,"turns":4},{"damage":0,"enemies":"Shell Parasite","floor":20,"turns":6},{"damage":14,"enemies":"3 Cultists","floor":22,"turns":5},{"damage":28,"enemies":"Slavers","floor":23,"turns":4},{"damage":7,"enemies":"Gremlin Leader","floor":25,"turns":6},{"damage":6,"enemies":"Snake Plant","floor":28,"turns":4},{"damage":0,"enemies":"Centurion and Healer","floor":29,"turns":5},{"damage":9,"enemies":"Slavers","floor":30,"turns":3},{"damage":0,"enemies":"Cultist and Chosen","floor":31,"turns":4},{"damage":43,"enemies":"Automaton","floor":33,"turns":8},{"damage":30,"enemies":"3 Darklings","floor":35,"turns":4},{"damage":23,"enemies":"Nemesis","floor":41,"turns":5},{"damage":10,"enemies":"Orb Walker","floor":44,"turns":4},{"damage":6,"enemies":"Transient","floor":46,"turns":5},{"damage":26,"enemies":"Giant Head","floor":48,"turns":6},{"damage":50,"enemies":"Donu and Deca","floor":50,"turns":6}],"seed_played":"5649664239067810159","potions_obtained":[{"floor":3,"key":"GamblersBrew"},{"floor":14,"key":"Regen Potion"},{"floor":16,"key":"BlessingOfTheForge"},{"floor":18,"key":"LiquidMemories"},{"floor":23,"key":"DuplicationPotion"},{"floor":25,"key":"Dexterity Potion"},{"floor":29,"key":"SpeedPotion"},{"floor":35,"key":"FearPotion"},{"floor":48,"key":"Energy Potion"}],"is_trial":false,"path_per_floor":["M","?","M","$","?","R","M","R","T","E","?","?","M","E","R","B",null,"M","$","M","?","M","E","R","E","T","?","M","M","E","M","R","B",null,"M","?","?","$","T","R","E","R","T","M","?","M","R","E","R","B",null],"character_chosen":"THE_SILENT","items_purchased":["PiercingWail","Toxic Egg 2","Backflip+1","Cloak And Dagger+1","Secret Technique+1","Ornamental Fan"],"campfire_rested":6,"item_purchase_floors":[4,19,19,38,38,38],"current_hp_per_floor":[62,55,50,50,55,55,55,55,55,53,35,35,35,16,36,39,62,45,45,45,45,31,3,23,16,16,16,10,10,1,1,21,3,53,23,40,40,40,40,40,17,37,37,27,27,21,41,15,35,10],"gold":176,"neow_bonus":"RANDOM_COLORLESS_2","is_daily":false,"chose_seed":false,"campfire_upgraded":3,"win_rate":0.0,"timestamp":1612300999,"path_taken":["M","?","M","$","?","R","M","R","T","E","?","?","M","E","R","BOSS","M","$","M","?","?","E","R","E","T","?","M","M","E","M","R","BOSS","M","?","?","$","?","R","E","R","T","M","?","?","R","E","R","BOSS"],"items_purchased_type":["Card","Relic","Card","Card","Card","Relic"],"build_version":"2020-12-22","purchased_purges":0,"victory":true,"max_hp_per_floor":[70,70,70,70,75,75,75,75,75,75,75,69,69,69,69,69,69,69,69,69,69,69,69,69,69,69,69,69,69,69,69,69,69,69,69,69,69,69,69,69,69,69,69,69,69,69,69,69,69,69],"card_choices":[{"not_picked":["Transmutation","Secret Technique"],"picked":"Sadistic Nature","floor":0},{"not_picked":["Predator","Skewer"],"picked":"Deadly Poison","floor":1},{"not_picked":["Outmaneuver","Deadly Poison"],"picked":"Backstab","floor":3},{"not_picked":["Deflect","Bane"],"picked":"Dagger Throw","floor":7},{"not_picked":["Accuracy","Predator"],"picked":"Noxious Fumes","floor":10},{"not_picked":["Distraction","Deflect"],"picked":"Blur","floor":13},{"not_picked":["Bane","Dash"],"picked":"Endless Agony","floor":14},{"not_picked":["Wraith Form v2","Tools of the Trade"],"picked":"After Image","floor":16},{"not_picked":["All Out Attack","Bane"],"picked":"Endless Agony","floor":18},{"not_picked":["Sucker Punch","Reflex+1"],"picked":"Footwork","floor":20},{"not_picked":["Choke","Sucker Punch+1"],"picked":"Dagger Spray+1","floor":22},{"not_picked":["Dash","Finisher+1"],"picked":"PiercingWail+1","floor":23},{"not_picked":["Catalyst+1","Flying Knee"],"picked":"Corpse Explosion+1","floor":25},{"not_picked":["Outmaneuver+1","Slice+1"],"picked":"Cloak And Dagger+1","floor":28},{"not_picked":["Distraction+1","Heel Hook+1"],"picked":"Blade Dance+1","floor":29},{"not_picked":["Noxious Fumes+1","Poisoned Stab+1"],"picked":"Bouncing Flask+1","floor":30},{"not_picked":["Quick Slash+1","Backflip+1"],"picked":"Dodge and Roll+1","floor":31},{"not_picked":["Unload","Doppelganger+1"],"picked":"Glass Knife","floor":33},{"not_picked":["Slice+1","Eviscerate"],"picked":"Deadly Poison+1","floor":35},{"not_picked":["Underhanded Strike","Dagger Spray"],"picked":"Cloak And Dagger+1","floor":41},{"not_picked":["Riddle With Holes+1","Expertise+1"],"picked":"Cloak And Dagger+1","floor":44},{"not_picked":["Dagger Throw","Deflect+1"],"picked":"Cloak And Dagger+1","floor":46},{"not_picked":["Dagger Spray","Flechettes"],"picked":"Backstab","floor":48}],"player_experience":267011,"relics_obtained":[{"floor":9,"key":"Whetstone"},{"floor":10,"key":"Tough Bandages"},{"floor":14,"key":"StrikeDummy"},{"floor":23,"key":"Bag of Marbles"},{"floor":25,"key":"Pantograph"},{"floor":26,"key":"MawBank"},{"floor":30,"key":"Frozen Egg 2"},{"floor":41,"key":"Potion Belt"},{"floor":43,"key":"War Paint"},{"floor":48,"key":"Blue Candle"}],"event_choices":[{"cards_removed":["Normality"],"damage_healed":0,"gold_gain":0,"player_choice":"Card Removal","damage_taken":7,"max_hp_gain":0,"max_hp_loss":0,"event_name":"Golden Wing","floor":2,"gold_loss":0},{"damage_healed":0,"gold_gain":0,"player_choice":"Donut","damage_taken":0,"max_hp_gain":5,"max_hp_loss":0,"event_name":"Big Fish","floor":5,"gold_loss":0},{"damage_healed":0,"gold_gain":0,"player_choice":"Success","damage_taken":18,"relics_obtained":["Snake Skull"],"max_hp_gain":0,"max_hp_loss":0,"event_name":"Scrap Ooze","floor":11,"gold_loss":0},{"damage_healed":0,"gold_gain":0,"player_choice":"Lose Max HP","damage_taken":0,"relics_obtained":["Golden Idol"],"max_hp_gain":0,"max_hp_loss":6,"event_name":"Golden Idol","floor":12,"gold_loss":0},{"cards_removed":["Strike_G"],"damage_healed":0,"gold_gain":0,"player_choice":"Offered Basic","damage_taken":0,"max_hp_gain":0,"max_hp_loss":0,"event_name":"Bonfire Elementals","floor":21,"gold_loss":0},{"damage_healed":0,"gold_gain":0,"player_choice":"Read","damage_taken":0,"max_hp_gain":0,"max_hp_loss":0,"event_name":"The Library","floor":27,"gold_loss":0,"cards_obtained":["Catalyst"]},{"damage_healed":17,"gold_gain":0,"player_choice":"Writhe","damage_taken":0,"max_hp_gain":0,"max_hp_loss":0,"event_name":"Winding Halls","floor":36,"gold_loss":0,"cards_obtained":["Writhe"]},{"cards_removed":["After Image"],"damage_healed":0,"gold_gain":0,"player_choice":"Removed Power","damage_taken":0,"max_hp_gain":0,"max_hp_loss":0,"event_name":"Falling","floor":37,"gold_loss":0},{"damage_healed":0,"gold_gain":0,"cards_transformed":["Defend_G"],"player_choice":"Transformed","damage_taken":0,"max_hp_gain":0,"max_hp_loss":0,"event_name":"Transmorgrifier","floor":45,"gold_loss":0,"cards_obtained":["Flying Knee"]}],"is_beta":false,"boss_relics":[{"not_picked":["Snecko Eye","Black Star"],"picked":"Runic Pyramid"},{"not_picked":["Philosopher\u0027s Stone","Fusion Hammer"],"picked":"Empty Cage"}],"items_purged_floors":[],"is_endless":false,"potions_floor_spawned":[3,14,16,18,23,25,29,35,48],"ascension_level":7}}