{"host":"iph0xvuia0glosgr","time":1612293046,"event":{"mods":["AchievementEnabler","BaseMod","Minty Spire (QoL Compilation)"],"gold_per_floor":[119,135,152,166,166,201,201,266,312,39,164,175,189,202,202,306,306,320,285,335,419,435,435,448,33,33,17,27,93,15,31,31,31,31],"floor_reached":33,"language":"ENG","playtime":2003,"items_purged":[],"score":266,"play_id":"a21d699b-f19a-4027-88de-d52d5db29247","local_time":"20210202191046","is_ascension_mode":true,"campfire_choices":[{"floor":7,"key":"REST"},{"floor":15,"key":"REST"},{"floor":23,"key":"RECALL"},{"floor":32,"key":"REST"}],"circlet_count":0,"master_deck":["Strike_G","Strike_G","Strike_G","Strike_G","Strike_G","Defend_G","Defend_G","Defend_G","Defend_G","Defend_G","Survivor","Neutralize","Quick Slash","Cloak And Dagger","Riddle With Holes","Accuracy","Cloak And Dagger","Poisoned Stab","PiercingWail","Noxious Fumes","Poisoned Stab","Finisher","Die Die Die","Bane+1","Dash","Deflect","Slice","Noxious Fumes","Deflect","Finisher","Bouncing Flask+1","Footwork","Poisoned Stab"],"relics":["Ring of the Snake","Omamori","SsserpentHead","Vajra","Oddly Smooth Stone","WristBlade","Mercury Hourglass","Red Mask","Ornamental Fan","Ginger","Lantern"],"acts_visited":["Exordium","TheCity"],"potions_floor_usage":[6,6,16,21,33,33],"damage_taken":[{"damage":4,"enemies":"Cultist","floor":1,"turns":4},{"damage":0,"enemies":"2 Louse","floor":2,"turns":4},{"damage":4,"enemies":"Small Slimes","floor":3,"turns":4},{"damage":9,"enemies":"2 Fungi Beasts","floor":4,"turns":4},{"damage":34,"enemies":"Gremlin Nob","floor":6,"turns":5},{"damage":8,"enemies":"Lots of Slimes","floor":8,"turns":5},{"damage":3,"enemies":"Looter","floor":12,"turns":3},{"damage":1,"enemies":"Red Slaver","floor":13,"turns":3},{"damage":0,"enemies":"Exordium Wildlife","floor":14,"turns":2},{"damage":17,"enemies":"Hexaghost","floor":16,"turns":9},{"damage":0,"enemies":"Chosen","floor":18,"turns":4},{"damage":0,"enemies":"Masked Bandits","floor":21,"turns":2},{"damage":0,"enemies":"3 Byrds","floor":22,"turns":4},{"damage":17,"enemies":"Snake Plant","floor":24,"turns":4},{"damage":9,"enemies":"Centurion and Healer","floor":28,"turns":4},{"damage":0,"enemies":"Shelled Parasite and Fungi","floor":29,"turns":4},{"damage":5,"enemies":"Snecko","floor":31,"turns":3},{"damage":60,"enemies":"Automaton","floor":33,"turns":6}],"seed_played":"-2772244532019706846","potions_obtained":[{"floor":2,"key":"ColorlessPotion"},{"floor":4,"key":"ColorlessPotion"},{"floor":14,"key":"Weak Potion"},{"floor":16,"key":"BlessingOfTheForge"},{"floor":21,"key":"SteroidPotion"},{"floor":29,"key":"Poison Potion"},{"floor":31,"key":"Ancient Potion"}],"is_trial":false,"path_per_floor":["M","M","M","M","?","E","R","M","T","$","?","M","M","M","R","B",null,"M","?","?","?","M","R","M","$","T","?","M","M","$","M","R","B"],"character_chosen":"THE_SILENT","items_purchased":["PiercingWail","Noxious Fumes","Oddly Smooth Stone","Noxious Fumes","Deflect","Ornamental Fan","Finisher","Footwork"],"campfire_rested":3,"item_purchase_floors":[10,10,10,25,25,25,25,30],"current_hp_per_floor":[66,66,62,53,53,19,40,32,32,32,21,18,17,17,38,21,70,70,70,70,70,70,70,53,53,53,53,44,44,44,39,60,0,0],"gold":31,"neow_bonus":"RANDOM_COMMON_RELIC","is_daily":false,"chose_seed":false,"campfire_upgraded":0,"win_rate":0.0,"timestamp":1612293046,"path_taken":["M","M","M","?","?","E","R","?","T","$","?","M","M","M","R","BOSS","M","?","?","?","M","R","M","$","T","?","M","?","$","M","R","BOSS"],"items_purchased_type":["Card","Card","Relic","Card","Card","Relic","Card","Card"],"build_version":"2020-12-22","purchased_purges":0,"victory":false,"max_hp_per_floor":[70,70,70,70,70,70,70,70,70,70,70,70,70,70,70,70,70,70,70,70,70,70,70,70,70,70,70,70,70,70,70,70,70,70],"card_choices":[{"not_picked":["Backflip","Prepared"],"picked":"Quick Slash","floor":1},{"not_picked":["Tactician","Accuracy"],"picked":"Cloak And Dagger","floor":2},{"not_picked":["Dagger Spray","Flechettes"],"picked":"Riddle With Holes","floor":3},{"not_picked":["Slice","Skewer"],"picked":"Accuracy","floor":4},{"not_picked":["Deadly Poison","Quick Slash"],"picked":"Cloak And Dagger","floor":6},{"not_picked":["Underhanded Strike","Setup"],"picked":"Poisoned Stab","floor":8},{"not_picked":["Acrobatics","Footwork"],"picked":"Poisoned Stab","floor":12},{"not_picked":["Crippling Poison","Dodge and Roll"],"picked":"Finisher","floor":13},{"not_picked":["Leg Sweep","Outmaneuver","Grand Finale"],"picked":"SKIP","floor":14},{"not_picked":["Unload","Night Terror"],"picked":"Die Die Die","floor":16},{"not_picked":["Terror","Leg Sweep"],"picked":"Bane+1","floor":18},{"not_picked":["Heel Hook+1","Crippling Poison"],"picked":"Dash","floor":21},{"not_picked":["Backflip+1","Dagger Throw"],"picked":"Deflect","floor":22},{"not_picked":["Quick Slash","Eviscerate+1"],"picked":"Slice","floor":24},{"not_picked":["Skewer","Distraction+1","Underhanded Strike+1"],"picked":"SKIP","floor":28},{"not_picked":["Flechettes","Deadly Poison"],"picked":"Bouncing Flask+1","floor":29},{"not_picked":["Prepared+1","Dodge and Roll"],"picked":"Poisoned Stab","floor":31}],"player_experience":321346,"relics_obtained":[{"floor":6,"key":"Vajra"},{"floor":21,"key":"Red Mask"},{"floor":26,"key":"Ginger"}],"event_choices":[{"damage_healed":0,"gold_gain":0,"player_choice":"Trade","damage_taken":0,"relics_obtained":["SsserpentHead"],"max_hp_gain":0,"max_hp_loss":0,"event_name":"FaceTrader","floor":5,"gold_loss":0},{"damage_healed":0,"gold_gain":75,"player_choice":"Gather Gold","damage_taken":11,"max_hp_gain":0,"max_hp_loss":0,"event_name":"World of Goop","floor":11,"gold_loss":0},{"damage_healed":0,"gold_gain":0,"player_choice":"Obtained Relic","damage_taken":0,"relics_obtained":["Mercury Hourglass"],"max_hp_gain":0,"max_hp_loss":0,"event_name":"Addict","floor":19,"gold_loss":85},{"damage_healed":0,"gold_gain":0,"player_choice":"Smashed Altar","damage_taken":0,"max_hp_gain":0,"max_hp_loss":0,"event_name":"Forgotten Altar","floor":20,"gold_loss":0,"cards_obtained":["Decay"]},{"damage_healed":0,"gold_gain":0,"player_choice":"Fought Bandits","damage_taken":0,"max_hp_gain":0,"max_hp_loss":0,"event_name":"Masked Bandits","floor":21,"gold_loss":0},{"damage_healed":0,"gold_gain":0,"player_choice":"Paid Gold","damage_taken":0,"relics_obtained":["Lantern"],"max_hp_gain":0,"max_hp_loss":0,"event_name":"WeMeetAgain","floor":27,"gold_loss":66}],"is_beta":false,"boss_relics":[{"not_picked":["Busted Crown","Astrolabe"],"picked":"WristBlade"}],"items_purged_floors":[],"is_endless":false,"potions_floor_spawned":[2,4,14,16,21,29,31],"killed_by":"Automaton","ascension_level":1}}