{"host":"spoxbmo2txwgdxt2","time":1612291763,"event":{"mods":["AchievementEnabler","Act Like it!","BaseMod","Colored Powertips","Lobotomy","LobotomyExtend","Marisa£®ÏF”Í°°ƒß¿Ì…≥£©","Minty Spire (QoL Compilation)","Quick Restart","Shop Mod","StSLib","The Hierophant"],"gold_per_floor":[116,86,99,119,130,169,169,204,255,282,282,337,372,400,400],"floor_reached":14,"language":"ZHS","playtime":1329,"items_purged":[],"score":109,"play_id":"042bdc1b-cc39-4a70-b560-82f0ec33ba3f","local_time":"20210203024923","is_ascension_mode":true,"campfire_choices":[{"data":"Robbery","floor":7.0,"key":"SMITH"},{"data":"MeteoricShower","floor":11.0,"key":"SMITH"}],"circlet_count":0,"master_deck":["Strike_MRS","Strike_MRS","Strike_MRS","Strike_MRS","Defend_MRS","Defend_MRS","Defend_MRS","Defend_MRS","MasterSpark","UpSweep","GreedKing","WitchLeyline","Robbery+1","DarkSpark","OSAHOGD","MeteoricShower+1","BigBird","Rudolta","WitchLeyline","DespairKnight","Orbital","CollectingQuirk"],"relics":["MiniHakkero","CogitoBucket","LetterFromLob","Singing Bowl","AspirationHeart","Potion Belt","Mummified Hand"],"acts_visited":["Exordium"],"potions_floor_usage":[12,14],"damage_taken":[{"damage":1.0,"enemies":"Jaw Worm","floor":1.0,"turns":3.0},{"damage":1.0,"enemies":"Cultist","floor":3.0,"turns":3.0},{"damage":6.0,"enemies":"2 Louse","floor":4.0,"turns":2.0},{"damage":0.0,"enemies":"Blue Slaver","floor":5.0,"turns":3.0},{"damage":16.0,"enemies":"Lagavulin","floor":6.0,"turns":7.0},{"damage":20.0,"enemies":"Looter","floor":8.0,"turns":9.0},{"damage":5.0,"enemies":"Lots of Slimes","floor":10.0,"turns":2.0},{"damage":16,"enemies":"Gremlin Nob","floor":12,"turns":3},{"damage":7,"enemies":"3 Louse","floor":13,"turns":3},{"damage":17,"enemies":"3 Sentries","floor":14,"turns":3}],"seed_played":"-8791205849686459647","potions_obtained":[{"floor":1.0,"key":"FearPotion"},{"floor":2.0,"key":"ColorlessPotion"},{"floor":2.0,"key":"PowerPotion"},{"floor":5.0,"key":"Weak Potion"},{"floor":6.0,"key":"ColorlessPotion"},{"floor":13,"key":"DistilledChaos"}],"is_trial":false,"path_per_floor":["M","?","M","M","M","E","R","M","T","M","R","E","M","E"],"character_chosen":"MARISA","items_purchased":[],"campfire_rested":0,"item_purchase_floors":[],"current_hp_per_floor":[74,74,73,67,67,53,53,43,43,38,38,22,17,0,0],"gold":400,"neow_bonus":"","is_daily":false,"chose_seed":false,"campfire_upgraded":2,"win_rate":0.0,"timestamp":1612291763,"path_taken":["M","?","?","M","M","E","R","M","T","M","R","E","M","E"],"items_purchased_type":[],"build_version":"2020-12-22","purchased_purges":0,"victory":false,"max_hp_per_floor":[75,75,75,75,75,77,77,87,87,87,87,87,89,89,89],"card_choices":[{"not_picked":["DreamingCurrent","Bloodbath"],"picked":"GreedKing","floor":1.0},{"not_picked":["DoubleSpark","SporeBomb"],"picked":"WitchLeyline","floor":1.0},{"not_picked":["IllusionStar","StarBarrage"],"picked":"Robbery","floor":3.0},{"not_picked":["DC","WitchLeyline"],"picked":"DarkSpark","floor":4.0},{"not_picked":["MHz","VoidDream"],"picked":"OSAHOGD","floor":5.0},{"not_picked":["SuperPerseids","LuminesStrike"],"picked":"MeteoricShower","floor":5.0},{"not_picked":["MeatLantern","ShyLook"],"picked":"BigBird","floor":6.0},{"not_picked":["PowerUp","EventHorizon","AsteroidBelt"],"picked":"Singing Bowl","floor":6.0},{"not_picked":["CrumblingArmor","MeatLantern"],"picked":"Rudolta","floor":8.0},{"not_picked":["LuminesStrike","Occultation"],"picked":"WitchLeyline","floor":8.0},{"not_picked":["Murderer","Porccubus"],"picked":"DespairKnight","floor":10.0},{"not_picked":["ShootingEcho","DoubleSpark"],"picked":"Orbital","floor":10.0},{"not_picked":["DoubleSpark","OrrerysSun"],"picked":"CollectingQuirk","floor":12},{"not_picked":["OrrerysSun","PowerUp","AsteroidBelt"],"picked":"Singing Bowl","floor":13}],"player_experience":323741,"relics_obtained":[{"floor":1.0,"key":"LetterFromLob"},{"floor":6.0,"key":"Singing Bowl"},{"floor":9.0,"key":"Potion Belt"},{"floor":12,"key":"Mummified Hand"}],"event_choices":[{"damage_healed":0.0,"max_hp_gain":0.0,"max_hp_loss":0.0,"gold_gain":0.0,"event_name":"The Woman in Blue","player_choice":"Bought 2 Potions","floor":2.0,"gold_loss":0.0,"damage_taken":0.0}],"is_beta":false,"boss_relics":[],"items_purged_floors":[],"is_endless":false,"potions_floor_spawned":[1,5,6,13],"killed_by":"3 Sentries","ascension_level":1}}