{"host":"rnjhaewkefy4rz3c","time":1612284032,"event":{"mods":["2.2 Compatiblity","AchievementEnabler","BaseMod","CCEM2","Colored Map","Minty Spire (QoL Compilation)","Permanent Neow","StSLib"],"gold_per_floor":[119,131,141,159,169,203,219,232,232,232,232,232,11,11,11,116,116,130,130,145,160,60,60,92,92,171,203,203,203],"floor_reached":28,"language":"ENG","playtime":1760,"items_purged":["theextravagant:Fence","theextravagant:Fence"],"score":260,"play_id":"7070c1c5-511e-4a87-bd29-232c25046f2a","local_time":"20210202124032","is_ascension_mode":false,"campfire_choices":[{"data":"theextravagant:Urgency","floor":10,"key":"SMITH"},{"data":"theextravagant:Urgency","floor":12,"key":"SMITH"},{"data":"theextravagant:Cutthroat","floor":15,"key":"SMITH"},{"data":"theextravagant:DAMNATION","floor":23,"key":"SMITH"},{"floor":25,"key":"REST"}],"circlet_count":0,"master_deck":["theextravagant:SlyStrike","theextravagant:SlyStrike","theextravagant:SlyStrike","theextravagant:SlyStrike+1","theextravagant:Fence","theextravagant:Fence","theextravagant:QuickAttack","theextravagant:Triumph+1","theextravagant:ShieldCharm","theextravagant:Firework","theextravagant:Urgency+1","theextravagant:Cutthroat+1","theextravagant:Urgency+1","theextravagant:ShootingStar","theextravagant:ShootingStar","theextravagant:Shove","theextravagant:DAMNATION+1","theextravagant:FocusStab","theextravagant:SharpTalons"],"relics":["theextravagant:TranslucentFeather","Pantograph","Bottled Tornado","Akabeko","CCEMRelics:DarkMatter","Incense Burner","CCEMRelics:IronFruit","Blue Candle"],"acts_visited":["Exordium","TheCity"],"potions_floor_usage":[16,16,20,24,24,27],"damage_taken":[{"damage":0,"enemies":"Cultist","floor":1,"turns":4},{"damage":2,"enemies":"2 Louse","floor":2,"turns":4},{"damage":0,"enemies":"Small Slimes","floor":3,"turns":4},{"damage":7,"enemies":"Exordium Wildlife","floor":4,"turns":5},{"damage":6,"enemies":"Exordium Thugs","floor":5,"turns":5},{"damage":20,"enemies":"Lagavulin","floor":6,"turns":8},{"damage":0,"enemies":"Large Slime","floor":7,"turns":4},{"damage":9,"enemies":"2 Fungi Beasts","floor":8,"turns":5},{"damage":4,"enemies":"Slime Boss","floor":16,"turns":10},{"damage":21,"enemies":"3 Byrds","floor":18,"turns":6},{"damage":5,"enemies":"Shell Parasite","floor":20,"turns":2},{"damage":3,"enemies":"Snecko","floor":21,"turns":5},{"damage":63,"enemies":"Slavers","floor":24,"turns":7},{"damage":30,"enemies":"Gremlin Leader","floor":27,"turns":6},{"damage":0,"enemies":"Snake Plant","floor":28,"turns":1}],"seed_played":"2737880598631201285","potions_obtained":[{"floor":3,"key":"BlessingOfTheForge"},{"floor":6,"key":"SteroidPotion"},{"floor":7,"key":"Energy Potion"},{"floor":8,"key":"Block Potion"},{"floor":16,"key":"Energy Potion"},{"floor":18,"key":"Regen Potion"},{"floor":24,"key":"Weak Potion"}],"is_trial":false,"path_per_floor":["M","M","M","M","M","E","M","M","T","R","?","R","$","?","R","B",null,"M","?","M","M","$","R","E","R","T","E","M"],"character_chosen":"THE_EXTRAVAGANT","items_purchased":["Akabeko"],"campfire_rested":1,"item_purchase_floors":[13],"current_hp_per_floor":[75,73,73,66,60,40,40,31,31,31,36,36,36,36,36,57,80,59,59,54,51,51,51,3,27,32,2,2,2],"gold":203,"neow_bonus":"ONE_RANDOM_RARE_CARD","is_daily":false,"chose_seed":false,"campfire_upgraded":4,"win_rate":0.0,"timestamp":1612284032,"path_taken":["M","M","M","M","M","E","M","M","T","R","?","R","$","?","R","BOSS","M","?","M","M","$","R","E","R","T","E","M"],"items_purchased_type":["Relic"],"build_version":"2020-12-22","purchased_purges":2,"victory":false,"max_hp_per_floor":[75,75,75,75,75,75,75,75,75,75,80,80,80,80,80,80,80,80,80,80,80,80,80,80,80,85,85,85,85],"card_choices":[{"not_picked":["theextravagant:Shatter","theextravagant:Riot"],"picked":"theextravagant:Firework","floor":1},{"not_picked":["theextravagant:StepBack","theextravagant:Drift"],"picked":"theextravagant:Urgency","floor":2},{"not_picked":["theextravagant:SpontaneousStrike","theextravagant:Foil"],"picked":"theextravagant:Cutthroat","floor":3},{"not_picked":["theextravagant:Foil","theextravagant:GlyphOfTime","theextravagant:Repell"],"picked":"SKIP","floor":4},{"not_picked":["theextravagant:Outrun","theextravagant:Comeback"],"picked":"theextravagant:Urgency","floor":5},{"not_picked":["theextravagant:Flashback","theextravagant:Pushthrough"],"picked":"theextravagant:ShootingStar","floor":6},{"not_picked":["theextravagant:Glamour","theextravagant:Cutthroat"],"picked":"theextravagant:ShootingStar","floor":7},{"not_picked":["theextravagant:Meditation","theextravagant:GlyphOfSight"],"picked":"theextravagant:Shove","floor":8},{"not_picked":["theextravagant:SnakeEyes","theextravagant:RiskyStrike"],"picked":"theextravagant:DAMNATION","floor":16},{"not_picked":["theextravagant:Cutthroat","theextravagant:ShootingStar+1"],"picked":"theextravagant:FocusStab","floor":18},{"not_picked":["theextravagant:StepBack","theextravagant:PerfectTheBasics","theextravagant:Clairvoyance"],"picked":"SKIP","floor":20},{"not_picked":["theextravagant:Defy","theextravagant:StepBack","theextravagant:Pushthrough"],"picked":"SKIP","floor":21},{"not_picked":["theextravagant:ArtisticDisplay","theextravagant:PerfectTheBasics"],"picked":"theextravagant:SharpTalons","floor":24},{"not_picked":["theextravagant:Meditation+1","theextravagant:ShootingStar","theextravagant:Ambush+1"],"picked":"SKIP","floor":27}],"player_experience":489861,"relics_obtained":[{"floor":6,"key":"Pantograph"},{"floor":9,"key":"Bottled Tornado"},{"floor":24,"key":"Incense Burner"},{"floor":26,"key":"CCEMRelics:IronFruit"},{"floor":27,"key":"Blue Candle"}],"event_choices":[{"damage_healed":0,"gold_gain":0,"player_choice":"Donut","damage_taken":0,"max_hp_gain":5,"max_hp_loss":0,"event_name":"Big Fish","floor":11,"gold_loss":0},{"damage_healed":0,"gold_gain":0,"player_choice":"Grow","damage_taken":0,"max_hp_gain":0,"max_hp_loss":0,"event_name":"Living Wall","floor":14,"gold_loss":0,"cards_upgraded":["theextravagant:Triumph"]},{"damage_healed":0,"gold_gain":0,"player_choice":"Ignored","damage_taken":0,"max_hp_gain":0,"max_hp_loss":0,"event_name":"Cursed Tome","floor":19,"gold_loss":0}],"is_beta":false,"boss_relics":[{"not_picked":["Busted Crown","CCEMRelics:ReaperScythe"],"picked":"CCEMRelics:DarkMatter"}],"items_purged_floors":[13,22],"is_endless":false,"potions_floor_spawned":[3,6,7,8,16,18,24],"killed_by":"Snake Plant","ascension_level":0}}