{"host":"pe7ycb8t2t906so2","time":1612225541,"event":{"mods":["BaseMod","Colored Map","Highlight Path","Minty Spire (QoL Compilation)"],"gold_per_floor":[110,126,7,82,95,95,95,126,126,126,136,136,36,48,48,124,124,135,145,145,60,77,77,77,77],"floor_reached":24,"language":"FRA","playtime":1714,"items_purged":["Strike_R","Strike_R"],"score":353,"play_id":"43fddafc-7349-4669-88f0-e7a04daa4657","local_time":"20210201192541","is_ascension_mode":true,"campfire_choices":[{"data":"Metallicize","floor":6,"key":"SMITH"},{"floor":10,"key":"REST"},{"data":"Shrug It Off","floor":12,"key":"SMITH"},{"data":"Pommel Strike","floor":15,"key":"SMITH"},{"floor":23,"key":"REST"}],"circlet_count":0,"master_deck":["AscendersBane","Strike_R","Strike_R","Strike_R","Defend_R","Defend_R","Defend_R","Defend_R","Bash+1","Metallicize+1","Headbutt","Shrug It Off+1","Pommel Strike+1","Feed"],"relics":["Burning Blood","Art of War","Letter Opener","Shuriken","Black Star","Omamori"],"acts_visited":["TheCity"],"potions_floor_usage":[8,16,19],"damage_taken":[{"damage":13,"enemies":"Jaw Worm","floor":1,"turns":4},{"damage":10,"enemies":"Small Slimes","floor":2,"turns":3},{"damage":8,"enemies":"Cultist","floor":5,"turns":5},{"damage":39,"enemies":"Lagavulin","floor":8,"turns":8},{"damage":0,"enemies":"3 Louse","floor":11,"turns":5},{"damage":0,"enemies":"2 Fungi Beasts","floor":14,"turns":4},{"damage":35,"enemies":"Slime Boss","floor":16,"turns":13},{"damage":26,"enemies":"Chosen","floor":18,"turns":5},{"damage":20,"enemies":"Shell Parasite","floor":19,"turns":14},{"damage":18,"enemies":"Snecko","floor":22,"turns":7},{"damage":12,"enemies":"Book of Stabbing","floor":24,"turns":3}],"seed_played":"-2913318739564040840","potions_obtained":[{"floor":1,"key":"Block Potion"},{"floor":11,"key":"FearPotion"},{"floor":14,"key":"PowerPotion"},{"floor":18,"key":"Dexterity Potion"}],"is_trial":false,"path_per_floor":["M","M","$","?","M","R","?","E","T","R","M","R","$","M","R","B",null,"M","M","?","?","M","R","E"],"character_chosen":"IRONCLAD","items_purchased":["Metallicize"],"campfire_rested":2,"item_purchase_floors":[3],"current_hp_per_floor":[61,57,57,46,44,44,44,11,11,33,39,39,39,45,45,16,60,43,32,32,32,23,48,36,36],"gold":77,"neow_bonus":"RANDOM_COMMON_RELIC","is_daily":false,"chose_seed":false,"campfire_upgraded":3,"win_rate":0.0,"timestamp":1612225541,"path_taken":["M","M","$","?","M","R","?","E","T","R","M","R","$","M","R","BOSS","M","?","?","?","M","R","E"],"items_purchased_type":["Card"],"build_version":"2020-12-22","purchased_purges":2,"victory":false,"max_hp_per_floor":[75,75,75,75,75,75,75,75,75,75,75,75,75,75,75,75,75,78,81,81,81,84,84,84,84],"card_choices":[{"not_picked":["Power Through","Wild Strike","Warcry"],"picked":"SKIP","floor":1},{"not_picked":["Heavy Blade","Anger","Blood for Blood"],"picked":"SKIP","floor":2},{"not_picked":["Flex","Juggernaut","Body Slam"],"picked":"SKIP","floor":5},{"not_picked":["Combust","Sentinel"],"picked":"Headbutt","floor":8},{"not_picked":["Whirlwind","Sword Boomerang"],"picked":"Shrug It Off","floor":11},{"not_picked":["Second Wind","Body Slam"],"picked":"Pommel Strike","floor":14},{"not_picked":["Double Tap","Fiend Fire"],"picked":"Feed","floor":16},{"not_picked":["Wild Strike","Heavy Blade","Clothesline"],"picked":"SKIP","floor":18},{"not_picked":["Body Slam","Heavy Blade","Anger"],"picked":"SKIP","floor":19},{"not_picked":["Twin Strike","Pommel Strike","Fire Breathing"],"picked":"SKIP","floor":22}],"player_experience":992881,"relics_obtained":[{"floor":8,"key":"Letter Opener"},{"floor":9,"key":"Shuriken"}],"event_choices":[{"damage_healed":0,"gold_gain":75,"player_choice":"Gather Gold","damage_taken":11,"max_hp_gain":0,"max_hp_loss":0,"event_name":"World of Goop","floor":4,"gold_loss":0},{"damage_healed":0,"gold_gain":0,"player_choice":"Upgraded","damage_taken":0,"max_hp_gain":0,"max_hp_loss":0,"event_name":"Upgrade Shrine","floor":7,"gold_loss":0,"cards_upgraded":["Bash"]},{"damage_healed":0,"gold_gain":0,"player_choice":"Ignored","damage_taken":0,"max_hp_gain":0,"max_hp_loss":0,"event_name":"Ghosts","floor":20,"gold_loss":0},{"damage_healed":0,"gold_gain":0,"player_choice":"Obtained Relic","damage_taken":0,"relics_obtained":["Omamori"],"max_hp_gain":0,"max_hp_loss":0,"event_name":"Addict","floor":21,"gold_loss":85}],"is_beta":false,"boss_relics":[{"not_picked":["Busted Crown","Snecko Eye"],"picked":"Black Star"}],"items_purged_floors":[3,13],"is_endless":false,"potions_floor_spawned":[1,11,14,18],"killed_by":"Book of Stabbing","ascension_level":16}}