{"host":"lehbxtjrpalkmwwj","time":1612283586,"event":{"mods":["BaseMod","Colored Powertips","GungeonMod","Minty Spire (QoL Compilation)","Replay The Spire","Shop Mod","StSLib","The Bug Knight","The Cursed","The Gatherer"],"gold_per_floor":[117,132,152,164,49,82,102,102,102,131,145,174,184,184,184,286,286,286],"floor_reached":17,"language":"ZHS","playtime":453,"items_purged":[],"score":197,"play_id":"618cf339-71e5-4abf-9cde-9ad8ce78546c","local_time":"20210203003306","is_ascension_mode":true,"campfire_choices":[{"floor":8,"key":"RECALL"},{"data":"Eclipse","floor":15,"key":"SMITH"}],"circlet_count":0,"master_deck":["Strike_R","Strike_R","Strike_R","Strike_R","Strike_R","Defend_R","Bash","Pommel Strike","Inflame","Carnage","Eclipse+1","Reaper","Intimidate","Heavy Blade","Searing Blow","Perfected Strike","Carnage","Demon Form","Entrench+1","Twin Strike+1","Bloodletting+1"],"relics":["Burning Blood","NeowsBlessing","DemoMod:GnawedKey","Snack Pack","HollowMod:PaleOreRelic","Replay:Accelerometer","ReplayFunnel","Astrolabe"],"acts_visited":["Exordium","TheCity"],"potions_floor_usage":[7,12,12],"damage_taken":[{"damage":0,"enemies":"Jaw Worm","floor":1,"turns":1},{"damage":0,"enemies":"Cultist","floor":2,"turns":1},{"damage":0,"enemies":"Small Slimes","floor":3,"turns":1},{"damage":5,"enemies":"2 Fungi Beasts","floor":4,"turns":3},{"damage":20,"enemies":"Lagavulin","floor":6,"turns":5},{"damage":20,"enemies":"Large Slime","floor":7,"turns":4},{"damage":15,"enemies":"Gremlin Nob","floor":10,"turns":4},{"damage":17,"enemies":"3 Louse","floor":11,"turns":4},{"damage":34,"enemies":"Lagavulin","floor":12,"turns":4},{"damage":9,"enemies":"Blue Slaver","floor":13,"turns":2},{"damage":23,"enemies":"The Guardian","floor":16,"turns":13}],"seed_played":"-6177631561563196468","potions_obtained":[{"floor":3,"key":"DistilledChaos"},{"floor":4,"key":"Toxic Potion"},{"floor":6,"key":"Venom Potion"},{"floor":7,"key":"FearPotion"},{"floor":16,"key":"ColorlessPotion"}],"is_trial":false,"path_per_floor":["M","M","M","M","$","E","M","R","T","E","M","E","M","?","R","B",null],"character_chosen":"IRONCLAD","items_purchased":["DemoMod:GnawedKey"],"campfire_rested":0,"item_purchase_floors":[5],"current_hp_per_floor":[80,80,80,80,80,66,54,54,54,53,55,29,26,26,26,9,80,80],"gold":286,"neow_bonus":"THREE_ENEMY_KILL","is_daily":false,"chose_seed":false,"campfire_upgraded":1,"win_rate":0.0,"timestamp":1612283586,"path_taken":["M","M","M","M","$","E","M","R","T","E","M","E","M","?","R","BOSS"],"items_purchased_type":["Relic"],"build_version":"2020-12-22","purchased_purges":0,"victory":false,"max_hp_per_floor":[80,80,80,80,80,80,80,80,80,80,80,80,80,80,80,80,80,80],"card_choices":[{"not_picked":["Headbutt","Armaments"],"picked":"Pommel Strike","floor":1},{"not_picked":["Thunderclap","Body Slam"],"picked":"Inflame","floor":2},{"not_picked":["Pommel Strike","Flex"],"picked":"Carnage","floor":3},{"not_picked":["ReplayTheSpireMod:Muscle Training","Warcry"],"picked":"Eclipse","floor":4},{"not_picked":["Havoc","Warcry"],"picked":"Reaper","floor":6},{"not_picked":["Ghostly Armor","Armaments"],"picked":"Intimidate","floor":7},{"not_picked":["Rage","Pommel Strike"],"picked":"Heavy Blade","floor":10},{"not_picked":["Sword Boomerang","Dark Embrace"],"picked":"Searing Blow","floor":11},{"not_picked":["Wild Strike","ReplayTheSpireMod:Muscle Training"],"picked":"Perfected Strike","floor":12},{"not_picked":["Blood for Blood","Perfected Strike"],"picked":"Carnage","floor":13},{"not_picked":["Berserk","Hemogenesis"],"picked":"Demon Form","floor":16}],"player_experience":106719,"relics_obtained":[{"floor":6,"key":"Snack Pack"},{"floor":10,"key":"HollowMod:PaleOreRelic"},{"floor":12,"key":"Replay:Accelerometer"}],"event_choices":[{"damage_healed":0,"gold_gain":0,"player_choice":"Gave Potion","damage_taken":0,"relics_obtained":["ReplayFunnel"],"max_hp_gain":0,"max_hp_loss":0,"event_name":"WeMeetAgain","floor":14,"gold_loss":0}],"is_beta":false,"boss_relics":[{"not_picked":["Velvet Choker","Runic Pyramid"],"picked":"Astrolabe"}],"items_purged_floors":[],"is_endless":false,"potions_floor_spawned":[3,4,6,7,11,16],"ascension_level":2}}