{"host":"vrach7ggykqlevx4","time":1612249456,"event":{"mods":["Arknights","BaseMod","Card Forge","Colored Map","Colored Powertips","Custom Start","Gold Saver","Good Game Mod","Infinite Spire","Minty Spire (QoL Compilation)","Permanent Neow","Relic Sorter","Shop Mod","StSLib","SuperFastMode","Synergy Search","Wide Potions","[IsaacMod]以撒尖塔"],"gold_per_floor":[244,519,538,269,286,286,315,329,329,329,339,132,132,14,14,112,112,131,146,161,178,38,69,83,83,155,188,188,199,199,213,213,314,314,330,342,362,362,362,390,390,402,402,402,414,467,467,482,482,482],"floor_reached":51,"language":"ZHS","playtime":1679,"items_purged":["Regret","ats:Strike V","ats:Strike S","ats:Strike G"],"score":821,"play_id":"2e8ed19c-b515-4c72-ab52-6fd006d5acac","local_time":"20210202150416","is_ascension_mode":false,"campfire_choices":[{"data":"Apotheosis","floor":6.0,"key":"SMITH"},{"data":"Venomology","floor":10.0,"key":"SMITH"},{"floor":15.0,"key":"REST"},{"data":"ats:Roar Of Ursus","floor":28.0,"key":"SMITH"},{"data":"ats:Wolf Pack","floor":30.0,"key":"SMITH"},{"data":"ats:Ambush","floor":32.0,"key":"SMITH"},{"data":"ats:Shadow Assault","floor":41,"key":"SMITH"},{"data":"ats:Curse Doll","floor":49,"key":"SMITH"}],"circlet_count":0,"master_deck":["ats:Strike C","ats:Armor Crushing Shot","ats:Defend","ats:Defend","ats:Defend","ats:Defend","ats:Emotion Absorption","Venomology+1","ats:Chain Hook","ats:Hammer On","ats:Blood Oath","Apotheosis+1","ats:Neurotoxin","ats:Thorns","ats:Ambush+1","ats:Closed Bolt Burst Fire","ats:Wolf Pack+1","ats:Apocalypse+1","ats:Guard Mode+1","ats:Roar Of Ursus+1","ats:Assault Order","ats:Absolute Focus","ats:Sashimi Platter","ats:Consecutive Shot Auto","ats:Shell Defense+1","ats:Burning Ground","ats:Shadow Assault+1","ats:Closed Bolt Burst Fire+1","ats:Cat Scratch+1","ats:Powerful Strike+1","infinitespire:SevenWalls","ats:Assault Order","Parasite","ats:Defend Order","ats:Shadow Raid+1","ats:Curse Doll+1"],"relics":["ats:Sanity","Hammer of Thor","Seething Fire","Anvil of the Gods","HushsDoor","REME:ComplimentaryCards","BookOfRevelations","ats:Originium","Unceasing Top","The Courier","MagicMushroom","ats:Lavender","MutagenicStrength","ats:Military Tradition","ats:Remnant Ash","Busted Crown","MoneyPower","ats:Hidden Killer","D4"],"acts_visited":["Exordium","TheCity","TheBeyond"],"potions_floor_usage":[33,33,35,37,37,40,42,45,48,50,50,50],"damage_taken":[{"damage":2.0,"enemies":"Small Slimes","floor":1.0,"turns":4.0},{"damage":2.0,"enemies":"Cultist","floor":3.0,"turns":3.0},{"damage":6.0,"enemies":"Jaw Worm","floor":5.0,"turns":2.0},{"damage":9.0,"enemies":"3 Sentries","floor":7.0,"turns":2.0},{"damage":8.0,"enemies":"Exordium Thugs","floor":8.0,"turns":4.0},{"damage":14.0,"enemies":"Blue Slaver","floor":11.0,"turns":4.0},{"damage":26.0,"enemies":"The Guardian","floor":16.0,"turns":10.0},{"damage":4.0,"enemies":"Chosen","floor":18.0,"turns":4.0},{"damage":14.0,"enemies":"3 Byrds","floor":19.0,"turns":5.0},{"damage":2.0,"enemies":"Cultist and Chosen","floor":20.0,"turns":6.0},{"damage":12.0,"enemies":"Snake Plant","floor":21.0,"turns":5.0},{"damage":12.0,"enemies":"Gremlin Leader","floor":23.0,"turns":5.0},{"damage":37.0,"enemies":"Snecko","floor":24.0,"turns":6.0},{"damage":52.0,"enemies":"Book of Stabbing","floor":27.0,"turns":6.0},{"damage":0.0,"enemies":"Centurion and Healer","floor":29.0,"turns":3.0},{"damage":18.0,"enemies":"Snake Plant","floor":31.0,"turns":3.0},{"damage":0,"enemies":"Collector","floor":33,"turns":7},{"damage":12,"enemies":"3 Darklings","floor":35,"turns":3},{"damage":0,"enemies":"Orb Walker","floor":36,"turns":3},{"damage":21,"enemies":"Spire Growth","floor":37,"turns":5},{"damage":15,"enemies":"Nemesis","floor":40,"turns":9},{"damage":18,"enemies":"Maw","floor":42,"turns":7},{"damage":31,"enemies":"Writhing Mass","floor":45,"turns":7},{"damage":10,"enemies":"2 Orb Walkers","floor":46,"turns":5},{"damage":0,"enemies":"3 Darklings","floor":48,"turns":3},{"damage":54,"enemies":"Time Eater","floor":50,"turns":13}],"seed_played":"-2620018218162936748","potions_obtained":[{"floor":3.0,"key":"Swift Potion"},{"floor":8.0,"key":"BlessingOfTheForge"},{"floor":16.0,"key":"Block Potion"},{"floor":19.0,"key":"infinitespire:BlackPotion"},{"floor":21.0,"key":"Fire Potion"},{"floor":27.0,"key":"AttackPotion"},{"floor":31.0,"key":"DistilledChaos"},{"floor":36,"key":"Block Potion"},{"floor":37,"key":"DuplicationPotion"}],"is_trial":false,"path_per_floor":["M","?","M","$","M","R","E","M","T","R","M","$","?","$","R","B",null,"M","M","M","M","$","E","M","?","T","E","R","M","R","M","R","B",null,"M","M","M","?","?","E","R","M","T","$","M","?","$","M","R","B",null],"character_chosen":"DOCTOR_CLASS","items_purchased":["ats:Blood Oath","Apotheosis","ats:Ambush","ats:Closed Bolt Burst Fire","ats:Assault Order"],"campfire_rested":1,"item_purchase_floors":[4,4,12,14,22],"current_hp_per_floor":[77,77,75,75,69,69,60,57,57,57,48,48,48,48,71,55,86,82,74,86,84,84,78,59,59,59,45,45,64,64,70,70,86,86,79,86,78,78,57,71,71,86,86,86,86,86,86,86,86,67],"gold":482,"neow_bonus":"TEN_PERCENT_HP_BONUS","is_daily":false,"chose_seed":false,"campfire_upgraded":7,"win_rate":0.0,"timestamp":1612249456,"path_taken":["M","?","M","$","M","R","E","M","T","R","M","$","?","?","R","BOSS","M","M","M","M","$","E","M","?","T","E","R","?","R","M","R","BOSS","M","M","M","?","?","E","R","M","T","$","M","?","$","M","R","BOSS"],"items_purchased_type":["Card","Card","Card","Card","Card"],"build_version":"2020-12-22","purchased_purges":4,"victory":true,"max_hp_per_floor":[79,79,79,79,79,79,79,79,79,79,79,79,79,79,79,79,86,86,86,86,86,86,86,86,86,86,86,86,86,86,86,86,86,86,86,86,86,86,86,86,86,86,86,86,86,86,86,86,86,86],"card_choices":[{"not_picked":["ats:Ignite","ats:Absolute Focus"],"picked":"ats:Chain Hook","floor":1.0},{"not_picked":["ats:Phantom","ats:Cat Scratch"],"picked":"ats:Hammer On","floor":3.0},{"not_picked":["ats:Absolute Focus","ats:Serious Mode"],"picked":"Bomb","floor":5.0},{"not_picked":["ats:Demon Strength","ats:Consecutive Shot Auto","ats:Rapid Magazine"],"picked":"SKIP","floor":7.0},{"not_picked":["ats:Magnetic Hammer","ats:Healing Strengthening"],"picked":"ats:Neurotoxin","floor":8.0},{"not_picked":["ats:Steam Pump","ats:Poison Spread"],"picked":"ats:Thorns","floor":11.0},{"not_picked":["ats:Nebulous Foxfire","ats:Ambush"],"picked":"ats:Wolf Pack","floor":16.0},{"not_picked":["ats:Rapid Magazine","ats:Beaten Up+1"],"picked":"ats:Apocalypse+1","floor":18.0},{"not_picked":["ats:Steam Pump","ats:Charging Defense","ats:Closed Bolt Burst Fire"],"picked":"SKIP","floor":19.0},{"not_picked":["ats:Thorns","ats:Very Hot Blade"],"picked":"ats:Guard Mode+1","floor":20.0},{"not_picked":["ats:Very Hot Blade","ats:Mental Burst+1"],"picked":"ats:Roar Of Ursus","floor":21.0},{"not_picked":["ats:Directed Diagnosis","ats:Flexible Camouflage"],"picked":"ats:Absolute Focus","floor":23.0},{"not_picked":["ats:Encircling Forest","ats:Automatic Cover"],"picked":"ats:Sashimi Platter","floor":24.0},{"not_picked":["ats:Phantom","ats:Support Order"],"picked":"ats:Consecutive Shot Auto","floor":27.0},{"not_picked":["ats:Collapsing Strike","ats:Flame Of Heaven"],"picked":"ats:Shell Defense+1","floor":29.0},{"not_picked":["ats:Powerful Strike","ats:Defend Order+1"],"picked":"ats:Burning Ground","floor":31.0},{"not_picked":["ats:Ambush","ats:Fractured Body"],"picked":"ats:Shadow Assault","floor":33},{"not_picked":[],"picked":"ats:Closed Bolt Burst Fire+1","floor":35},{"not_picked":[],"picked":"ats:Cat Scratch+1","floor":36},{"not_picked":[],"picked":"ats:Powerful Strike+1","floor":37},{"not_picked":["infinitespire:Fortify","infinitespire:Punishment"],"picked":"infinitespire:SevenWalls","floor":39},{"not_picked":[],"picked":"ats:Assault Order","floor":40},{"not_picked":["ats:Hammer On+1"],"picked":"SKIP","floor":42},{"not_picked":[],"picked":"ats:Defend Order","floor":45},{"not_picked":[],"picked":"ats:Shadow Raid+1","floor":46},{"not_picked":[],"picked":"ats:Curse Doll","floor":48}],"player_experience":384206,"relics_obtained":[{"floor":7.0,"key":"ats:Originium"},{"floor":7.0,"key":"Unceasing Top"},{"floor":9.0,"key":"The Courier"},{"floor":23.0,"key":"ats:Originium"},{"floor":23.0,"key":"ats:Lavender"},{"floor":26.0,"key":"ats:Military Tradition"},{"floor":27.0,"key":"ats:Originium"},{"floor":27.0,"key":"ats:Remnant Ash"},{"floor":40,"key":"ats:Originium"},{"floor":40,"key":"MoneyPower"},{"floor":43,"key":"ats:Hidden Killer"},{"floor":46,"key":"D4"}],"event_choices":[{"damage_healed":0.0,"max_hp_gain":0.0,"max_hp_loss":0.0,"gold_gain":275.0,"event_name":"Golden Shrine","player_choice":"Desecrate","floor":2.0,"gold_loss":0.0,"damage_taken":0.0,"cards_obtained":["Regret"]},{"damage_healed":0.0,"max_hp_gain":0.0,"max_hp_loss":0.0,"gold_gain":0.0,"event_name":"Drug Dealer","player_choice":"Inject Mutagens","floor":25.0,"gold_loss":0.0,"damage_taken":0.0,"relics_obtained":["MutagenicStrength"]},{"damage_healed":0,"gold_gain":0,"player_choice":"Memory 1","damage_taken":0,"max_hp_gain":0,"max_hp_loss":0,"event_name":"SensoryStone","floor":38,"gold_loss":0},{"damage_healed":0,"gold_gain":0,"player_choice":"Fight","damage_taken":0,"max_hp_gain":0,"max_hp_loss":0,"event_name":"Mysterious Sphere","floor":46,"gold_loss":0}],"is_beta":false,"boss_relics":[{"not_picked":["Calling Bell","SlaversCollar"],"picked":"MagicMushroom"},{"not_picked":[]},{"not_picked":["Cursed Key","Black Star"],"picked":"Busted Crown"},{"not_picked":[]}],"items_purged_floors":[4,12,14,22],"is_endless":false,"potions_floor_spawned":[3,8,16,19,21,27,31,36,37,48],"ascension_level":0}}