{"host":"yecadp3kwkksam5a","time":1612271720,"event":{"mods":["100% Spire Juice","Arknights","BaseMod","Minty Spire (QoL Compilation)","StSLib","SuperFastMode","The Cursed","WarShipGirlsR/??á´Ò³R mod"],"gold_per_floor":[117,129,142,142,156,182,182,182,182,192,218,237,269,286,286,363,363,374,392,407,332,343,343,375,395,421,450,181,196,211,225,225,299,299,315,190,208,258,276,276,304,332,332,359,378,405,434,462,462,462,462,462,462,46,81,81],"floor_reached":57,"language":"KOR","playtime":3387,"items_purged":["Burning Pact","Shrug It Off","Eviscerate","Backflip"],"score":3396,"play_id":"7c2cd26b-23a7-44c6-a148-dc75f42429d0","local_time":"20210202221520","daily_mods":["Draft","Green Cards","Heirloom"],"is_ascension_mode":true,"campfire_choices":[{"data":"Dark Embrace","floor":8.0,"key":"SMITH"},{"data":"Blade Dance","floor":15.0,"key":"SMITH"},{"data":"Blade Dance","floor":23.0,"key":"SMITH"},{"floor":32.0,"key":"RECALL"},{"data":"After Image","floor":40.0,"key":"SMITH"},{"data":"Barricade","floor":49.0,"key":"SMITH"},{"data":"Rage","floor":53,"key":"SMITH"}],"circlet_count":0,"master_deck":["AscendersBane","Blade Dance","Backstab+1","Inflame","Feel No Pain","Warcry","Footwork","Blade Dance+1","Rage+1","Intimidate","Dark Embrace+1","Blade Dance+1","Second Wind","After Image+1","Accuracy","Berserk","Reckless Charge+1","Eviscerate+1","Juggernaut+1","Dark Embrace","Blade Dance+1","Well Laid Plans+1","Prepared+1","Barricade+1"],"relics":["Burning Blood","Gambling Chip","Magic Flower","Thread and Needle","Ginger","Orichalcum","Mummified Hand","Astrolabe","Blood Vial","Meat on the Bone","DollysMirror","Coffee Dripper","WingedGreaves","Whetstone","InkBottle","Mercury Hourglass","Ancient Tea Set","Molten Egg 2","Regal Pillow","MealTicket","Sundial","Kunai"],"acts_visited":["Exordium","TheCity","TheBeyond","TheEnding"],"potions_floor_usage":[],"damage_taken":[{"damage":0.0,"enemies":"2 Louse","floor":1.0,"turns":2.0},{"damage":0.0,"enemies":"Small Slimes","floor":2.0,"turns":1.0},{"damage":0.0,"enemies":"Cultist","floor":3.0,"turns":2.0},{"damage":0.0,"enemies":"Lots of Slimes","floor":5.0,"turns":1.0},{"damage":8.0,"enemies":"Gremlin Nob","floor":6.0,"turns":3.0},{"damage":2.0,"enemies":"Exordium Thugs","floor":10.0,"turns":3.0},{"damage":0.0,"enemies":"Lagavulin","floor":11.0,"turns":6.0},{"damage":0.0,"enemies":"Blue Slaver","floor":12.0,"turns":3.0},{"damage":3.0,"enemies":"3 Sentries","floor":13.0,"turns":4.0},{"damage":0.0,"enemies":"Gremlin Gang","floor":14.0,"turns":4.0},{"damage":2.0,"enemies":"The Guardian","floor":16.0,"turns":6.0},{"damage":0.0,"enemies":"3 Byrds","floor":18.0,"turns":3.0},{"damage":1.0,"enemies":"2 Thieves","floor":19.0,"turns":3.0},{"damage":3.0,"enemies":"Sentry and Sphere","floor":20.0,"turns":3.0},{"damage":27.0,"enemies":"Shelled Parasite and Fungi","floor":22.0,"turns":3.0},{"damage":7.0,"enemies":"Book of Stabbing","floor":24.0,"turns":3.0},{"damage":0.0,"enemies":"Snake Plant","floor":25.0,"turns":2.0},{"damage":0.0,"enemies":"Slavers","floor":27.0,"turns":2.0},{"damage":1.0,"enemies":"Centurion and Healer","floor":29.0,"turns":2.0},{"damage":18.0,"enemies":"Shelled Parasite and Fungi","floor":30.0,"turns":2.0},{"damage":0.0,"enemies":"Cultist and Chosen","floor":31.0,"turns":4.0},{"damage":5.0,"enemies":"Champ","floor":33.0,"turns":2.0},{"damage":0.0,"enemies":"Orb Walker","floor":35.0,"turns":1.0},{"damage":44.0,"enemies":"3 Darklings","floor":37.0,"turns":4.0},{"damage":22.0,"enemies":"2 Orb Walkers","floor":38.0,"turns":2.0},{"damage":20.0,"enemies":"Writhing Mass","floor":39.0,"turns":3.0},{"damage":1.0,"enemies":"Reptomancer","floor":41.0,"turns":3.0},{"damage":9.0,"enemies":"Nemesis","floor":42.0,"turns":3.0},{"damage":0.0,"enemies":"Reptomancer","floor":44.0,"turns":2.0},{"damage":0.0,"enemies":"Transient","floor":45.0,"turns":4.0},{"damage":0.0,"enemies":"Nemesis","floor":46.0,"turns":3.0},{"damage":0.0,"enemies":"Giant Head","floor":47.0,"turns":3.0},{"damage":12.0,"enemies":"Reptomancer","floor":48.0,"turns":4.0},{"damage":7,"enemies":"Awakened One","floor":50,"turns":4},{"damage":0,"enemies":"Donu and Deca","floor":51,"turns":2},{"damage":0,"enemies":"Shield and Spear","floor":55,"turns":2},{"damage":31,"enemies":"The Heart","floor":56,"turns":6}],"seed_played":"899304690741717865","potions_obtained":[{"floor":1.0,"key":"Dexterity Potion"},{"floor":6.0,"key":"EssenceOfSteel"},{"floor":10.0,"key":"Fire Potion"},{"floor":38.0,"key":"Weak Potion"},{"floor":55,"key":"ColorlessPotion"}],"is_trial":true,"path_per_floor":["M","M","M","?","M","E","?","R","T","M","E","M","E","M","R","B",null,"M","M","M","$","M","R","E","M","T","E","$","M","M","M","R","B",null,"M","$","M","?","M","R","E","E","T","E","M","E","E","E","R","B","B",null,"R","$","E","B",null],"character_chosen":"IRONCLAD","items_purchased":["DollysMirror","Sundial"],"campfire_rested":0,"item_purchase_floors":[28,54],"current_hp_per_floor":[74,75,75,75,75,73,73,73,73,75,75,75,75,75,75,75,75,75,75,75,75,57,57,59,71,71,75,75,75,66,75,75,75,75,75,75,58,48,58,58,69,72,72,75,75,75,75,72,72,75,75,75,75,75,75,53],"gold":81,"neow_bonus":"","is_daily":false,"chose_seed":false,"campfire_upgraded":6,"win_rate":0.0,"timestamp":1612271720,"path_taken":["M","M","M","?","M","E","?","R","T","M","E","M","E","M","R","BOSS","M","M","M","$","?","R","E","M","T","E","?","M","M","M","R","BOSS","M","$","M","?","M","R","E","E","T","E","M","E","E","E","R","BOSS","BOSS","R","$","E","BOSS"],"items_purchased_type":["Relic","Relic"],"build_version":"2020-12-22","purchased_purges":4,"victory":true,"max_hp_per_floor":[75,75,75,75,75,75,75,75,75,75,75,75,75,75,75,75,75,75,75,75,75,75,75,75,75,75,75,75,75,75,75,75,75,75,75,75,75,75,75,75,75,75,75,75,75,75,75,75,75,75,75,75,75,75,75,75],"card_choices":[{"not_picked":["Ghostly Armor","Havoc"],"picked":"Eviscerate","floor":0.0},{"not_picked":["Poisoned Stab","Quick Slash"],"picked":"Blade Dance","floor":0.0},{"not_picked":["Wild Strike","Clash"],"picked":"Backstab","floor":0.0},{"not_picked":["Evolve","Dagger Spray"],"picked":"Inflame","floor":0.0},{"not_picked":["Flying Knee","Heavy Blade"],"picked":"Quick Slash","floor":0.0},{"not_picked":["Blade Dance","Sword Boomerang"],"picked":"Feel No Pain","floor":0.0},{"not_picked":["Masterful Stab","Blur"],"picked":"Burning Pact","floor":0.0},{"not_picked":["Perfected Strike","Headbutt"],"picked":"Warcry","floor":0.0},{"not_picked":["Heel Hook","Deflect"],"picked":"Backflip","floor":0.0},{"not_picked":["Dagger Throw","Warcry"],"picked":"Clothesline","floor":0.0},{"not_picked":["Sword Boomerang","Cleave"],"picked":"Whirlwind","floor":0.0},{"not_picked":["Anger","Flame Barrier"],"picked":"Footwork","floor":0.0},{"not_picked":["Poisoned Stab","Body Slam"],"picked":"Blade Dance","floor":0.0},{"not_picked":["Terror","Underhanded Strike"],"picked":"Rage","floor":0.0},{"not_picked":["Deflect","Sword Boomerang"],"picked":"Intimidate","floor":0.0},{"not_picked":["Rupture","Heavy Blade","Iron Wave"],"picked":"SKIP","floor":1.0},{"not_picked":["Backflip","Perfected Strike"],"picked":"Shrug It Off","floor":2.0},{"not_picked":["Searing Blow","Battle Trance"],"picked":"Dark Embrace","floor":3.0},{"not_picked":["Uppercut","Flex"],"picked":"Blade Dance","floor":5.0},{"not_picked":["Iron Wave","Accuracy"],"picked":"Second Wind","floor":6.0},{"not_picked":["Heavy Blade","Catalyst"],"picked":"After Image","floor":10.0},{"not_picked":["Metallicize","Clash","Hemokinesis"],"picked":"SKIP","floor":11.0},{"not_picked":["Shrug It Off","Whirlwind"],"picked":"Accuracy","floor":12.0},{"not_picked":["Evolve","Blood for Blood","Dash"],"picked":"SKIP","floor":13.0},{"not_picked":["Pummel","Entrench","Underhanded Strike"],"picked":"SKIP","floor":14.0},{"not_picked":["Pummel","Entrench","Underhanded Strike"],"picked":"SKIP","floor":14.0},{"not_picked":["Exhume","Immolate"],"picked":"Berserk","floor":16.0},{"not_picked":["Caltrops","Sentinel","Intimidate"],"picked":"SKIP","floor":18.0},{"not_picked":["Twin Strike","Perfected Strike","Evolve"],"picked":"SKIP","floor":19.0},{"not_picked":["Clothesline","Backstab","Dash"],"picked":"SKIP","floor":20.0},{"not_picked":["True Grit","Shrug It Off+1","Flechettes"],"picked":"SKIP","floor":22.0},{"not_picked":["Sever Soul","Flying Knee","Rampage"],"picked":"SKIP","floor":24.0},{"not_picked":["Leg Sweep","Battle Trance","Bouncing Flask"],"picked":"SKIP","floor":25.0},{"not_picked":["Battle Trance","Headbutt"],"picked":"Dark Embrace","floor":27.0},{"not_picked":["Rage","Twin Strike","Dual Wield"],"picked":"SKIP","floor":29.0},{"not_picked":["Predator+1","Backflip","Crippling Poison"],"picked":"SKIP","floor":30.0},{"not_picked":["Flex","Dash"],"picked":"Well Laid Plans+1","floor":31.0},{"not_picked":["Wild Strike+1","Spot Weakness"],"picked":"Prepared+1","floor":35.0},{"not_picked":["Cleave","Anger+1","Twin Strike"],"picked":"SKIP","floor":37.0},{"not_picked":["Perfected Strike","Thunderclap","Dagger Spray"],"picked":"SKIP","floor":39.0},{"not_picked":["Distraction","Pommel Strike","Noxious Fumes"],"picked":"SKIP","floor":41.0},{"not_picked":["Disarm","Tools of the Trade","Riddle With Holes+1"],"picked":"SKIP","floor":42.0},{"not_picked":["Sword Boomerang","Phantasmal Killer","Rage"],"picked":"SKIP","floor":44.0},{"not_picked":["Backflip","Pommel Strike","Noxious Fumes+1"],"picked":"SKIP","floor":45.0},{"not_picked":["Eviscerate+1","Perfected Strike+1"],"picked":"Barricade","floor":46.0},{"not_picked":["Wild Strike+1","Perfected Strike+1","Glass Knife+1"],"picked":"SKIP","floor":47.0},{"not_picked":["Backflip+1","Bloodletting","Calculated Gamble+1"],"picked":"SKIP","floor":48.0},{"not_picked":["Disarm","Perfected Strike+1","Entrench"],"picked":"SKIP","floor":55}],"player_experience":595390,"relics_obtained":[{"floor":6.0,"key":"Magic Flower"},{"floor":9.0,"key":"Ginger"},{"floor":11.0,"key":"Orichalcum"},{"floor":13.0,"key":"Mummified Hand"},{"floor":24.0,"key":"Blood Vial"},{"floor":27.0,"key":"Meat on the Bone"},{"floor":38.0,"key":"WingedGreaves"},{"floor":41.0,"key":"Whetstone"},{"floor":42.0,"key":"InkBottle"},{"floor":43.0,"key":"Mercury Hourglass"},{"floor":44.0,"key":"Ancient Tea Set"},{"floor":46.0,"key":"Molten Egg 2"},{"floor":47.0,"key":"Regal Pillow"},{"floor":48.0,"key":"MealTicket"},{"floor":55,"key":"Kunai"}],"event_choices":[{"damage_healed":0.0,"max_hp_gain":0.0,"max_hp_loss":0.0,"gold_gain":0.0,"event_name":"Liars Game","player_choice":"Ignored","floor":4.0,"gold_loss":0.0,"damage_taken":0.0},{"damage_healed":0.0,"max_hp_gain":0.0,"max_hp_loss":0.0,"gold_gain":0.0,"event_name":"WeMeetAgain","player_choice":"Gave Potion","floor":7.0,"gold_loss":0.0,"damage_taken":0.0,"relics_obtained":["Thread and Needle"]},{"damage_healed":0.0,"max_hp_gain":0.0,"max_hp_loss":0.0,"gold_gain":0.0,"event_name":"Mysterious Sphere","player_choice":"Fight","floor":38.0,"gold_loss":0.0,"damage_taken":0.0}],"is_beta":false,"boss_relics":[{"not_picked":["Velvet Choker","SacredBark"],"picked":"Astrolabe"},{"not_picked":["Snecko Eye","Cursed Key"],"picked":"Coffee Dripper"}],"items_purged_floors":[21,28,36,54],"is_endless":false,"potions_floor_spawned":[1,6,10,12,16,18,22,24,25,27,38,39,41,42,55],"ascension_level":20}}