{"host":"2q82lssse0ckn8xu","time":1612266843,"event":{"mods":["AchievementEnabler","BaseMod","Colored Map","Colored Powertips","Minty Spire (QoL Compilation)","Permanent Neow","Quick Restart","StSLib","The Saiyan","Unceasing Turn Reminder"],"gold_per_floor":[119,132,147,160,160,160,170,198,198,198,210,0,0,19,19,98,98,112,112,122,122,122,122,172,172,172,172,202,70,83,109,109,109,109],"floor_reached":33,"language":"ENG","playtime":1544,"items_purged":[],"score":581,"play_id":"975b56a4-3f29-49ec-afab-05bef46cbc2d","local_time":"20210202172403","is_ascension_mode":true,"campfire_choices":[{"data":"Bash","floor":6.0,"key":"SMITH"},{"data":"Armaments","floor":10.0,"key":"SMITH"},{"data":"Limit Break","floor":13.0,"key":"SMITH"},{"floor":15.0,"key":"REST"},{"floor":23.0,"key":"REST"},{"data":"Metallicize","floor":25.0,"key":"SMITH"},{"floor":27.0,"key":"REST"},{"floor":32.0,"key":"REST"}],"circlet_count":0,"master_deck":["AscendersBane","Strike_R","Strike_R","Strike_R","Strike_R","Strike_R","Defend_R","Defend_R","Defend_R","Defend_R","Bash+1","Infernal Blade","Reckless Charge","Inflame+1","Whirlwind","Armaments+1","Carnage","Limit Break+1","Metallicize+1","Shrug It Off","Shrug It Off","Feed","Thunderclap","Clothesline","Ghostly Armor","Heavy Blade","Reaper"],"relics":["Burning Blood","The Courier","Ornamental Fan","Runic Pyramid","Frozen Egg 2","MutagenicStrength","Tiny Chest","Art of War","Omamori","Dead Branch"],"acts_visited":["Exordium","TheCity"],"potions_floor_usage":[],"damage_taken":[{"damage":2.0,"enemies":"2 Louse","floor":1.0,"turns":3.0},{"damage":2.0,"enemies":"Cultist","floor":2.0,"turns":4.0},{"damage":2.0,"enemies":"Jaw Worm","floor":3.0,"turns":2.0},{"damage":5.0,"enemies":"2 Fungi Beasts","floor":4.0,"turns":4.0},{"damage":4.0,"enemies":"Large Slime","floor":7.0,"turns":5.0},{"damage":30.0,"enemies":"Lagavulin","floor":8.0,"turns":5.0},{"damage":7.0,"enemies":"Looter","floor":11.0,"turns":3.0},{"damage":13.0,"enemies":"Red Slaver","floor":14.0,"turns":3.0},{"damage":61.0,"enemies":"Hexaghost","floor":16.0,"turns":9.0},{"damage":18.0,"enemies":"Spheric Guardian","floor":18.0,"turns":5.0},{"damage":36.0,"enemies":"3 Byrds","floor":20.0,"turns":5.0},{"damage":41.0,"enemies":"Gremlin Leader","floor":28.0,"turns":7.0},{"damage":18.0,"enemies":"Cultist and Chosen","floor":30.0,"turns":7.0},{"damage":65.0,"enemies":"Book of Stabbing","floor":31.0,"turns":6.0},{"damage":61,"enemies":"Champ","floor":33,"turns":9}],"seed_played":"-171742764246523921","potions_obtained":[{"floor":3.0,"key":"FairyPotion"},{"floor":4.0,"key":"LiquidMemories"},{"floor":30.0,"key":"SteroidPotion"}],"is_trial":false,"path_per_floor":["M","M","M","M","?","R","M","E","T","R","M","$","R","M","R","B",null,"M","T","M","?","?","R","?","R","T","R","E","$","M","E","R","B"],"character_chosen":"IRONCLAD","items_purchased":["Limit Break","Metallicize","Shrug It Off","Omamori"],"campfire_rested":4,"item_purchase_floors":[12,12,12,29],"current_hp_per_floor":[79,82,82,82,82,82,82,58,58,58,57,57,57,50,74,19,66,58,58,32,32,32,59,59,59,59,86,55,55,46,23,53,4,4],"gold":109,"neow_bonus":"TEN_PERCENT_HP_BONUS","is_daily":false,"chose_seed":false,"campfire_upgraded":4,"win_rate":0.0,"timestamp":1612266843,"path_taken":["M","M","M","M","?","R","M","E","T","R","M","$","R","M","R","BOSS","M","?","M","?","?","R","?","R","T","R","E","?","M","E","R","BOSS"],"items_purchased_type":["Card","Card","Card","Relic"],"build_version":"2020-12-22","purchased_purges":0,"victory":false,"max_hp_per_floor":[82,82,82,82,82,82,82,82,82,82,82,82,82,82,82,82,82,86,86,90,90,90,90,90,90,90,90,94,94,97,100,100,100,100],"card_choices":[{"not_picked":["Body Slam","Heavy Blade"],"picked":"Infernal Blade","floor":1.0},{"not_picked":["Sword Boomerang","Combust"],"picked":"Reckless Charge","floor":2.0},{"not_picked":["Whirlwind","Anger"],"picked":"Inflame","floor":3.0},{"not_picked":["Sword Boomerang","Rage"],"picked":"Whirlwind","floor":4.0},{"not_picked":["Heavy Blade","Anger"],"picked":"Armaments","floor":7.0},{"not_picked":["True Grit","Fire Breathing","Dark Embrace"],"picked":"SKIP","floor":8.0},{"not_picked":["Havoc","Perfected Strike"],"picked":"Carnage","floor":11.0},{"not_picked":["Warcry","Bloodletting"],"picked":"Shrug It Off","floor":14.0},{"not_picked":["Barricade","Exhume"],"picked":"Feed","floor":16.0},{"not_picked":["Havoc","Bloodletting"],"picked":"Thunderclap","floor":18.0},{"not_picked":["Clash+1","Sword Boomerang"],"picked":"Clothesline","floor":20.0},{"not_picked":["Iron Wave","Corruption+1"],"picked":"Ghostly Armor","floor":28.0},{"not_picked":["Body Slam","Ghostly Armor"],"picked":"Heavy Blade","floor":30.0},{"not_picked":["Warcry","Flex+1"],"picked":"Reaper","floor":31.0}],"player_experience":654807,"relics_obtained":[{"floor":8.0,"key":"The Courier"},{"floor":9.0,"key":"Ornamental Fan"},{"floor":19.0,"key":"Frozen Egg 2"},{"floor":26.0,"key":"Tiny Chest"},{"floor":28.0,"key":"Art of War"},{"floor":31.0,"key":"Dead Branch"}],"event_choices":[{"damage_healed":0.0,"max_hp_gain":0.0,"max_hp_loss":0.0,"gold_gain":0.0,"event_name":"Upgrade Shrine","player_choice":"Upgraded","floor":5.0,"gold_loss":0.0,"damage_taken":0.0,"cards_upgraded":["Inflame"]},{"damage_healed":0.0,"max_hp_gain":0.0,"max_hp_loss":0.0,"gold_gain":0.0,"event_name":"Drug Dealer","player_choice":"Inject Mutagens","floor":21.0,"gold_loss":0.0,"damage_taken":0.0,"relics_obtained":["MutagenicStrength"]},{"damage_healed":0.0,"max_hp_gain":0.0,"max_hp_loss":0.0,"gold_gain":0.0,"event_name":"Cursed Tome","player_choice":"Ignored","floor":22.0,"gold_loss":0.0,"damage_taken":0.0},{"damage_healed":0.0,"max_hp_gain":0.0,"max_hp_loss":0.0,"gold_gain":50.0,"event_name":"Nest","player_choice":"Stole From Cult","floor":24.0,"gold_loss":0.0,"damage_taken":0.0}],"is_beta":false,"boss_relics":[{"not_picked":["Tiny House","Runic Dome"],"picked":"Runic Pyramid"}],"items_purged_floors":[],"is_endless":false,"potions_floor_spawned":[3,4,7,11,14,30],"killed_by":"Champ","ascension_level":19}}