{"host":"0m9qzqwuh9r40nrk","time":1612258396,"event":{"mods":["BaseMod","Conspire","Downfall","Hermit","Hubris","Infinite Spire","Jorbs\u0027s Wanderer Trilogy","Minty Spire (QoL Compilation)","Quick Restart","Replay The Spire","Shop Mod","StSLib","The Animator","The Construct","The Cursed","The Disciple","The Hierophant","The Necromancer","The Runesmith","everything is the same but u backflip on backflip"],"gold_per_floor":[110,126,144,144,160,160,85,113,186,186,204,231,231,257,257,358,358,378,390,406,422,432,432,467,467,492,520,535,549,549,579,579,681,681,698,711,711,730,750,778,74,101,127,161,7,32,32,47,47,47],"floor_reached":51,"language":"ENG","playtime":6775,"items_purged":["Negative_Energy_Shield","Siphon_Strength","Detonate_Bones+1"],"score":1169,"play_id":"076fbe11-e420-4064-ba7d-a0fe5822d9c7","local_time":"20210202013316","daily_mods":["SealedDeck","Elite Swarm"],"is_ascension_mode":true,"campfire_choices":[{"data":"Bone_Bullets","floor":6,"key":"SMITH"},{"data":"Summon_Vampire_Lady","floor":10,"key":"SMITH"},{"data":"Summon_Death_Knight","floor":15,"key":"SMITH"},{"data":"Summon_Vampire_Lady","floor":23,"key":"SMITH"},{"data":"Bone_Shift","floor":25,"key":"SMITH"},{"data":"Bone_Shift","floor":32,"key":"SMITH"},{"floor":49,"key":"DIG"}],"circlet_count":0,"master_deck":["Scare","Spectral_Walk","Bone_Bullets+1","Bone_Armor","Bone_Prison","Bones_to_Steel","Bone_Armory","Spectral_Armor","Summon_Vampire_Lady+1","Bone_Shift+1","Skeleton_Dragon","Summon_Death_Knight+1","Summon_Vampire_Lady+1","Bone_Shift+1","Cloudkill+1","Bone_Prison+1","infinitespire:TheBestDefense+1","Skeleton_Dragon","Summon_Undead+1","Summon_Undead_Army","Summon_Vampire_Lady","Summon_Death_Knight"],"relics":["Vampire_Amulet","Ice Cream","Replay:Wax Seal","ReplayTheSpireMod:Shallot","Replay:WaspNest","Potion Belt","Snecko Heart","Du-Vu Doll","Toxic Egg 2","Centennial Puzzle","Iron Hammer","Snecko Eye","Oddly Smooth Stone","Strange Spoon","Bag of Marbles","Juzu Bracelet","Replay:Multitool","Bronze Scales","StrikeDummy","Replay:Baseball","Mango","Turnip","Eternal Feather"],"acts_visited":["Exordium","TheCity","TheBeyond"],"potions_floor_usage":[8,12,14,16,18,24,27,50],"damage_taken":[{"damage":0,"enemies":"Small Slimes","floor":1,"turns":8},{"damage":3,"enemies":"Cultist","floor":2,"turns":5},{"damage":0,"enemies":"2 Louse","floor":3,"turns":5},{"damage":0,"enemies":"Looter","floor":5,"turns":4},{"damage":12,"enemies":"Lagavulin","floor":8,"turns":7},{"damage":8,"enemies":"Red Slaver","floor":11,"turns":4},{"damage":0,"enemies":"Replay:BlueRogue","floor":12,"turns":8},{"damage":12,"enemies":"3 Sentries","floor":14,"turns":9},{"damage":4,"enemies":"Hexaghost","floor":16,"turns":12},{"damage":0,"enemies":"conspire:FuzzyDice","floor":18,"turns":4},{"damage":6,"enemies":"3 Byrds","floor":19,"turns":4},{"damage":0,"enemies":"Centurion and Healer","floor":20,"turns":5},{"damage":1,"enemies":"Shelled Parasite and Fungi","floor":21,"turns":5},{"damage":0,"enemies":"conspire:HollyBat","floor":22,"turns":5},{"damage":14,"enemies":"conspire:Head Lice","floor":24,"turns":4},{"damage":16,"enemies":"Replay:Snechameleon","floor":27,"turns":4},{"damage":4,"enemies":"Snecko","floor":28,"turns":5},{"damage":10,"enemies":"Centurion and Healer","floor":29,"turns":4},{"damage":0,"enemies":"conspire:SneckoGhost","floor":31,"turns":6},{"damage":0,"enemies":"Champ","floor":33,"turns":8},{"damage":0,"enemies":"3 Darklings","floor":35,"turns":4},{"damage":0,"enemies":"3 Shapes","floor":36,"turns":2},{"damage":7,"enemies":"Sphere and 2 Shapes","floor":38,"turns":5},{"damage":0,"enemies":"Maw","floor":39,"turns":5},{"damage":0,"enemies":"Reptomancer","floor":40,"turns":5},{"damage":0,"enemies":"Nightmare","floor":42,"turns":6},{"damage":5,"enemies":"R_Hoarder","floor":44,"turns":5},{"damage":10,"enemies":"Giant Head","floor":46,"turns":7},{"damage":0,"enemies":"Writhing Mass","floor":48,"turns":4},{"damage":28,"enemies":"conspire:OrnateMirror","floor":50,"turns":8}],"seed_played":"-1496728102346913227","potions_obtained":[{"floor":1,"key":"Death Potion"},{"floor":3,"key":"LiquidBronze"},{"floor":11,"key":"Fire Potion"},{"floor":14,"key":"DistilledChaos"},{"floor":16,"key":"Energy Potion"},{"floor":18,"key":"Dexterity Potion"},{"floor":21,"key":"Reflective Coating"},{"floor":22,"key":"champ:CounterPotion"},{"floor":29,"key":"BlessingOfTheForge"},{"floor":40,"key":"FairyPotion"},{"floor":42,"key":"Block Potion"},{"floor":48,"key":"LiquidBronze"}],"is_trial":true,"path_per_floor":["M","M","M","?","M","R","$","E","T","R","M","E","?","E","R","B",null,"M","M","M","M","M","R","E","R","T","E","M","M","AVR","E","R","B",null,"M","M","?","M","M","E","$","NM","T","E","$","E","AVR","M","R","B",null],"character_chosen":"NECROMANCER","items_purchased":["Summon_Undead+1","Strange Spoon","Bag of Marbles","Juzu Bracelet","Summon_Undead_Army","Replay:Baseball"],"campfire_rested":0,"item_purchase_floors":[41,41,41,41,41,45],"current_hp_per_floor":[75,74,75,75,75,75,75,65,65,65,59,75,68,75,75,75,75,75,75,75,75,75,75,75,75,75,75,75,75,75,75,75,75,75,75,75,75,75,75,75,75,75,75,75,75,89,89,89,89,89],"gold":47,"neow_bonus":"","is_daily":false,"chose_seed":false,"campfire_upgraded":6,"win_rate":0.0,"timestamp":1612258396,"path_taken":["M","M","M","?","M","R","?","E","T","R","M","E","?","E","R","BOSS","M","M","M","M","M","R","E","R","T","E","M","M","AVR","E","R","BOSS","M","M","?","M","?","E","?","NM","T","E","$","E","AVR","M","R","BOSS"],"items_purchased_type":["Card","Relic","Relic","Relic","Card","Relic"],"build_version":"2020-12-22","purchased_purges":3,"victory":true,"max_hp_per_floor":[75,75,75,75,75,75,75,75,75,75,75,75,75,75,75,75,75,75,75,75,75,75,75,75,75,75,75,75,75,75,75,75,75,75,75,75,75,75,75,75,75,75,75,75,75,89,89,89,89,89],"card_choices":[{"not_picked":["Siphon_Strength","Corrupt","Flesh_Made_Foul"],"picked":"SKIP","floor":1},{"not_picked":["Siphon_Strength","Finger_Of_Death"],"picked":"Spectral_Armor","floor":2},{"not_picked":["Chill_Blood","Bones_to_Steel","Negative_Energy_Mist"],"picked":"SKIP","floor":3},{"not_picked":["Negative_Energy_Shield","Shackles_Of_Pain","Blood_Curse"],"picked":"SKIP","floor":5},{"not_picked":["Negative_Energy_Shield","Shackles_Of_Pain","Blood_Curse"],"picked":"SKIP","floor":5},{"not_picked":["Reap_The_Weak","Hellfire"],"picked":"Summon_Vampire_Lady","floor":8},{"not_picked":["Vampiric_Strike","Spectral_Armor"],"picked":"Bone_Shift","floor":11},{"not_picked":["Summon_Vampire_Lady","Requiem"],"picked":"Skeleton_Dragon","floor":12},{"not_picked":["Grasp_Heart","Negative_Energy_Bomb"],"picked":"Summon_Death_Knight","floor":14},{"not_picked":["Grasp_Heart","Detonate_Bones"],"picked":"Summon_Vampire_Lady","floor":16},{"not_picked":["Summon_Lich","Shackles_Of_Pain","Scare"],"picked":"SKIP","floor":18},{"not_picked":["Scare","Flesh_Made_Foul","Chill_Blood"],"picked":"SKIP","floor":19},{"not_picked":["Scare","Consume_Illness","Necromantic_Selection"],"picked":"SKIP","floor":20},{"not_picked":["Scare","Consume_Illness","Necromantic_Selection"],"picked":"SKIP","floor":20},{"not_picked":["Scare","Negative_Energy_Mist"],"picked":"Bone_Shift","floor":21},{"not_picked":["Death_March_Dance","Hellfire","Siphon_Strength"],"picked":"SKIP","floor":22},{"not_picked":["Blood_Wake","Blood_Magic","Grasp_Heart"],"picked":"SKIP","floor":24},{"not_picked":["Grasp_Heart","Requiem"],"picked":"Cloudkill+1","floor":27},{"not_picked":["Bone_Bullets","Scare+1","Negative_Energy_Mist+1"],"picked":"SKIP","floor":28},{"not_picked":["Negative_Energy_Mist+1","Scare+1"],"picked":"Bone_Prison+1","floor":29},{"not_picked":["Grasp_Heart","Reap_The_Weak"],"picked":"Detonate_Bones","floor":31},{"not_picked":["Toxic_Smoke_Screen+1","Death_Coil+1","Shackles_Of_Pain+1"],"picked":"SKIP","floor":35},{"not_picked":["Vampiric_Strike+1","Scare+1","Toxic_Smoke_Screen+1"],"picked":"SKIP","floor":36},{"not_picked":["Death_March_Dance","Siphon_Strength+1","Finger_Of_Death"],"picked":"SKIP","floor":38},{"not_picked":["Finger_Of_Death+1","Acid_Javelin+1","Death_March_Dance+1"],"picked":"SKIP","floor":39},{"not_picked":["Requiem","Cloudkill+1"],"picked":"Skeleton_Dragon","floor":40},{"not_picked":["Hellfire","Grasp_Heart","Blood_Wake"],"picked":"SKIP","floor":42},{"not_picked":["Blood_Magic","Hellfire"],"picked":"Summon_Vampire_Lady","floor":44},{"not_picked":["Hellfire","Cloudkill+1"],"picked":"Summon_Death_Knight","floor":46},{"not_picked":["Negative_Energy_Javelin+1","Negative_Energy_Shield+1","Vampiric_Strike"],"picked":"SKIP","floor":48}],"player_experience":517486,"relics_obtained":[{"floor":4,"key":"Ice Cream"},{"floor":8,"key":"Replay:Wax Seal"},{"floor":9,"key":"ReplayTheSpireMod:Shallot"},{"floor":12,"key":"Replay:WaspNest"},{"floor":14,"key":"Potion Belt"},{"floor":24,"key":"Du-Vu Doll"},{"floor":27,"key":"Toxic Egg 2"},{"floor":31,"key":"Iron Hammer"},{"floor":40,"key":"Oddly Smooth Stone"},{"floor":42,"key":"Replay:Multitool"},{"floor":43,"key":"Bronze Scales"},{"floor":44,"key":"StrikeDummy"},{"floor":46,"key":"Mango"},{"floor":49,"key":"Eternal Feather"}],"event_choices":[{"damage_healed":0,"gold_gain":0,"player_choice":"Relic","damage_taken":0,"max_hp_gain":0,"max_hp_loss":0,"event_name":"Wheel of Change","floor":4,"gold_loss":0},{"cards_removed":["Toxic_Smoke_Screen"],"damage_healed":0,"gold_gain":0,"player_choice":"Card Removal","damage_taken":7,"max_hp_gain":0,"max_hp_loss":0,"event_name":"Golden Wing","floor":13,"gold_loss":0},{"damage_healed":0,"gold_gain":0,"player_choice":"Forge","damage_taken":0,"max_hp_gain":0,"max_hp_loss":0,"event_name":"Accursed Blacksmith","floor":37,"gold_loss":0,"cards_upgraded":["Detonate_Bones"]}],"is_beta":false,"boss_relics":[{"not_picked":["Calling Bell","Runesmith:UraniumAnvil"],"picked":"Snecko Heart"},{"not_picked":["bronze:MakeshiftBattery","SlaversCollar"],"picked":"Snecko Eye"}],"items_purged_floors":[7,30,41],"is_endless":false,"potions_floor_spawned":[1,3,11,14,16,18,21,22,29,40,42,48],"ascension_level":4}}