{"host":"d744ndivyohnro60","time":1612238046,"event":{"mods":["BaseMod","Bestiary","Colored Powertips","Minty Spire (QoL Compilation)","Relic Stats"],"gold_per_floor":[115,115,7,22,22,52,52,62,62,62,137,152,152,172,172,272,272,239,254,179,179,179,179,204,204,204,220,220,168,168,32,32,32,32],"floor_reached":33,"language":"ENG","playtime":1151,"items_purged":["Defend_B"],"score":354,"play_id":"6cb8e8de-ea0b-44a0-ad39-1f608355d239","local_time":"20210201225406","is_ascension_mode":true,"campfire_choices":[{"data":"Zap","floor":7,"key":"SMITH"},{"data":"Consume","floor":10,"key":"SMITH"},{"data":"FTL","floor":15,"key":"SMITH"},{"floor":23,"key":"REST"},{"floor":25,"key":"REST"},{"data":"FTL","floor":28,"key":"SMITH"},{"floor":32,"key":"REST"}],"circlet_count":0,"master_deck":["Defend_B","Defend_B","Defend_B","Zap+1","Dualcast","Consume+1","FTL+1","Cold Snap","Stack+1","FTL+1","Loop","Reprogram","Reboot","CurseOfTheBell","Sweeping Beam+1","Gash+1","Bite","Bite","Bite","Bite","Bite","Undo","Gash","Capacitor"],"relics":["Cracked Core","NeowsBlessing","Pantograph","Regal Pillow","Calling Bell","Pocketwatch","Question Card","Lantern","Orichalcum","Darkstone Periapt","Bronze Scales"],"acts_visited":["Exordium","TheCity"],"potions_floor_usage":[14,16,19,24,27,33],"damage_taken":[{"damage":0,"enemies":"2 Louse","floor":1,"turns":1},{"damage":0,"enemies":"Cultist","floor":4,"turns":1},{"damage":0,"enemies":"Gremlin Nob","floor":6,"turns":1},{"damage":0,"enemies":"Small Slimes","floor":8,"turns":3},{"damage":4,"enemies":"3 Louse","floor":12,"turns":2},{"damage":7,"enemies":"Large Slime","floor":14,"turns":4},{"damage":35,"enemies":"Slime Boss","floor":16,"turns":12},{"damage":46,"enemies":"2 Thieves","floor":18,"turns":5},{"damage":19,"enemies":"3 Byrds","floor":19,"turns":4},{"damage":45,"enemies":"Slavers","floor":24,"turns":6},{"damage":14,"enemies":"Cultist and Chosen","floor":27,"turns":5},{"damage":115,"enemies":"Automaton","floor":33,"turns":12}],"seed_played":"3116036114342180733","potions_obtained":[{"floor":1,"key":"Energy Potion"},{"floor":8,"key":"Strength Potion"},{"floor":12,"key":"Dexterity Potion"},{"floor":16,"key":"Strength Potion"},{"floor":24,"key":"Explosive Potion"},{"floor":27,"key":"SkillPotion"}],"is_trial":false,"path_per_floor":["M","?","$","M","$","E","R","M","T","R","?","M","?","M","R","B",null,"M","M","?","?","?","R","E","R","T","M","R","$","?","$","R","B"],"character_chosen":"DEFECT","items_purchased":["FTL","Gash","FairyPotion","Capacitor"],"campfire_rested":3,"item_purchase_floors":[3,29,31,31],"current_hp_per_floor":[75,75,75,75,75,75,75,75,75,75,64,60,60,53,53,40,75,29,10,10,10,10,40,5,35,35,31,31,31,31,31,52,0,0],"gold":32,"neow_bonus":"THREE_ENEMY_KILL","is_daily":false,"chose_seed":false,"campfire_upgraded":4,"win_rate":0.0,"timestamp":1612238046,"path_taken":["M","?","$","?","$","E","R","M","T","R","?","M","?","M","R","BOSS","M","M","?","?","?","R","E","R","T","M","R","$","?","$","R","BOSS"],"items_purchased_type":["Card","Card","Potion","Card"],"build_version":"2020-12-22","purchased_purges":1,"victory":false,"max_hp_per_floor":[75,75,75,75,75,75,75,75,75,75,75,75,75,75,75,75,75,75,75,75,52,52,52,52,52,52,52,52,52,52,52,52,52,52],"relic_stats":{"Darkstone Periapt":0,"Regal Pillow":36,"counters":[12,56],"Pantograph":22,"Bronze Scales":[48],"Orichalcum":[36],"Question Card":4,"obtain_stats":[{"Calling Bell":17,"Darkstone Periapt":24,"Regal Pillow":9,"Lantern":17,"NeowsBlessing":0,"Pantograph":6,"Bronze Scales":26,"Orichalcum":22,"Cracked Core":0,"Question Card":17,"Pocketwatch":17},{"Calling Bell":7,"Darkstone Periapt":10,"Regal Pillow":4,"Lantern":7,"NeowsBlessing":0,"Pantograph":3,"Bronze Scales":10,"Orichalcum":9,"Cracked Core":0,"Question Card":7,"Pocketwatch":7},{"Calling Bell":24,"Darkstone Periapt":39,"Regal Pillow":6,"Lantern":24,"NeowsBlessing":0,"Pantograph":3,"Bronze Scales":39,"Orichalcum":33,"Cracked Core":0,"Question Card":24,"Pocketwatch":24}],"Pocketwatch":[24]},"card_choices":[{"not_picked":["Genetic Algorithm","Turbo"],"picked":"Consume","floor":1},{"not_picked":["Rip and Tear","Gash"],"picked":"Cold Snap","floor":4},{"not_picked":["Self Repair","Meteor Strike"],"picked":"Stack","floor":6},{"not_picked":["Rip and Tear","Stack"],"picked":"FTL","floor":8},{"not_picked":["Steam","Redo"],"picked":"Loop","floor":12},{"not_picked":["Scrape","Steam"],"picked":"Reprogram","floor":14},{"not_picked":["Biased Cognition","Echo Form"],"picked":"Reboot","floor":16},{"not_picked":["Hologram+1","Chill","Undo"],"picked":"Sweeping Beam+1","floor":18},{"not_picked":["Leap+1","Turbo","Conserve Battery"],"picked":"Gash+1","floor":19},{"not_picked":["Hologram","Turbo+1","Seek"],"picked":"Undo","floor":24},{"not_picked":["Stack","Cold Snap","Darkness","Streamline"],"picked":"SKIP","floor":27}],"player_experience":196687,"relics_obtained":[{"floor":6,"key":"Pantograph"},{"floor":9,"key":"Regal Pillow"},{"floor":17,"key":"Pocketwatch"},{"floor":17,"key":"Question Card"},{"floor":17,"key":"Lantern"},{"floor":24,"key":"Darkstone Periapt"},{"floor":26,"key":"Bronze Scales"}],"event_choices":[{"damage_healed":0,"gold_gain":0,"player_choice":"Bought 0 Potions","damage_taken":0,"max_hp_gain":0,"max_hp_loss":0,"event_name":"The Woman in Blue","floor":2,"gold_loss":0},{"damage_healed":0,"gold_gain":75,"player_choice":"Gather Gold","damage_taken":11,"max_hp_gain":0,"max_hp_loss":0,"event_name":"World of Goop","floor":11,"gold_loss":0},{"damage_healed":0,"gold_gain":0,"player_choice":"Grow","damage_taken":0,"max_hp_gain":0,"max_hp_loss":0,"event_name":"Living Wall","floor":13,"gold_loss":0,"cards_upgraded":["Stack"]},{"cards_removed":["Strike_B"],"damage_healed":0,"gold_gain":0,"player_choice":"Gave Gold","damage_taken":0,"max_hp_gain":0,"max_hp_loss":0,"event_name":"Beggar","floor":20,"gold_loss":75},{"damage_healed":0,"gold_gain":0,"player_choice":"Became a vampire","damage_taken":0,"max_hp_gain":0,"max_hp_loss":23,"event_name":"Vampires","floor":21,"gold_loss":0,"cards_obtained":["Bite","Bite","Bite","Bite","Bite"]},{"damage_healed":0,"gold_gain":0,"player_choice":"Opened","damage_taken":0,"relics_obtained":["Orichalcum"],"max_hp_gain":0,"max_hp_loss":0,"event_name":"The Mausoleum","floor":22,"gold_loss":0,"cards_obtained":["Writhe"]},{"cards_removed":["Writhe"],"damage_healed":0,"gold_gain":0,"player_choice":"Removed Curses","damage_taken":0,"max_hp_gain":0,"max_hp_loss":0,"event_name":"Fountain of Cleansing","floor":30,"gold_loss":0}],"is_beta":false,"boss_relics":[{"not_picked":["Runic Dome","Snecko Eye"],"picked":"Calling Bell"}],"items_purged_floors":[3],"is_endless":false,"potions_floor_spawned":[1,8,12,16,24,27],"killed_by":"Automaton","ascension_level":3}}