{"host":"gfxjwtol062e9znw","time":1612252645,"event":{"mods":["BaseMod","Colored Map","Minty Spire (QoL Compilation)"],"gold_per_floor":[359,0,20,37,37,37,37,67,67,99,125,137,163,175,187,304,316,344,372,394,417,191,191,224,224,251,251,261,274,64,79,79,79,79],"floor_reached":33,"language":"ENG","playtime":5240,"items_purged":["Defend_G"],"score":379,"play_id":"7502af0e-708b-4a91-8e12-3b85dc22af26","local_time":"20210202185725","is_ascension_mode":true,"campfire_choices":[{"floor":6,"key":"REST"},{"data":"Cloak And Dagger","floor":12,"key":"SMITH"},{"floor":15,"key":"REST"},{"floor":23,"key":"REST"},{"data":"Setup","floor":27,"key":"SMITH"},{"data":"Burst","floor":32,"key":"SMITH"}],"circlet_count":0,"master_deck":["Strike_G","Strike_G+1","Strike_G+1","Strike_G","Strike_G","Defend_G","Defend_G","Defend_G","Survivor","Neutralize","Cloak And Dagger+1","Blade Dance","Bullet Time","Quick Slash","PiercingWail","Backflip","Dodge and Roll","Burst+1","Setup+1","PiercingWail","Prepared","Backstab","Setup+1","Backstab","Enlightenment","Acrobatics"],"relics":["Ring of the Snake","Dead Branch","HornCleat","Mercury Hourglass","MawBank","Pocketwatch","Black Star","Oddly Smooth Stone","Blue Candle","Whetstone"],"acts_visited":["Exordium","TheCity"],"potions_floor_usage":[16,20,20,21,21,24,24,33,33,33],"damage_taken":[{"damage":7,"enemies":"2 Louse","floor":1,"turns":4},{"damage":3,"enemies":"Jaw Worm","floor":3,"turns":3},{"damage":0,"enemies":"Cultist","floor":4,"turns":4},{"damage":2,"enemies":"3 Sentries","floor":8,"turns":6},{"damage":1,"enemies":"3 Louse","floor":10,"turns":3},{"damage":0,"enemies":"Lots of Slimes","floor":11,"turns":3},{"damage":4,"enemies":"Large Slime","floor":13,"turns":6},{"damage":21,"enemies":"The Guardian","floor":16,"turns":13},{"damage":0,"enemies":"3 Byrds","floor":18,"turns":5},{"damage":16,"enemies":"2 Thieves","floor":19,"turns":4},{"damage":14,"enemies":"Cultist and Chosen","floor":20,"turns":6},{"damage":24,"enemies":"Chosen and Byrds","floor":21,"turns":7},{"damage":13,"enemies":"Book of Stabbing","floor":24,"turns":6},{"damage":0,"enemies":"Snecko","floor":28,"turns":3},{"damage":2,"enemies":"Centurion and Healer","floor":29,"turns":5},{"damage":0,"enemies":"Shelled Parasite and Fungi","floor":31,"turns":3},{"damage":77,"enemies":"Champ","floor":33,"turns":11}],"seed_played":"1443473011540080610","potions_obtained":[{"floor":3,"key":"Weak Potion"},{"floor":10,"key":"Swift Potion"},{"floor":11,"key":"Poison Potion"},{"floor":13,"key":"LiquidMemories"},{"floor":16,"key":"Swift Potion"},{"floor":20,"key":"Swift Potion"},{"floor":21,"key":"CultistPotion"},{"floor":29,"key":"SteroidPotion"}],"is_trial":false,"path_per_floor":["M","$","M","M","?","R","?","E","T","M","M","R","M","T","R","B",null,"M","M","M","M","$","R","E","?","T","R","M","M","$","M","R","B"],"character_chosen":"THE_SILENT","items_purchased":["Dead Branch","Blade Dance","Backstab","Energy Potion","Setup","Weak Potion","Enlightenment","GamblersBrew"],"campfire_rested":3,"item_purchase_floors":[2,2,22,22,22,30,30,30],"current_hp_per_floor":[56,56,53,53,35,53,46,44,44,43,43,43,39,39,57,36,56,56,40,26,2,2,20,7,63,63,63,63,61,61,61,61,0,0],"gold":79,"neow_bonus":"TWO_FIFTY_GOLD","is_daily":false,"chose_seed":false,"campfire_upgraded":3,"win_rate":0.0,"timestamp":1612252645,"path_taken":["M","$","M","M","?","R","?","E","T","M","M","R","?","?","R","BOSS","M","?","M","M","$","R","E","?","T","R","M","M","$","M","R","BOSS"],"items_purchased_type":["Relic","Card","Card","Potion","Card","Potion","Card","Potion"],"build_version":"2020-12-22","purchased_purges":1,"victory":false,"max_hp_per_floor":[63,63,63,63,63,63,63,63,63,63,63,63,63,63,63,63,63,63,63,63,63,63,63,63,63,63,63,63,63,63,63,63,63,63],"card_choices":[{"not_picked":["Sucker Punch","Deflect"],"picked":"Cloak And Dagger","floor":1},{"not_picked":["Underhanded Strike","Finisher"],"picked":"Bullet Time","floor":3},{"not_picked":["Slice","Bane"],"picked":"Quick Slash","floor":4},{"not_picked":["Choke","Envenom"],"picked":"PiercingWail","floor":8},{"not_picked":["Quick Slash","Outmaneuver"],"picked":"Backflip","floor":10},{"not_picked":["Noxious Fumes","Bane"],"picked":"Dodge and Roll","floor":11},{"not_picked":["Deflect","Quick Slash","Dagger Spray"],"picked":"SKIP","floor":13},{"not_picked":["Storm of Steel","Night Terror"],"picked":"Burst","floor":16},{"not_picked":["Dagger Spray","Deflect","Heel Hook"],"picked":"SKIP","floor":18},{"not_picked":["Infinite Blades","Dagger Throw+1"],"picked":"Setup+1","floor":19},{"not_picked":["Deflect","Dash"],"picked":"PiercingWail","floor":20},{"not_picked":["Deadly Poison+1","Distraction"],"picked":"Prepared","floor":21},{"not_picked":["Caltrops+1","Eviscerate"],"picked":"Backstab","floor":24},{"not_picked":["Dagger Throw","Masterful Stab","Dagger Spray"],"picked":"SKIP","floor":28},{"not_picked":["Noxious Fumes","Masterful Stab+1","Dagger Throw"],"picked":"SKIP","floor":29},{"not_picked":["Quick Slash","Distraction"],"picked":"Acrobatics","floor":31}],"player_experience":63018,"relics_obtained":[{"floor":8,"key":"Mercury Hourglass"},{"floor":9,"key":"MawBank"},{"floor":14,"key":"Pocketwatch"},{"floor":24,"key":"Oddly Smooth Stone"},{"floor":24,"key":"Blue Candle"},{"floor":26,"key":"Whetstone"}],"event_choices":[{"damage_healed":0,"gold_gain":0,"player_choice":"Success","damage_taken":18,"relics_obtained":["HornCleat"],"max_hp_gain":0,"max_hp_loss":0,"event_name":"Scrap Ooze","floor":5,"gold_loss":0},{"cards_removed":["Defend_G"],"damage_healed":0,"gold_gain":0,"player_choice":"Card Removal","damage_taken":7,"max_hp_gain":0,"max_hp_loss":0,"event_name":"Golden Wing","floor":7,"gold_loss":0},{"damage_healed":56,"gold_gain":0,"player_choice":"Full Heal","damage_taken":0,"max_hp_gain":0,"max_hp_loss":0,"event_name":"Wheel of Change","floor":25,"gold_loss":0}],"is_beta":false,"boss_relics":[{"not_picked":["Tiny House","Sozu"],"picked":"Black Star"}],"items_purged_floors":[22],"is_endless":false,"potions_floor_spawned":[3,10,11,13,16,19,20,21,29,31],"killed_by":"Champ","ascension_level":8}}