{"host":"l2kmo5ss1fnqnmvo","time":1612245057,"event":{"mods":["BaseMod","Colored Powertips","Decade(王小明)","Lobotomy","Minty Spire (QoL Compilation)","Reimu（博丽灵梦）","WarShipGirlsR/战舰少女R mod"],"gold_per_floor":[111,128,145,163,163,195,195,221,270,270,230,11,28,40,40,145,145,160,176,195,195,208,243,243,243,243,261,281,281,28,53,53,154,154,166,184,184,195,70,95,108,108,190,225,0,0,0,0,0,0,0,0,0,26,26,26],"floor_reached":55,"language":"ZHS","playtime":4518,"items_purged":["Decade_Attack","PhotonAcceleration","RideBooker_Skill_2"],"score":852,"play_id":"4af360c5-45b7-4f17-a4a7-e4cb8cbb2680","local_time":"20210202145057","is_ascension_mode":false,"campfire_choices":[{"floor":7.0,"key":"RECALL"},{"data":"Kuuga_Rising","floor":10.0,"key":"SMITH"},{"floor":15.0,"key":"REST"},{"floor":24.0,"key":"REST"},{"floor":29.0,"key":"REST"},{"floor":32.0,"key":"REST"},{"floor":42.0,"key":"REST"},{"floor":47.0,"key":"REST"},{"floor":49.0,"key":"REST"},{"floor":52,"key":"REST"}],"circlet_count":0,"master_deck":["Decade_Attack+1","Decade_Attack+1","Decade_Attack+1","KamenRide","Decade_SpecialSkill+1","Decade_Defend+1","Decade_Defend+1","Decade_Defend+1","Decade_Defend+1","Kuuga_Rising+1","DenO_Sword","FormRide","AutoVajin+1","Kuuga_GouramAttack","UnarmedAttack1","Blade_Metal","DecadeViolentEmotion","Blade_Mach","AttackRide","Decade_Illusion","DenO_Sword","UnarmedAttack9","Decade_Defend2+1","Blade_Mach+1","Hibiki_Attack2+1","RideBooker","UnarmedAttack7+1","FormRideTitan","RideBooker_Skill_3","Dragreder+1","DragClaw","Kiva_Swallow","DecadeViolentEmotion","Kiva_Swallow","KamenRideDecade+1","FormRideStorm","UnarmedAttack6","NMDAZYYGL","KamenRideFaiz+1","KamenRideBlade+1","KamenRideAgito+1","UnarmedAttack6"],"relics":["Decadriver","TOEIDeficitBill","Mango","Blue Candle","Bag of Preparation","PaintedHorse:ReiMu","ClockworkSouvenir","Fusion Hammer","Letter Opener","War Paint","Ancient Tea Set","RedLine:ReiMu","CaptainsWheel","Frozen Egg 2","Ice Cream","Red Mask","Strawberry"],"acts_visited":["Exordium","TheCity","TheBeyond","TheEnding"],"potions_floor_usage":[],"damage_taken":[{"damage":8.0,"enemies":"Small Slimes","floor":1.0,"turns":4.0},{"damage":15.0,"enemies":"2 Louse","floor":2.0,"turns":4.0},{"damage":6.0,"enemies":"Jaw Worm","floor":3.0,"turns":4.0},{"damage":10.0,"enemies":"2 Fungi Beasts","floor":4.0,"turns":5.0},{"damage":6.0,"enemies":"Gremlin Nob","floor":6.0,"turns":3.0},{"damage":27.0,"enemies":"3 Sentries","floor":8.0,"turns":8.0},{"damage":4.0,"enemies":"Large Slime","floor":13.0,"turns":4.0},{"damage":43.0,"enemies":"Lots of Slimes","floor":14.0,"turns":5.0},{"damage":0.0,"enemies":"Slime Boss","floor":16.0,"turns":5.0},{"damage":11.0,"enemies":"Shell Parasite","floor":18.0,"turns":4.0},{"damage":0.0,"enemies":"Chosen","floor":19.0,"turns":4.0},{"damage":2.0,"enemies":"Snecko","floor":20.0,"turns":5.0},{"damage":0.0,"enemies":"Sentry and Sphere","floor":22.0,"turns":5.0},{"damage":12.0,"enemies":"Gremlin Leader","floor":23.0,"turns":6.0},{"damage":0.0,"enemies":"Centurion and Healer","floor":27.0,"turns":4.0},{"damage":0.0,"enemies":"Shelled Parasite and Fungi","floor":28.0,"turns":5.0},{"damage":32.0,"enemies":"Slavers","floor":31.0,"turns":4.0},{"damage":28.0,"enemies":"Collector","floor":33.0,"turns":7.0},{"damage":8.0,"enemies":"Orb Walker","floor":35.0,"turns":3.0},{"damage":41.0,"enemies":"3 Shapes","floor":36.0,"turns":3.0},{"damage":3.0,"enemies":"Transient","floor":38.0,"turns":5.0},{"damage":39.0,"enemies":"Reptomancer","floor":40.0,"turns":9.0},{"damage":0.0,"enemies":"Sphere and 2 Shapes","floor":41.0,"turns":5.0},{"damage":0.0,"enemies":"Giant Head","floor":44.0,"turns":2.0},{"damage":1.0,"enemies":"Maw","floor":46.0,"turns":3.0},{"damage":21,"enemies":"Donu and Deca","floor":50,"turns":5},{"damage":22,"enemies":"Shield and Spear","floor":54,"turns":3},{"damage":146,"enemies":"The Heart","floor":55,"turns":11}],"seed_played":"7956489187668314745","potions_obtained":[{"floor":2.0,"key":"GamblersBrew"},{"floor":6.0,"key":"SteroidPotion"},{"floor":13.0,"key":"PowerPotion"},{"floor":16.0,"key":"DuplicationPotion"},{"floor":22.0,"key":"EssenceOfSteel"},{"floor":44.0,"key":"SneckoOil"}],"is_trial":false,"path_per_floor":["M","M","M","M","?","E","R","E","T","R","?","$","M","M","R","B",null,"M","M","M","?","M","E","R","?","T","M","M","R","$","E","R","B",null,"M","M","?","M","$","E","M","R","T","E","?","M","R","$","R","B",null,"R","$","E","B"],"character_chosen":"Decade","items_purchased":["ClockworkSouvenir","Kiva_Swallow"],"campfire_rested":8,"item_purchase_floors":[12,30],"current_hp_per_floor":[62,65,70,70,59,53,53,46,46,46,46,46,45,11,36,60,84,80,84,84,84,84,72,84,84,84,84,84,84,84,52,77,63,84,79,38,38,44,44,56,56,81,81,81,81,80,84,84,84,69,84,84,84,69,0,0],"gold":26,"neow_bonus":"ONE_RANDOM_RARE_CARD","is_daily":false,"chose_seed":false,"campfire_upgraded":1,"win_rate":0.0,"timestamp":1612245057,"path_taken":["M","M","M","M","?","E","R","E","T","R","?","$","M","M","R","BOSS","M","M","M","?","M","E","R","?","T","M","M","R","$","E","R","BOSS","M","M","?","M","$","E","M","R","T","E","?","M","R","$","R","BOSS","R","$","E","BOSS"],"items_purchased_type":["Relic","Card"],"build_version":"2020-12-22","purchased_purges":3,"victory":false,"max_hp_per_floor":[70,70,70,70,84,84,84,84,84,84,84,84,84,84,84,84,84,84,84,84,84,84,84,84,84,84,84,84,84,84,84,84,84,84,84,84,84,84,84,84,84,84,84,84,84,84,84,84,84,84,84,84,84,91,91,91],"card_choices":[{"not_picked":["FormRideStorm","Decade_Dash1"],"picked":"UnarmedAttack3","floor":1.0},{"not_picked":["FormRideBasshaa","Dragreder"],"picked":"DenO_Sword","floor":1.0},{"not_picked":["Decade_Defend2","Decade_Invisible"],"picked":"FormRide","floor":2.0},{"not_picked":["RideBooker_Skill_2","FormRideJack"],"picked":"AutoVajin","floor":2.0},{"not_picked":["DenO_Gun","KamenRideKiva","AutoVajin"],"picked":"SKIP","floor":3.0},{"not_picked":["FormRideJack","Kuuga_Rising","DenO_Gun"],"picked":"SKIP","floor":3.0},{"not_picked":["DenO_Ax","UnarmedAttack6"],"picked":"Kuuga_GouramAttack","floor":4.0},{"not_picked":["RideBooker_Skill_2","FormRideJack","MirrorWorld"],"picked":"SKIP","floor":4.0},{"not_picked":["Blade_Kick","Decade_Defend2"],"picked":"UnarmedAttack1","floor":6.0},{"not_picked":["DragShield","DragClaw"],"picked":"Blade_Metal","floor":6.0},{"not_picked":["Hibiki_Attack2","RideBooker_Skill_3"],"picked":"DecadeViolentEmotion","floor":8.0},{"not_picked":["Kiva_Bats","FormRideStorm"],"picked":"Blade_Mach","floor":8.0},{"not_picked":["UnarmedAttack3","RideBooker"],"picked":"AttackRide","floor":13.0},{"not_picked":["UnarmedAttack8","RideBooker_Skill_1"],"picked":"Decade_Illusion","floor":13.0},{"not_picked":["FormRide","RideBooker_Skill_2"],"picked":"DenO_Sword","floor":14.0},{"not_picked":["DecadeViolentEmotion","Hibiki_FEVER"],"picked":"UnarmedAttack9","floor":16.0},{"not_picked":["RideBooker","Hibiki_Attack1+1"],"picked":"Decade_Defend2+1","floor":18.0},{"not_picked":["UnarmedAttack3+1","Decade_Defend2"],"picked":"Blade_Mach+1","floor":19.0},{"not_picked":["DenO_Ax+1","UnarmedAttack5"],"picked":"Hibiki_Attack2+1","floor":20.0},{"not_picked":["Kiva_Swallow","FormRideDragon"],"picked":"RideBooker","floor":22.0},{"not_picked":["DenO_Sword","Hibiki_Attack2","UnarmedAttack5+1"],"picked":"SKIP","floor":22.0},{"not_picked":["UnarmedAttack8+1","DenO_Rod"],"picked":"RideBooker_Skill_2","floor":23.0},{"not_picked":["DenO_Ax","DenO_Sword+1"],"picked":"UnarmedAttack7+1","floor":23.0},{"not_picked":["DenO_Gun","Decade_Defend2"],"picked":"FormRideTitan","floor":27.0},{"not_picked":["KamenRideKabuto","KamenRideRyuki"],"picked":"RideBooker_Skill_3","floor":27.0},{"not_picked":["FormRideTitan","FormRideJack"],"picked":"Dragreder+1","floor":28.0},{"not_picked":["FormRidePegasus+1","RideBooker_Skill_1"],"picked":"DragClaw","floor":28.0},{"not_picked":["Decade_Dash2","FormRideDogga","KamenRideRyuki"],"picked":"SKIP","floor":31.0},{"not_picked":["UnarmedAttack9","Kiva_Eat"],"picked":"DecadeViolentEmotion","floor":33.0},{"not_picked":["Kabuto_ClockUp","FormRideAxel"],"picked":"Kiva_Swallow","floor":33.0},{"not_picked":["DenO_Rod+1","KamenRideDenO"],"picked":"KamenRideDecade+1","floor":35.0},{"not_picked":["UnarmedAttack1","KamenRideHibiki"],"picked":"FormRideStorm","floor":36.0},{"not_picked":["Decade_Dash2","KamenRideDenO+1"],"picked":"UnarmedAttack6","floor":36.0},{"not_picked":["KamenRideAgito","AutoVajin"],"picked":"NMDAZYYGL","floor":38.0},{"not_picked":["PhotonAcceleration","UnarmedAttack5+1","UnarmedAttack3+1"],"picked":"SKIP","floor":38.0},{"not_picked":["DecadeViolentEmotion","Decade_Defend2+1"],"picked":"KamenRideFaiz+1","floor":40.0},{"not_picked":["Blade_Slash+1","RideBooker_Skill_2"],"picked":"KamenRideBlade+1","floor":40.0},{"not_picked":["UnarmedAttack5","KamenRideBlade+1","KamenRideKabuto"],"picked":"SKIP","floor":41.0},{"not_picked":["DenO_Sword","UnarmedAttack3","Decade_Dash1+1"],"picked":"SKIP","floor":41.0},{"not_picked":["Decade_Dash2","RideBooker_Skill_1","Kuuga_GouramAttack"],"picked":"SKIP","floor":44.0},{"not_picked":["UnarmedAttack3","DenO_Sword"],"picked":"KamenRideAgito+1","floor":46.0},{"not_picked":["FormRideTitan","FormRideDragon"],"picked":"UnarmedAttack6","floor":54}],"player_experience":588906,"relics_obtained":[{"floor":6.0,"key":"Blue Candle"},{"floor":8.0,"key":"Bag of Preparation"},{"floor":23.0,"key":"Letter Opener"},{"floor":26.0,"key":"War Paint"},{"floor":31.0,"key":"Ancient Tea Set"},{"floor":40.0,"key":"CaptainsWheel"},{"floor":43.0,"key":"Frozen Egg 2"},{"floor":44.0,"key":"Ice Cream"},{"floor":54,"key":"Strawberry"}],"event_choices":[{"damage_healed":0.0,"max_hp_gain":0.0,"max_hp_loss":0.0,"gold_gain":0.0,"event_name":"Scrap Ooze","player_choice":"Success","floor":5.0,"gold_loss":0.0,"damage_taken":25.0,"relics_obtained":["Mango"]},{"damage_healed":0.0,"max_hp_gain":0.0,"max_hp_loss":0.0,"gold_gain":0.0,"event_name":"yidonshenshe","player_choice":"塞钱","floor":11.0,"gold_loss":40.0,"damage_taken":0.0,"relics_obtained":["PaintedHorse:ReiMu"]},{"damage_healed":0.0,"max_hp_gain":0.0,"max_hp_loss":0.0,"gold_gain":0.0,"event_name":"Back to Basics","player_choice":"Simplicity","floor":21.0,"gold_loss":0.0,"damage_taken":0.0,"cards_upgraded":["Decade_Attack","Decade_Attack","Decade_Attack","Decade_Defend","Decade_Defend","Decade_Defend","Decade_Defend"]},{"damage_healed":0.0,"max_hp_gain":0.0,"max_hp_loss":0.0,"gold_gain":0.0,"event_name":"The Library","player_choice":"Read","floor":25.0,"gold_loss":0.0,"damage_taken":0.0,"cards_obtained":["PhotonAcceleration"]},{"cards_removed":["UnarmedAttack3"],"damage_healed":0.0,"max_hp_gain":0.0,"max_hp_loss":0.0,"gold_gain":0.0,"event_name":"Falling","player_choice":"Removed Attack","floor":37.0,"gold_loss":0.0,"damage_taken":0.0},{"damage_healed":0.0,"max_hp_gain":0.0,"max_hp_loss":0.0,"gold_gain":0.0,"event_name":"Tomb of Lord Red Mask","player_choice":"Paid","floor":45.0,"gold_loss":225.0,"damage_taken":0.0,"relics_obtained":["Red Mask"]}],"is_beta":false,"boss_relics":[{"not_picked":["Snecko Eye","Busted Crown"],"picked":"Fusion Hammer"},{"not_picked":["Pandora\u0027s Box","Calling Bell"],"picked":"RedLine:ReiMu"}],"items_purged_floors":[12,30,39],"is_endless":false,"potions_floor_spawned":[2,6,13,14,16,19,22,23,28,35,38,44],"killed_by":"The Heart","ascension_level":0}}