{"host":"qv0ilctqn0ifp2gd","time":1612244350,"event":{"mods":["AchievementEnabler","BaseMod","Minty Spire (QoL Compilation)","Weighted Paths"],"gold_per_floor":[117,133,133,145,164,195,195,228,228,258,26,26,42,71,71,166,166,181,193,93,120,130,457,457,473,473,95,106,137,137,156,156,254,254,267,287,99,149,161,161,195,212,212,212,212,242,261,261,261,261,261,261,12,39,39,39],"floor_reached":55,"language":"ENG","playtime":7963,"items_purged":["Normality","Defend_R","Shame"],"score":952,"play_id":"367119e7-35bc-4d4c-9277-2108eb01b184","local_time":"20210201213910","is_ascension_mode":true,"campfire_choices":[{"data":"Clothesline","floor":7,"key":"SMITH"},{"data":"Barricade","floor":12,"key":"SMITH"},{"data":"Fire Breathing","floor":15,"key":"SMITH"},{"floor":24,"key":"REST"},{"data":"Pommel Strike","floor":30,"key":"SMITH"},{"floor":32,"key":"REST"},{"data":"Entrench","floor":40,"key":"SMITH"},{"data":"Madness","floor":45,"key":"SMITH"},{"floor":49,"key":"RECALL"},{"data":"Rage","floor":52,"key":"SMITH"}],"circlet_count":0,"master_deck":["Strike_R","Strike_R","Defend_R","Defend_R","Defend_R","Bash","Clothesline+1","Rage+1","Pommel Strike+1","Fire Breathing+1","Barricade+1","Feed","Dual Wield+1","Carnage+1","Inflame+1","Battle Trance","Heavy Blade+1","Injury","Impervious","Entrench+1","True Grit+1","Offering","Decay","Madness+1","Madness","Spot Weakness+1"],"relics":["Cursed Key","PreservedInsect","Ginger","Thread and Needle","Bird Faced Urn","Vajra","Nunchaku","Astrolabe","Orichalcum","Old Coin","Gremlin Horn","Eternal Feather","MealTicket","Busted Crown","Toy Ornithopter","Girya","Anchor","Mango","Kunai","Bronze Scales"],"acts_visited":["Exordium","TheCity","TheBeyond","TheEnding"],"potions_floor_usage":[4,5,6,6,8,10,16,23,50,54],"damage_taken":[{"damage":2,"enemies":"Jaw Worm","floor":1,"turns":3},{"damage":0,"enemies":"Cultist","floor":2,"turns":3},{"damage":3,"enemies":"Small Slimes","floor":4,"turns":3},{"damage":0,"enemies":"3 Louse","floor":5,"turns":3},{"damage":6,"enemies":"Gremlin Nob","floor":6,"turns":3},{"damage":9,"enemies":"3 Sentries","floor":8,"turns":6},{"damage":6,"enemies":"Gremlin Nob","floor":10,"turns":4},{"damage":2,"enemies":"Looter","floor":13,"turns":2},{"damage":0,"enemies":"Lagavulin","floor":14,"turns":4},{"damage":13,"enemies":"Hexaghost","floor":16,"turns":9},{"damage":28,"enemies":"2 Thieves","floor":18,"turns":3},{"damage":34,"enemies":"3 Byrds","floor":19,"turns":8},{"damage":24,"enemies":"Snecko","floor":22,"turns":6},{"damage":19,"enemies":"Book of Stabbing","floor":23,"turns":4},{"damage":19,"enemies":"Centurion and Healer","floor":25,"turns":5},{"damage":14,"enemies":"Snake Plant","floor":28,"turns":3},{"damage":7,"enemies":"Slavers","floor":29,"turns":5},{"damage":2,"enemies":"Cultist and Chosen","floor":31,"turns":4},{"damage":36,"enemies":"Champ","floor":33,"turns":8},{"damage":1,"enemies":"3 Darklings","floor":35,"turns":5},{"damage":7,"enemies":"3 Shapes","floor":36,"turns":3},{"damage":0,"enemies":"Mind Bloom Boss Battle","floor":38,"turns":11},{"damage":24,"enemies":"Writhing Mass","floor":39,"turns":5},{"damage":23,"enemies":"Nemesis","floor":41,"turns":7},{"damage":16,"enemies":"Jaw Worm Horde","floor":42,"turns":4},{"damage":40,"enemies":"Reptomancer","floor":46,"turns":5},{"damage":6,"enemies":"Maw","floor":47,"turns":7},{"damage":79,"enemies":"Time Eater","floor":50,"turns":10},{"damage":123,"enemies":"Shield and Spear","floor":54,"turns":8},{"damage":79,"enemies":"The Heart","floor":55,"turns":6}],"seed_played":"-5845164163559702792","potions_obtained":[{"floor":3,"key":"DuplicationPotion"},{"floor":3,"key":"Swift Potion"},{"floor":3,"key":"Fruit Juice"},{"floor":4,"key":"Fruit Juice"},{"floor":5,"key":"SteroidPotion"},{"floor":6,"key":"Fruit Juice"},{"floor":13,"key":"PowerPotion"},{"floor":16,"key":"DuplicationPotion"},{"floor":19,"key":"FairyPotion"},{"floor":25,"key":"BloodPotion"},{"floor":28,"key":"SpeedPotion"}],"is_trial":false,"path_per_floor":["M","M","?","M","M","E","R","E","T","E","$","R","M","E","R","B",null,"M","M","$","T","M","E","R","M","T","$","M","E","R","M","R","B",null,"M","M","$","?","M","R","E","M","T","?","R","E","M","?","R","B",null,"R","$","E","B"],"character_chosen":"IRONCLAD","items_purchased":["Vajra","Eternal Feather","Toy Ornithopter","Entrench","Kunai"],"campfire_rested":2,"item_purchase_floors":[11,27,37,37,53],"current_hp_per_floor":[78,78,78,80,85,79,79,75,75,69,69,69,67,69,69,62,95,70,49,49,49,38,25,56,45,45,45,37,37,46,50,91,72,110,112,110,113,116,99,111,94,87,87,72,87,67,70,70,85,44,139,139,139,28,0,0],"gold":39,"neow_bonus":"BOSS_RELIC","is_daily":false,"chose_seed":false,"campfire_upgraded":7,"win_rate":0.0,"timestamp":1612244350,"path_taken":["M","M","?","M","M","E","R","E","T","E","$","R","M","E","R","BOSS","M","M","$","?","M","E","R","M","T","$","M","E","R","M","R","BOSS","M","M","$","?","M","R","E","M","T","?","R","E","M","?","R","BOSS","R","$","E","BOSS"],"items_purchased_type":["Relic","Relic","Relic","Card","Relic"],"build_version":"2020-12-22","purchased_purges":3,"victory":false,"max_hp_per_floor":[80,80,80,85,90,90,90,95,95,95,95,95,95,95,95,95,95,98,101,101,101,104,104,104,104,104,104,104,107,107,107,107,110,110,113,113,113,116,119,119,119,122,122,122,122,136,139,139,139,139,139,139,139,142,142,142],"card_choices":[{"not_picked":["Perfected Strike","Flex","Cleave"],"picked":"SKIP","floor":1},{"not_picked":["Spot Weakness","Feel No Pain"],"picked":"Clothesline","floor":2},{"not_picked":["Infernal Blade","Perfected Strike"],"picked":"Rage","floor":4},{"not_picked":["Flex","Armaments","Clash"],"picked":"SKIP","floor":5},{"not_picked":["Clash","Flame Barrier"],"picked":"Pommel Strike","floor":6},{"not_picked":["Iron Wave","Armaments"],"picked":"Fire Breathing","floor":8},{"not_picked":["Headbutt","Rage"],"picked":"Barricade","floor":10},{"not_picked":["Anger","Cleave","Power Through"],"picked":"SKIP","floor":13},{"not_picked":["Pommel Strike","Thunderclap","Hemokinesis"],"picked":"SKIP","floor":14},{"not_picked":["Berserk","Barricade"],"picked":"Feed","floor":16},{"not_picked":["Perfected Strike","Warcry","Twin Strike"],"picked":"SKIP","floor":18},{"not_picked":["Rupture+1","Body Slam"],"picked":"Battle Trance","floor":19},{"not_picked":["Dual Wield","Anger","Armaments"],"picked":"SKIP","floor":22},{"not_picked":["Flex+1","Body Slam","Warcry"],"picked":"SKIP","floor":23},{"not_picked":["Perfected Strike+1","Blood for Blood"],"picked":"Heavy Blade+1","floor":25},{"not_picked":["Blood for Blood+1","Rampage+1","Perfected Strike"],"picked":"SKIP","floor":28},{"not_picked":["Thunderclap","Barricade","Bloodletting"],"picked":"SKIP","floor":29},{"not_picked":["Power Through","Anger","Pummel"],"picked":"SKIP","floor":31},{"not_picked":["Feed","Double Tap"],"picked":"Impervious","floor":33},{"not_picked":["Iron Wave+1"],"picked":"SKIP","floor":35},{"not_picked":["Cleave+1"],"picked":"SKIP","floor":36},{"not_picked":[],"picked":"True Grit+1","floor":39},{"not_picked":[],"picked":"Offering","floor":41},{"not_picked":["Thunderclap"],"picked":"SKIP","floor":42},{"not_picked":[],"picked":"Spot Weakness+1","floor":46},{"not_picked":["Whirlwind"],"picked":"SKIP","floor":47},{"not_picked":["Clash"],"picked":"SKIP","floor":54}],"player_experience":37349,"relics_obtained":[{"floor":6,"key":"PreservedInsect"},{"floor":8,"key":"Ginger"},{"floor":9,"key":"Thread and Needle"},{"floor":10,"key":"Bird Faced Urn"},{"floor":14,"key":"Nunchaku"},{"floor":21,"key":"Orichalcum"},{"floor":23,"key":"Old Coin"},{"floor":26,"key":"Gremlin Horn"},{"floor":29,"key":"MealTicket"},{"floor":38,"key":"Girya"},{"floor":41,"key":"Anchor"},{"floor":46,"key":"Mango"},{"floor":54,"key":"Bronze Scales"}],"event_choices":[{"damage_healed":0,"gold_gain":0,"player_choice":"Got Potions","damage_taken":0,"max_hp_gain":0,"max_hp_loss":0,"event_name":"Lab","floor":3,"gold_loss":0},{"damage_healed":0,"gold_gain":0,"player_choice":"Fight","damage_taken":0,"max_hp_gain":0,"max_hp_loss":0,"event_name":"MindBloom","floor":38,"gold_loss":0},{"damage_healed":0,"gold_gain":0,"player_choice":"Embrace Madness","damage_taken":15,"max_hp_gain":0,"max_hp_loss":0,"event_name":"Winding Halls","floor":44,"gold_loss":0,"cards_obtained":["Madness","Madness"]},{"damage_healed":0,"gold_gain":0,"player_choice":"Ignored","damage_taken":0,"max_hp_gain":0,"max_hp_loss":0,"event_name":"Tomb of Lord Red Mask","floor":48,"gold_loss":0}],"is_beta":false,"boss_relics":[{"not_picked":["Philosopher\u0027s Stone","Calling Bell"],"picked":"Astrolabe"},{"not_picked":["Mark of Pain","SacredBark"],"picked":"Busted Crown"}],"items_purged_floors":[11,20,27],"is_endless":false,"potions_floor_spawned":[4,5,6,13,16,19,25,28,38,41,42,47],"killed_by":"The Heart","ascension_level":2}}