{"host":"3j2m8n0ywf988fwb","time":1612288511,"event":{"mods":["2.2 Compatiblity","AchievementEnabler","Act Like it!","Aspiration","Astrologer","BaseMod","Better Altar","Better Match","Better Note","Better Sensory Stone","Better Skull","Better Third Choice","CCEM2","ChefMod","Colored Map","Colored Powertips","Conspire","Dark Map","Energized Spire","GifTheSpireLib","Halation","Hallownest","Highlight Path","Hubris","Infinite Spire","Jedi Mod","Marisa????????","Marked Mod","Mimic Mod","Minty Spire (QoL Compilation)","Monster B Gone","Random Character Button","Relic Filter Mod","Relic Stats","Reliquary","Replay The Spire","Robot Space Explorer","Shade Mod","Shop Mod","Somnambulant","StS++","StSLib","Stuff the Spire","The Bug Knight","The Elementalist","The Hierophant","The Runesmith","TheBandit","TheFirefly","TheSurvivalist","Unceasing Turn Reminder","Weighted Paths","everything is the same but u backflip on backflip"],"gold_per_floor":[118,118,130,130,146,164,40,40,40,72,72,98,116,128,128,128,128],"floor_reached":16,"language":"ENG","playtime":1231,"items_purged":["elementalist:Waterstrike"],"score":112,"play_id":"f2344085-2018-4e59-bddf-e588381549c5","local_time":"20210202115511","is_ascension_mode":false,"campfire_choices":[{"data":"elementalist:Confluence","floor":8,"key":"SMITH"},{"data":"elementalist:Crystal_Chalk","floor":11,"key":"SMITH"},{"floor":15,"key":"REST"}],"circlet_count":0,"master_deck":["elementalist:Earth_Emblem","elementalist:Fire_Emblem","elementalist:Defend_Elemblue","elementalist:Defend_Elemblue","elementalist:Defend_Elemblue","elementalist:Defend_Elemblue","elementalist:Defend_Elemblue","elementalist:Firestrike","elementalist:Earthstrike","elementalist:Airstrike","elementalist:Crystal_Chalk+1","elementalist:Heavensfall+1","elementalist:Flame","elementalist:Flame","elementalist:Flame","elementalist:Confluence+1","elementalist:Emberveil","elementalist:Solar_Form","elementalist:Magma_Shot"],"relics":["elementalistmod:MagusStaff","elementalistmod:RedRibbon","conspire:TopHat","conspire:Dentures","reliquary:JackalopeAntler"],"acts_visited":["Exordium"],"potions_floor_usage":[12],"damage_taken":[{"damage":4,"enemies":"2 Louse","floor":1,"turns":5},{"damage":2,"enemies":"Cultist","floor":3,"turns":6},{"damage":1,"enemies":"Jaw Worm","floor":5,"turns":5},{"damage":1,"enemies":"Exordium Thugs","floor":6,"turns":3},{"damage":18,"enemies":"Lagavulin","floor":10,"turns":7},{"damage":31,"enemies":"Gremlin Nob","floor":12,"turns":5},{"damage":1,"enemies":"Exordium Wildlife","floor":13,"turns":2},{"damage":8,"enemies":"2 Fungi Beasts","floor":14,"turns":5},{"damage":25,"enemies":"Hexaghost","floor":16,"turns":7}],"seed_played":"7200723657965603299","potions_obtained":[{"floor":1,"key":"FearPotion"},{"floor":10,"key":"Adrenaline Potion"},{"floor":12,"key":"Fire Potion"},{"floor":13,"key":"Elixir"},{"floor":14,"key":"SpeedPotion"}],"is_trial":false,"path_per_floor":["M","?","M","?","M","M","$","R","T","E","R","E","M","M","R","B"],"character_chosen":"THE_ELEMENTALIST","items_purchased":["elementalist:Confluence"],"campfire_rested":1,"item_purchase_floors":[7],"current_hp_per_floor":[66,66,64,64,63,62,62,62,62,44,44,13,12,4,25,0,0],"gold":128,"neow_bonus":"TRANSFORM_CARD","is_daily":false,"chose_seed":false,"campfire_upgraded":2,"win_rate":0.0,"timestamp":1612288511,"path_taken":["M","?","M","?","M","?","$","R","T","E","R","E","M","M","R","BOSS"],"items_purchased_type":["Card"],"build_version":"2020-12-22","purchased_purges":1,"victory":false,"max_hp_per_floor":[70,70,70,70,70,70,70,70,70,70,70,70,70,70,70,70,70],"relic_stats":{"counters":[9,45],"obtain_stats":[{"conspire:Dentures":10,"reliquary:JackalopeAntler":12,"elementalistmod:MagusStaff":0,"elementalistmod:GraduationLetter":0,"elementalistmod:RedRibbon":1,"conspire:TopHat":4},{"conspire:Dentures":5,"reliquary:JackalopeAntler":6,"elementalistmod:MagusStaff":0,"elementalistmod:GraduationLetter":0,"elementalistmod:RedRibbon":1,"conspire:TopHat":2},{"conspire:Dentures":26,"reliquary:JackalopeAntler":31,"elementalistmod:MagusStaff":0,"elementalistmod:GraduationLetter":0,"elementalistmod:RedRibbon":1,"conspire:TopHat":11}]},"card_choices":[{"not_picked":["elementalist:Confluence","elementalist:Stone_to_Mud"],"picked":"elementalist:Flame","floor":1},{"not_picked":["elementalist:Emberveil","elementalist:Magma_Shot"],"picked":"elementalist:Flame","floor":3},{"not_picked":["elementalist:Cauterize","elementalist:Geomancy"],"picked":"elementalist:Flame","floor":5},{"not_picked":["elementalist:Geomancy","elementalist:Monument","elementalist:Vaccuum"],"picked":"SKIP","floor":6},{"not_picked":["elementalist:Prepared_Sand","elementalist:Stone_to_Mud","elementalist:Fission_Lance"],"picked":"SKIP","floor":10},{"not_picked":["elementalist:Spout","elementalist:Geomancy"],"picked":"elementalist:Emberveil","floor":12},{"not_picked":["elementalist:Heavensfall","elementalist:Overheat"],"picked":"elementalist:Solar_Form","floor":13},{"not_picked":["elementalist:Prepared_Sand","elementalist:Low_Tides","elementalist:Fission_Lance"],"picked":"SKIP","floor":14}],"player_experience":1052738,"relics_obtained":[{"floor":10,"key":"conspire:Dentures"},{"floor":12,"key":"reliquary:JackalopeAntler"}],"event_choices":[{"damage_healed":0,"gold_gain":0,"player_choice":"Gave Potion","damage_taken":0,"relics_obtained":["conspire:TopHat"],"max_hp_gain":0,"max_hp_loss":0,"event_name":"WeMeetAgain","floor":4,"gold_loss":0}],"is_beta":false,"boss_relics":[],"items_purged_floors":[7],"is_endless":false,"potions_floor_spawned":[1,10,12,13,14],"killed_by":"Hexaghost","ascension_level":0}}