{"host":"kntpungskobv1jqb","time":1612241111,"event":{"mods":["BaseMod","Minty Spire (QoL Compilation)","Replay The Spire","StSLib","SuperFastMode"],"gold_per_floor":[112,112,123,123,140,168,180,180,180,199,199,213,230,0,0,0,0],"floor_reached":16,"language":"ZHS","playtime":440,"items_purged":[],"score":208,"play_id":"4f956f40-3629-4492-8c56-571d0835a0cc","local_time":"20210202124511","is_ascension_mode":true,"campfire_choices":[{"floor":8,"key":"REST"},{"floor":11,"key":"REST"},{"floor":15,"key":"REST"}],"circlet_count":0,"master_deck":["AscendersBane","Strike_B+1","Strike_B","Strike_B","Defend_B","Defend_B","Defend_B","Defend_B","Zap","Dualcast","Loop+1","Reinforced Body","Leap","Loop","Streamline+1","Streamline","Leap","FIFO Queue","FIFO Queue","Electrodynamics","FIFO Queue"],"relics":["Cracked Core","WingedGreaves","The Courier","Gremlin Food"],"acts_visited":["Exordium"],"potions_floor_usage":[13,16,16,16],"damage_taken":[{"damage":1,"enemies":"Cultist","floor":1,"turns":3},{"damage":4,"enemies":"Jaw Worm","floor":3,"turns":4},{"damage":4,"enemies":"Small Slimes","floor":5,"turns":3},{"damage":15,"enemies":"Replay:BlueRogue","floor":6,"turns":6},{"damage":10,"enemies":"3 Louse","floor":7,"turns":4},{"damage":16,"enemies":"Blue Slaver","floor":10,"turns":4},{"damage":27,"enemies":"Exordium Wildlife","floor":12,"turns":5},{"damage":21,"enemies":"Exordium Thugs","floor":13,"turns":5},{"damage":49,"enemies":"Hexaghost","floor":16,"turns":10}],"seed_played":"8023392517561639522","potions_obtained":[{"floor":1,"key":"DistilledChaos"},{"floor":7,"key":"Strength Potion"},{"floor":10,"key":"EntropicBrew"},{"floor":13,"key":"Regen Potion"}],"is_trial":false,"path_per_floor":["M","?","M","T","M","E","M","R","T","M","R","M","M","$","R","B"],"character_chosen":"DEFECT","items_purchased":["FIFO Queue","Electrodynamics","FIFO Queue"],"campfire_rested":3,"item_purchase_floors":[14,14,14],"current_hp_per_floor":[63,63,59,59,55,40,30,51,51,35,56,29,8,8,29,0,0],"gold":0,"neow_bonus":"REMOVE_CARD","is_daily":false,"chose_seed":false,"campfire_upgraded":0,"win_rate":0.0,"timestamp":1612241111,"path_taken":["M","?","M","?","?","E","M","R","T","?","R","M","M","?","R","BOSS"],"items_purchased_type":["Card","Card","Card"],"build_version":"2020-12-22","purchased_purges":0,"victory":false,"max_hp_per_floor":[71,71,71,71,71,71,71,71,71,71,71,71,71,71,71,71,71],"card_choices":[{"not_picked":["Melter","Beam Cell"],"picked":"Coolheaded","floor":1},{"not_picked":["Hologram","Skim"],"picked":"Reinforced Body","floor":3},{"not_picked":["Steam","Sweeping Beam"],"picked":"Leap","floor":5},{"not_picked":["Beam Cell","Coolheaded"],"picked":"Loop","floor":6},{"not_picked":["Beam Cell","Skim","Go for the Eyes"],"picked":"SKIP","floor":7},{"not_picked":["ReplayTheSpireMod:System Scan","Beam Cell"],"picked":"Streamline","floor":10},{"not_picked":["Stack","Gash"],"picked":"Streamline","floor":12},{"not_picked":["Go for the Eyes","Doom and Gloom"],"picked":"Leap","floor":13}],"player_experience":529460,"relics_obtained":[{"floor":4,"key":"WingedGreaves"},{"floor":6,"key":"The Courier"},{"floor":9,"key":"Gremlin Food"}],"event_choices":[],"is_beta":false,"boss_relics":[],"items_purged_floors":[],"is_endless":false,"potions_floor_spawned":[1,7,10,13],"killed_by":"Hexaghost","ascension_level":20}}