{"host":"6drv1qzpbnls60z2","time":1612276959,"event":{"mods":["ATMod(°¢èªMod)","Act Like it!","Arknights","BaseMod","Hallownest","Minty Spire (QoL Compilation)","Replay The Spire","Shop Mod","Spicy Shops","StSLib","Uncapped","¡¾ÒÅÎï¿¨ÅÆ¡¿REMEMod","óô»ðÖ¸ÄÏ"],"gold_per_floor":[113,14,32,50,67,67,67,67,67,101,101,20,48,75,75,75,75],"floor_reached":16,"language":"ZHS","playtime":2524,"items_purged":[],"score":361,"play_id":"bc7adcd6-90a0-48b1-9826-db9150e13396","local_time":"20210202224239","daily_mods":["SealedDeck","Flight"],"is_ascension_mode":true,"campfire_choices":[{"data":"ats:Encircling Forest","floor":6,"key":"SMITH"},{"data":"AT_RealColorLess","floor":7,"key":"SMITH"},{"data":"ats:Part Time Job","floor":8,"key":"SMITH"},{"floor":11,"key":"REST"},{"floor":15,"key":"REST"}],"circlet_count":0,"master_deck":["AscendersBane","AT_RealColorLess+1","ats:Encircling Forest+1","ats:Part Time Job+1","ats:Closed Bolt Burst Fire","ats:Support Order","ats:Support Order","ats:Very Hot Blade","ats:Very Hot Blade","ats:Ignite","ats:Absolute Focus","ats:Burning Ground","ats:Burning Ground","ats:Neurotoxin","ats:Neurotoxin+1","ats:Assault Order","ats:Wolf Pack","ats:Poison Spread","ats:Burning Ground","ats:Hammer On","ats:Burning Ground","ats:Absolute Focus"],"relics":["ats:Sanity","AT_ATBox","REME_ComplimentaryCards","Ornamental Fan","ats:Originium","Quantum Egg","Durian","TungstenRod"],"acts_visited":["Exordium"],"potions_floor_usage":[10,14,16],"damage_taken":[{"damage":14,"enemies":"Small Slimes","floor":1,"turns":2},{"damage":0,"enemies":"2 Louse","floor":3,"turns":1},{"damage":15,"enemies":"Jaw Worm","floor":4,"turns":4},{"damage":21,"enemies":"Blue Slaver","floor":5,"turns":4},{"damage":17,"enemies":"3 Sentries","floor":10,"turns":4},{"damage":16,"enemies":"Lagavulin","floor":13,"turns":6},{"damage":10,"enemies":"Gremlin Nob","floor":14,"turns":3},{"damage":45,"enemies":"The Guardian","floor":16,"turns":6}],"seed_played":"3265690671442103103","potions_obtained":[{"floor":1,"key":"Energy Potion"},{"floor":10,"key":"ColorlessPotion"},{"floor":14,"key":"Languid Potion"}],"is_trial":true,"path_per_floor":["M","$","M","M","M","R","R","R","T","E","R","$","E","E","R","B"],"character_chosen":"DOCTOR_CLASS","items_purchased":["ats:Neurotoxin+1","ats:Hammer On"],"campfire_rested":2,"item_purchase_floors":[2,12],"current_hp_per_floor":[54,54,54,44,26,26,26,26,26,9,30,30,19,14,37,0,0],"gold":75,"neow_bonus":"","is_daily":false,"chose_seed":false,"campfire_upgraded":3,"win_rate":0.0,"timestamp":1612276959,"path_taken":["M","$","M","M","M","R","R","R","T","E","R","$","E","E","R","BOSS"],"items_purchased_type":["Card","Card"],"build_version":"2020-12-22","purchased_purges":0,"victory":false,"max_hp_per_floor":[72,72,72,72,72,72,72,72,72,72,72,72,77,77,77,77,77],"card_choices":[{"not_picked":["ats:Flexible Camouflage","ats:Powerful Strike"],"picked":"ats:Neurotoxin","floor":1},{"not_picked":["ats:Flexible Camouflage","ats:Cat Scratch"],"picked":"ats:Assault Order","floor":3},{"not_picked":["ats:Shell Defense","ats:Ignite"],"picked":"ats:Wolf Pack","floor":4},{"not_picked":["ats:Guard Mode","ats:Ignite"],"picked":"ats:Poison Spread","floor":5},{"not_picked":["ats:Closed Bolt Burst Fire","ats:Charging Defense"],"picked":"ats:Burning Ground","floor":10},{"not_picked":["ats:Dogmatic Field","ats:Thorns"],"picked":"ats:Burning Ground","floor":13},{"not_picked":["ats:Shadow Assault","ats:Soul Absorption"],"picked":"ats:Absolute Focus","floor":14}],"player_experience":157655,"relics_obtained":[{"floor":9,"key":"Ornamental Fan"},{"floor":10,"key":"ats:Originium"},{"floor":10,"key":"Quantum Egg"},{"floor":13,"key":"ats:Originium"},{"floor":13,"key":"Durian"},{"floor":14,"key":"ats:Originium"},{"floor":14,"key":"TungstenRod"}],"event_choices":[],"is_beta":false,"boss_relics":[],"items_purged_floors":[],"is_endless":true,"potions_floor_spawned":[1,10,14],"killed_by":"The Guardian","ascension_level":20}}