{"host":"gsef4mntx4mq50d0","time":1612251035,"event":{"mods":["Act Like it!","Arknights","Aspiration","BaseMod","Colored Map","Downfall","GifTheSpireLib","Hallownest","HololiveMod","Hubris","Infinite Spire","MarisaÅiñ∂âJÅ@ñÇóùçπÅj","Minty Spire (QoL Compilation)","SIMod","StSLib","The Alterego","The Animator","The Bug Knight","The Exalted","The Forsaken","The Servant 0.9.4","TheSwordswoman"],"gold_per_floor":[112,126,126,126,126,126,144,162,189,189,219,73,85,96,96,194,194,212,212,212],"floor_reached":19,"language":"ENG","playtime":974,"items_purged":[],"score":169,"play_id":"448c9462-98c2-447d-a0f8-42e4835944a1","local_time":"20210202173035","is_ascension_mode":false,"campfire_choices":[{"data":"ats:Revitalization","floor":6,"key":"SMITH"},{"floor":10,"key":"REST"},{"floor":15,"key":"REST"}],"circlet_count":0,"master_deck":["ats:Strike C","ats:Strike G","ats:Strike V","ats:Armor Crushing Shot","ats:Defend","ats:Defend","ats:Defend","ats:Defend","ats:Emotion Absorption","ats:Very Hot Blade+1","ats:Revitalization+1","ats:Neurotoxin","ats:Red Shift","ats:Apocalypse","ats:Burning Ground","ats:Leaping Hammer","ats:True Silver Slash","ats:Ignite"],"relics":["ats:Sanity","NeowsBlessing","Oddly Smooth Stone","Pen Nib","Boot","ats:Originium","Strawberry","HandDrill","Hololive_Finger"],"acts_visited":["Exordium","TheCity"],"potions_floor_usage":[16,16],"damage_taken":[{"damage":0,"enemies":"Cultist","floor":1,"turns":1},{"damage":0,"enemies":"Small Slimes","floor":2,"turns":1},{"damage":0,"enemies":"2 Louse","floor":7,"turns":1},{"damage":20,"enemies":"Looter","floor":8,"turns":5},{"damage":2,"enemies":"HollowMod:MossKnight","floor":11,"turns":5},{"damage":19,"enemies":"3 Louse","floor":13,"turns":3},{"damage":38,"enemies":"Gremlin Gang","floor":14,"turns":4},{"damage":75,"enemies":"The Guardian","floor":16,"turns":15},{"damage":28,"enemies":"Shell Parasite","floor":18,"turns":7},{"damage":0,"enemies":"Spheric Guardian","floor":19,"turns":1}],"seed_played":"-8571655621841104456","potions_obtained":[{"floor":1,"key":"Fire Potion"},{"floor":8,"key":"PowerPotion"},{"floor":16,"key":"hexamod:SoulburnPotion"}],"is_trial":false,"path_per_floor":["M","M","?","?","?","R","M","M","T","R","E","$","M","M","R","B",null,"M","M"],"character_chosen":"DOCTOR_CLASS","items_purchased":["HandDrill"],"campfire_rested":2,"item_purchase_floors":[12],"current_hp_per_floor":[72,72,72,65,65,65,65,54,54,72,77,77,66,35,58,25,79,69,69,69],"gold":212,"neow_bonus":"THREE_ENEMY_KILL","is_daily":false,"chose_seed":false,"campfire_upgraded":1,"win_rate":0.0,"timestamp":1612251035,"path_taken":["M","M","?","?","?","R","?","M","T","R","E","$","M","M","R","BOSS","M","M"],"items_purchased_type":["Relic"],"build_version":"2020-12-22","purchased_purges":0,"victory":false,"max_hp_per_floor":[72,72,72,72,72,72,72,72,72,72,79,79,79,79,79,79,79,79,79,79],"card_choices":[{"not_picked":["ats:Automatic Cover","ats:Consecutive Shot Auto"],"picked":"ats:Very Hot Blade","floor":1},{"not_picked":["ats:Spore Proliferation","ats:Consecutive Shot Auto"],"picked":"ats:Revitalization","floor":2},{"not_picked":["ats:Echo Reverb","ats:Powerful Strike"],"picked":"ats:Neurotoxin","floor":7},{"not_picked":["ats:Ignite","ats:Directed Diagnosis"],"picked":"ats:Red Shift","floor":8},{"not_picked":["ats:Absolute Focus","ats:Volcano"],"picked":"ats:Apocalypse","floor":11},{"not_picked":["ats:Blood Oath","ats:Assault Order"],"picked":"ats:Burning Ground","floor":13},{"not_picked":["ats:Absolute Focus","ats:Powerful Strike"],"picked":"ats:Leaping Hammer","floor":14},{"not_picked":["ats:Fractured Body","ats:Rat Pack"],"picked":"ats:True Silver Slash","floor":16},{"not_picked":["ats:Revitalization","ats:Song Of Battle"],"picked":"ats:Ignite","floor":18}],"player_experience":179891,"relics_obtained":[{"floor":3,"key":"Oddly Smooth Stone"},{"floor":5,"key":"Pen Nib"},{"floor":9,"key":"Boot"},{"floor":11,"key":"ats:Originium"},{"floor":11,"key":"Strawberry"}],"event_choices":[{"damage_healed":0,"gold_gain":0,"player_choice":"Relic","damage_taken":0,"max_hp_gain":0,"max_hp_loss":0,"event_name":"Wheel of Change","floor":5,"gold_loss":0}],"is_beta":false,"boss_relics":[{"not_picked":["SacredBark","aspiration:RunicSpoon"],"picked":"Hololive_Finger"}],"items_purged_floors":[],"is_endless":false,"potions_floor_spawned":[1,8,16],"killed_by":"Spheric Guardian","ascension_level":0}}