{"host":"Qube","time":1612236957,"event":{"mods":["AchievementEnabler","BaseMod","Colored Map","Colored Powertips","Highlight Path","Minty Spire (QoL Compilation)","Permanent Neow","Quick Restart","Random Character Button","StSLib"],"gold_per_floor":[364,375,525,100,114,114,145,145,169,169,169,169,180,215,215,287,287,305,318,337,53,53,53,53,53,53,81,94,94,128,151,151,231,231,257,280,300,334,351,387,405,405,453,453,496,516,69,91,91,91,91],"floor_reached":50,"language":"ENG","playtime":2042,"items_purged":["Doubt","Normality","Defend_R"],"score":1375,"play_id":"a58ee646-7dbb-46c5-bc1a-76f2505693fe","local_time":"20210201193557","is_ascension_mode":true,"campfire_choices":[{"data":"Armaments","floor":6.0,"key":"SMITH"},{"data":"Perfected Strike","floor":8.0,"key":"SMITH"},{"data":"Perfected Strike","floor":10.0,"key":"SMITH"},{"data":"Fire Breathing","floor":12.0,"key":"SMITH"},{"data":"Shockwave","floor":15.0,"key":"SMITH"},{"floor":23.0,"key":"REST"},{"floor":25.0,"key":"REST"},{"floor":29.0,"key":"RECALL"},{"floor":32.0,"key":"REST"},{"floor":42,"key":"REST"},{"floor":44,"key":"REST"},{"floor":49,"key":"REST"}],"circlet_count":0,"master_deck":["AscendersBane","Strike_R+1","Strike_R","Strike_R","Strike_R","Strike_R","Defend_R","Defend_R+1","Defend_R+1","Bash","Perfected Strike+1","Perfected Strike+1","Fire Breathing+1","Wild Strike","Armaments+1","Seeing Red","Shockwave+1","Cleave","Feed","Perfected Strike","Apotheosis","Perfected Strike+1","Writhe","Battle Trance","Disarm","Shrug It Off","Perfected Strike+1","Corruption","Shrug It Off","Pommel Strike+1","Warcry+1","Feel No Pain","Pommel Strike","Madness+1","Madness","Wild Strike","True Grit"],"relics":["Burning Blood","Happy Flower","Juzu Bracelet","Vajra","Pear","Fusion Hammer","White Beast Statue","Gambling Chip","Akabeko","CeramicFish","Runic Cube","Du-Vu Doll","InkBottle","War Paint","Toy Ornithopter","Ancient Tea Set"],"acts_visited":["Exordium","TheCity","TheBeyond"],"potions_floor_usage":[35,36,37,38,39,40,45,48,50],"damage_taken":[{"damage":7.0,"enemies":"Small Slimes","floor":1.0,"turns":3.0},{"damage":12.0,"enemies":"Jaw Worm","floor":2.0,"turns":3.0},{"damage":0.0,"enemies":"Cultist","floor":5.0,"turns":2.0},{"damage":8.0,"enemies":"Gremlin Nob","floor":7.0,"turns":3.0},{"damage":0.0,"enemies":"Blue Slaver","floor":13.0,"turns":1.0},{"damage":17.0,"enemies":"Lagavulin","floor":14.0,"turns":5.0},{"damage":0.0,"enemies":"Slime Boss","floor":16.0,"turns":5.0},{"damage":17.0,"enemies":"Shell Parasite","floor":18.0,"turns":3.0},{"damage":22.0,"enemies":"Spheric Guardian","floor":19.0,"turns":4.0},{"damage":9.0,"enemies":"Cultist and Chosen","floor":20.0,"turns":4.0},{"damage":0.0,"enemies":"Gremlin Leader","floor":27.0,"turns":5.0},{"damage":0.0,"enemies":"Shelled Parasite and Fungi","floor":28.0,"turns":1.0},{"damage":14.0,"enemies":"Book of Stabbing","floor":30.0,"turns":2.0},{"damage":8.0,"enemies":"3 Cultists","floor":31.0,"turns":4.0},{"damage":62.0,"enemies":"Automaton","floor":33.0,"turns":6.0},{"damage":10,"enemies":"3 Darklings","floor":35,"turns":2},{"damage":6,"enemies":"Orb Walker","floor":36,"turns":3},{"damage":6,"enemies":"Sphere and 2 Shapes","floor":37,"turns":5},{"damage":5,"enemies":"Mind Bloom Boss Battle","floor":38,"turns":6},{"damage":22,"enemies":"3 Darklings","floor":39,"turns":5},{"damage":25,"enemies":"Giant Head","floor":40,"turns":6},{"damage":46,"enemies":"Reptomancer","floor":45,"turns":6},{"damage":10,"enemies":"Jaw Worm Horde","floor":46,"turns":3},{"damage":18,"enemies":"Spire Growth","floor":48,"turns":5},{"damage":90,"enemies":"Time Eater","floor":50,"turns":8}],"seed_played":"7658088983905836074","potions_obtained":[{"floor":1.0,"key":"Explosive Potion"},{"floor":5.0,"key":"SneckoOil"},{"floor":14.0,"key":"Fire Potion"},{"floor":16.0,"key":"EssenceOfSteel"},{"floor":20.0,"key":"SpeedPotion"},{"floor":27.0,"key":"SneckoOil"},{"floor":28.0,"key":"FearPotion"},{"floor":30.0,"key":"CultistPotion"},{"floor":31.0,"key":"Explosive Potion"},{"floor":35,"key":"SpeedPotion"},{"floor":36,"key":"Explosive Potion"},{"floor":37,"key":"AttackPotion"},{"floor":38,"key":"PowerPotion"},{"floor":39,"key":"EssenceOfSteel"},{"floor":40,"key":"Fire Potion"},{"floor":45,"key":"SpeedPotion"},{"floor":46,"key":"GamblersBrew"},{"floor":48,"key":"BlessingOfTheForge"}],"is_trial":false,"path_per_floor":["M","M","?","$","M","R","E","R","T","R","?","R","M","E","R","B",null,"M","M","M","$","?","R","?","R","T","E","M","R","E","M","R","B",null,"M","M","M","?","M","E","?","R","T","R","E","M","$","M","R","B"],"character_chosen":"IRONCLAD","items_purchased":["Fire Breathing","Happy Flower","Wild Strike","Armaments","Apotheosis","Toy Ornithopter","Ancient Tea Set"],"campfire_rested":6,"item_purchase_floors":[4,4,4,4,21,47,47],"current_hp_per_floor":[67,61,61,61,67,67,65,65,65,65,42,42,48,47,47,53,77,66,50,51,51,51,77,77,89,89,89,89,89,81,79,89,33,75,71,71,71,72,56,41,24,51,51,78,38,34,34,27,54,0,0],"gold":91,"neow_bonus":"TWO_FIFTY_GOLD","is_daily":false,"chose_seed":false,"campfire_upgraded":5,"win_rate":0.0,"timestamp":1612236957,"path_taken":["M","M","?","$","M","R","E","R","T","R","?","R","M","E","R","BOSS","M","M","M","$","?","R","?","R","T","E","M","R","E","M","R","BOSS","M","M","M","?","M","E","?","R","T","R","E","M","$","M","R","BOSS"],"items_purchased_type":["Card","Relic","Card","Card","Card","Relic","Relic"],"build_version":"2020-12-18","purchased_purges":3,"victory":false,"max_hp_per_floor":[75,75,75,75,75,75,75,75,75,75,75,75,75,85,85,85,85,85,85,89,89,89,89,89,89,89,89,89,89,89,89,89,89,89,89,89,89,89,89,93,93,93,93,93,93,93,93,93,93,93,93],"card_choices":[{"not_picked":["Clash","Shockwave"],"picked":"Perfected Strike","floor":1.0},{"not_picked":["Body Slam","Flame Barrier"],"picked":"Perfected Strike","floor":2.0},{"not_picked":["Havoc","Clothesline"],"picked":"Seeing Red","floor":5.0},{"not_picked":["Pummel","Evolve"],"picked":"Shockwave","floor":7.0},{"not_picked":["Rage","Carnage","Blood for Blood"],"picked":"SKIP","floor":13.0},{"not_picked":["Rampage","Combust"],"picked":"Cleave","floor":14.0},{"not_picked":["Offering","Limit Break"],"picked":"Feed","floor":16.0},{"not_picked":["Havoc","Clash","Armaments"],"picked":"SKIP","floor":18.0},{"not_picked":["True Grit","Evolve"],"picked":"Perfected Strike","floor":19.0},{"not_picked":["Dual Wield","Reckless Charge","Havoc"],"picked":"SKIP","floor":20.0},{"not_picked":["Reaper","Twin Strike"],"picked":"Battle Trance","floor":27.0},{"not_picked":["Havoc","Heavy Blade"],"picked":"Disarm","floor":28.0},{"not_picked":["Armaments","Spot Weakness"],"picked":"Shrug It Off","floor":30.0},{"not_picked":["Power Through","Iron Wave"],"picked":"Perfected Strike+1","floor":31.0},{"not_picked":["Demon Form","Fiend Fire"],"picked":"Corruption","floor":33.0},{"not_picked":["Headbutt+1","Whirlwind"],"picked":"Shrug It Off","floor":35},{"not_picked":["Anger","Battle Trance"],"picked":"Pommel Strike+1","floor":36},{"not_picked":["Clothesline","Body Slam"],"picked":"Warcry+1","floor":37},{"not_picked":["Sword Boomerang","Fire Breathing"],"picked":"Feel No Pain","floor":38},{"not_picked":["Wild Strike","Anger","Thunderclap"],"picked":"SKIP","floor":39},{"not_picked":["Pommel Strike","Searing Blow+1","Thunderclap"],"picked":"SKIP","floor":40},{"not_picked":["Searing Blow+1","Thunderclap"],"picked":"Pommel Strike","floor":40},{"not_picked":["Infernal Blade","Cleave+1"],"picked":"Wild Strike","floor":45},{"not_picked":["Brutality","Pummel","Rampage"],"picked":"SKIP","floor":46},{"not_picked":["Wild Strike","Pummel+1"],"picked":"True Grit","floor":48}],"player_experience":1044593,"relics_obtained":[{"floor":7.0,"key":"Juzu Bracelet"},{"floor":9.0,"key":"Vajra"},{"floor":14.0,"key":"Pear"},{"floor":26.0,"key":"Gambling Chip"},{"floor":27.0,"key":"Akabeko"},{"floor":30.0,"key":"CeramicFish"},{"floor":38,"key":"Du-Vu Doll"},{"floor":40,"key":"InkBottle"},{"floor":45,"key":"War Paint"}],"event_choices":[{"damage_healed":0.0,"max_hp_gain":0.0,"max_hp_loss":0.0,"gold_gain":150.0,"event_name":"Liars Game","player_choice":"AGREE","floor":3.0,"gold_loss":0.0,"damage_taken":0.0,"cards_obtained":["Doubt"]},{"damage_healed":0.0,"max_hp_gain":0.0,"max_hp_loss":0.0,"gold_gain":0.0,"event_name":"Shining Light","player_choice":"Entered Light","floor":11.0,"gold_loss":0.0,"damage_taken":23.0,"cards_upgraded":["Defend_R","Strike_R"]},{"damage_healed":0.0,"max_hp_gain":0.0,"max_hp_loss":0.0,"gold_gain":0.0,"event_name":"Duplicator","player_choice":"Copied","floor":22.0,"gold_loss":0.0,"damage_taken":0.0,"cards_obtained":["Perfected Strike"]},{"damage_healed":0.0,"max_hp_gain":0.0,"max_hp_loss":0.0,"gold_gain":0.0,"event_name":"The Mausoleum","player_choice":"Opened","floor":24.0,"gold_loss":0.0,"damage_taken":0.0,"relics_obtained":["White Beast Statue"],"cards_obtained":["Writhe"]},{"damage_healed":0,"gold_gain":0,"player_choice":"Fight","damage_taken":0,"max_hp_gain":0,"max_hp_loss":0,"event_name":"MindBloom","floor":38,"gold_loss":0},{"damage_healed":0,"gold_gain":0,"player_choice":"Embrace Madness","damage_taken":17,"max_hp_gain":0,"max_hp_loss":0,"event_name":"Winding Halls","floor":41,"gold_loss":0,"cards_obtained":["Madness","Madness"]}],"is_beta":true,"boss_relics":[{"not_picked":["Black Blood","SacredBark"],"picked":"Fusion Hammer"},{"not_picked":["Cursed Key","Pandora\u0027s Box"],"picked":"Runic Cube"}],"items_purged_floors":[4,21,47],"is_endless":false,"potions_floor_spawned":[1,5,14,16,20,27,28,30,31,33,35,36,37,38,39,40,45,46,48],"killed_by":"Time Eater","ascension_level":20}}