{"host":"t7mx8yfj1no5p62f","time":1612288784,"event":{"mods":["BaseMod","Colored Map","Colored Powertips","Minty Spire (QoL Compilation)","Relic Stats","StSLib"],"gold_per_floor":[119,99,115,1,15,15,43,57,81,96,96,123,37,37,37,114,114,127,138,138,138,156,156,173,173,200,227,258,287,298,298,298],"floor_reached":31,"language":"ENG","playtime":1376,"items_purged":["Strike_B"],"score":820,"play_id":"1b3b7af4-3eaa-4d98-b3c1-804f44bda1b1","local_time":"20210202125944","is_ascension_mode":true,"campfire_choices":[{"data":"Doom and Gloom","floor":6.0,"key":"SMITH"},{"data":"Doom and Gloom","floor":11.0,"key":"SMITH"},{"data":"Undo","floor":15.0,"key":"SMITH"},{"data":"Reinforced Body","floor":23,"key":"SMITH"},{"data":"Turbo","floor":25,"key":"SMITH"}],"circlet_count":0,"master_deck":["AscendersBane","Strike_B","Defend_B","Defend_B","Defend_B+1","Zap","Dualcast","Doom and Gloom+1","Redo+1","Doom and Gloom+1","Hello World","Electrodynamics","FTL","Undo+1","Reinforced Body+1","Echo Form","Leap+1","Storm","Turbo+1","Steam Power","Capacitor","Conserve Battery+1"],"relics":["Philosopher\u0027s Stone","MealTicket","Vajra","PreservedInsect","Runic Pyramid","Strawberry","Akabeko","Red Mask","War Paint"],"acts_visited":["Exordium","TheCity"],"potions_floor_usage":[27,31],"damage_taken":[{"damage":3.0,"enemies":"Jaw Worm","floor":1.0,"turns":3.0},{"damage":0.0,"enemies":"Cultist","floor":3.0,"turns":2.0},{"damage":3.0,"enemies":"2 Louse","floor":5.0,"turns":3.0},{"damage":0.0,"enemies":"Gremlin Nob","floor":7.0,"turns":3.0},{"damage":11.0,"enemies":"2 Fungi Beasts","floor":8.0,"turns":3.0},{"damage":8.0,"enemies":"Blue Slaver","floor":10.0,"turns":3.0},{"damage":0.0,"enemies":"Lagavulin","floor":12.0,"turns":4.0},{"damage":0.0,"enemies":"Slime Boss","floor":16.0,"turns":5.0},{"damage":22.0,"enemies":"2 Thieves","floor":18.0,"turns":3.0},{"damage":6.0,"enemies":"Spheric Guardian","floor":19.0,"turns":4.0},{"damage":0,"enemies":"3 Cultists","floor":22,"turns":3},{"damage":2,"enemies":"Sentry and Sphere","floor":24,"turns":5},{"damage":12,"enemies":"Book of Stabbing","floor":27,"turns":5},{"damage":9,"enemies":"Masked Bandits","floor":28,"turns":2},{"damage":0,"enemies":"Gremlin Leader","floor":29,"turns":4},{"damage":6,"enemies":"Snake Plant","floor":30,"turns":5},{"damage":24,"enemies":"Shelled Parasite and Fungi","floor":31,"turns":3}],"seed_played":"-4135709629704233548","potions_obtained":[{"floor":1.0,"key":"Block Potion"},{"floor":2.0,"key":"LiquidMemories"},{"floor":12.0,"key":"GamblersBrew"},{"floor":16.0,"key":"Ancient Potion"},{"floor":22,"key":"FocusPotion"},{"floor":29,"key":"CultistPotion"}],"is_trial":false,"path_per_floor":["M","?","M","$","M","R","E","M","T","M","R","E","$","?","R","B",null,"M","M","?","?","M","R","M","R","T","E","?","E","M","M"],"character_chosen":"DEFECT","items_purchased":["Doom and Gloom","Reinforced Body"],"campfire_rested":0,"item_purchase_floors":[4,13],"current_hp_per_floor":[61,61,61,61,58,58,58,47,47,39,39,39,54,47,47,47,65,43,37,37,37,37,37,35,35,42,30,21,21,15,0,0],"gold":298,"neow_bonus":"BOSS_RELIC","is_daily":false,"chose_seed":false,"campfire_upgraded":5,"win_rate":0.0,"timestamp":1612288784,"path_taken":["M","?","M","$","M","R","E","M","T","M","R","E","?","?","R","BOSS","M","M","?","?","?","R","M","R","T","E","?","E","M","M"],"items_purchased_type":["Card","Card"],"build_version":"2020-12-22","purchased_purges":1,"victory":false,"max_hp_per_floor":[71,71,71,71,71,71,71,71,71,71,71,71,71,71,71,71,71,71,71,71,71,71,71,71,71,78,78,78,78,78,78,78],"relic_stats":{"counters":[17,60],"MealTicket":15,"PreservedInsect":88,"War Paint":["Defend_B","Redo"],"obtain_stats":[{"Strawberry":26,"Vajra":9,"Philosopher\u0027s Stone":0,"MealTicket":7,"PreservedInsect":12,"Red Mask":28,"War Paint":29,"Cracked Core":0,"Akabeko":27,"Runic Pyramid":17},{"Strawberry":12,"Vajra":5,"Philosopher\u0027s Stone":0,"MealTicket":4,"PreservedInsect":7,"Red Mask":14,"War Paint":15,"Cracked Core":0,"Akabeko":13,"Runic Pyramid":8},{"Strawberry":41,"Vajra":14,"Philosopher\u0027s Stone":0,"MealTicket":11,"PreservedInsect":21,"Red Mask":48,"War Paint":52,"Cracked Core":0,"Akabeko":46,"Runic Pyramid":26}]},"card_choices":[{"not_picked":["Reprogram","Lockon"],"picked":"Doom and Gloom","floor":1.0},{"not_picked":["Turbo","Storm"],"picked":"Redo","floor":3.0},{"not_picked":["Sweeping Beam","Gash"],"picked":"Hello World","floor":5.0},{"not_picked":["Double Energy","Blizzard"],"picked":"Electrodynamics","floor":7.0},{"not_picked":["Loop","Reprogram"],"picked":"FTL","floor":8.0},{"not_picked":["Stack","Darkness","Storm"],"picked":"SKIP","floor":10.0},{"not_picked":["Conserve Battery","Genetic Algorithm"],"picked":"Undo","floor":12.0},{"not_picked":["Reboot","Machine Learning"],"picked":"Echo Form","floor":16.0},{"not_picked":["Rebound","Barrage+1","Beam Cell"],"picked":"SKIP","floor":18.0},{"not_picked":["Fusion","Hologram"],"picked":"Leap+1","floor":19.0},{"not_picked":["Barrage","Consume"],"picked":"Steam Power","floor":22},{"not_picked":["Stack","Undo+1"],"picked":"Capacitor","floor":24},{"not_picked":["Sunder","Reboot","Darkness"],"picked":"SKIP","floor":27},{"not_picked":["Cold Snap","Sweeping Beam"],"picked":"Conserve Battery+1","floor":28},{"not_picked":["Barrage+1","Aggregate","Heatsinks"],"picked":"SKIP","floor":29},{"not_picked":["Rip and Tear","Sunder","Leap"],"picked":"SKIP","floor":30}],"player_experience":1907959,"relics_obtained":[{"floor":7.0,"key":"MealTicket"},{"floor":9.0,"key":"Vajra"},{"floor":12.0,"key":"PreservedInsect"},{"floor":26,"key":"Strawberry"},{"floor":27,"key":"Akabeko"},{"floor":28,"key":"Red Mask"},{"floor":29,"key":"War Paint"}],"event_choices":[{"damage_healed":0.0,"max_hp_gain":0.0,"max_hp_loss":0.0,"gold_gain":0.0,"event_name":"The Woman in Blue","player_choice":"Bought 1 Potion","floor":2.0,"gold_loss":0.0,"damage_taken":0.0},{"cards_removed":["Strike_B"],"damage_healed":0.0,"max_hp_gain":0.0,"max_hp_loss":0.0,"gold_gain":0.0,"event_name":"Golden Wing","player_choice":"Card Removal","floor":14.0,"gold_loss":0.0,"damage_taken":7.0},{"damage_healed":0.0,"max_hp_gain":0.0,"max_hp_loss":0.0,"gold_gain":0.0,"cards_transformed":["Strike_B","Defend_B"],"event_name":"Drug Dealer","player_choice":"Became Test Subject","floor":20.0,"gold_loss":0.0,"damage_taken":0.0,"cards_obtained":["Storm","Turbo"]},{"damage_healed":0,"gold_gain":0,"player_choice":"Leave","damage_taken":0,"max_hp_gain":0,"max_hp_loss":0,"event_name":"FaceTrader","floor":21,"gold_loss":0},{"damage_healed":0,"gold_gain":0,"player_choice":"Fought Bandits","damage_taken":0,"max_hp_gain":0,"max_hp_loss":0,"event_name":"Masked Bandits","floor":28,"gold_loss":0}],"is_beta":false,"boss_relics":[{"not_picked":["Velvet Choker","Busted Crown"],"picked":"Runic Pyramid"}],"items_purged_floors":[4],"is_endless":false,"potions_floor_spawned":[1,3,12,16,19,22,24,29],"killed_by":"Shelled Parasite and Fungi","ascension_level":20}}