{"host":"95i1gxnztdrdyvhi","time":1612239276,"event":{"mods":["AchievementEnabler","Act Like it!","BaseMod","Downfall","Minty Spire (QoL Compilation)","Quick Restart","StSLib"],"gold_per_floor":[0,17,29,43,54,67,67,67,517,527,527,546,580,590,608,608,608,608],"floor_reached":16,"language":"ENG","playtime":730,"items_purged":[],"score":108,"play_id":"1d2cb600-8a87-4fff-a992-08d528477cef","local_time":"20210202041436","is_ascension_mode":false,"campfire_choices":[{"data":"bronze:HyperBeam","floor":1,"key":"SMITH"},{"data":"bronze:Replicate","floor":8,"key":"SMITH"}],"circlet_count":0,"master_deck":["bronze:Strike","bronze:Strike","bronze:Strike","bronze:Strike","bronze:Defend","bronze:Defend","bronze:Defend","bronze:Defend","bronze:Replicate+1","bronze:Goto","bronze:HyperBeam+1","bronze:Philosophize","bronze:Branch","bronze:Refactor","downfall:Icky","downfall:Icky","downfall:Icky","bronze:Turbo","bronze:Iterate"],"relics":["bronze:BronzeCore","hexamod:CandleOfCauterizing","Bronze Scales","Art of War"],"acts_visited":["Exordium"],"potions_floor_usage":[13,16],"damage_taken":[{"damage":0,"enemies":"Cultist","floor":2,"turns":3},{"damage":6,"enemies":"Jaw Worm","floor":3,"turns":3},{"damage":5,"enemies":"Small Slimes","floor":4,"turns":3},{"damage":7,"enemies":"Blue Slaver","floor":5,"turns":3},{"damage":3,"enemies":"2 Fungi Beasts","floor":6,"turns":4},{"damage":0,"enemies":"Exordium Thugs","floor":10,"turns":3},{"damage":9,"enemies":"Exordium Wildlife","floor":12,"turns":4},{"damage":10,"enemies":"Gremlin Nob","floor":13,"turns":3},{"damage":6,"enemies":"3 Louse","floor":14,"turns":3},{"damage":10,"enemies":"2 Fungi Beasts","floor":15,"turns":3},{"damage":18,"enemies":"DF_ARCHETYPE_STREAMLINE","floor":16,"turns":3}],"seed_played":"8287066816480984181","potions_obtained":[{"floor":2,"key":"Guardian:BlockOnCardUsePotion"},{"floor":4,"key":"SpeedPotion"},{"floor":5,"key":"PowerPotion"},{"floor":15,"key":"LiquidMemories"}],"is_trial":false,"path_per_floor":["R","M","M","M","M","M","T","R","?","M","T","M","E","M","M","B"],"character_chosen":"THE_AUTOMATON","items_purchased":[],"campfire_rested":0,"item_purchase_floors":[],"current_hp_per_floor":[70,70,64,59,52,49,49,49,49,49,49,40,30,24,14,0,0,0],"gold":608,"neow_bonus":"THREE_RARE_CARDS","is_daily":false,"chose_seed":false,"campfire_upgraded":2,"win_rate":0.0,"timestamp":1612239276,"path_taken":["R","M","M","M","M","M","T","R","?","M","?","M","E","?","M","BOSS"],"items_purchased_type":[],"build_version":"2020-12-22","purchased_purges":0,"victory":false,"max_hp_per_floor":[70,70,70,70,70,70,70,70,70,70,70,70,70,70,70,70,70,70],"card_choices":[{"not_picked":["bronze:SpaghettiCode","bronze:Format"],"picked":"bronze:HyperBeam","floor":0},{"not_picked":["bronze:Overload","bronze:Branch"],"picked":"bronze:Philosophize","floor":2},{"not_picked":["bronze:OilSpill","bronze:BronzeArmor","bronze:Return"],"picked":"SKIP","floor":3},{"not_picked":["bronze:CutThrough","bronze:MaxOutput"],"picked":"bronze:Branch","floor":4},{"not_picked":["bronze:Branch","bronze:Shell","bronze:Optimize"],"picked":"SKIP","floor":5},{"not_picked":["bronze:BitShift","bronze:ClassDefault"],"picked":"bronze:Refactor","floor":6},{"not_picked":["bronze:Philosophize","bronze:WildBeam"],"picked":"bronze:Turbo","floor":10},{"not_picked":["bronze:Philosophize","bronze:Refactor","bronze:BuggyMess"],"picked":"SKIP","floor":12},{"not_picked":["bronze:RecursiveStrike","bronze:BronzeArmor"],"picked":"bronze:Iterate","floor":13},{"not_picked":["bronze:ChosenStrike","bronze:BitShift","bronze:DelayedGuard"],"picked":"SKIP","floor":14},{"not_picked":["bronze:Allocate","bronze:Deprecate","bronze:BuggyMess"],"picked":"SKIP","floor":15}],"player_experience":853961,"relics_obtained":[{"floor":7,"key":"hexamod:CandleOfCauterizing"},{"floor":11,"key":"Bronze Scales"},{"floor":13,"key":"Art of War"}],"event_choices":[],"is_beta":false,"boss_relics":[],"items_purged_floors":[],"is_endless":false,"potions_floor_spawned":[2,4,5,12,15],"killed_by":"DF_ARCHETYPE_STREAMLINE","ascension_level":0}}