{"host":"0cnf9zf1gia27zti","time":1612278097,"event":{"mods":["BaseMod","Better Third Choice","BetterRewards","Card Forge","ChefMod","Colored Map","Colored Powertips","Conspire","Downfall","Googly Eyes","Infinite Spire","Minty Spire (QoL Compilation)","Practice Mode","Quick Restart","Replay The Spire","Shade Mod","Spicy Shops","StSLib","The Marked"],"gold_per_floor":[116,116,116,133,34,34,44,73,73,104,160,160,160,193,193,289,289,305,305,325,335,210,210,244,244,297,324,324,423,441,458,458,560,560,577,612,626,641,316,345,345,360,360,379,479,506,535,547,547,547],"floor_reached":51,"language":"ENG","playtime":13043,"items_purged":["Strike_B","Strike_B","Strike_B","Defend_B","Defend_B"],"score":1582,"play_id":"1bcf7bf7-52f5-437c-8e56-e9ea1958552c","local_time":"20210202150137","is_ascension_mode":true,"campfire_choices":[{"data":"Gash","floor":6,"key":"SMITH"},{"data":"Gash","floor":12,"key":"SMITH"},{"data":"FTL","floor":15,"key":"SMITH"},{"data":"FTL","floor":23,"key":"SMITH"},{"floor":25,"key":"REST"},{"floor":32,"key":"REST"},{"floor":49,"key":"REST"}],"circlet_count":0,"master_deck":["AscendersBane","Defend_B","Defend_B","FTL+1","Steam+1","Self Repair","Echo Form+1","Mayhem+1","Gash+1","Conserve Battery","Reprogram+1","Rip and Tear","ReplayGash","Gash+1","Gash+1","Gash","FTL+1","All For One","Gash","Echo Form+1","Conserve Battery+1","Reprogram+1","Steam","All For One","Gash+1","Gash+1","Echo Form+1","Gash+1","Sweeping Beam+1","infinitespire:Collect","BootSequence"],"relics":["Cracked Core","Hammer of Thor","Seething Fire","Anvil of the Gods","Ice Cream","Question Card","conspire:DeflatedDodgeball","Du-Vu Doll","infinitespire:ShieldingShard","Lizard Tail","Gremlin Food","Carrot","infinitespire:Eraser","Ring of Chaos","Tiny Chest","Vajra","infinitespire:WardingShard","conspire:SpecialSausage","Oddly Smooth Stone","Gambling Chip","Shuriken","ReplayTheSpireMod:Shallot","Durian","Smiling Mask","Pen Nib"],"acts_visited":["Exordium","TheCity","TheBeyond"],"potions_floor_usage":[10,14,20,21,24,30,33,35,42,42,48],"damage_taken":[{"damage":3,"enemies":"Small Slimes","floor":1,"turns":3},{"damage":0,"enemies":"Cultist","floor":4,"turns":5},{"damage":0,"enemies":"2 Louse","floor":7,"turns":2},{"damage":10,"enemies":"Replay:BlueRogue","floor":8,"turns":5},{"damage":4,"enemies":"3 Sentries","floor":10,"turns":6},{"damage":6,"enemies":"Lagavulin Event","floor":11,"turns":4},{"damage":9,"enemies":"Gremlin Nob","floor":14,"turns":4},{"damage":0,"enemies":"Fading Forest","floor":16,"turns":11},{"damage":0,"enemies":"Shell Parasite","floor":18,"turns":4},{"damage":1,"enemies":"Chosen","floor":20,"turns":4},{"damage":21,"enemies":"Snecko","floor":21,"turns":4},{"damage":29,"enemies":"Slavers","floor":24,"turns":5},{"damage":28,"enemies":"Book of Stabbing","floor":27,"turns":5},{"damage":0,"enemies":"3 Cultists","floor":30,"turns":4},{"damage":6,"enemies":"Centurion and Healer","floor":31,"turns":3},{"damage":10,"enemies":"Champ","floor":33,"turns":7},{"damage":21,"enemies":"3 Darklings","floor":35,"turns":4},{"damage":2,"enemies":"conspire:MimicChest","floor":36,"turns":5},{"damage":2,"enemies":"Orb Walker","floor":37,"turns":3},{"damage":0,"enemies":"Maw","floor":38,"turns":6},{"damage":52,"enemies":"Nemesis","floor":40,"turns":7},{"damage":1,"enemies":"Jaw Worm Horde","floor":42,"turns":3},{"damage":0,"enemies":"Spire Growth","floor":44,"turns":3},{"damage":0,"enemies":"infinitespire:Three Voidlings","floor":45,"turns":4},{"damage":85,"enemies":"Nightmare_Alpha","floor":45,"turns":14},{"damage":0,"enemies":"R_Hoarder","floor":47,"turns":4},{"damage":0,"enemies":"4 Shapes","floor":48,"turns":2},{"damage":18,"enemies":"Donu and Deca","floor":50,"turns":6}],"seed_played":"-1641262311289639929","potions_obtained":[{"floor":1,"key":"Slimebound:ThreeZeroPotion"},{"floor":11,"key":"Block Potion"},{"floor":14,"key":"DistilledChaos"},{"floor":18,"key":"SpeedPotion"},{"floor":20,"key":"Fruit Juice"},{"floor":27,"key":"Explosive Potion"},{"floor":31,"key":"ColorlessPotion"},{"floor":33,"key":"PowerPotion"},{"floor":38,"key":"FearPotion"},{"floor":40,"key":"Fire Potion"},{"floor":45,"key":"Energy Potion"},{"floor":47,"key":"hexamod:SoulburnPotion"}],"is_trial":false,"path_per_floor":["M","?","?","M","$","R","M","E","T","E","?","R","?","E","R","B",null,"M","?","M","M","$","R","E","R","T","E","$","?","M","M","R","B",null,"M","?","M","M","$","E","T","M","T","M","?","T","E","M","R","B",null],"character_chosen":"DEFECT","items_purchased":["FTL","Steam","Self Repair","Echo Form","Ice Cream","Question Card","Mayhem","conspire:DeflatedDodgeball","Gash","Conserve Battery","ReplayGash"],"campfire_rested":3,"item_purchase_floors":[0,0,0,0,0,0,0,0,0,0,5],"current_hp_per_floor":[65,65,65,75,75,75,75,72,72,75,75,75,80,78,78,80,80,80,80,85,71,71,71,49,74,74,53,53,53,53,54,79,76,83,62,67,65,72,72,34,34,33,33,33,34,34,41,41,68,64],"gold":547,"neow_bonus":"","is_daily":false,"chose_seed":false,"campfire_upgraded":4,"win_rate":0.0,"timestamp":1612278097,"path_taken":["M","?","?","?","$","R","M","E","T","E","?","R","?","E","R","BOSS","M","?","M","M","$","R","E","R","T","E","$","?","M","M","R","BOSS","M","?","?","M","$","E","?","?","T","?","?","?","E","M","R","BOSS"],"items_purchased_type":["Card","Card","Card","Card","Relic","Relic","Card","Relic","Card","Card","Card"],"build_version":"2020-12-22","purchased_purges":5,"victory":true,"max_hp_per_floor":[75,75,75,75,75,75,75,75,75,75,75,75,80,80,80,80,80,80,80,85,85,85,85,85,85,85,85,85,85,85,85,85,85,85,85,85,85,85,85,85,85,85,85,85,90,90,90,90,90,90],"card_choices":[{"not_picked":["Static Discharge","Leap","Sweeping Beam"],"picked":"Reprogram","floor":1},{"not_picked":["Turbo","Streamline","Darkness","BasicCrystalCard"],"picked":"SKIP","floor":4},{"not_picked":["Go for the Eyes","Static Discharge","Steam"],"picked":"Gash","floor":7},{"not_picked":["Leap","Thunder Strike","Force Field"],"picked":"Gash","floor":8},{"not_picked":["Barrage","Coolheaded","Leap"],"picked":"Gash","floor":10},{"not_picked":["FIFO Queue","ReplaySolidLightProjector","Genetic Algorithm"],"picked":"FTL","floor":14},{"not_picked":["Thunder Strike","Reboot","Fission"],"picked":"All For One","floor":16},{"not_picked":["Streamline","Compile Driver","BasicCrystalCard"],"picked":"Gash","floor":18},{"not_picked":["Genetic Algorithm","Sweeping Beam","Static Discharge","ReplayTheSpireMod:System Scan"],"picked":"SKIP","floor":20},{"not_picked":["Turbo","Leap+1","ReplayTheSpireMod:Dual Polarity"],"picked":"Echo Form","floor":21},{"not_picked":["conspire:SharedLibrary+1","Turbo","Panic Button","ReplaySolidLightProjector"],"picked":"SKIP","floor":24},{"not_picked":["Heatsinks","Capacitor","Chill"],"picked":"Conserve Battery+1","floor":27},{"not_picked":["Crystallizer","Beam Cell","Streamline"],"picked":"Reprogram","floor":30},{"not_picked":["conspire:SharedLibrary+1","Turbo","Aggregate"],"picked":"Steam","floor":31},{"not_picked":["Cold Snap+1","Redo+1","BasicCrystalCard+1"],"picked":"Gash","floor":35},{"not_picked":["Streamline+1","FTL","Cold Snap+1"],"picked":"Gash+1","floor":36},{"not_picked":["Steam Power","Streamline","Ball Lightning+1"],"picked":"Echo Form","floor":37},{"not_picked":["Storm+1","Loop+1","Static Discharge+1","Chaos+1"],"picked":"SKIP","floor":38},{"not_picked":["Cold Snap+1","Rebound","Sweeping Beam+1","Redo"],"picked":"SKIP","floor":40},{"not_picked":["Steam","Storm","Tempest+1"],"picked":"Gash+1","floor":42},{"not_picked":["Barrage+1","Static Discharge+1","ReplayTheSpireMod:GoodbyeWorld+1"],"picked":"Sweeping Beam+1","floor":44},{"not_picked":["infinitespire:Oblivion","infinitespire:Punishment"],"picked":"infinitespire:Collect","floor":45},{"not_picked":["Self Repair","Force Field+1","Conserve Battery"],"picked":"BootSequence","floor":45},{"not_picked":["Hello World","Blizzard+1","Creative AI","Recycle"],"picked":"SKIP","floor":47},{"not_picked":["Aggregate","Force Field","Cold Snap","Redo"],"picked":"SKIP","floor":48}],"player_experience":3388881,"relics_obtained":[{"floor":2,"key":"Du-Vu Doll"},{"floor":8,"key":"infinitespire:ShieldingShard"},{"floor":9,"key":"Lizard Tail"},{"floor":10,"key":"Gremlin Food"},{"floor":14,"key":"infinitespire:Eraser"},{"floor":24,"key":"Tiny Chest"},{"floor":26,"key":"Vajra"},{"floor":27,"key":"infinitespire:WardingShard"},{"floor":36,"key":"Oddly Smooth Stone"},{"floor":40,"key":"Gambling Chip"},{"floor":41,"key":"Shuriken"},{"floor":43,"key":"ReplayTheSpireMod:Shallot"},{"floor":45,"key":"Durian"},{"floor":46,"key":"Smiling Mask"},{"floor":47,"key":"Pen Nib"}],"event_choices":[{"damage_healed":0,"gold_gain":0,"cards_transformed":["Dualcast"],"player_choice":"Transformed","damage_taken":0,"max_hp_gain":0,"max_hp_loss":0,"event_name":"Transmorgrifier","floor":3,"gold_loss":0,"cards_obtained":["Rip and Tear"]},{"damage_healed":0,"gold_gain":0,"player_choice":"Searched \u00273\u0027 times","damage_taken":0,"relics_obtained":["Carrot"],"max_hp_gain":0,"max_hp_loss":0,"event_name":"Dead Adventurer","floor":11,"gold_loss":0},{"damage_healed":0,"gold_gain":0,"player_choice":"Donut","damage_taken":0,"max_hp_gain":5,"max_hp_loss":0,"event_name":"Big Fish","floor":13,"gold_loss":0},{"cards_removed":["Strike_B"],"damage_healed":0,"gold_gain":0,"player_choice":"Elegance","damage_taken":0,"max_hp_gain":0,"max_hp_loss":0,"event_name":"betterThird:BetterWriting","floor":19,"gold_loss":0},{"damage_healed":0,"gold_gain":99,"player_choice":"Steal","damage_taken":0,"max_hp_gain":0,"max_hp_loss":0,"event_name":"betterThird:BetterNest","floor":29,"gold_loss":0}],"is_beta":false,"boss_relics":[{"not_picked":["Kintsugi","Busted Crown"],"picked":"Ring of Chaos"},{"not_picked":["ChewingGum","Runic Pyramid"],"picked":"conspire:SpecialSausage"}],"items_purged_floors":[0,0,22,39,39],"is_endless":false,"potions_floor_spawned":[1,11,14,18,20,27,31,33,38,40,45,47],"ascension_level":10}}