{"host":"kgj3hkp928synzkd","time":1612294799,"event":{"mods":["2.2 Compatiblity","A Magickal Journey","AchievementEnabler","Act Like it!","AlwaysNeverKeys","Aspiration","BaseMod","Better Altar","Better Match","Better Note","Better Sensory Stone","Better Synergies","Better Third Choice","Better Vampires","Block Reminder","Colored Map","Colored Powertips","Conspire","Curses Come First","Disable Question Mark Monsters","Downfall","GifTheSpireLib","Googly Eyes","Gremlin Skip","GungeonMod","Hallownest","Infinite Spire","Luminous","Marisa????????","Marked Mod","Minty Spire (QoL Compilation)","Permanent Neow","Quick Restart","Random Character Button","Rare Cards Sparkle","Replay The Spire","Spicy Shops","StSLib","SuperFastMode","The Bug Knight","The Exalted","Uncapped"],"gold_per_floor":[116,116,391,404,414,414,425,425,425,500,500,500],"floor_reached":11,"language":"ENG","playtime":307,"items_purged":["Regret"],"score":66,"play_id":"5c338869-1c58-48d6-93a1-4b8359516f66","local_time":"20210202143959","is_ascension_mode":true,"campfire_choices":[{"data":"Cloak And Dagger","floor":6,"key":"SMITH"}],"circlet_count":0,"master_deck":["Strike_G","Strike_G","Strike_G","Strike_G","Strike_G","Defend_G","Defend_G","Defend_G","Defend_G","Defend_G","Survivor","Neutralize","Cloak And Dagger+1","Dagger Spray","PiercingWail","Acrobatics","downfall:Aged"],"relics":["Ring of the Snake","Blue Candle","Bromod:ArcaneDeflection","ReplayTheSpireMod:CursedCoin"],"acts_visited":["Exordium"],"potions_floor_usage":[],"damage_taken":[{"damage":0,"enemies":"Small Slimes","floor":1,"turns":3},{"damage":15,"enemies":"Jaw Worm","floor":4,"turns":5},{"damage":2,"enemies":"Cultist","floor":5,"turns":4},{"damage":4,"enemies":"Exordium Wildlife","floor":7,"turns":5},{"damage":55,"enemies":"Gremlin Nob","floor":11,"turns":5}],"seed_played":"2148391757539306509","potions_obtained":[{"floor":5,"key":"Energy Potion"}],"is_trial":false,"path_per_floor":["M","?","?","M","M","R","M","?","T","$","E"],"character_chosen":"THE_SILENT","items_purchased":["ReplayTheSpireMod:CursedCoin"],"campfire_rested":0,"item_purchase_floors":[10],"current_hp_per_floor":[77,77,77,62,60,60,56,51,51,51,0,0],"gold":500,"neow_bonus":"TEN_PERCENT_HP_BONUS","is_daily":false,"chose_seed":false,"campfire_upgraded":1,"win_rate":0.0,"timestamp":1612294799,"path_taken":["M","?","?","M","?","R","M","?","T","$","E"],"items_purchased_type":["Relic"],"build_version":"2020-12-22","purchased_purges":1,"victory":false,"max_hp_per_floor":[77,77,77,77,77,77,77,77,77,77,77,77],"card_choices":[{"not_picked":["Dagger Spray","Acrobatics"],"picked":"Cloak And Dagger","floor":1},{"not_picked":["Poisoned Stab","Flying Knee"],"picked":"Dagger Spray","floor":4},{"not_picked":["Distraction","Bane"],"picked":"PiercingWail","floor":5},{"not_picked":["Endless Agony","Heel Hook"],"picked":"Acrobatics","floor":7}],"player_experience":321082,"relics_obtained":[{"floor":9,"key":"Bromod:ArcaneDeflection"}],"event_choices":[{"damage_healed":0,"gold_gain":275,"player_choice":"Desecrate","damage_taken":0,"max_hp_gain":0,"max_hp_loss":0,"event_name":"Golden Shrine","floor":3,"gold_loss":0,"cards_obtained":["Regret"]}],"is_beta":false,"boss_relics":[],"items_purged_floors":[10],"is_endless":false,"potions_floor_spawned":[5],"killed_by":"Gremlin Nob","ascension_level":1}}