{"host":"v2nniiiz7kpx7fwo","time":1612275715,"event":{"mods":["2.2 Compatiblity","AchievementEnabler","BaseMod","Colored Map","Colored Powertips","DeckTracker","Highlight Path","KOR Keyword Fix","Minty Spire (QoL Compilation)","Permanent Neow","Quick Restart","Rare Cards Sparkle","SuperFastMode"],"gold_per_floor":[11,26,26,36,36,36,66,86,86,4,4,29,29,69,69,200,200,218,231,250,274,295,295,333,333,333,333,333,97,140,140,140,269,269,287,300,319,319,342,342,386,386,386,386,386,35,35,54,54,54,54,54,2,42,42],"floor_reached":56,"language":"KOR","playtime":3909,"items_purged":["Writhe"],"score":1282,"play_id":"4325d22e-e1ab-4811-85d6-8dbdccd55a6c","local_time":"20210202232155","is_ascension_mode":true,"campfire_choices":[{"data":"True Grit","floor":6.0,"key":"SMITH"},{"floor":11.0,"key":"REST"},{"data":"Bloodletting","floor":15.0,"key":"SMITH"},{"floor":23.0,"key":"REST"},{"floor":25.0,"key":"REST"},{"floor":27.0,"key":"REST"},{"floor":32.0,"key":"REST"},{"data":"Feel No Pain","floor":40.0,"key":"SMITH"},{"floor":45.0,"key":"RECALL"},{"data":"Apotheosis","floor":47.0,"key":"SMITH"},{"floor":49,"key":"REST"},{"data":"Seeing Red","floor":52,"key":"SMITH"}],"circlet_count":0,"master_deck":["Strike_R","Defend_R","Defend_R","Defend_R","Defend_R","Bash","True Grit+1","Feel No Pain+1","Reckless Charge","Battle Trance","Bloodletting+1","Immolate","Barricade+1","Reckless Charge+1","Combust+1","Body Slam","Body Slam+1","Warcry","Dark Embrace+1","Evolve+1","Rupture+1","Armaments+1","Shrug It Off","Feel No Pain+1","Seeing Red+1","Corruption+1","Power Through","Disarm+1","Sentinel+1","Apotheosis+1"],"relics":["Burning Blood","Dead Branch","Sundial","Pear","Bottled Tornado","Frozen Egg 2","Golden Idol","Blood Vial","Astrolabe","Question Card","Smiling Mask","Orrery","Kunai","Philosopher\u0027s Stone","Singing Bowl","Lizard Tail","Pen Nib"],"acts_visited":["Exordium","TheCity","TheBeyond","TheEnding"],"potions_floor_usage":[48,55],"damage_taken":[{"damage":6.0,"enemies":"Cultist","floor":1.0,"turns":3.0},{"damage":1.0,"enemies":"2 Louse","floor":2.0,"turns":2.0},{"damage":7.0,"enemies":"Small Slimes","floor":4.0,"turns":4.0},{"damage":58.0,"enemies":"Gremlin Nob","floor":7.0,"turns":6.0},{"damage":30.0,"enemies":"Gremlin Gang","floor":8.0,"turns":8.0},{"damage":6.0,"enemies":"Lagavulin","floor":12.0,"turns":8.0},{"damage":13.0,"enemies":"Gremlin Nob","floor":14.0,"turns":4.0},{"damage":45.0,"enemies":"Slime Boss","floor":16.0,"turns":11.0},{"damage":15.0,"enemies":"Chosen","floor":18.0,"turns":6.0},{"damage":34.0,"enemies":"2 Thieves","floor":19.0,"turns":3.0},{"damage":46.0,"enemies":"Snecko","floor":20.0,"turns":7.0},{"damage":17.0,"enemies":"Centurion and Healer","floor":21.0,"turns":5.0},{"damage":8.0,"enemies":"3 Cultists","floor":22.0,"turns":5.0},{"damage":31.0,"enemies":"Book of Stabbing","floor":24.0,"turns":7.0},{"damage":19.0,"enemies":"Slavers","floor":30.0,"turns":4.0},{"damage":44.0,"enemies":"Collector","floor":33.0,"turns":6.0},{"damage":17.0,"enemies":"3 Shapes","floor":35.0,"turns":5.0},{"damage":23.0,"enemies":"Orb Walker","floor":36.0,"turns":3.0},{"damage":0.0,"enemies":"Sphere and 2 Shapes","floor":37.0,"turns":5.0},{"damage":17.0,"enemies":"4 Shapes","floor":39.0,"turns":3.0},{"damage":40.0,"enemies":"Reptomancer","floor":41.0,"turns":6.0},{"damage":47,"enemies":"3 Darklings","floor":48,"turns":6},{"damage":17,"enemies":"Donu and Deca","floor":50,"turns":3},{"damage":13,"enemies":"Shield and Spear","floor":54,"turns":3},{"damage":46,"enemies":"The Heart","floor":55,"turns":5}],"seed_played":"5677540929004869885","potions_obtained":[{"floor":2.0,"key":"GamblersBrew"},{"floor":7.0,"key":"Dexterity Potion"},{"floor":14.0,"key":"LiquidBronze"},{"floor":20.0,"key":"Block Potion"},{"floor":21.0,"key":"Explosive Potion"},{"floor":36.0,"key":"ColorlessPotion"},{"floor":37.0,"key":"LiquidMemories"},{"floor":39.0,"key":"HeartOfIron"}],"is_trial":false,"path_per_floor":["M","M","?","M","?","R","E","M","T","$","R","E","?","E","R","B",null,"M","M","M","M","M","R","E","R","T","R","?","$","E","?","R","B",null,"M","M","M","?","M","R","E","?","T","?","R","$","R","M","R","B",null,"R","$","E","B",null],"character_chosen":"IRONCLAD","items_purchased":["Reckless Charge","BloodPotion","Rupture+1","Orrery","Lizard Tail","SkillPotion"],"campfire_rested":6,"item_purchase_floors":[10,10,29,29,46,53],"current_hp_per_floor":[80,80,80,79,79,79,37,13,13,13,40,58,58,51,51,14,90,81,55,17,8,8,35,12,39,39,66,66,66,55,55,82,46,90,79,64,72,72,63,63,31,54,54,54,54,54,54,17,44,35,92,92,92,87,49],"gold":42,"neow_bonus":"ONE_RARE_RELIC","is_daily":false,"chose_seed":false,"campfire_upgraded":5,"win_rate":0.0,"timestamp":1612275715,"path_taken":["M","M","?","?","?","R","E","M","T","?","R","E","?","E","R","BOSS","M","M","M","M","M","R","E","R","T","R","?","$","E","?","R","BOSS","M","M","?","?","?","R","E","?","T","?","R","$","R","M","R","BOSS","R","$","E","BOSS"],"items_purchased_type":["Card","Potion","Card","Relic","Relic","Potion"],"build_version":"2020-12-22","purchased_purges":1,"victory":true,"max_hp_per_floor":[80,80,80,80,80,80,90,90,90,90,90,90,90,90,90,90,90,90,90,90,90,90,90,90,90,90,90,90,90,90,90,90,90,90,90,90,90,90,90,90,90,90,90,90,90,90,90,92,92,92,92,92,92,94,94],"card_choices":[{"not_picked":["Cleave","Searing Blow"],"picked":"True Grit","floor":1.0},{"not_picked":["Headbutt","Clothesline","Hemokinesis"],"picked":"SKIP","floor":2.0},{"not_picked":["Flame Barrier","Body Slam","Uppercut"],"picked":"SKIP","floor":4.0},{"not_picked":["Flex","Sword Boomerang","Searing Blow"],"picked":"SKIP","floor":7.0},{"not_picked":["True Grit","Thunderclap","Limit Break"],"picked":"SKIP","floor":8.0},{"not_picked":["Limit Break","Clothesline"],"picked":"Battle Trance","floor":12.0},{"not_picked":["Spot Weakness","Sword Boomerang"],"picked":"Bloodletting","floor":14.0},{"not_picked":["Double Tap","Limit Break"],"picked":"Immolate","floor":16.0},{"not_picked":["Pommel Strike","Reckless Charge+1"],"picked":"Body Slam","floor":18.0},{"not_picked":["Whirlwind","Power Through"],"picked":"Body Slam+1","floor":19.0},{"not_picked":["Pommel Strike+1","True Grit"],"picked":"Warcry","floor":20.0},{"not_picked":["Havoc","Clash","Twin Strike+1"],"picked":"SKIP","floor":21.0},{"not_picked":["Combust+1","True Grit"],"picked":"Dark Embrace+1","floor":22.0},{"not_picked":["Havoc","Twin Strike","Warcry"],"picked":"SKIP","floor":24.0},{"not_picked":["Bludgeon","Clash","Wild Strike"],"picked":"Armaments+1","floor":29.0},{"not_picked":["Iron Wave","Pummel","Wild Strike"],"picked":"Shrug It Off","floor":29.0},{"not_picked":["Clash","Demon Form+1","True Grit"],"picked":"Feel No Pain+1","floor":29.0},{"not_picked":["Headbutt+1","Sever Soul","Metallicize+1"],"picked":"Seeing Red","floor":29.0},{"not_picked":["Sword Boomerang","Clothesline","Second Wind","Reaper"],"picked":"SKIP","floor":30.0},{"not_picked":["Limit Break","Feed","Immolate"],"picked":"Corruption+1","floor":33.0},{"not_picked":["Pummel+1","Clothesline+1","Iron Wave+1"],"picked":"Power Through","floor":35.0},{"not_picked":["Body Slam+1","True Grit","Havoc+1","Bloodletting"],"picked":"SKIP","floor":36.0},{"not_picked":["Pummel","Dual Wield+1","Warcry+1"],"picked":"Disarm+1","floor":37.0},{"not_picked":["Thunderclap+1","Havoc+1","Disarm","Shrug It Off+1"],"picked":"SKIP","floor":39.0},{"not_picked":["Twin Strike","Infernal Blade","Sword Boomerang"],"picked":"Sentinel+1","floor":41.0},{"not_picked":["Madness","Impatience","Transmutation"],"picked":"Apotheosis","floor":44.0},{"not_picked":["Warcry+1","Thunderclap+1","Clothesline+1","Feel No Pain+1"],"picked":"Singing Bowl","floor":48},{"not_picked":["Twin Strike","Clothesline","Rupture+1","Hemokinesis+1"],"picked":"Singing Bowl","floor":54}],"player_experience":341941,"relics_obtained":[{"floor":7.0,"key":"Pear"},{"floor":9.0,"key":"Bottled Tornado"},{"floor":12.0,"key":"Frozen Egg 2"},{"floor":14.0,"key":"Blood Vial"},{"floor":24.0,"key":"Question Card"},{"floor":26.0,"key":"Smiling Mask"},{"floor":30.0,"key":"Kunai"},{"floor":41.0,"key":"Singing Bowl"},{"floor":54,"key":"Pen Nib"}],"event_choices":[{"damage_healed":0.0,"max_hp_gain":0.0,"max_hp_loss":0.0,"gold_gain":0.0,"event_name":"Match and Keep!","player_choice":"1 cards matched","floor":3.0,"gold_loss":0.0,"damage_taken":0.0,"cards_obtained":["Feel No Pain"]},{"damage_healed":0.0,"max_hp_gain":0.0,"max_hp_loss":0.0,"gold_gain":0.0,"event_name":"WeMeetAgain","player_choice":"Gave Potion","floor":5.0,"gold_loss":0.0,"damage_taken":0.0,"relics_obtained":["Sundial"]},{"damage_healed":0.0,"max_hp_gain":0.0,"max_hp_loss":0.0,"gold_gain":0.0,"event_name":"Golden Idol","player_choice":"Take Wound","floor":13.0,"gold_loss":0.0,"damage_taken":0.0,"relics_obtained":["Golden Idol"],"cards_obtained":["Injury"]},{"damage_healed":0.0,"max_hp_gain":0.0,"max_hp_loss":0.0,"gold_gain":0.0,"event_name":"The Library","player_choice":"Read","floor":28.0,"gold_loss":0.0,"damage_taken":0.0,"cards_obtained":["Evolve"]},{"cards_removed":["Injury"],"damage_healed":0.0,"max_hp_gain":0.0,"max_hp_loss":0.0,"gold_gain":0.0,"event_name":"Fountain of Cleansing","player_choice":"Removed Curses","floor":31.0,"gold_loss":0.0,"damage_taken":0.0},{"cards_removed":["Strike_R"],"damage_healed":0.0,"max_hp_gain":0.0,"max_hp_loss":0.0,"gold_gain":0.0,"event_name":"Bonfire Elementals","player_choice":"Offered Basic","floor":38.0,"gold_loss":0.0,"damage_taken":0.0},{"damage_healed":23.0,"max_hp_gain":0.0,"max_hp_loss":0.0,"gold_gain":0.0,"event_name":"Winding Halls","player_choice":"Writhe","floor":42.0,"gold_loss":0.0,"damage_taken":0.0,"cards_obtained":["Writhe"]},{"damage_healed":0.0,"max_hp_gain":0.0,"max_hp_loss":0.0,"gold_gain":0.0,"event_name":"SensoryStone","player_choice":"Memory 1","floor":44.0,"gold_loss":0.0,"damage_taken":0.0}],"is_beta":false,"boss_relics":[{"not_picked":["Fusion Hammer","Velvet Choker"],"picked":"Astrolabe"},{"not_picked":["Runic Cube","Black Star"],"picked":"Philosopher\u0027s Stone"}],"items_purged_floors":[46],"is_endless":false,"potions_floor_spawned":[2,7,14,20,21,36,37,39],"ascension_level":1}}