{"host":"nyffms3wv8okr3l3","time":1612226221,"event":{"mods":["Astrologer","Bard","BaseMod","Beaked The Cultist","Bestiary","BetterRewards","Colored Powertips","Downfall","Fiend Mod","Gremlin Mod","Hermit","Hubris","Hunter ??","Infinite Spire","Marisa????????","Minty Spire (QoL Compilation)","Replay The Spire","StSLib","Synergy Search","The Forsaken"],"gold_per_floor":[111,111,125,125,138,169,134,134,134],"floor_reached":8,"language":"ENG","playtime":323,"items_purged":[],"score":59,"play_id":"61d23026-2219-49cd-815c-4b4cb5d9c20d","local_time":"20210201223701","is_ascension_mode":true,"campfire_choices":[],"circlet_count":0,"master_deck":["Strike_R","Strike_R","Strike_R","Strike_R","Strike_R","Defend_R","Defend_R","Defend_R","Defend_R","Bash","Whirlwind+1","Shrug It Off","Flame Barrier","hubris:SharpeningStone"],"relics":["Burning Blood","NeowsBlessing","InkBottle"],"acts_visited":["Exordium"],"potions_floor_usage":[],"damage_taken":[{"damage":0,"enemies":"2 Louse","floor":1,"turns":1},{"damage":0,"enemies":"Cultist","floor":3,"turns":1},{"damage":0,"enemies":"Small Slimes","floor":5,"turns":1},{"damage":57,"enemies":"Lagavulin","floor":6,"turns":11},{"damage":52,"enemies":"Gremlin Nob","floor":8,"turns":5}],"seed_played":"7643518581007859998","potions_obtained":[],"is_trial":false,"path_per_floor":["M","$","M","?","M","E","?","E"],"character_chosen":"IRONCLAD","items_purchased":[],"campfire_rested":0,"item_purchase_floors":[],"current_hp_per_floor":[80,80,80,80,80,29,49,0,0],"gold":134,"neow_bonus":"THREE_ENEMY_KILL","is_daily":false,"chose_seed":false,"campfire_upgraded":0,"win_rate":0.0,"timestamp":1612226221,"path_taken":["M","$","M","?","?","E","?","E"],"items_purchased_type":[],"build_version":"2020-12-22","purchased_purges":0,"victory":false,"max_hp_per_floor":[80,80,80,80,80,80,80,80,80],"card_choices":[{"not_picked":["hubris:CleavingFinish","Reckless Charge"],"picked":"Whirlwind","floor":1},{"not_picked":["Dropkick","ReplayTheSpireMod:Corrosion Curse"],"picked":"Shrug It Off","floor":3},{"not_picked":["True Grit","Clothesline"],"picked":"Flame Barrier","floor":5},{"not_picked":["Feel No Pain","ReplayTheSpireMod:Strike From Hell"],"picked":"hubris:SharpeningStone","floor":6}],"player_experience":57172,"relics_obtained":[{"floor":6,"key":"InkBottle"}],"event_choices":[{"damage_healed":0,"gold_gain":0,"player_choice":"Upgraded","damage_taken":0,"max_hp_gain":0,"max_hp_loss":0,"event_name":"Upgrade Shrine","floor":4,"gold_loss":0,"cards_upgraded":["Whirlwind"]},{"damage_healed":20,"gold_gain":0,"player_choice":"Healed","damage_taken":0,"max_hp_gain":0,"max_hp_loss":0,"event_name":"The Cleric","floor":7,"gold_loss":35}],"is_beta":false,"boss_relics":[],"items_purged_floors":[],"is_endless":false,"potions_floor_spawned":[],"killed_by":"Gremlin Nob","ascension_level":1}}