{"host":"facnppb4175fcpe2","time":1612271074,"event":{"mods":["AchievementEnabler","BaseMod","Colored Map","Colored Powertips","Highlight Path","Minty Spire (QoL Compilation)","Quick Restart","Rare Cards Sparkle","Relic Stats","StSLib","SuperFastMode"],"gold_per_floor":[129,158,170,198,225,265,288,334,369,381,412,424,471,502,514,627,639,671,683,695,717,748,786,798,798],"floor_reached":24,"language":"ZHS","playtime":618,"items_purged":[],"score":331,"play_id":"c95107e6-8c9c-4e13-9865-c26f9fdcca63","local_time":"20210202210434","is_ascension_mode":true,"campfire_choices":[{"data":"Demon Form","floor":10.0,"key":"SMITH"},{"data":"Heavy Blade","floor":12.0,"key":"SMITH"},{"data":"Uppercut","floor":15.0,"key":"SMITH"}],"circlet_count":0,"master_deck":["Strike_R","Strike_R","Strike_R","Strike_R","Defend_R","Defend_R","Defend_R","Defend_R","Bash","Clash","Uppercut+1","Demon Form+1","Heavy Blade+1","Twin Strike","Shrug It Off","Limit Break","CurseOfTheBell","Warcry+1","Reaper"],"relics":["Burning Blood","MawBank","Anchor","Centennial Puzzle","Red Skull","Dream Catcher","Calling Bell","Omamori","Blue Candle","Shovel","Toy Ornithopter"],"acts_visited":["Exordium","TheCity"],"potions_floor_usage":[24],"damage_taken":[{"damage":7.0,"enemies":"Small Slimes","floor":1.0,"turns":5.0},{"damage":7.0,"enemies":"Jaw Worm","floor":2.0,"turns":3.0},{"damage":0.0,"enemies":"Cultist","floor":4.0,"turns":3.0},{"damage":0.0,"enemies":"Large Slime","floor":5.0,"turns":5.0},{"damage":10.0,"enemies":"Gremlin Nob","floor":6.0,"turns":3.0},{"damage":0.0,"enemies":"2 Fungi Beasts","floor":7.0,"turns":3.0},{"damage":15.0,"enemies":"Lagavulin","floor":8.0,"turns":5.0},{"damage":3.0,"enemies":"Blue Slaver","floor":11.0,"turns":4.0},{"damage":28.0,"enemies":"Gremlin Nob","floor":13.0,"turns":4.0},{"damage":6.0,"enemies":"Looter","floor":14.0,"turns":3.0},{"damage":8.0,"enemies":"Slime Boss","floor":16.0,"turns":5.0},{"damage":38.0,"enemies":"2 Thieves","floor":18.0,"turns":4.0},{"damage":0.0,"enemies":"Spheric Guardian","floor":21.0,"turns":3.0},{"damage":14.0,"enemies":"Snake Plant","floor":22.0,"turns":3.0},{"damage":34.0,"enemies":"Gremlin Leader","floor":23.0,"turns":5.0},{"damage":24,"enemies":"Shelled Parasite and Fungi","floor":24,"turns":4}],"seed_played":"-6677268954991592207","potions_obtained":[{"floor":1.0,"key":"SpeedPotion"},{"floor":2.0,"key":"AttackPotion"},{"floor":5.0,"key":"ElixirPotion"},{"floor":7.0,"key":"PowerPotion"},{"floor":11.0,"key":"SkillPotion"},{"floor":14.0,"key":"EssenceOfSteel"},{"floor":18.0,"key":"Regen Potion"}],"is_trial":false,"path_per_floor":["M","M","$","M","M","E","M","E","T","R","M","R","E","M","R","B",null,"M","?","?","M","M","E","M"],"character_chosen":"IRONCLAD","items_purchased":[],"campfire_rested":0,"item_purchase_floors":[],"current_hp_per_floor":[79,78,78,80,80,76,80,71,71,71,74,74,52,52,52,50,73,41,26,26,32,24,10,0,0],"gold":798,"neow_bonus":"RANDOM_COMMON_RELIC","is_daily":false,"chose_seed":false,"campfire_upgraded":3,"win_rate":0.0,"timestamp":1612271074,"path_taken":["M","M","$","M","M","E","M","E","T","R","M","R","E","M","R","BOSS","M","?","?","?","M","E","M"],"items_purchased_type":[],"build_version":"2020-12-22","purchased_purges":0,"victory":false,"max_hp_per_floor":[80,80,80,80,80,80,80,80,80,80,80,80,80,80,80,80,80,80,85,85,85,85,85,85,85],"relic_stats":{"Centennial Puzzle":[24],"Dream Catcher":0,"Shovel":0,"counters":[16,62],"Blue Candle":[1],"MawBank":288,"obtain_stats":[{"Calling Bell":17,"Anchor":6,"Centennial Puzzle":8,"Dream Catcher":13,"Shovel":17,"Blue Candle":17,"Omamori":17,"MawBank":0,"Burning Blood":0,"Red Skull":9,"Toy Ornithopter":23},{"Calling Bell":11,"Anchor":5,"Centennial Puzzle":7,"Dream Catcher":9,"Shovel":11,"Blue Candle":11,"Omamori":11,"MawBank":0,"Burning Blood":0,"Red Skull":7,"Toy Ornithopter":15},{"Calling Bell":43,"Anchor":19,"Centennial Puzzle":27,"Dream Catcher":35,"Shovel":43,"Blue Candle":43,"Omamori":43,"MawBank":0,"Burning Blood":0,"Red Skull":27,"Toy Ornithopter":58}],"Burning Blood":78,"Toy Ornithopter":5},"card_choices":[{"not_picked":["Sever Soul","Anger","Cleave"],"picked":"SKIP","floor":1.0},{"not_picked":["Second Wind","Clothesline"],"picked":"Clash","floor":2.0},{"not_picked":["Shrug It Off","Burning Pact"],"picked":"Uppercut","floor":4.0},{"not_picked":["Sword Boomerang","Disarm"],"picked":"Demon Form","floor":5.0},{"not_picked":["Perfected Strike","Intimidate"],"picked":"Heavy Blade","floor":6.0},{"not_picked":["Havoc","Ghostly Armor"],"picked":"Twin Strike","floor":7.0},{"not_picked":["Combust","Flex"],"picked":"Shrug It Off","floor":8.0},{"not_picked":["Barricade","Flex","Anger"],"picked":"SKIP","floor":11.0},{"not_picked":["Havoc","Corruption","Armaments"],"picked":"SKIP","floor":13.0},{"not_picked":["Iron Wave","Power Through","Pommel Strike"],"picked":"SKIP","floor":14.0},{"not_picked":["Exhume","Demon Form"],"picked":"Limit Break","floor":16.0},{"not_picked":["Shrug It Off","Pommel Strike+1"],"picked":"Warcry+1","floor":18.0},{"not_picked":["Twin Strike","Perfected Strike","Armaments"],"picked":"SKIP","floor":21.0},{"not_picked":["Bloodletting","Rage","True Grit"],"picked":"SKIP","floor":22.0},{"not_picked":["Spot Weakness","Clash"],"picked":"Reaper","floor":23.0}],"player_experience":117827,"relics_obtained":[{"floor":6.0,"key":"Anchor"},{"floor":8.0,"key":"Centennial Puzzle"},{"floor":9.0,"key":"Red Skull"},{"floor":13.0,"key":"Dream Catcher"},{"floor":17.0,"key":"Omamori"},{"floor":17.0,"key":"Blue Candle"},{"floor":17.0,"key":"Shovel"},{"floor":23.0,"key":"Toy Ornithopter"}],"event_choices":[{"damage_healed":0.0,"max_hp_gain":5.0,"max_hp_loss":0.0,"gold_gain":0.0,"event_name":"Forgotten Altar","player_choice":"Shed Blood","floor":19.0,"gold_loss":0.0,"damage_taken":20.0},{"cards_removed":["Strike_R"],"damage_healed":0.0,"max_hp_gain":0.0,"max_hp_loss":0.0,"gold_gain":0.0,"event_name":"Purifier","player_choice":"Purged","floor":20.0,"gold_loss":0.0,"damage_taken":0.0}],"is_beta":false,"boss_relics":[{"not_picked":["Runic Pyramid","Cursed Key"],"picked":"Calling Bell"}],"items_purged_floors":[],"is_endless":false,"potions_floor_spawned":[1,2,5,7,11,14,18,22],"killed_by":"Shelled Parasite and Fungi","ascension_level":5}}