{"host":"7sni158j623xchr2","time":1612226007,"event":{"mods":["BaseMod","Colored Map","Highlight Path","Minty Spire (QoL Compilation)","Permanent Neow","Potion Indicator Mod","Rare Cards Sparkle","Relic Sorter","Relic Stats","StSLib","everything is the same but u backflip on backflip"],"gold_per_floor":[116,116,129,54,68,95,95,112,112,131,160,171,198,198,198,301,301,321,521,508,508,46,79,79,106,129,129,6,6,40,58,58,153,153,172,172,172,222,222,222,247,266,291,291,311,311,342,353,353,353,353,353,6,37,37],"floor_reached":56,"language":"ENG","playtime":1735,"items_purged":["Defend_G","Strike_G","Strike_G"],"score":1380,"play_id":"e6b2d1e3-69d5-4ad4-91c5-51fdba5f1009","local_time":"20210201183327","is_ascension_mode":true,"campfire_choices":[{"data":"Dash","floor":7,"key":"SMITH"},{"data":"Phantasmal Killer","floor":15,"key":"SMITH"},{"data":"Quick Slash","floor":24,"key":"SMITH"},{"data":"Neutralize","floor":27,"key":"SMITH"},{"floor":32,"key":"REST"},{"data":"Bouncing Flask","floor":40,"key":"SMITH"},{"floor":44,"key":"RECALL"},{"floor":46,"key":"REST"},{"data":"Blur","floor":49,"key":"SMITH"},{"data":"Deflect","floor":52,"key":"SMITH"}],"circlet_count":0,"master_deck":["Strike_G+1","Strike_G+1","Defend_G","Defend_G","Survivor","Neutralize+1","Quick Slash+1","Bouncing Flask+1","Dash+1","Phantasmal Killer+1","Blur+1","Deflect+1","Terror+1","Dagger Spray+1","Envenom+1","Deflect+1","Well Laid Plans+1","Dagger Spray+1","Envenom+1","Blur+1","After Image+1","PanicButton","Deep Breath","Finesse","Bane+1","Acrobatics+1","Writhe","PiercingWail+1","Dash+1","Footwork+1","Blade Dance+1","PiercingWail+1","Deflect+1","Sucker Punch+1"],"relics":["Ring of the Snake","NeowsBlessing","Mango","Frozen Egg 2","Molten Egg 2","Whetstone","The Courier","Empty Cage","PreservedInsect","HornCleat","Orichalcum","Darkstone Periapt","Art of War","DollysMirror","Bottled Lightning","Cursed Key","Tingsha","Toxic Egg 2","Sundial","Letter Opener"],"acts_visited":["Exordium","TheCity","TheBeyond","TheEnding"],"potions_floor_usage":[6,11,25,41,41,50,55,55,55,55,55],"damage_taken":[{"damage":0,"enemies":"2 Louse","floor":1,"turns":1},{"damage":0,"enemies":"Cultist","floor":3,"turns":1},{"damage":0,"enemies":"Jaw Worm","floor":5,"turns":1},{"damage":23,"enemies":"Gremlin Nob","floor":6,"turns":5},{"damage":12,"enemies":"Large Slime","floor":8,"turns":6},{"damage":8,"enemies":"Gremlin Gang","floor":10,"turns":5},{"damage":9,"enemies":"3 Sentries","floor":11,"turns":8},{"damage":0,"enemies":"Blue Slaver","floor":12,"turns":3},{"damage":6,"enemies":"Gremlin Nob","floor":13,"turns":3},{"damage":2,"enemies":"Hexaghost","floor":16,"turns":8},{"damage":1,"enemies":"Shell Parasite","floor":18,"turns":3},{"damage":7,"enemies":"2 Thieves","floor":20,"turns":4},{"damage":17,"enemies":"Book of Stabbing","floor":23,"turns":4},{"damage":32,"enemies":"Gremlin Leader","floor":25,"turns":8},{"damage":5,"enemies":"Book of Stabbing","floor":30,"turns":4},{"damage":4,"enemies":"Cultist and Chosen","floor":31,"turns":3},{"damage":32,"enemies":"Champ","floor":33,"turns":13},{"damage":7,"enemies":"3 Darklings","floor":35,"turns":6},{"damage":0,"enemies":"Mind Bloom Boss Battle","floor":38,"turns":5},{"damage":17,"enemies":"Reptomancer","floor":41,"turns":5},{"damage":5,"enemies":"Orb Walker","floor":42,"turns":2},{"damage":5,"enemies":"Spire Growth","floor":45,"turns":4},{"damage":0,"enemies":"Nemesis","floor":47,"turns":7},{"damage":0,"enemies":"4 Shapes","floor":48,"turns":3},{"damage":49,"enemies":"Awakened One","floor":50,"turns":13},{"damage":55,"enemies":"Shield and Spear","floor":54,"turns":7},{"damage":29,"enemies":"The Heart","floor":55,"turns":10}],"seed_played":"-8947510625932313733","potions_obtained":[{"floor":3,"key":"GhostInAJar"},{"floor":5,"key":"Ancient Potion"},{"floor":6,"key":"Block Potion"},{"floor":8,"key":"EssenceOfSteel"},{"floor":16,"key":"Poison Potion"},{"floor":20,"key":"GhostInAJar"},{"floor":25,"key":"FearPotion"},{"floor":33,"key":"SneckoOil"},{"floor":45,"key":"AttackPotion"},{"floor":48,"key":"EntropicBrew"}],"is_trial":false,"path_per_floor":["M","?","M","$","M","E","R","M","T","M","E","M","E","?","R","B",null,"M","?","M","?","$","E","R","E","T","R","$","$","E","M","R","B",null,"M","?","?","?","?","R","E","M","T","R","M","R","E","M","R","B",null,"R","$","E","B",null],"character_chosen":"THE_SILENT","items_purchased":["PreservedInsect","HornCleat","Well Laid Plans+1","DollysMirror","Footwork+1","Blade Dance+1","PiercingWail+1","CultistPotion","Deflect+1"],"campfire_rested":2,"item_purchase_floors":[22,22,22,28,53,53,53,53,53],"current_hp_per_floor":[70,84,84,84,84,61,61,49,49,41,32,32,26,26,26,24,84,83,83,76,76,76,59,59,27,27,27,27,27,22,18,43,11,84,77,77,67,67,67,67,50,45,51,51,46,73,73,73,73,24,90,90,90,35,6],"gold":37,"neow_bonus":"THREE_ENEMY_KILL","is_daily":false,"chose_seed":false,"campfire_upgraded":7,"win_rate":0.0,"timestamp":1612226007,"path_taken":["M","?","M","$","?","E","R","M","T","M","E","M","E","?","R","BOSS","M","?","?","?","$","E","R","E","T","R","?","$","E","?","R","BOSS","M","?","?","?","?","R","E","M","T","R","M","R","E","M","R","BOSS","R","$","E","BOSS"],"items_purchased_type":["Relic","Relic","Card","Relic","Card","Card","Card","Potion","Card"],"build_version":"2020-12-22","purchased_purges":3,"victory":true,"max_hp_per_floor":[70,84,84,84,84,84,84,84,84,84,84,84,84,84,84,84,84,84,84,84,84,84,84,84,84,84,84,84,84,84,84,84,84,84,84,84,84,84,84,84,84,84,90,90,90,90,90,90,90,90,90,90,90,90,90],"relic_stats":{"Darkstone Periapt":6,"counters":[27,142],"Sundial":[4],"Tingsha":[25],"PreservedInsect":305,"Art of War":[6],"Whetstone":["Strike_G","Strike_G"],"Letter Opener":[15],"Orichalcum":[18],"Cursed Key":1,"obtain_stats":[{"Darkstone Periapt":25,"NeowsBlessing":0,"Mango":2,"Tingsha":38,"The Courier":13,"PreservedInsect":22,"Whetstone":11,"Letter Opener":54,"Frozen Egg 2":6,"Orichalcum":23,"Empty Cage":17,"Cursed Key":34,"HornCleat":22,"DollysMirror":28,"Sundial":47,"Molten Egg 2":9,"Art of War":26,"Bottled Lightning":30,"Toxic Egg 2":41,"Ring of the Snake":0},{"Darkstone Periapt":14,"NeowsBlessing":0,"Mango":1,"Tingsha":19,"The Courier":9,"PreservedInsect":12,"Whetstone":7,"Letter Opener":26,"Frozen Egg 2":4,"Orichalcum":13,"Empty Cage":10,"Cursed Key":17,"HornCleat":12,"DollysMirror":14,"Sundial":23,"Molten Egg 2":5,"Art of War":14,"Bottled Lightning":15,"Toxic Egg 2":20,"Ring of the Snake":0},{"Darkstone Periapt":60,"NeowsBlessing":0,"Mango":1,"Tingsha":91,"The Courier":33,"PreservedInsect":48,"Whetstone":27,"Letter Opener":132,"Frozen Egg 2":8,"Orichalcum":52,"Empty Cage":41,"Cursed Key":80,"HornCleat":48,"DollysMirror":60,"Sundial":109,"Molten Egg 2":14,"Art of War":60,"Bottled Lightning":64,"Toxic Egg 2":96,"Ring of the Snake":0}],"Ring of the Snake":[54]},"card_choices":[{"not_picked":["Bane","Bouncing Flask"],"picked":"Quick Slash","floor":1},{"not_picked":["Cloak And Dagger","PiercingWail"],"picked":"Bouncing Flask","floor":3},{"not_picked":["Blade Dance","PiercingWail"],"picked":"Dash","floor":5},{"not_picked":["Flying Knee","Deflect"],"picked":"Phantasmal Killer","floor":6},{"not_picked":["Dash","Flying Knee"],"picked":"Blur","floor":8},{"not_picked":["Skewer+1","Prepared"],"picked":"Deflect","floor":10},{"not_picked":["Dagger Throw+1","Flying Knee+1"],"picked":"Terror","floor":11},{"not_picked":["Deadly Poison","Slice+1"],"picked":"Dagger Spray+1","floor":12},{"not_picked":["Heel Hook+1","Dagger Throw+1","Backflip"],"picked":"SKIP","floor":13},{"not_picked":["Unload+1","Night Terror"],"picked":"Envenom+1","floor":16},{"not_picked":["Bane+1","Underhanded Strike+1"],"picked":"Deflect+1","floor":18},{"not_picked":["Dagger Throw+1","Eviscerate+1","Acrobatics"],"picked":"SKIP","floor":20},{"not_picked":["Cloak And Dagger","Bouncing Flask","Doppelganger"],"picked":"SKIP","floor":23},{"not_picked":["Noxious Fumes+1","Outmaneuver"],"picked":"Dagger Spray+1","floor":25},{"not_picked":["Dodge and Roll+1","PiercingWail"],"picked":"Blur+1","floor":30},{"not_picked":["Cloak And Dagger","Choke+1","Flechettes+1"],"picked":"SKIP","floor":31},{"not_picked":["Night Terror","Unload+1"],"picked":"After Image+1","floor":33},{"not_picked":["Outmaneuver","Slice+1","Skewer+1"],"picked":"SKIP","floor":35},{"not_picked":["Impatience","Madness"],"picked":"PanicButton","floor":37},{"not_picked":["Dramatic Entrance+1","Madness"],"picked":"Deep Breath","floor":37},{"not_picked":["Transmutation","Secret Weapon"],"picked":"Finesse","floor":37},{"not_picked":["Riddle With Holes+1","Quick Slash+1"],"picked":"Bane+1","floor":38},{"not_picked":["All Out Attack+1","Eviscerate+1","Tactician+1"],"picked":"SKIP","floor":41},{"not_picked":["Cloak And Dagger+1","Deflect+1"],"picked":"Acrobatics+1","floor":42},{"not_picked":["Sucker Punch+1","Bane+1"],"picked":"PiercingWail+1","floor":45},{"not_picked":["Blade Dance+1","Deflect+1","Dagger Throw+1"],"picked":"SKIP","floor":47},{"not_picked":["Escape Plan+1","Heel Hook+1"],"picked":"Dash+1","floor":48},{"not_picked":["Deflect+1","Choke+1"],"picked":"Sucker Punch+1","floor":54}],"player_experience":1738889,"relics_obtained":[{"floor":2,"key":"Mango"},{"floor":6,"key":"Frozen Egg 2"},{"floor":9,"key":"Molten Egg 2"},{"floor":11,"key":"Whetstone"},{"floor":13,"key":"The Courier"},{"floor":23,"key":"Orichalcum"},{"floor":25,"key":"Darkstone Periapt"},{"floor":26,"key":"Art of War"},{"floor":30,"key":"Bottled Lightning"},{"floor":38,"key":"Tingsha"},{"floor":41,"key":"Toxic Egg 2"},{"floor":47,"key":"Sundial"},{"floor":54,"key":"Letter Opener"}],"event_choices":[{"damage_healed":0,"gold_gain":0,"player_choice":"Relic","damage_taken":0,"max_hp_gain":0,"max_hp_loss":0,"event_name":"Wheel of Change","floor":2,"gold_loss":0},{"damage_healed":0,"gold_gain":0,"player_choice":"Grow","damage_taken":0,"max_hp_gain":0,"max_hp_loss":0,"event_name":"Living Wall","floor":14,"gold_loss":0,"cards_upgraded":["Terror"]},{"damage_healed":0,"gold_gain":250,"player_choice":"Bet on Owner","damage_taken":0,"max_hp_gain":0,"max_hp_loss":0,"event_name":"The Joust","floor":19,"gold_loss":50},{"damage_healed":0,"gold_gain":0,"player_choice":"Got Potions","damage_taken":0,"max_hp_gain":0,"max_hp_loss":0,"event_name":"Lab","floor":21,"gold_loss":0},{"cards_removed":["Defend_G"],"damage_healed":0,"gold_gain":0,"player_choice":"Removed Skill","damage_taken":0,"max_hp_gain":0,"max_hp_loss":0,"event_name":"Falling","floor":36,"gold_loss":0},{"damage_healed":0,"gold_gain":0,"player_choice":"Memory 3","damage_taken":10,"max_hp_gain":0,"max_hp_loss":0,"event_name":"SensoryStone","floor":37,"gold_loss":0},{"damage_healed":0,"gold_gain":0,"player_choice":"Fight","damage_taken":0,"max_hp_gain":0,"max_hp_loss":0,"event_name":"MindBloom","floor":38,"gold_loss":0},{"damage_healed":0,"gold_gain":0,"player_choice":"Ignored","damage_taken":0,"max_hp_gain":0,"max_hp_loss":0,"event_name":"Tomb of Lord Red Mask","floor":39,"gold_loss":0}],"is_beta":false,"boss_relics":[{"not_picked":["Runic Pyramid","Coffee Dripper"],"picked":"Empty Cage"},{"not_picked":["SlaversCollar","SacredBark"],"picked":"Cursed Key"}],"items_purged_floors":[4,22,53],"is_endless":false,"potions_floor_spawned":[3,5,6,8,16,20,25,33,35,45,48],"ascension_level":1}}