{"host":"za51qju8r56bcr85","time":1612257442,"event":{"mods":["Act Like it!","BaseMod","Block Reminder","Conspire","Googly Eyes","Minty Spire (QoL Compilation)","Quick Restart","Relic Sorter","Relic Stats","Shop Mod","StSLib","SuperFastMode"],"gold_per_floor":[109,59,81,120,120,120,182,198,248,78,78,78,95,156,156,240,240,261,261,278,33,63,63,80,80,126,126,152,180,211,228,228,299,349,416,474,474,485,573,573,379,408,408,422,432,445,445,479,479,479,479,479],"floor_reached":51,"language":"ZHS","playtime":2437,"items_purged":["Strike_R","Strike_R"],"score":1773,"play_id":"b799e2b1-3f03-42ab-9a2b-9762c6078387","local_time":"20210202171722","is_ascension_mode":true,"campfire_choices":[{"floor":6.0,"key":"REST"},{"data":"Havoc","floor":12.0,"key":"SMITH"},{"floor":15.0,"key":"REST"},{"data":"Rampage","floor":23.0,"key":"SMITH"},{"data":"Battle Trance","floor":25.0,"key":"SMITH"},{"data":"Bloodletting","floor":27.0,"key":"SMITH"},{"data":"Dark Embrace","floor":32.0,"key":"SMITH"},{"floor":40.0,"key":"RECALL"},{"floor":49.0,"key":"REST"}],"circlet_count":0,"master_deck":["AscendersBane","Bloodletting+1","Rampage+1","Armaments+1","Dark Embrace+1","conspire:Purge+1","Power Through","Battle Trance+1","Sever Soul","Shrug It Off","Double Tap","Impervious","Feel No Pain"],"relics":["Sundial","Ancient Tea Set","Shuriken","Frozen Eye","Runic Pyramid","Nloth\u0027s Gift","Lee\u0027s Waffle","conspire:DeflatedDodgeball","Bottled Lightning","Tiny House","Kunai","ClockworkSouvenir","MerchantsRug","Anchor","Blue Candle","Bottled Tornado","conspire:DecoderRing"],"acts_visited":["Exordium","TheCity","TheBeyond"],"potions_floor_usage":[],"damage_taken":[{"damage":7.0,"enemies":"Jaw Worm","floor":1.0,"turns":3.0},{"damage":3.0,"enemies":"2 Louse","floor":3.0,"turns":3.0},{"damage":5.0,"enemies":"conspire:RoseBush","floor":4.0,"turns":6.0},{"damage":37.0,"enemies":"3 Sentries","floor":7.0,"turns":5.0},{"damage":0.0,"enemies":"Gremlin Gang","floor":8.0,"turns":1.0},{"damage":0.0,"enemies":"Exordium Wildlife","floor":13.0,"turns":1.0},{"damage":15.0,"enemies":"Gremlin Nob","floor":14.0,"turns":3.0},{"damage":0.0,"enemies":"Slime Boss","floor":16.0,"turns":3.0},{"damage":6.0,"enemies":"Spheric Guardian","floor":18.0,"turns":5.0},{"damage":8.0,"enemies":"conspire:FuzzyDice","floor":20.0,"turns":6.0},{"damage":10.0,"enemies":"Snecko","floor":22.0,"turns":6.0},{"damage":6.0,"enemies":"conspire:HollyBat","floor":24.0,"turns":6.0},{"damage":37.0,"enemies":"Book of Stabbing","floor":28.0,"turns":4.0},{"damage":8.0,"enemies":"Centurion and Healer","floor":29.0,"turns":4.0},{"damage":0.0,"enemies":"Slavers","floor":30.0,"turns":1.0},{"damage":0.0,"enemies":"Snake Plant","floor":31.0,"turns":1.0},{"damage":0.0,"enemies":"Champ","floor":33.0,"turns":1.0},{"damage":11.0,"enemies":"Orb Walker","floor":35.0,"turns":3.0},{"damage":11.0,"enemies":"3 Darklings","floor":36.0,"turns":5.0},{"damage":0.0,"enemies":"Jaw Worm Horde","floor":38.0,"turns":1.0},{"damage":6.0,"enemies":"conspire:MimicChest","floor":39.0,"turns":7.0},{"damage":11.0,"enemies":"Reptomancer","floor":42.0,"turns":5.0},{"damage":9.0,"enemies":"Transient","floor":44.0,"turns":6.0},{"damage":5.0,"enemies":"4 Shapes","floor":45.0,"turns":4.0},{"damage":8.0,"enemies":"Maw","floor":46.0,"turns":4.0},{"damage":6.0,"enemies":"Nemesis","floor":48.0,"turns":5.0},{"damage":8,"enemies":"Time Eater","floor":50,"turns":5},{"damage":65,"enemies":"conspire:OrnateMirror","floor":51,"turns":5}],"seed_played":"-9044699693864069611","potions_obtained":[{"floor":4.0,"key":"BlessingOfTheForge"},{"floor":8.0,"key":"Strength Potion"},{"floor":13.0,"key":"PowerPotion"},{"floor":14.0,"key":"SneckoOil"},{"floor":18.0,"key":"Swift Potion"},{"floor":28.0,"key":"SteroidPotion"},{"floor":30.0,"key":"Swift Potion"},{"floor":33.0,"key":"BloodPotion"},{"floor":36.0,"key":"SpeedPotion"}],"is_trial":false,"path_per_floor":["M","?","M","M","?","R","E","M","T","$","?","R","M","?","R","B",null,"M","?","M","$","M","R","M","R","T","R","E","M","E","M","R","B",null,"M","M","?","M","?","R","$","E","T","M","M","M","T","E","R","B","B"],"character_chosen":"IRONCLAD","items_purchased":["Armaments","Havoc","Dark Embrace","Reckless Charge","Battle Trance","Lee\u0027s Waffle","ClockworkSouvenir","MerchantsRug"],"campfire_rested":3,"item_purchase_floors":[10,10,10,10,21,21,41,41],"current_hp_per_floor":[61,61,58,53,35,57,20,20,20,20,20,20,20,5,27,27,63,57,57,49,82,72,72,66,66,66,66,29,21,21,21,21,21,72,61,67,67,67,61,61,61,50,50,41,36,28,28,22,48,40,0,0],"gold":479,"neow_bonus":"BOSS_RELIC","is_daily":false,"chose_seed":false,"campfire_upgraded":5,"win_rate":0.0,"timestamp":1612257442,"path_taken":["M","?","M","M","?","R","E","M","T","$","?","R","?","?","R","BOSS","M","?","M","$","M","R","?","R","T","R","E","M","E","M","R","BOSS","M","M","?","M","?","R","$","E","T","M","M","?","?","E","R","BOSS","BOSS"],"items_purchased_type":["Card","Card","Card","Card","Card","Relic","Relic","Relic"],"build_version":"2020-12-22","purchased_purges":2,"victory":false,"max_hp_per_floor":[75,75,75,75,75,75,75,75,75,75,75,75,75,75,75,75,75,75,75,75,82,82,82,82,82,82,82,82,82,82,82,82,82,87,87,87,87,87,87,87,87,87,87,87,87,87,87,87,87,87,87,87],"relic_stats":{"Lee\u0027s Waffle":33,"counters":[28,109],"Sundial":[82],"Shuriken":[27],"Blue Candle":[1],"Nloth\u0027s Gift":5,"Kunai":[13],"obtain_stats":[{"MerchantsRug":41,"Lee\u0027s Waffle":21,"Tiny House":34,"Blue Candle":43,"Bottled Tornado":47,"Ancient Tea Set":7,"Burning Blood":0,"ClockworkSouvenir":41,"conspire:SeveredTorchhead":0,"Frozen Eye":14,"Anchor":42,"Sundial":5,"Shuriken":14,"Bronze Scales":9,"conspire:DecoderRing":48,"Nloth\u0027s Gift":19,"Bottled Lightning":30,"Kunai":39,"conspire:DeflatedDodgeball":28,"Runic Pyramid":17},{"MerchantsRug":21,"Lee\u0027s Waffle":10,"Tiny House":17,"Blue Candle":22,"Bottled Tornado":25,"Ancient Tea Set":4,"Burning Blood":0,"ClockworkSouvenir":21,"conspire:SeveredTorchhead":0,"Frozen Eye":7,"Anchor":22,"Sundial":3,"Shuriken":6,"Bronze Scales":5,"conspire:DecoderRing":26,"Nloth\u0027s Gift":9,"Bottled Lightning":15,"Kunai":21,"conspire:DeflatedDodgeball":13,"Runic Pyramid":8},{"MerchantsRug":75,"Lee\u0027s Waffle":36,"Tiny House":59,"Blue Candle":80,"Bottled Tornado":94,"Ancient Tea Set":17,"Burning Blood":0,"ClockworkSouvenir":75,"conspire:SeveredTorchhead":0,"Frozen Eye":20,"Anchor":80,"Sundial":12,"Shuriken":19,"Bronze Scales":18,"conspire:DecoderRing":99,"Nloth\u0027s Gift":30,"Bottled Lightning":57,"Kunai":75,"conspire:DeflatedDodgeball":52,"Runic Pyramid":25}]},"card_choices":[{"not_picked":["Body Slam","Havoc","Heavy Blade"],"picked":"SKIP","floor":1.0},{"not_picked":["Wild Strike","Body Slam"],"picked":"Bloodletting","floor":3.0},{"not_picked":["Body Slam","Headbutt","Warcry"],"picked":"SKIP","floor":4.0},{"not_picked":["Rage","Heavy Blade"],"picked":"Flex","floor":7.0},{"not_picked":["Whirlwind","Twin Strike"],"picked":"Rampage","floor":8.0},{"not_picked":["Wild Strike","Thunderclap"],"picked":"conspire:Purge","floor":13.0},{"not_picked":["Cleave","Headbutt"],"picked":"Power Through","floor":18.0},{"not_picked":["Warcry","Anger","Thunderclap"],"picked":"SKIP","floor":20.0},{"not_picked":["Anger","Fire Breathing","Twin Strike"],"picked":"SKIP","floor":22.0},{"not_picked":["Iron Wave","Whirlwind+1"],"picked":"Sever Soul","floor":24.0},{"not_picked":["Warcry","Infernal Blade","Double Tap"],"picked":"SKIP","floor":28.0},{"not_picked":["Spot Weakness","Searing Blow","Clash"],"picked":"SKIP","floor":29.0},{"not_picked":["Rupture","Body Slam","Dark Embrace"],"picked":"SKIP","floor":30.0},{"not_picked":["Ghostly Armor","Shockwave"],"picked":"Shrug It Off","floor":31.0},{"not_picked":["conspire:HitWhereItHurts","Bludgeon"],"picked":"Exhume","floor":33.0},{"not_picked":["Flame Barrier","Spot Weakness","Inflame"],"picked":"SKIP","floor":35.0},{"not_picked":["Reckless Charge+1","Perfected Strike+1","Warcry"],"picked":"SKIP","floor":36.0},{"not_picked":["Inflame","Anger+1","Whirlwind"],"picked":"SKIP","floor":38.0},{"not_picked":["Fiend Fire","Iron Wave","Searing Blow"],"picked":"SKIP","floor":42.0},{"not_picked":["Wild Strike+1","Entrench"],"picked":"Double Tap","floor":44.0},{"not_picked":["Hemokinesis","Rampage","Sentinel"],"picked":"SKIP","floor":45.0},{"not_picked":["Feel No Pain","Cleave"],"picked":"Impervious","floor":46.0},{"not_picked":["conspire:Purge","Evolve+1"],"picked":"Feel No Pain","floor":48.0}],"player_experience":1350981,"relics_obtained":[{"floor":7.0,"key":"Ancient Tea Set"},{"floor":9.0,"key":"Bronze Scales"},{"floor":28.0,"key":"conspire:DeflatedDodgeball"},{"floor":30.0,"key":"Bottled Lightning"},{"floor":39.0,"key":"Kunai"},{"floor":42.0,"key":"Anchor"},{"floor":43.0,"key":"Blue Candle"},{"floor":47.0,"key":"Bottled Tornado"},{"floor":48.0,"key":"conspire:DecoderRing"}],"event_choices":[{"damage_healed":0.0,"max_hp_gain":0.0,"max_hp_loss":0.0,"gold_gain":0.0,"event_name":"conspire:Investor","player_choice":"Invest 1","floor":2.0,"gold_loss":0.0,"damage_taken":0.0},{"damage_healed":0.0,"max_hp_gain":0.0,"max_hp_loss":0.0,"gold_gain":0.0,"event_name":"Scrap Ooze","player_choice":"Success","floor":5.0,"gold_loss":0.0,"damage_taken":18.0,"relics_obtained":["Sundial"]},{"damage_healed":0.0,"max_hp_gain":0.0,"max_hp_loss":0.0,"gold_gain":0.0,"event_name":"Accursed Blacksmith","player_choice":"Forge","floor":11.0,"gold_loss":0.0,"damage_taken":0.0,"cards_upgraded":["Armaments"]},{"damage_healed":0.0,"max_hp_gain":0.0,"max_hp_loss":0.0,"gold_gain":0.0,"event_name":"Dead Adventurer","player_choice":"Searched \u00273\u0027 times","floor":14.0,"gold_loss":0.0,"damage_taken":0.0,"relics_obtained":["Shuriken"]},{"damage_healed":0.0,"max_hp_gain":0.0,"max_hp_loss":0.0,"gold_gain":0.0,"event_name":"N\u0027loth","player_choice":"Traded Relic","floor":19.0,"relics_lost":["Bronze Scales"],"gold_loss":0.0,"damage_taken":0.0,"relics_obtained":["Nloth\u0027s Gift"]},{"cards_removed":["Havoc"],"damage_healed":0.0,"max_hp_gain":0.0,"max_hp_loss":0.0,"gold_gain":0.0,"event_name":"Falling","player_choice":"Removed Skill","floor":37.0,"gold_loss":0.0,"damage_taken":0.0}],"is_beta":false,"boss_relics":[{"not_picked":["Coffee Dripper","SacredBark"],"picked":"Runic Pyramid"},{"not_picked":["conspire:SlowCooker","conspire:RoyalGoblet"],"picked":"Tiny House"}],"items_purged_floors":[10,21],"is_endless":false,"potions_floor_spawned":[4,8,13,14,18,28,30,33,36,42,46],"killed_by":"conspire:OrnateMirror","ascension_level":20}}