{"host":"mz05ln5rr3kgnz5g","time":1612257419,"event":{"mods":["Aspiration","BaseMod","BetterRewards","Conspire","Downfall","Energized Spire","Friendly Minions","GifTheSpireLib","Gold Saver","Halation","Hermit","Hubris","Infinite Spire","Jedi Mod","Jorbs\u0027s Wanderer Trilogy","Kratos Character Expansion","Mimic Mod","Minty Spire (QoL Compilation)","Permanent Neow","Poor People Problems","Reliquary","Replay The Spire","RumiaBox-????????","Shop Mod","Spicy Shops","Spikes Relics","StSLib","Stuff the Spire","SuperFastMode","The Hierophant","The Jungle","TheHero","Trackpad","Wandering Minibosses"],"gold_per_floor":[113,127,59,77,87,117,38,67,101,128,128,128,141,179,179,289,289,305,323,336,336,359,359,359,387,412,453,493,493,504,550,550,585,585,688,688,750,750,826,826,900,998,209,209,209,264,264,328,128,128,128,293],"floor_reached":53,"language":"ENG","playtime":10947,"items_purged":["stsjorbsmod:Hurt","Replay:Hysterical Blindness"],"score":1387,"play_id":"06ef6fee-296a-45f6-af90-b883a94d67c3","local_time":"20210202011659","daily_mods":["Elite Swarm"],"is_ascension_mode":true,"campfire_choices":[{"floor":15,"key":"REST"},{"data":"stsjorbsmod:DeathThroes","floor":29,"key":"SMITH"},{"data":"stsjorbsmod:ThirstingSword","floor":34,"key":"SMITH"},{"floor":44,"key":"DIG"},{"floor":47,"key":"DIG"},{"floor":51,"key":"DIG"}],"circlet_count":0,"master_deck":["stsjorbsmod:ForbiddenGrimoire+1","stsjorbsmod:Strike_Wanderer","stsjorbsmod:Strike_Wanderer","stsjorbsmod:Strike_Wanderer","stsjorbsmod:Strike_Wanderer+1","stsjorbsmod:Defend_Wanderer","stsjorbsmod:Defend_Wanderer","stsjorbsmod:Defend_Wanderer","stsjorbsmod:Defend_Wanderer","stsjorbsmod:FreshAdventure","stsjorbsmod:EyeOfTheStorm","stsjorbsmod:SmithingStrike","stsjorbsmod:TollTheDead+1","stsjorbsmod:FranticSearch","stsjorbsmod:DeathThroes+1","stsjorbsmod:ColorSpray","stsjorbsmod:HoldMonster","stsjorbsmod:SiphonEnergy","stsjorbsmod:MirrorImage","stsjorbsmod:DeathThroes+1","stsjorbsmod:Materialize+1","stsjorbsmod:IvoryTower","stsjorbsmod:SiphonEnergy","stsjorbsmod:LocateObject+1","stsjorbsmod:ArcaneForm","stsjorbsmod:SiphonEnergy","stsjorbsmod:ThirstingSword+1","stsjorbsmod:Fireball","stsjorbsmod:SiphonEnergy","stsjorbsmod:FindFamiliar","stsjorbsmod:MageArmor","stsjorbsmod:Feast+1","conspire:SpireCoStock+1","conspire:SpireCoStock+1","conspire:SpireCoStock+1","conspire:SpireCoStock+1"],"relics":["stsjorbsmod:GrimoireRelic","Gambling Chip","Replay:Wax Seal","hubris:ToyBattleship","infinitespire:Midas Blood","Kunai","Cursed Key","StuffTheSpire:PointBlank","Eternal Feather","infinitespire:ShieldingShard","jedi:purplefairy","hubris:Towel","ReplayFunnel","infinitespire:EvilPickle","energizedSpire:MagnifyingGlass","stsjorbsmod:MindGlassRelic","Strawberry","Shovel","StuffTheSpire:BottledEssence","Whetstone","reliquary:RoseTintedGlasses","Toxic Egg 2","Unceasing Top","Anchor","CosmicIsotope","StuffTheSpire:GrapeVine"],"acts_visited":["Exordium","TheCity","TheBeyond"],"potions_floor_usage":[35,41,42,46,48],"damage_taken":[{"damage":5.0,"enemies":"Jaw Worm","floor":1.0,"turns":5.0},{"damage":5.0,"enemies":"Small Slimes","floor":2.0,"turns":4.0},{"damage":1.0,"enemies":"Cultist","floor":4.0,"turns":3.0},{"damage":0.0,"enemies":"Large Slime","floor":5.0,"turns":4.0},{"damage":26.0,"enemies":"3 Sentries","floor":6.0,"turns":10.0},{"damage":23.0,"enemies":"Lagavulin","floor":8.0,"turns":6.0},{"damage":1.0,"enemies":"3 Louse","floor":9.0,"turns":5.0},{"damage":13.0,"enemies":"Gremlin Nob","floor":10.0,"turns":5.0},{"damage":0.0,"enemies":"3 Louse","floor":13.0,"turns":2.0},{"damage":8,"enemies":"3 Sentries","floor":14,"turns":3},{"damage":23,"enemies":"Fading Forest","floor":16,"turns":11},{"damage":1,"enemies":"2 Thieves","floor":18,"turns":2},{"damage":0,"enemies":"3 Byrds","floor":19,"turns":3},{"damage":2,"enemies":"Snake Plant","floor":20,"turns":3},{"damage":1,"enemies":"Shelled Parasite and Fungi","floor":22,"turns":3},{"damage":0,"enemies":"Gremlin Leader","floor":25,"turns":3},{"damage":5,"enemies":"conspire:HollyBat","floor":26,"turns":7},{"damage":26,"enemies":"Slavers","floor":27,"turns":3},{"damage":0,"enemies":"Centurion and Healer","floor":28,"turns":3},{"damage":0,"enemies":"Centurion and Healer","floor":30,"turns":3},{"damage":2,"enemies":"Replay:Snechameleon","floor":31,"turns":3},{"damage":0,"enemies":"conspire:Head Lice","floor":33,"turns":2},{"damage":4,"enemies":"Pondfish","floor":35,"turns":6},{"damage":0,"enemies":"3 Darklings","floor":37,"turns":4},{"damage":4,"enemies":"3 Shapes","floor":39,"turns":2},{"damage":15,"enemies":"Maw","floor":41,"turns":8},{"damage":69,"enemies":"Giant Head","floor":42,"turns":10},{"damage":0,"enemies":"R_Hoarder","floor":46,"turns":7},{"damage":32,"enemies":"Nemesis","floor":48,"turns":5},{"damage":8,"enemies":"conspire:OrnateMirror","floor":52,"turns":6}],"seed_played":"8593841576011499609","potions_obtained":[{"floor":2.0,"key":"Block Potion"},{"floor":6.0,"key":"Swift Potion"},{"floor":10.0,"key":"Strength Potion"},{"floor":13.0,"key":"DuplicationPotion"},{"floor":14,"key":"Block Potion"},{"floor":22,"key":"hexamod:SoulburnPotion"},{"floor":30,"key":"DistilledChaos"},{"floor":41,"key":"SteroidPotion"},{"floor":42,"key":"Weak Potion"},{"floor":46,"key":"Elixir"},{"floor":48,"key":"jedi:tentaclejuice"}],"is_trial":true,"path_per_floor":["M","M","$","M","M","E","$","E","MIM","E","?","?","M","E","R","B",null,"M","M","M","AVR","M","PTL","PTL","E","M","E","MIM","R","M","E","?","E","R","B",null,"M","?","M","?","M","E","$","R","T","E","R","E","?","AVR","R","B",null],"character_chosen":"WANDERER","items_purchased":["stsjorbsmod:SmithingStrike","stsjorbsmod:ColorSpray","stsjorbsmod:FindFamiliar","Strawberry","stsjorbsmod:MageArmor","Shovel","StuffTheSpire:BottledEssence","Whetstone"],"campfire_rested":1,"item_purchase_floors":[3,7,43,43,43,43,43,43],"current_hp_per_floor":[66,63,63,62,62,36,36,14,15,4,7,14,15,8,29,22,71,70,73,73,73,73,73,73,73,71,47,52,67,73,73,73,73,73,71,71,71,71,71,71,56,3,10,28,28,36,54,30,30,30,51,55],"gold":293,"neow_bonus":"","is_daily":false,"chose_seed":false,"campfire_upgraded":2,"win_rate":0.0,"timestamp":1612257419,"path_taken":["M","M","$","M","M","E","$","E","MIM","E","?","?","M","E","R","BOSS","M","M","M","AVR","M","PTL","PTL","E","M","E","MIM","R","M","E","?","E","R","BOSS","M","?","?","?","M","E","$","R","T","E","R","E","?","AVR","R","BOSS"],"items_purchased_type":["Card","Card","Card","Relic","Card","Relic","Relic","Relic"],"build_version":"2020-12-22","purchased_purges":2,"victory":true,"max_hp_per_floor":[68,68,68,68,68,68,68,68,68,68,71,71,71,71,71,71,71,71,73,73,73,73,73,73,73,73,73,73,73,73,73,73,73,73,71,71,71,71,71,71,71,69,76,76,76,76,76,76,76,76,76,78],"card_choices":[{"not_picked":["stsjorbsmod:UnseenServant","stsjorbsmod:BlackTentacles","stsjorbsmod:Prestidigitation"],"picked":"SKIP","floor":1.0},{"not_picked":["stsjorbsmod:DisguiseSelf","stsjorbsmod:FracturedMind","stsjorbsmod:WeightOfMemory"],"picked":"SKIP","floor":2.0},{"not_picked":["stsjorbsmod:HedgeWizard","stsjorbsmod:ChainLightning"],"picked":"stsjorbsmod:TollTheDead","floor":4.0},{"not_picked":["stsjorbsmod:ChatteringStrike","stsjorbsmod:SmithingStrike"],"picked":"stsjorbsmod:FranticSearch","floor":5.0},{"not_picked":["stsjorbsmod:CorrodingBarrier","stsjorbsmod:Fireball"],"picked":"stsjorbsmod:DeathThroes","floor":6.0},{"not_picked":["stsjorbsmod:Trauma","stsjorbsmod:Determination"],"picked":"stsjorbsmod:HoldMonster","floor":8.0},{"not_picked":["stsjorbsmod:Determination","stsjorbsmod:Fireball"],"picked":"stsjorbsmod:SiphonEnergy","floor":10.0},{"not_picked":["stsjorbsmod:ArcaneWeapon","stsjorbsmod:Firebolt"],"picked":"stsjorbsmod:Hurt","floor":13.0},{"not_picked":["stsjorbsmod:PurgeMind","stsjorbsmod:Fear"],"picked":"stsjorbsmod:MirrorImage","floor":14},{"not_picked":["stsjorbsmod:Determination","stsjorbsmod:IvoryTower"],"picked":"stsjorbsmod:DeathThroes","floor":16},{"not_picked":["stsjorbsmod:ParryingBlow","stsjorbsmod:Aid"],"picked":"stsjorbsmod:Materialize+1","floor":18},{"not_picked":["stsjorbsmod:TrueStrike+1","stsjorbsmod:Hibernate+1","stsjorbsmod:Firebolt"],"picked":"SKIP","floor":19},{"not_picked":["stsjorbsmod:HedgeWizard","stsjorbsmod:Channel","stsjorbsmod:TollTheDead"],"picked":"SKIP","floor":20},{"not_picked":["stsjorbsmod:FindFamiliar","stsjorbsmod:Inferno"],"picked":"stsjorbsmod:IvoryTower","floor":22},{"not_picked":["stsjorbsmod:Withdraw","stsjorbsmod:Banish"],"picked":"stsjorbsmod:SiphonEnergy","floor":25},{"not_picked":["stsjorbsmod:DisguiseSelf","stsjorbsmod:BlackTentacles"],"picked":"stsjorbsmod:LocateObject+1","floor":26},{"not_picked":["stsjorbsmod:Feast","stsjorbsmod:Withdraw"],"picked":"stsjorbsmod:ArcaneForm","floor":27},{"not_picked":["stsjorbsmod:ChatteringStrike","stsjorbsmod:TrueStrike+1","stsjorbsmod:Hurt"],"picked":"SKIP","floor":30},{"not_picked":["stsjorbsmod:CorrodingBarrier","stsjorbsmod:Trauma"],"picked":"stsjorbsmod:SiphonEnergy","floor":31},{"not_picked":["stsjorbsmod:IvoryTower","stsjorbsmod:GatherPower"],"picked":"stsjorbsmod:ThirstingSword","floor":33},{"not_picked":["stsjorbsmod:ArcaneForm","stsjorbsmod:HoldMonster"],"picked":"stsjorbsmod:Fireball","floor":35},{"not_picked":["stsjorbsmod:Prestidigitation+1","stsjorbsmod:MirrorImage","stsjorbsmod:Message+1"],"picked":"SKIP","floor":37},{"not_picked":["stsjorbsmod:WanderingMind+1","stsjorbsmod:IvoryTower","stsjorbsmod:Firebolt"],"picked":"SKIP","floor":39},{"not_picked":["stsjorbsmod:Counterspell+1","stsjorbsmod:Materialize+1","stsjorbsmod:Mending"],"picked":"SKIP","floor":41},{"not_picked":["stsjorbsmod:DeathThroes","stsjorbsmod:CorrodingBarrier"],"picked":"stsjorbsmod:SiphonEnergy","floor":42},{"not_picked":["stsjorbsmod:Trauma","stsjorbsmod:IvoryTower+1","stsjorbsmod:ArcaneForm"],"picked":"SKIP","floor":46},{"not_picked":["stsjorbsmod:Fireball","stsjorbsmod:Fear+1"],"picked":"stsjorbsmod:Feast+1","floor":48}],"player_experience":49367,"relics_obtained":[{"floor":6.0,"key":"Gambling Chip"},{"floor":8.0,"key":"Replay:Wax Seal"},{"floor":9.0,"key":"hubris:ToyBattleship"},{"floor":10.0,"key":"infinitespire:Midas Blood"},{"floor":14,"key":"Kunai"},{"floor":25,"key":"StuffTheSpire:PointBlank"},{"floor":27,"key":"Eternal Feather"},{"floor":28,"key":"infinitespire:ShieldingShard"},{"floor":31,"key":"jedi:purplefairy"},{"floor":33,"key":"ReplayFunnel"},{"floor":42,"key":"stsjorbsmod:MindGlassRelic"},{"floor":44,"key":"reliquary:RoseTintedGlasses"},{"floor":46,"key":"Toxic Egg 2"},{"floor":47,"key":"Unceasing Top"},{"floor":48,"key":"Anchor"},{"floor":51,"key":"StuffTheSpire:GrapeVine"}],"event_choices":[{"damage_healed":0,"gold_gain":0,"player_choice":"Invest 4","damage_taken":0,"max_hp_gain":0,"max_hp_loss":0,"event_name":"conspire:Investor","floor":49,"gold_loss":0}],"is_beta":false,"boss_relics":[{"not_picked":["halation:LoveArrow","Snecko Heart"],"picked":"Cursed Key"},{"not_picked":["hubris:BlackHole","halation:Risk"],"picked":"energizedSpire:MagnifyingGlass"}],"items_purged_floors":[43,50],"is_endless":false,"potions_floor_spawned":[2,6,10,13,14,20,22,25,30,31,41,42,46,48],"ascension_level":1}}