{"host":"kgj3hkp928synzkd","time":1612307206,"event":{"mods":["2.2 Compatiblity","A Magickal Journey","AchievementEnabler","Act Like it!","AlwaysNeverKeys","Aspiration","BaseMod","Better Altar","Better Match","Better Note","Better Sensory Stone","Better Synergies","Better Third Choice","Better Vampires","Block Reminder","Colored Map","Colored Powertips","Conspire","Curses Come First","Disable Question Mark Monsters","Downfall","GifTheSpireLib","Gremlin Skip","GungeonMod","Hallownest","Infinite Spire","Luminous","Marisa????????","Marked Mod","Minty Spire (QoL Compilation)","Permanent Neow","Quick Restart","Random Character Button","Rare Cards Sparkle","Replay The Spire","Spicy Shops","StSLib","SuperFastMode","The Bug Knight","The Exalted","Uncapped"],"gold_per_floor":[111,111,131,131,131,162,162,177,202,202,217,232,197,215,215,215,215],"floor_reached":16,"language":"ENG","playtime":584,"items_purged":[],"score":102,"play_id":"985d5e8a-d4c3-4a3c-a52d-a54683b8a8a1","local_time":"20210202180646","is_ascension_mode":false,"campfire_choices":[{"floor":7,"key":"REST"},{"floor":15,"key":"REST"}],"circlet_count":0,"master_deck":["Strike_MRS","Strike_MRS","Strike_MRS","Strike_MRS","Defend_MRS","Defend_MRS","Defend_MRS","Defend_MRS","MasterSpark","UpSweep","ChargingUp","DC","MysteriousBeam","6A","PropBag","NonDirectionalLaser"],"relics":["MiniHakkero","aspiration:HiddenCompartment","Art of War","Meat on the Bone"],"acts_visited":["Exordium"],"potions_floor_usage":[],"damage_taken":[{"damage":8,"enemies":"2 Louse","floor":1,"turns":3},{"damage":0,"enemies":"Jaw Worm","floor":3,"turns":3},{"damage":29,"enemies":"HollowMod:MossKnight","floor":6,"turns":9},{"damage":2,"enemies":"conspire:RoseBush","floor":8,"turns":2},{"damage":8,"enemies":"conspire:2 RoseBushes","floor":11,"turns":6},{"damage":15,"enemies":"Red Slaver","floor":12,"turns":3},{"damage":19,"enemies":"Exordium Thugs","floor":14,"turns":3},{"damage":70,"enemies":"Fading Forest","floor":16,"turns":7}],"seed_played":"2444268768881210098","potions_obtained":[{"floor":1,"key":"Weak Potion"},{"floor":8,"key":"sneckomod:MuddlingPotion"},{"floor":11,"key":"Swift Potion"}],"is_trial":false,"path_per_floor":["M","$","M","?","$","E","R","M","T","R","M","M","?","M","R","B"],"character_chosen":"MARISA","items_purchased":[],"campfire_rested":2,"item_purchase_floors":[],"current_hp_per_floor":[72,72,72,72,72,43,67,65,65,65,57,42,62,43,67,0,0],"gold":215,"neow_bonus":"RANDOM_EVENT","is_daily":false,"chose_seed":false,"campfire_upgraded":0,"win_rate":0.0,"timestamp":1612307206,"path_taken":["M","$","M","?","$","E","R","M","T","R","M","M","?","M","R","BOSS"],"items_purchased_type":[],"build_version":"2020-12-22","purchased_purges":0,"victory":false,"max_hp_per_floor":[80,80,80,80,80,80,80,80,80,80,80,80,80,80,80,80,80],"card_choices":[{"not_picked":["WitchLeyline","DragonMeteor"],"picked":"ChargingUp","floor":1},{"not_picked":["PulseMagic","OpenUniverse"],"picked":"DC","floor":3},{"not_picked":["Occultation","ShootTheMoon","ShootingEcho"],"picked":"SKIP","floor":6},{"not_picked":["OneTimeOff","LuminesStrike"],"picked":"MysteriousBeam","floor":8},{"not_picked":["CollectingQuirk","GrandCross"],"picked":"6A","floor":11},{"not_picked":["BlazeAway","RefractionSpark"],"picked":"PropBag","floor":12},{"not_picked":["SporeBomb","DeepEcoloBomb"],"picked":"NonDirectionalLaser","floor":14}],"player_experience":330661,"relics_obtained":[{"floor":6,"key":"aspiration:HiddenCompartment"},{"floor":9,"key":"Art of War"}],"event_choices":[{"damage_healed":0,"gold_gain":0,"player_choice":"Donut","damage_taken":0,"max_hp_gain":5,"max_hp_loss":0,"event_name":"Big Fish","floor":0,"gold_loss":0},{"damage_healed":20,"gold_gain":0,"player_choice":"Healed","damage_taken":0,"max_hp_gain":0,"max_hp_loss":0,"event_name":"The Cleric","floor":13,"gold_loss":35}],"is_beta":false,"boss_relics":[],"items_purged_floors":[],"is_endless":false,"potions_floor_spawned":[1,8,11],"killed_by":"Fading Forest","ascension_level":0}}