{"host":"voggrb23g0exkywg","time":1612293264,"event":{"mods":["AchievementEnabler","BaseMod","Colored Map","Downfall","Highlight Path","Minty Spire (QoL Compilation)","Quick Restart","StSLib"],"gold_per_floor":[30000,30012,30012,30012,30029,30064,30064,30028,30052,30066,30066,29702,29722,29739,29739,29837,29837,29855,29202,29213,29213,29226,29226,28618,28634,28634,28634,28634,28645,28645,28658,28658,28763,28763,28774,28786,28801,28801,28821,28821,28851,28253,28253,28253,28272,28272,28282,27590,27590,27590,27590,27590,26945,26974,26974,26974],"floor_reached":55,"language":"ENG","playtime":3322,"items_purged":["Strike_P","Strike_P","Strike_P","Defend_P","J.A.X."],"score":726,"play_id":"0de2f184-551c-43bf-9821-220c9d894b5a","local_time":"20210202191424","is_ascension_mode":false,"campfire_choices":[{"floor":7,"key":"RECALL"},{"data":"PathToVictory","floor":15,"key":"SMITH"},{"data":"PathToVictory","floor":23,"key":"SMITH"},{"data":"PathToVictory","floor":28,"key":"SMITH"},{"floor":32,"key":"REST"},{"data":"Brilliance","floor":40,"key":"SMITH"},{"data":"Defend_P","floor":44,"key":"SMITH"},{"data":"Brilliance","floor":46,"key":"SMITH"},{"data":"PathToVictory","floor":49,"key":"SMITH"},{"data":"TalkToTheHand","floor":52,"key":"SMITH"}],"circlet_count":0,"master_deck":["Defend_P+1","Defend_P+1","Defend_P+1","Eruption","Vigilance+1","Brilliance+1","Swivel+1","PathToVictory+1","Vault","PathToVictory+1","TalkToTheHand+1","Brilliance+1","PathToVictory+1","Prostrate","Meditate","PathToVictory+1","RitualDagger","PathToVictory+1","Prostrate","Worship+1","Indignation+1","PathToVictory+1","Sadistic Nature"],"relics":["PureWater","Boot","Omamori","Lantern","Sozu","Pen Nib","Mummified Hand","DollysMirror","Incense Burner","Regal Pillow","War Paint","GremlinMask","Calling Bell","Bag of Marbles","Kunai","Unceasing Top","Torii","Peace Pipe","MealTicket","Vajra","Cauldron","Shuriken","Orichalcum","Centennial Puzzle","HandDrill","Art of War","Happy Flower","Frozen Eye","Bronze Scales"],"acts_visited":["TheCity","TheBeyond","TheEnding"],"potions_floor_usage":[],"damage_taken":[{"damage":0,"enemies":"Small Slimes","floor":1,"turns":2},{"damage":0,"enemies":"2 Louse","floor":2,"turns":1},{"damage":0,"enemies":"Cultist","floor":5,"turns":3},{"damage":89,"enemies":"Lagavulin","floor":6,"turns":7},{"damage":5,"enemies":"Looter","floor":10,"turns":2},{"damage":4,"enemies":"Blue Slaver","floor":13,"turns":2},{"damage":73,"enemies":"Gremlin Gang","floor":14,"turns":5},{"damage":13,"enemies":"Slime Boss","floor":16,"turns":9},{"damage":8,"enemies":"2 Thieves","floor":18,"turns":5},{"damage":8,"enemies":"Shell Parasite","floor":20,"turns":2},{"damage":6,"enemies":"3 Cultists","floor":22,"turns":4},{"damage":0,"enemies":"Snake Plant","floor":25,"turns":3},{"damage":10,"enemies":"Centurion and Healer","floor":29,"turns":3},{"damage":28,"enemies":"Sentry and Sphere","floor":31,"turns":5},{"damage":29,"enemies":"Automaton","floor":33,"turns":8},{"damage":0,"enemies":"3 Shapes","floor":35,"turns":3},{"damage":6,"enemies":"Orb Walker","floor":36,"turns":2},{"damage":13,"enemies":"3 Darklings","floor":37,"turns":4},{"damage":58,"enemies":"Sphere and 2 Shapes","floor":39,"turns":5},{"damage":1,"enemies":"Reptomancer","floor":41,"turns":4},{"damage":9,"enemies":"Maw","floor":45,"turns":5},{"damage":30,"enemies":"Writhing Mass","floor":47,"turns":3},{"damage":37,"enemies":"Time Eater","floor":50,"turns":5},{"damage":42,"enemies":"Shield and Spear","floor":54,"turns":4},{"damage":118,"enemies":"The Heart","floor":55,"turns":2}],"seed_played":"7216222396873186781","potions_obtained":[{"floor":5,"key":"BottledMiracle"},{"floor":6,"key":"DistilledChaos"},{"floor":10,"key":"CultistPotion"}],"is_trial":false,"path_per_floor":["M","M","?","?","M","E","R","?","T","M","?","$","M","M","R","B",null,"M","$","M","?","M","R","$","M","T","?","R","M","?","M","R","B",null,"M","M","M","T","M","R","E","$","T","R","M","R","M","$","R","B",null,"R","$","E","B"],"character_chosen":"WATCHER","items_purchased":["Omamori","Lantern","Pen Nib","Mummified Hand","DollysMirror","Prostrate","Incense Burner","Regal Pillow","PathToVictory","MealTicket","Vajra","Cauldron","Orichalcum","Centennial Puzzle","HandDrill","PathToVictory","Sadistic Nature","Art of War","Happy Flower","Frozen Eye"],"campfire_rested":1,"item_purchase_floors":[12,12,19,19,19,19,24,24,24,42,42,42,48,48,48,48,53,53,53,53],"current_hp_per_floor":[72,72,58,58,58,10,10,10,10,5,5,5,72,72,72,72,72,64,64,56,56,50,50,50,50,50,44,44,34,34,6,72,69,72,72,66,53,53,72,72,71,71,71,71,72,72,72,72,72,35,72,72,72,30,0,0],"gold":26974,"neow_bonus":"ONE_RANDOM_RARE_CARD","is_daily":false,"chose_seed":false,"campfire_upgraded":8,"win_rate":0.0,"timestamp":1612293264,"path_taken":["M","M","?","?","?","E","R","?","T","M","?","$","M","?","R","BOSS","M","$","M","?","M","R","$","M","T","?","R","M","?","M","R","BOSS","M","M","M","?","M","R","E","$","T","R","M","R","M","$","R","BOSS","R","$","E","BOSS"],"items_purchased_type":["Relic","Relic","Relic","Relic","Relic","Card","Relic","Relic","Card","Relic","Relic","Relic","Relic","Relic","Relic","Card","Card","Relic","Relic","Relic"],"build_version":"2020-12-22","purchased_purges":5,"victory":false,"max_hp_per_floor":[72,72,72,72,72,72,72,72,72,72,72,72,72,72,72,72,72,72,72,72,72,72,72,72,72,72,72,72,72,72,72,72,72,72,72,72,72,72,72,72,72,72,72,72,72,72,72,72,72,72,72,72,72,72,72,72],"card_choices":[{"not_picked":["Protect","Adaptation"],"picked":"Swivel","floor":1},{"not_picked":["EmptyFist","CrushJoints"],"picked":"PathToVictory","floor":2},{"not_picked":["CrushJoints","Prostrate"],"picked":"Vault","floor":5},{"not_picked":["FlyingSleeves","CutThroughFate"],"picked":"PathToVictory","floor":6},{"not_picked":["SashWhip","EmptyFist","Prostrate"],"picked":"SKIP","floor":10},{"not_picked":["Fasting2","CutThroughFate"],"picked":"TalkToTheHand","floor":13},{"not_picked":["Wallop","BowlingBash"],"picked":"Brilliance","floor":14},{"not_picked":["BowlingBash","SashWhip","ThirdEye"],"picked":"SKIP","floor":18},{"not_picked":["Fasting2","SashWhip","Swivel"],"picked":"SKIP","floor":20},{"not_picked":["CutThroughFate","WaveOfTheHand"],"picked":"Meditate","floor":22},{"not_picked":["WindmillStrike","Adaptation","ThirdEye+1"],"picked":"SKIP","floor":25},{"not_picked":["FollowUp+1","Halt"],"picked":"PathToVictory+1","floor":29},{"not_picked":["Consecrate","JustLucky+1","CutThroughFate"],"picked":"SKIP","floor":31},{"not_picked":["ReachHeaven","CarveReality+1","Crescendo+1"],"picked":"SKIP","floor":35},{"not_picked":["FlurryOfBlows+1","BattleHymn","Wallop+1"],"picked":"SKIP","floor":36},{"not_picked":["InnerPeace","ThirdEye"],"picked":"Prostrate","floor":37},{"not_picked":["Wallop+1","BowlingBash+1","Weave+1"],"picked":"SKIP","floor":39},{"not_picked":["SashWhip","Vault"],"picked":"Worship+1","floor":41},{"not_picked":["Protect+1","EmptyFist"],"picked":"Indignation+1","floor":45},{"not_picked":["CutThroughFate+1","ClearTheMind+1","ThirdEye"],"picked":"SKIP","floor":47},{"not_picked":["CutThroughFate+1","Adaptation+1","ClearTheMind"],"picked":"SKIP","floor":54}],"player_experience":133807,"relics_obtained":[{"floor":6,"key":"Boot"},{"floor":26,"key":"War Paint"},{"floor":34,"key":"Bag of Marbles"},{"floor":34,"key":"Kunai"},{"floor":34,"key":"Unceasing Top"},{"floor":38,"key":"Torii"},{"floor":41,"key":"Peace Pipe"},{"floor":43,"key":"Shuriken"},{"floor":54,"key":"Bronze Scales"}],"event_choices":[{"damage_healed":0,"gold_gain":0,"player_choice":"Entered Light","damage_taken":14,"max_hp_gain":0,"max_hp_loss":0,"event_name":"Shining Light","floor":3,"gold_loss":0,"cards_upgraded":["Swivel","Defend_P"]},{"cards_removed":["Strike_P"],"damage_healed":0,"gold_gain":0,"player_choice":"Purged","damage_taken":0,"max_hp_gain":0,"max_hp_loss":0,"event_name":"Purifier","floor":4,"gold_loss":0},{"damage_healed":0,"gold_gain":0,"player_choice":"Left Gold","damage_taken":0,"max_hp_gain":0,"max_hp_loss":0,"event_name":"World of Goop","floor":8,"gold_loss":36},{"damage_healed":0,"gold_gain":0,"player_choice":"Ignored","damage_taken":0,"max_hp_gain":0,"max_hp_loss":0,"event_name":"Golden Shrine","floor":11,"gold_loss":0},{"damage_healed":0,"gold_gain":0,"player_choice":"Obtain J.A.X.","damage_taken":0,"max_hp_gain":0,"max_hp_loss":0,"event_name":"Drug Dealer","floor":21,"gold_loss":0,"cards_obtained":["J.A.X."]},{"damage_healed":0,"gold_gain":0,"player_choice":"Joined the Cult","damage_taken":6,"max_hp_gain":0,"max_hp_loss":0,"event_name":"Nest","floor":27,"gold_loss":0,"cards_obtained":["RitualDagger"]},{"damage_healed":0,"gold_gain":0,"player_choice":"Trade","damage_taken":0,"relics_obtained":["GremlinMask"],"max_hp_gain":0,"max_hp_loss":0,"event_name":"FaceTrader","floor":30,"gold_loss":0}],"is_beta":false,"boss_relics":[{"not_picked":["Cursed Key","Astrolabe"],"picked":"Sozu"},{"not_picked":["Coffee Dripper","Runic Pyramid"],"picked":"Calling Bell"}],"items_purged_floors":[12,19,24,42,48],"is_endless":false,"potions_floor_spawned":[5,6,10,16,18,20,25,33,36,37,47],"killed_by":"The Heart","ascension_level":0}}