{"host":"vyjryxuuuxkt43k4","time":1612270768,"event":{"mods":["AchievementEnabler","BaseMod","Colored Map","DeckTracker","Keyboard Shortcuts","Minty Spire (QoL Compilation)","Permanent Neow","Quick Restart","Rare Cards Sparkle","Relic Stats","StSLib","SuperFastMode","everything is the same but u backflip on backflip"],"gold_per_floor":[110,128,88,105,25,25,25,25,25,25,57,71,150,181,181,255,255,266,16,32,32,62,87,87,105,175,191,291,291,305,331,331,406,406,419,419,471,2,14,14,31,31,57,72,22,22,22],"floor_reached":46,"language":"KOR","playtime":1904,"items_purged":["Strike_G","Strike_G"],"score":909,"play_id":"c49acb0c-28d0-4ef5-9a0b-69bb7d3b164a","local_time":"20210202215928","is_ascension_mode":true,"campfire_choices":[{"data":"A Thousand Cuts","floor":6.0,"key":"SMITH"},{"data":"Storm of Steel","floor":8.0,"key":"SMITH"},{"data":"Noxious Fumes","floor":10.0,"key":"SMITH"},{"floor":15.0,"key":"REST"},{"data":"Accuracy","floor":24.0,"key":"SMITH"},{"data":"Dodge and Roll","floor":29.0,"key":"SMITH"},{"floor":32.0,"key":"REST"},{"floor":40.0,"key":"REST"},{"floor":42.0,"key":"REST"}],"circlet_count":0,"master_deck":["AscendersBane","Strike_G","Strike_G","Defend_G","Defend_G","Defend_G","Defend_G","Defend_G","Survivor","Neutralize","Storm of Steel+1","Dagger Spray","A Thousand Cuts+1","Dagger Throw","Noxious Fumes+1","Blade Dance","Malaise","Accuracy+1","Dodge and Roll+1","Accuracy","Venomology","Accuracy+1","Madness","Madness","Footwork","Burst","Bullet Time","Parasite","Prepared+1"],"relics":["Ring of the Snake","Bottled Lightning","Anchor","StrikeDummy","Ancient Tea Set","Philosopher\u0027s Stone","Bag of Marbles","Red Mask","Tough Bandages","White Beast Statue","Bird Faced Urn","Blue Candle","Lantern","HoveringKite","Mango","Membership Card","Sundial","Nunchaku"],"acts_visited":["Exordium","TheCity","TheBeyond"],"potions_floor_usage":[46],"damage_taken":[{"damage":7.0,"enemies":"Small Slimes","floor":1.0,"turns":4.0},{"damage":0.0,"enemies":"Cultist","floor":2.0,"turns":4.0},{"damage":7.0,"enemies":"Jaw Worm","floor":4.0,"turns":4.0},{"damage":15.0,"enemies":"3 Sentries","floor":11.0,"turns":4.0},{"damage":0.0,"enemies":"Blue Slaver","floor":12.0,"turns":2.0},{"damage":28.0,"enemies":"Gremlin Nob","floor":14.0,"turns":4.0},{"damage":47.0,"enemies":"The Guardian","floor":16.0,"turns":11.0},{"damage":0.0,"enemies":"Shell Parasite","floor":18.0,"turns":5.0},{"damage":16.0,"enemies":"Spheric Guardian","floor":20.0,"turns":4.0},{"damage":3.0,"enemies":"Masked Bandits","floor":22.0,"turns":3.0},{"damage":0.0,"enemies":"Slavers","floor":23.0,"turns":2.0},{"damage":10.0,"enemies":"Shelled Parasite and Fungi","floor":25.0,"turns":6.0},{"damage":4.0,"enemies":"Centurion and Healer","floor":27.0,"turns":4.0},{"damage":0.0,"enemies":"Colosseum Slavers","floor":28.0,"turns":3.0},{"damage":0.0,"enemies":"Colosseum Nobs","floor":28.0,"turns":4.0},{"damage":0.0,"enemies":"Snake Plant","floor":30.0,"turns":2.0},{"damage":3.0,"enemies":"Gremlin Leader","floor":31.0,"turns":4.0},{"damage":49.0,"enemies":"Collector","floor":33.0,"turns":9.0},{"damage":2.0,"enemies":"3 Shapes","floor":35.0,"turns":6.0},{"damage":44.0,"enemies":"2 Orb Walkers","floor":37.0,"turns":5.0},{"damage":24.0,"enemies":"3 Darklings","floor":39.0,"turns":5.0},{"damage":33.0,"enemies":"Transient","floor":41.0,"turns":5.0},{"damage":50.0,"enemies":"Writhing Mass","floor":44.0,"turns":7.0},{"damage":13,"enemies":"Maw","floor":46,"turns":2}],"seed_played":"-8109642730553201677","potions_obtained":[{"floor":2.0,"key":"EssenceOfSteel"},{"floor":3.0,"key":"Fruit Juice"},{"floor":3.0,"key":"GamblersBrew"},{"floor":3.0,"key":"FairyPotion"},{"floor":16.0,"key":"FearPotion"},{"floor":20.0,"key":"SteroidPotion"},{"floor":22.0,"key":"AttackPotion"},{"floor":27.0,"key":"SteroidPotion"},{"floor":28.0,"key":"Dexterity Potion"},{"floor":30.0,"key":"SteroidPotion"},{"floor":31.0,"key":"LiquidBronze"},{"floor":33.0,"key":"Weak Potion"},{"floor":35.0,"key":"PowerPotion"},{"floor":37.0,"key":"CunningPotion"},{"floor":39.0,"key":"LiquidMemories"},{"floor":41.0,"key":"Ancient Potion"},{"floor":44.0,"key":"SkillPotion"}],"is_trial":false,"path_per_floor":["M","M","?","M","$","R","?","R","T","R","E","M","T","E","R","B",null,"M","$","M","?","?","E","R","M","T","M","?","R","M","E","R","B",null,"M","?","?","$","M","R","M","R","T","M","$","M"],"character_chosen":"THE_SILENT","items_purchased":["Noxious Fumes","Bag of Marbles","Accuracy","Membership Card","Footwork","Sundial","Burst"],"campfire_rested":4,"item_purchase_floors":[5,19,19,38,38,38,38],"current_hp_per_floor":[52,52,57,50,50,50,50,50,50,50,35,35,35,7,28,3,54,54,54,38,52,49,49,49,39,39,35,35,35,37,42,63,22,59,65,52,34,34,18,43,18,43,43,5,5,0,0],"gold":22,"neow_bonus":"ONE_RANDOM_RARE_CARD","is_daily":false,"chose_seed":false,"campfire_upgraded":5,"win_rate":0.0,"timestamp":1612270768,"path_taken":["M","M","?","?","?","R","?","R","T","R","E","M","?","E","R","BOSS","M","$","M","?","?","E","R","M","T","M","?","R","M","E","R","BOSS","M","?","?","$","M","R","M","R","T","M","$","M"],"items_purchased_type":["Card","Relic","Card","Relic","Card","Relic","Card"],"build_version":"2020-12-22","purchased_purges":2,"victory":false,"max_hp_per_floor":[66,66,71,71,71,71,71,71,71,71,71,71,71,71,71,71,71,71,71,71,71,71,71,71,71,71,71,71,71,71,71,71,71,71,71,71,85,85,85,85,85,85,85,85,85,85,85],"relic_stats":{"Tough Bandages":[264],"Nunchaku":[2],"counters":[24,109],"Sundial":[0],"Bird Faced Urn":[68],"Blue Candle":[1],"HoveringKite":[11],"obtain_stats":[{"Lantern":31,"Blue Candle":28,"HoveringKite":34,"Mango":37,"Ancient Tea Set":14,"White Beast Statue":26,"Anchor":11,"Tough Bandages":23,"Nunchaku":43,"Sundial":38,"Bird Faced Urn":28,"Philosopher\u0027s Stone":17,"Bag of Marbles":19,"Red Mask":22,"Bottled Lightning":9,"Membership Card":38,"StrikeDummy":13,"Ring of the Snake":0},{"Lantern":17,"Blue Candle":15,"HoveringKite":18,"Mango":20,"Ancient Tea Set":6,"White Beast Statue":12,"Anchor":4,"Tough Bandages":11,"Nunchaku":22,"Sundial":20,"Bird Faced Urn":15,"Philosopher\u0027s Stone":7,"Bag of Marbles":8,"Red Mask":10,"Bottled Lightning":3,"Membership Card":20,"StrikeDummy":5,"Ring of the Snake":0},{"Lantern":70,"Blue Candle":64,"HoveringKite":79,"Mango":90,"Ancient Tea Set":22,"White Beast Statue":53,"Anchor":16,"Tough Bandages":47,"Nunchaku":100,"Sundial":90,"Bird Faced Urn":64,"Philosopher\u0027s Stone":33,"Bag of Marbles":38,"Red Mask":45,"Bottled Lightning":12,"Membership Card":90,"StrikeDummy":18,"Ring of the Snake":0}],"Ring of the Snake":[48]},"card_choices":[{"not_picked":["Underhanded Strike","Poisoned Stab"],"picked":"Dagger Spray","floor":1.0},{"not_picked":["Bane","Distraction"],"picked":"A Thousand Cuts","floor":2.0},{"not_picked":["Heel Hook","Outmaneuver"],"picked":"Dagger Throw","floor":4.0},{"not_picked":["Glass Knife","Distraction","Slice"],"picked":"SKIP","floor":11.0},{"not_picked":["Sucker Punch","Endless Agony"],"picked":"Blade Dance","floor":12.0},{"not_picked":["Flying Knee","Poisoned Stab","Outmaneuver"],"picked":"SKIP","floor":14.0},{"not_picked":["Glass Knife","Phantasmal Killer"],"picked":"Malaise","floor":16.0},{"not_picked":["Outmaneuver","All Out Attack","Deflect"],"picked":"SKIP","floor":18.0},{"not_picked":["Noxious Fumes","Quick Slash"],"picked":"Dodge and Roll","floor":20.0},{"not_picked":["Quick Slash+1","Poisoned Stab"],"picked":"Accuracy","floor":23.0},{"not_picked":["Outmaneuver","Endless Agony","Flying Knee"],"picked":"SKIP","floor":25.0},{"not_picked":["Catalyst","Blade Dance","Doppelganger"],"picked":"SKIP","floor":27.0},{"not_picked":["Infinite Blades","Backstab","Flying Knee"],"picked":"SKIP","floor":30.0},{"not_picked":["Flying Knee","Dash","Corpse Explosion"],"picked":"SKIP","floor":31.0},{"not_picked":["Grand Finale","Die Die Die"],"picked":"Venomology","floor":33.0},{"not_picked":["Sucker Punch","Poisoned Stab"],"picked":"Accuracy+1","floor":35.0},{"not_picked":["Escape Plan","Prepared"],"picked":"Bullet Time","floor":39.0},{"not_picked":["Outmaneuver","Riddle With Holes","Dagger Throw"],"picked":"SKIP","floor":41.0},{"not_picked":["PiercingWail+1","Underhanded Strike"],"picked":"Prepared+1","floor":44.0}],"player_experience":626283,"relics_obtained":[{"floor":9.0,"key":"Bottled Lightning"},{"floor":11.0,"key":"Anchor"},{"floor":13.0,"key":"StrikeDummy"},{"floor":14.0,"key":"Ancient Tea Set"},{"floor":22.0,"key":"Red Mask"},{"floor":23.0,"key":"Tough Bandages"},{"floor":26.0,"key":"White Beast Statue"},{"floor":28.0,"key":"Bird Faced Urn"},{"floor":28.0,"key":"Blue Candle"},{"floor":31.0,"key":"Lantern"},{"floor":37.0,"key":"Mango"},{"floor":43.0,"key":"Nunchaku"}],"event_choices":[{"damage_healed":0.0,"max_hp_gain":0.0,"max_hp_loss":0.0,"gold_gain":0.0,"event_name":"The Woman in Blue","player_choice":"Bought 3 Potions","floor":3.0,"gold_loss":0.0,"damage_taken":0.0},{"cards_removed":["Strike_G"],"damage_healed":0.0,"max_hp_gain":0.0,"max_hp_loss":0.0,"gold_gain":0.0,"event_name":"Living Wall","player_choice":"Forget","floor":7.0,"gold_loss":0.0,"damage_taken":0.0},{"damage_healed":14.0,"max_hp_gain":0.0,"max_hp_loss":0.0,"gold_gain":0.0,"event_name":"The Library","player_choice":"Heal","floor":21.0,"gold_loss":0.0,"damage_taken":0.0},{"damage_healed":0.0,"max_hp_gain":0.0,"max_hp_loss":0.0,"gold_gain":0.0,"event_name":"Masked Bandits","player_choice":"Fought Bandits","floor":22.0,"gold_loss":0.0,"damage_taken":0.0},{"damage_healed":0.0,"max_hp_gain":0.0,"max_hp_loss":0.0,"gold_gain":0.0,"event_name":"Colosseum","player_choice":"Fight","floor":28.0,"gold_loss":0.0,"damage_taken":0.0},{"damage_healed":0.0,"max_hp_gain":0.0,"max_hp_loss":0.0,"gold_gain":0.0,"event_name":"Colosseum","player_choice":"Fought Nobs","floor":28.0,"gold_loss":0.0,"damage_taken":0.0},{"damage_healed":0.0,"max_hp_gain":0.0,"max_hp_loss":0.0,"gold_gain":0.0,"event_name":"Winding Halls","player_choice":"Embrace Madness","floor":36.0,"gold_loss":0.0,"damage_taken":13.0,"cards_obtained":["Madness","Madness"]},{"damage_healed":0.0,"max_hp_gain":0.0,"max_hp_loss":0.0,"gold_gain":0.0,"event_name":"Mysterious Sphere","player_choice":"Fight","floor":37.0,"gold_loss":0.0,"damage_taken":0.0}],"is_beta":false,"boss_relics":[{"not_picked":["Empty Cage","Fusion Hammer"],"picked":"Philosopher\u0027s Stone"},{"not_picked":["Sozu","Busted Crown"],"picked":"HoveringKite"}],"items_purged_floors":[38,45],"is_endless":false,"potions_floor_spawned":[2,11,14,16,20,22,27,28,28,30,31,33,35,37,39,41,44],"killed_by":"Maw","ascension_level":16}}