{"host":"qy1e0kd24tpj3i2m","time":1612257448,"event":{"mods":["Act Like it!","Alarm Clock","BaseMod","Better Skull","Better Vampires","Colored Map","Colored Powertips","Custom Start","Faster Ascension Climbing","Friendly Minions","GifTheSpireLib","Gremlin Skip","Highlight Path","Minty Spire (QoL Compilation)","Permanent Neow","Poor People Problems","Quick Restart","Red Circlet Mod","Relic Filter Mod","Relic Sorter","Reorder Act Four","SacredBarkPlus","Shop Mod","StSLib","SuperFastMode","Transform Curses","没有小屋子和绿帽子啦"],"gold_per_floor":[119,135,45,45,320,320,331,331,331,43,71,71,71,85,85,163,163,183,183,108,108,123,123,123,123,123,136,136,136,136,156,156,156,156],"floor_reached":33,"language":"ZHS","playtime":595,"items_purged":["Bash"],"score":482,"play_id":"4313afae-ea11-4465-9fb9-8ca10a22c7e3","local_time":"20210202181728","is_ascension_mode":true,"campfire_choices":[{"data":"Carnage","floor":6.0,"key":"SMITH"},{"data":"Evolve","floor":8.0,"key":"SMITH"},{"data":"Feel No Pain","floor":15.0,"key":"SMITH"},{"data":"Double Tap","floor":23.0,"key":"SMITH"},{"data":"Reckless Charge","floor":25.0,"key":"SMITH"},{"data":"Body Slam","floor":30.0,"key":"SMITH"},{"floor":32,"key":"RECALL"}],"circlet_count":0,"master_deck":["AscendersBane","Strike_R+1","Strike_R+1","Strike_R+1","Strike_R+1","Strike_R+1","Defend_R+1","Defend_R+1","Defend_R+1","Defend_R+1","Evolve+1","Carnage+1","Feel No Pain+1","Shrug It Off","Reckless Charge+1","Double Tap+1","Iron Wave+1","Body Slam+1","Sentinel+1"],"relics":["Burning Blood","NeowsBlessing","Omamori","Bottled Flame","Meat on the Bone","Blue Candle","Velvet Choker","Gremlin Horn","Toxic Egg 2"],"acts_visited":["Exordium","TheCity"],"potions_floor_usage":[31],"damage_taken":[{"damage":0.0,"enemies":"Small Slimes","floor":1.0,"turns":1.0},{"damage":0.0,"enemies":"Cultist","floor":2.0,"turns":1.0},{"damage":0.0,"enemies":"Jaw Worm","floor":7.0,"turns":1.0},{"damage":39.0,"enemies":"Lagavulin","floor":11.0,"turns":5.0},{"damage":4.0,"enemies":"2 Fungi Beasts","floor":14.0,"turns":4.0},{"damage":38.0,"enemies":"Slime Boss","floor":16.0,"turns":8.0},{"damage":9.0,"enemies":"2 Thieves","floor":18.0,"turns":3.0},{"damage":4.0,"enemies":"Chosen","floor":22.0,"turns":3.0},{"damage":0.0,"enemies":"3 Cultists","floor":27.0,"turns":5.0},{"damage":10,"enemies":"Snecko","floor":31,"turns":5},{"damage":91,"enemies":"Champ","floor":33,"turns":13}],"seed_played":"-5468533615694225746","potions_obtained":[{"floor":2.0,"key":"PowerPotion"},{"floor":7.0,"key":"LiquidBronze"},{"floor":27.0,"key":"Strength Potion"}],"is_trial":false,"path_per_floor":["M","M","$","?","?","R","M","R","T","$","E","?","$","M","R","B",null,"M","?","$","?","M","R","?","R","T","M","?","T","R","M","R","B"],"character_chosen":"IRONCLAD","items_purchased":["Feel No Pain","Meat on the Bone"],"campfire_rested":0,"item_purchase_floors":[3,10],"current_hp_per_floor":[74,75,75,75,75,75,75,75,75,75,54,47,47,49,49,29,64,61,61,61,61,63,63,63,63,63,69,69,69,69,65,65,0,0],"gold":156,"neow_bonus":"THREE_ENEMY_KILL","is_daily":false,"chose_seed":false,"campfire_upgraded":6,"win_rate":0.0,"timestamp":1612257448,"path_taken":["M","M","$","?","?","R","?","R","T","$","E","?","$","M","R","BOSS","M","?","$","?","M","R","?","R","T","M","?","?","R","M","R","BOSS"],"items_purchased_type":["Card","Relic"],"build_version":"2020-12-22","purchased_purges":1,"victory":false,"max_hp_per_floor":[75,75,75,75,75,75,75,75,75,75,75,75,75,75,75,75,75,75,75,75,75,75,75,75,75,75,75,75,75,75,75,75,75,75],"card_choices":[{"not_picked":["Perfected Strike","Flex"],"picked":"Evolve","floor":1.0},{"not_picked":["Warcry","Havoc"],"picked":"Carnage","floor":2.0},{"not_picked":["Armaments","Iron Wave"],"picked":"Shrug It Off","floor":7.0},{"not_picked":["Sword Boomerang","Pummel","Clash"],"picked":"SKIP","floor":11.0},{"not_picked":["Clothesline","Second Wind"],"picked":"Reckless Charge","floor":14.0},{"not_picked":["Offering","Immolate"],"picked":"Double Tap","floor":16.0},{"not_picked":["Perfected Strike","Blood for Blood"],"picked":"Iron Wave+1","floor":18.0},{"not_picked":["Sword Boomerang","Clothesline","Sever Soul"],"picked":"SKIP","floor":22.0},{"not_picked":["Perfected Strike","Infernal Blade","Carnage"],"picked":"SKIP","floor":27.0},{"not_picked":["Headbutt","Havoc+1"],"picked":"Sentinel+1","floor":31}],"player_experience":982775,"relics_obtained":[{"floor":9.0,"key":"Bottled Flame"},{"floor":11.0,"key":"Blue Candle"},{"floor":26.0,"key":"Gremlin Horn"},{"floor":29.0,"key":"Toxic Egg 2"}],"event_choices":[{"damage_healed":0.0,"max_hp_gain":0.0,"max_hp_loss":0.0,"gold_gain":0.0,"event_name":"Big Fish","player_choice":"Box","floor":4.0,"gold_loss":0.0,"damage_taken":0.0,"relics_obtained":["Omamori"],"cards_obtained":["Regret"]},{"damage_healed":0.0,"max_hp_gain":0.0,"max_hp_loss":0.0,"gold_gain":275.0,"event_name":"Golden Shrine","player_choice":"Desecrate","floor":5.0,"gold_loss":0.0,"damage_taken":0.0,"cards_obtained":["Regret"]},{"cards_removed":["Regret"],"damage_healed":0.0,"max_hp_gain":0.0,"max_hp_loss":0.0,"gold_gain":0.0,"event_name":"Golden Wing","player_choice":"Card Removal","floor":12.0,"gold_loss":0.0,"damage_taken":7.0},{"damage_healed":0.0,"max_hp_gain":0.0,"max_hp_loss":0.0,"gold_gain":0.0,"event_name":"Back to Basics","player_choice":"Simplicity","floor":19.0,"gold_loss":0.0,"damage_taken":0.0,"cards_upgraded":["Strike_R","Strike_R","Strike_R","Strike_R","Strike_R","Defend_R","Defend_R","Defend_R","Defend_R"]},{"damage_healed":0.0,"max_hp_gain":0.0,"max_hp_loss":0.0,"gold_gain":0.0,"event_name":"Vampires","player_choice":"Ignored","floor":21.0,"gold_loss":0.0,"damage_taken":0.0},{"damage_healed":0.0,"max_hp_gain":0.0,"max_hp_loss":0.0,"gold_gain":0.0,"event_name":"Ghosts","player_choice":"Ignored","floor":24.0,"gold_loss":0.0,"damage_taken":0.0},{"damage_healed":0.0,"max_hp_gain":0.0,"max_hp_loss":0.0,"gold_gain":0.0,"event_name":"The Library","player_choice":"Read","floor":28.0,"gold_loss":0.0,"damage_taken":0.0,"cards_obtained":["Body Slam"]}],"is_beta":false,"boss_relics":[{"not_picked":["Runic Pyramid","Snecko Eye"],"picked":"Velvet Choker"}],"items_purged_floors":[20],"is_endless":false,"potions_floor_spawned":[2,7,27],"killed_by":"Champ","ascension_level":20}}