{"host":"yqw1zpryoutrnocq","time":1612298807,"event":{"mods":["2.2 Compatiblity","AchievementEnabler","BaseMod","Colored Map","Custom Start","DeckTracker","Minty Spire (QoL Compilation)","StSLib","SuperFastMode"],"gold_per_floor":[119,138,41,60,60,88,88,118,118,132,18,43,43,59,59,160,160,173,173,192,204,204,204,154,173,173,193,193,193,193],"floor_reached":29,"language":"KOR","playtime":653,"items_purged":["Strike_B"],"score":282,"play_id":"050654c5-9a79-4ebd-b6ea-4b5176f8ef52","local_time":"20210202144647","is_ascension_mode":true,"campfire_choices":[{"data":"Capacitor","floor":15.0,"key":"SMITH"},{"data":"Seek","floor":23,"key":"SMITH"},{"floor":28,"key":"REST"}],"circlet_count":0,"master_deck":["Defend_B","Defend_B","Zap","Dualcast","Undo","Defragment+1","Lockon","Hologram","Ball Lightning","Consume","Chill","Capacitor+1","Cold Snap","Seek+1","Force Field+1","Skim+1","Echo Form+1","Stack","Chaos+1","Fission","Buffer","White Noise"],"relics":["Cracked Core","NeowsBlessing","HornCleat","Eternal Feather","Symbiotic Virus","Strawberry","Astrolabe"],"acts_visited":["Exordium","TheCity"],"potions_floor_usage":[21,29],"damage_taken":[{"damage":0.0,"enemies":"Jaw Worm","floor":1.0,"turns":1.0},{"damage":0.0,"enemies":"Cultist","floor":2.0,"turns":1.0},{"damage":0.0,"enemies":"2 Louse","floor":4.0,"turns":1.0},{"damage":23.0,"enemies":"Gremlin Nob","floor":6.0,"turns":4.0},{"damage":20.0,"enemies":"Lagavulin","floor":8.0,"turns":5.0},{"damage":0.0,"enemies":"2 Fungi Beasts","floor":10.0,"turns":3.0},{"damage":4.0,"enemies":"Gremlin Nob","floor":12.0,"turns":4.0},{"damage":14.0,"enemies":"Exordium Thugs","floor":14.0,"turns":3.0},{"damage":27.0,"enemies":"Slime Boss","floor":16.0,"turns":8.0},{"damage":1.0,"enemies":"Chosen","floor":18.0,"turns":5.0},{"damage":15.0,"enemies":"3 Byrds","floor":20.0,"turns":6.0},{"damage":28,"enemies":"Snecko","floor":21,"turns":5},{"damage":18,"enemies":"Centurion and Healer","floor":25,"turns":7},{"damage":20,"enemies":"Snake Plant","floor":27,"turns":4},{"damage":48,"enemies":"Gremlin Leader","floor":29,"turns":5}],"seed_played":"7903247213564021980","potions_obtained":[{"floor":6.0,"key":"Ancient Potion"},{"floor":10.0,"key":"EssenceOfSteel"},{"floor":12.0,"key":"Weak Potion"},{"floor":14.0,"key":"LiquidBronze"},{"floor":16.0,"key":"AttackPotion"},{"floor":25,"key":"GamblersBrew"}],"is_trial":false,"path_per_floor":["M","M","$","M","$","E","?","E","T","M","$","E","$","M","R","B",null,"M","?","M","M","?","R","?","M","T","M","R","E"],"character_chosen":"DEFECT","items_purchased":["Lockon","Hologram","Capacitor"],"campfire_rested":1,"item_purchase_floors":[3,3,11],"current_hp_per_floor":[75,75,75,75,75,52,52,32,32,32,32,35,35,21,30,3,82,81,81,66,38,38,50,50,32,32,12,48,0,0],"gold":193,"neow_bonus":"THREE_ENEMY_KILL","is_daily":false,"chose_seed":false,"campfire_upgraded":2,"win_rate":0.0,"timestamp":1612298807,"path_taken":["M","M","$","M","$","E","?","E","T","M","?","E","$","M","R","BOSS","M","?","M","M","?","R","?","M","T","?","R","E"],"items_purchased_type":["Card","Card","Card"],"build_version":"2020-12-22","purchased_purges":1,"victory":false,"max_hp_per_floor":[75,75,75,75,75,75,75,75,75,75,75,82,82,82,82,82,82,82,82,82,82,82,82,82,82,82,82,82,82,82],"card_choices":[{"not_picked":["Turbo","Steam"],"picked":"Undo","floor":1.0},{"not_picked":["Beam Cell","Cold Snap"],"picked":"Defragment","floor":2.0},{"not_picked":["Gash","Conserve Battery"],"picked":"Ball Lightning","floor":4.0},{"not_picked":["Gash","White Noise"],"picked":"Consume","floor":6.0},{"not_picked":["Beam Cell","Aggregate"],"picked":"Chill","floor":8.0},{"not_picked":["Compile Driver","Streamline","Ball Lightning"],"picked":"SKIP","floor":10.0},{"not_picked":["All For One","Lockon","Gash"],"picked":"SKIP","floor":12.0},{"not_picked":["Hologram","Streamline"],"picked":"Cold Snap","floor":14.0},{"not_picked":["Thunder Strike","Hyperbeam"],"picked":"Seek","floor":16.0},{"not_picked":["Hologram+1","Cold Snap"],"picked":"Stack","floor":18.0},{"not_picked":["Steam Power","Sunder+1","Scrape"],"picked":"SKIP","floor":20.0},{"not_picked":["Reprogram","FTL"],"picked":"Chaos+1","floor":21},{"not_picked":["Hologram","Cold Snap","Reinforced Body+1"],"picked":"SKIP","floor":25},{"not_picked":["Steam","Go for the Eyes"],"picked":"White Noise","floor":27}],"player_experience":265504,"relics_obtained":[{"floor":6.0,"key":"HornCleat"},{"floor":8.0,"key":"Eternal Feather"},{"floor":9.0,"key":"Symbiotic Virus"},{"floor":12.0,"key":"Strawberry"}],"event_choices":[{"damage_healed":0.0,"max_hp_gain":0.0,"max_hp_loss":0.0,"gold_gain":0.0,"event_name":"Upgrade Shrine","player_choice":"Upgraded","floor":7.0,"gold_loss":0.0,"damage_taken":0.0,"cards_upgraded":["Defragment"]},{"damage_healed":0.0,"max_hp_gain":0.0,"max_hp_loss":0.0,"gold_gain":0.0,"event_name":"Vampires","player_choice":"Ignored","floor":19.0,"gold_loss":0.0,"damage_taken":0.0},{"damage_healed":0,"gold_gain":0,"cards_transformed":["Defend_B","Defend_B"],"player_choice":"Became Test Subject","damage_taken":0,"max_hp_gain":0,"max_hp_loss":0,"event_name":"Drug Dealer","floor":22,"gold_loss":0,"cards_obtained":["Fission","Buffer"]},{"damage_healed":0,"gold_gain":0,"player_choice":"Bet on Owner","damage_taken":0,"max_hp_gain":0,"max_hp_loss":0,"event_name":"The Joust","floor":24,"gold_loss":50}],"is_beta":false,"boss_relics":[{"not_picked":["Empty Cage","Tiny House"],"picked":"Astrolabe"}],"items_purged_floors":[11],"is_endless":false,"potions_floor_spawned":[6,10,12,14,16,25],"killed_by":"Gremlin Leader","ascension_level":3}}