{"host":"ftw8honmdnhsve3j","time":1612290782,"event":{"mods":["BaseMod","Colored Powertips","Minty Spire (QoL Compilation)","StSLib","The Wild Card"],"gold_per_floor":[116,116,76,95,114,114,134,134,180,180,214,142,142,170,170,296,296,314,1,1,1,24,24,24,24],"floor_reached":24,"language":"ENG","playtime":1093,"items_purged":["theWildCard:Michael"],"score":232,"play_id":"cdae68bf-028f-40aa-815e-f360c48e781d","local_time":"20210202193302","is_ascension_mode":true,"campfire_choices":[{"data":"theWildCard:MagicMettle","floor":6,"key":"SMITH"},{"data":"theWildCard:PaleRider","floor":10,"key":"SMITH"},{"data":"theWildCard:TheArcanaUnleashed","floor":13,"key":"SMITH"},{"floor":15,"key":"REST"},{"data":"theWildCard:Attunement","floor":23,"key":"SMITH"}],"circlet_count":0,"master_deck":["theWildCard:BasicStrike","theWildCard:BasicStrike","theWildCard:BasicStrike","theWildCard:BasicStrike","theWildCard:BasicDefend","theWildCard:BasicDefend","theWildCard:BasicDefend","theWildCard:BasicDefend","theWildCard:CallToAdventure","theWildCard:Arsene","theWildCard:Attunement+1","theWildCard:MagicMettle+1","theWildCard:TheArcanaUnleashed+1","theWildCard:PaleRider+1","theWildCard:ArcaneArts","theWildCard:PowerOfTheArcana","theWildCard:MaskChange","theWildCard:Safeguard+1"],"relics":["theWildCard:VelvetContract","Golden Idol","CeramicFish","theWildCard:FigureOfDeath","theWildCard:MemoriesOfPhantasm","Bronze Scales"],"acts_visited":["Exordium","TheCity"],"potions_floor_usage":[16,18,24,24],"damage_taken":[{"damage":6,"enemies":"Small Slimes","floor":1,"turns":4},{"damage":6,"enemies":"2 Louse","floor":4,"turns":2},{"damage":0,"enemies":"Cultist","floor":5,"turns":3},{"damage":17,"enemies":"Blue Slaver","floor":7,"turns":5},{"damage":0,"enemies":"2 Fungi Beasts","floor":11,"turns":2},{"damage":8,"enemies":"3 Louse","floor":14,"turns":4},{"damage":29,"enemies":"The Guardian","floor":16,"turns":14},{"damage":22,"enemies":"Spheric Guardian","floor":18,"turns":4},{"damage":22,"enemies":"2 Thieves","floor":22,"turns":4},{"damage":22,"enemies":"Slavers","floor":24,"turns":2}],"seed_played":"-3179893478359174669","potions_obtained":[{"floor":4,"key":"DistilledChaos"},{"floor":5,"key":"Dexterity Potion"},{"floor":14,"key":"ColorlessPotion"},{"floor":22,"key":"BlessingOfTheForge"}],"is_trial":false,"path_per_floor":["M","?","$","M","M","R","M","?","T","R","M","$","R","M","R","B",null,"M","$","?","?","M","R","E"],"character_chosen":"THE_WILD_CARD","items_purchased":["theWildCard:Attunement","theWildCard:PowerOfTheArcana","theWildCard:MemoriesOfPhantasm"],"campfire_rested":1,"item_purchase_floors":[3,12,19],"current_hp_per_floor":[60,44,44,38,38,38,21,21,21,21,21,21,21,13,32,3,66,44,44,44,44,22,22,0,0],"gold":24,"neow_bonus":"TEN_PERCENT_HP_BONUS","is_daily":false,"chose_seed":false,"campfire_upgraded":4,"win_rate":0.0,"timestamp":1612290782,"path_taken":["M","?","$","M","M","R","M","?","T","R","?","$","R","M","R","BOSS","M","$","?","?","M","R","E"],"items_purchased_type":["Card","Card","Relic"],"build_version":"2020-12-22","purchased_purges":1,"victory":false,"max_hp_per_floor":[66,66,66,66,66,66,66,66,66,66,66,66,66,66,66,66,66,66,66,66,66,66,66,66,66],"card_choices":[{"not_picked":["theWildCard:Patience","theWildCard:StalwartBlade"],"picked":"theWildCard:Michael","floor":1},{"not_picked":["theWildCard:SacrificialStroke","theWildCard:MaskChange"],"picked":"theWildCard:MagicMettle","floor":4},{"not_picked":["theWildCard:MagicMettle","theWildCard:EnergizedStroke"],"picked":"theWildCard:TheArcanaUnleashed","floor":5},{"not_picked":["theWildCard:Salvation","theWildCard:Polydeuces"],"picked":"theWildCard:PaleRider","floor":7},{"not_picked":["theWildCard:StalwartBlade","theWildCard:MasterPlan"],"picked":"theWildCard:ArcaneArts","floor":11},{"not_picked":["theWildCard:StingingStrike","theWildCard:Patience"],"picked":"theWildCard:MaskChange","floor":14},{"not_picked":["theWildCard:TheGreatSeal+1","theWildCard:SacrificialStroke+1","theWildCard:Michael+1"],"picked":"SKIP","floor":18},{"not_picked":["theWildCard:Polydeuces+1","theWildCard:EnergizedStroke"],"picked":"theWildCard:Safeguard+1","floor":22}],"player_experience":540777,"relics_obtained":[{"floor":9,"key":"CeramicFish"}],"event_choices":[{"damage_healed":0,"gold_gain":0,"player_choice":"Take Damage","damage_taken":16,"relics_obtained":["Golden Idol"],"max_hp_gain":0,"max_hp_loss":0,"event_name":"Golden Idol","floor":2,"gold_loss":0},{"damage_healed":0,"gold_gain":0,"player_choice":"Bought 0 Potions","damage_taken":0,"max_hp_gain":0,"max_hp_loss":0,"event_name":"The Woman in Blue","floor":8,"gold_loss":0},{"damage_healed":0,"gold_gain":0,"player_choice":"Ignored","damage_taken":0,"max_hp_gain":0,"max_hp_loss":0,"event_name":"Vampires","floor":20,"gold_loss":0},{"damage_healed":0,"gold_gain":0,"player_choice":"Opened","damage_taken":0,"relics_obtained":["Bronze Scales"],"max_hp_gain":0,"max_hp_loss":0,"event_name":"The Mausoleum","floor":21,"gold_loss":0}],"is_beta":false,"boss_relics":[{"not_picked":["Velvet Choker","Busted Crown"],"picked":"theWildCard:FigureOfDeath"}],"items_purged_floors":[19],"is_endless":false,"potions_floor_spawned":[4,5,14,22],"killed_by":"Slavers","ascension_level":2}}