{"host":"rhakyh2m1vy6smuu","time":1612278711,"event":{"mods":["BaseMod","Minty Spire (QoL Compilation)","StSLib"],"gold_per_floor":[114,126,52,52,52,80,97,127,127,141,141,173,138,138,138,138,138],"floor_reached":16,"language":"ENG","playtime":672,"items_purged":[],"score":279,"play_id":"5a321a45-bc39-4e88-a778-925f486ab6e9","local_time":"20210202081151","is_ascension_mode":true,"campfire_choices":[{"data":"Feed","floor":11,"key":"SMITH"},{"data":"Flame Barrier","floor":15,"key":"SMITH"}],"circlet_count":0,"master_deck":["AscendersBane","Strike_R","Strike_R","Strike_R","Strike_R","Defend_R","Defend_R","Defend_R","Defend_R","Bash","True Grit","Cleave","Feed+1","Rage","Whirlwind","Pommel Strike","Flame Barrier+1","Carnage","Clothesline"],"relics":["Burning Blood","NeowsBlessing","Lantern","InkBottle","Meat on the Bone","Smiling Mask","Letter Opener"],"acts_visited":["Exordium"],"potions_floor_usage":[12,16,16],"damage_taken":[{"damage":0,"enemies":"Cultist","floor":1,"turns":1},{"damage":0,"enemies":"2 Louse","floor":2,"turns":1},{"damage":0,"enemies":"Gremlin Nob","floor":6,"turns":1},{"damage":12,"enemies":"Jaw Worm","floor":7,"turns":5},{"damage":30,"enemies":"3 Sentries","floor":8,"turns":6},{"damage":7,"enemies":"3 Louse","floor":10,"turns":5},{"damage":37,"enemies":"Lagavulin","floor":12,"turns":6},{"damage":77,"enemies":"Hexaghost","floor":16,"turns":12}],"seed_played":"-6464677525446264797","potions_obtained":[{"floor":2,"key":"CultistPotion"},{"floor":6,"key":"Regen Potion"},{"floor":12,"key":"Block Potion"}],"is_trial":false,"path_per_floor":["M","M","$","$","?","E","M","E","T","M","R","E","?","T","R","B"],"character_chosen":"IRONCLAD","items_purchased":["Feed"],"campfire_rested":0,"item_purchase_floors":[3],"current_hp_per_floor":[74,75,75,75,75,78,75,54,54,56,56,41,63,63,63,0,0],"gold":138,"neow_bonus":"THREE_ENEMY_KILL","is_daily":false,"chose_seed":false,"campfire_upgraded":2,"win_rate":0.0,"timestamp":1612278711,"path_taken":["M","?","?","$","?","E","M","E","T","?","R","E","?","?","R","BOSS"],"items_purchased_type":["Card"],"build_version":"2020-12-22","purchased_purges":0,"victory":false,"max_hp_per_floor":[75,75,75,75,75,78,81,84,84,87,87,91,91,91,91,91,91],"card_choices":[{"not_picked":["Havoc","Heavy Blade"],"picked":"True Grit","floor":1},{"not_picked":["Flex","Battle Trance"],"picked":"Cleave","floor":2},{"not_picked":["Flex","Clothesline"],"picked":"Whirlwind","floor":6},{"not_picked":["Intimidate","Hemokinesis"],"picked":"Pommel Strike","floor":7},{"not_picked":["True Grit","Perfected Strike"],"picked":"Flame Barrier","floor":8},{"not_picked":["Pommel Strike","Rupture"],"picked":"Carnage","floor":10},{"not_picked":["True Grit","Bludgeon"],"picked":"Clothesline","floor":12}],"player_experience":1504998,"relics_obtained":[{"floor":6,"key":"Lantern"},{"floor":8,"key":"InkBottle"},{"floor":9,"key":"Meat on the Bone"},{"floor":12,"key":"Smiling Mask"},{"floor":14,"key":"Letter Opener"}],"event_choices":[{"damage_healed":0,"gold_gain":0,"cards_transformed":["Strike_R"],"player_choice":"Transformed","damage_taken":0,"max_hp_gain":0,"max_hp_loss":0,"event_name":"Transmorgrifier","floor":5,"gold_loss":0,"cards_obtained":["Rage"]},{"damage_healed":22,"gold_gain":0,"player_choice":"Healed","damage_taken":0,"max_hp_gain":0,"max_hp_loss":0,"event_name":"The Cleric","floor":13,"gold_loss":35}],"is_beta":false,"boss_relics":[],"items_purged_floors":[],"is_endless":false,"potions_floor_spawned":[2,6,7,12],"killed_by":"Hexaghost","ascension_level":19}}