{"host":"ia9e4s524g7bamk7","time":1612267003,"event":{"mods":["AchievementEnabler","BaseMod","Minty Spire (QoL Compilation)","Slay-I"],"gold_per_floor":[115,126,126,144,158,158,187,204,204,204,221,256,271,66,66,162,162,175,175,203,203,213,213,213],"floor_reached":23,"language":"ENG","playtime":1347,"items_purged":["Strike_B"],"score":284,"play_id":"4b0e0278-6d80-4848-8d6b-692d037cfe65","local_time":"20210202125643","is_ascension_mode":true,"campfire_choices":[{"data":"Static Discharge","floor":6.0,"key":"SMITH"},{"floor":10.0,"key":"REST"},{"data":"Static Discharge","floor":15.0,"key":"SMITH"}],"circlet_count":0,"master_deck":["Strike_B","Strike_B","Defend_B","Defend_B+1","Defend_B+1","Defend_B","Zap","Dualcast","Static Discharge+1","Steam","FTL","Self Repair+1","Static Discharge+1","Self Repair","Ball Lightning","Thunder Strike"],"relics":["Cracked Core","NeowsBlessing","War Paint","Smiling Mask","Membership Card","Snecko Eye","Red Mask"],"acts_visited":["Exordium","TheCity"],"potions_floor_usage":[20,23],"damage_taken":[{"damage":0.0,"enemies":"Small Slimes","floor":1.0,"turns":1.0},{"damage":0.0,"enemies":"Cultist","floor":2.0,"turns":1.0},{"damage":0.0,"enemies":"Jaw Worm","floor":4.0,"turns":1.0},{"damage":0.0,"enemies":"2 Fungi Beasts","floor":5.0,"turns":3.0},{"damage":27.0,"enemies":"Lagavulin","floor":7.0,"turns":5.0},{"damage":3.0,"enemies":"Looter","floor":8.0,"turns":3.0},{"damage":9.0,"enemies":"Red Slaver","floor":11.0,"turns":3.0},{"damage":24.0,"enemies":"Gremlin Nob","floor":12.0,"turns":4.0},{"damage":2.0,"enemies":"3 Louse","floor":13.0,"turns":3.0},{"damage":25.0,"enemies":"Hexaghost","floor":16.0,"turns":7.0},{"damage":25,"enemies":"2 Thieves","floor":18,"turns":3},{"damage":16,"enemies":"Masked Bandits","floor":20,"turns":2},{"damage":23,"enemies":"Shell Parasite","floor":22,"turns":2},{"damage":44,"enemies":"Book of Stabbing","floor":23,"turns":5}],"seed_played":"-8976014506149088841","potions_obtained":[{"floor":4.0,"key":"Fire Potion"},{"floor":5.0,"key":"EssenceOfDarkness"},{"floor":8.0,"key":"SpeedPotion"},{"floor":11.0,"key":"SkillPotion"},{"floor":18,"key":"ColorlessPotion"}],"is_trial":false,"path_per_floor":["M","M","?","M","M","R","E","M","T","R","M","E","M","$","R","B",null,"M","?","?","?","M","E"],"character_chosen":"DEFECT","items_purchased":["Membership Card","Ball Lightning"],"campfire_rested":1,"item_purchase_floors":[14,14],"current_hp_per_floor":[68,68,68,68,68,68,41,45,45,67,65,48,60,60,60,49,69,58,58,49,49,43,0,0],"gold":213,"neow_bonus":"THREE_ENEMY_KILL","is_daily":false,"chose_seed":false,"campfire_upgraded":2,"win_rate":0.0,"timestamp":1612267003,"path_taken":["M","M","?","M","?","R","E","M","T","R","M","E","M","$","R","BOSS","M","?","?","?","M","E"],"items_purchased_type":["Relic","Card"],"build_version":"2020-12-22","purchased_purges":1,"victory":false,"max_hp_per_floor":[75,75,75,75,75,75,75,75,75,75,75,75,75,75,75,75,75,75,75,75,75,75,75,75],"card_choices":[{"not_picked":["Sweeping Beam","Turbo"],"picked":"Static Discharge","floor":1.0},{"not_picked":["Hologram","Turbo","Consume"],"picked":"SKIP","floor":2.0},{"not_picked":["Lockon","Turbo"],"picked":"FTL","floor":4.0},{"not_picked":["Genetic Algorithm","Doom and Gloom","Streamline"],"picked":"SKIP","floor":5.0},{"not_picked":["Barrage","Undo"],"picked":"Self Repair","floor":7.0},{"not_picked":["Barrage","Cold Snap"],"picked":"Static Discharge","floor":8.0},{"not_picked":["Go for the Eyes","Rainbow","Rebound"],"picked":"SKIP","floor":11.0},{"not_picked":["Leap","Streamline"],"picked":"Self Repair","floor":12.0},{"not_picked":["Cold Snap","Hyperbeam","Loop"],"picked":"SKIP","floor":13.0},{"not_picked":["Meteor Strike","Fission"],"picked":"Thunder Strike","floor":16.0},{"not_picked":["Gash","Go for the Eyes","Redo+1"],"picked":"SKIP","floor":18},{"not_picked":["Beam Cell","Chaos+1","Coolheaded"],"picked":"SKIP","floor":22}],"player_experience":219756,"relics_obtained":[{"floor":7.0,"key":"War Paint"},{"floor":12.0,"key":"Smiling Mask"},{"floor":20,"key":"Red Mask"}],"event_choices":[{"damage_healed":0.0,"max_hp_gain":0.0,"max_hp_loss":0.0,"gold_gain":0.0,"cards_transformed":["Strike_B"],"event_name":"Transmorgrifier","player_choice":"Transformed","floor":3.0,"gold_loss":0.0,"damage_taken":0.0,"cards_obtained":["Steam"]},{"damage_healed":0,"gold_gain":0,"player_choice":"Ignored","damage_taken":0,"max_hp_gain":0,"max_hp_loss":0,"event_name":"Vampires","floor":19,"gold_loss":0},{"damage_healed":0,"gold_gain":0,"player_choice":"Fought Bandits","damage_taken":0,"max_hp_gain":0,"max_hp_loss":0,"event_name":"Masked Bandits","floor":20,"gold_loss":0},{"damage_healed":0,"gold_gain":0,"player_choice":"Forge","damage_taken":0,"max_hp_gain":0,"max_hp_loss":0,"event_name":"Accursed Blacksmith","floor":21,"gold_loss":0,"cards_upgraded":["Self Repair"]}],"is_beta":false,"boss_relics":[{"not_picked":["Sozu","Fusion Hammer"],"picked":"Snecko Eye"}],"items_purged_floors":[14],"is_endless":false,"potions_floor_spawned":[4,5,8,11,18],"killed_by":"Book of Stabbing","ascension_level":8}}