{"host":"hpn0uxah5qjr7pa6","time":1612241694,"event":{"mods":["Act Like it!","Aspiration","BaseMod","Better Third Choice","BetterRewards","Challenge The Spire","Colored Powertips","Conspire","Downfall","Energized Spire","Hallownest","Hermit","Hubris","Infinite Spire","Minty Spire (QoL Compilation)","Permanent Neow","Quick Restart","Rare Cards Sparkle","Replay The Spire","Spicy Shops","StSLib","The Bug Knight","The Jungle"],"gold_per_floor":[118,43,61,75,93,93,93,93,93,107,125,125,143,143,143,143,143],"floor_reached":16,"language":"ENG","playtime":489,"items_purged":["Bash"],"score":99,"play_id":"c081656f-f31a-4ac9-98c8-6c77f0ae226b","local_time":"20210201205454","is_ascension_mode":true,"campfire_choices":[{"data":"Replay:Bootleg Shield Generator","floor":6,"key":"SMITH"},{"data":"Anger","floor":8,"key":"SMITH"},{"data":"Shrug It Off","floor":15,"key":"SMITH"}],"circlet_count":0,"master_deck":["Strike_R","Strike_R","Strike_R","Strike_R","Strike_R","Defend_R","Defend_R","Defend_R","Defend_R","Replay:Bootleg Shield Generator+1","Shrug It Off+1","Anger+1","infinitespire:OneForAll+1"],"relics":["Burning Blood","InkBottle"],"acts_visited":["Exordium"],"potions_floor_usage":[16,16],"damage_taken":[{"damage":2,"enemies":"Cultist","floor":1,"turns":4},{"damage":0,"enemies":"2 Louse","floor":3,"turns":2},{"damage":4,"enemies":"Small Slimes","floor":4,"turns":4},{"damage":1,"enemies":"3 Louse","floor":5,"turns":4},{"damage":0,"enemies":"2 Fungi Beasts","floor":10,"turns":3},{"damage":1,"enemies":"Blue Slaver","floor":11,"turns":4},{"damage":3,"enemies":"Exordium Wildlife","floor":13,"turns":4},{"damage":81,"enemies":"Slime Boss","floor":16,"turns":16}],"seed_played":"-5944921648506015130","potions_obtained":[{"floor":4,"key":"AttackPotion"},{"floor":5,"key":"Ancient Potion"}],"is_trial":false,"path_per_floor":["M","$","M","M","M","R","?","R","T","M","M","?","M","?","R","B"],"character_chosen":"IRONCLAD","items_purchased":[],"campfire_rested":0,"item_purchase_floors":[],"current_hp_per_floor":[80,80,80,80,80,80,80,80,80,80,80,80,80,80,80,0,0],"gold":143,"neow_bonus":"RANDOM_COLORLESS","is_daily":false,"chose_seed":false,"campfire_upgraded":3,"win_rate":0.0,"timestamp":1612241694,"path_taken":["M","$","?","M","?","R","?","R","T","M","M","?","M","?","R","BOSS"],"items_purchased_type":[],"build_version":"2020-12-22","purchased_purges":1,"victory":false,"max_hp_per_floor":[80,80,80,80,80,80,80,80,80,80,80,80,80,80,80,80,80],"card_choices":[{"not_picked":["Madness","Blind"],"picked":"Replay:Bootleg Shield Generator","floor":0},{"not_picked":["True Grit","ReplayTheSpireMod:Strike From Hell"],"picked":"Shrug It Off","floor":1},{"not_picked":["Wild Strike","Armaments"],"picked":"Anger","floor":3},{"not_picked":["Heavy Blade","ReplayTheSpireMod:Strike From Hell","Feel No Pain"],"picked":"SKIP","floor":4},{"not_picked":["Second Wind","Twin Strike","Sever Soul"],"picked":"SKIP","floor":5},{"not_picked":["hubris:ReadiedAction","Burning Pact","ReplayTheSpireMod:LeadingStrike"],"picked":"SKIP","floor":10},{"not_picked":["Thunderclap","Brutality","Power Through"],"picked":"SKIP","floor":11},{"not_picked":["Warcry","Sword Boomerang"],"picked":"infinitespire:OneForAll","floor":13}],"player_experience":159800,"relics_obtained":[{"floor":9,"key":"InkBottle"}],"event_choices":[{"damage_healed":0,"gold_gain":0,"player_choice":"Ignored","damage_taken":0,"max_hp_gain":0,"max_hp_loss":0,"event_name":"Golden Idol","floor":7,"gold_loss":0}],"is_beta":false,"boss_relics":[],"items_purged_floors":[2],"is_endless":false,"potions_floor_spawned":[4,5],"killed_by":"Slime Boss","ascension_level":1}}