{"host":"zxkjcgzis4pm3za5","time":1612233479,"event":{"mods":["AchievementEnabler","Act Like it!","BaseMod","Colored Map","Colored Powertips","Friendly Minions","GifTheSpireLib","Minty Spire (QoL Compilation)","Quick Restart","Random Character Button","Relic Sorter","Relic Stats","StSLib"],"gold_per_floor":[113,263,263,263,274,274,302,319,319,338,368,443,443,461,461,538,538,549,599,364,383,383,383,412,429,429,429,456,456,466,493,493,576,576,599,599,625,227,227,265,276,305,337,337,361,361,390,123,123,123,123,123,14,54,54],"floor_reached":56,"language":"ENG","playtime":2775,"items_purged":["Strike_G","Strike_G","Injury"],"score":2117,"play_id":"2ade05ba-0949-49a9-a692-8fd7ec2d2788","local_time":"20210202080759","is_ascension_mode":true,"campfire_choices":[{"data":"Footwork","floor":6.0,"key":"SMITH"},{"data":"Endless Agony","floor":13.0,"key":"SMITH"},{"data":"Blade Dance","floor":15.0,"key":"SMITH"},{"data":"Blade Dance","floor":23.0,"key":"SMITH"},{"floor":27.0,"key":"DIG"},{"floor":29.0,"key":"REST"},{"floor":32.0,"key":"DIG"},{"floor":44.0,"key":"REST"},{"floor":49.0,"key":"RECALL"},{"floor":52.0,"key":"DIG"}],"circlet_count":0,"master_deck":["AscendersBane","Strike_G","Strike_G","Defend_G","Defend_G","Defend_G","Defend_G","Defend_G","Survivor","Neutralize","Footwork+1","Endless Agony+1","Noxious Fumes","Dodge and Roll","Outmaneuver","All Out Attack","Blade Dance+1","After Image","Dagger Throw","Blade Dance+1","Endless Agony","Cloak And Dagger","Escape Plan","Leg Sweep+1","Night Terror","Acrobatics","Deflect","Cloak And Dagger","Bullet Time","Finisher","Backflip","Footwork","Apotheosis","Blur"],"relics":["Ring of the Snake","NeowsBlessing","Spirit Poop","Mercury Hourglass","Shuriken","Art of War","Cursed Key","OrangePellets","Ornamental Fan","Blue Candle","Shovel","Potion Belt","Snake Skull","Pen Nib","CeramicFish","Runic Pyramid","Membership Card","Bag of Preparation","Lantern","The Courier","Medical Kit","Pantograph","Paper Crane","Vajra"],"acts_visited":["Exordium","TheCity","TheBeyond","TheEnding"],"potions_floor_usage":[54,55,55,55],"damage_taken":[{"damage":0.0,"enemies":"Small Slimes","floor":1.0,"turns":1.0},{"damage":0.0,"enemies":"Cultist","floor":5.0,"turns":1.0},{"damage":0.0,"enemies":"Gremlin Nob","floor":7.0,"turns":1.0},{"damage":0.0,"enemies":"2 Louse","floor":8.0,"turns":3.0},{"damage":4.0,"enemies":"Red Slaver","floor":10.0,"turns":4.0},{"damage":15.0,"enemies":"3 Sentries","floor":11.0,"turns":8.0},{"damage":0.0,"enemies":"2 Fungi Beasts","floor":14.0,"turns":3.0},{"damage":21.0,"enemies":"The Guardian","floor":16.0,"turns":12.0},{"damage":14.0,"enemies":"Chosen","floor":18.0,"turns":5.0},{"damage":1.0,"enemies":"Shell Parasite","floor":21.0,"turns":5.0},{"damage":6.0,"enemies":"Gremlin Leader","floor":24.0,"turns":6.0},{"damage":3.0,"enemies":"3 Cultists","floor":25.0,"turns":4.0},{"damage":7.0,"enemies":"Book of Stabbing","floor":28.0,"turns":5.0},{"damage":3.0,"enemies":"Cultist and Chosen","floor":30.0,"turns":5.0},{"damage":3.0,"enemies":"Gremlin Leader","floor":31.0,"turns":5.0},{"damage":26.0,"enemies":"Champ","floor":33.0,"turns":10.0},{"damage":0.0,"enemies":"3 Shapes","floor":35.0,"turns":4.0},{"damage":23.0,"enemies":"3 Darklings","floor":37.0,"turns":4.0},{"damage":0.0,"enemies":"Nemesis","floor":40.0,"turns":7.0},{"damage":0.0,"enemies":"Transient","floor":41.0,"turns":6.0},{"damage":13.0,"enemies":"Sphere and 2 Shapes","floor":42.0,"turns":7.0},{"damage":10.0,"enemies":"Spire Growth","floor":45.0,"turns":3.0},{"damage":5.0,"enemies":"Maw","floor":47.0,"turns":8.0},{"damage":13.0,"enemies":"Donu and Deca","floor":50.0,"turns":8.0},{"damage":37,"enemies":"Shield and Spear","floor":54,"turns":9},{"damage":37,"enemies":"The Heart","floor":55,"turns":10}],"seed_played":"5029885003948672267","potions_obtained":[{"floor":5.0,"key":"ColorlessPotion"},{"floor":11.0,"key":"Dexterity Potion"},{"floor":14.0,"key":"DuplicationPotion"},{"floor":24.0,"key":"ColorlessPotion"},{"floor":31.0,"key":"ColorlessPotion"},{"floor":33.0,"key":"BlessingOfTheForge"},{"floor":35.0,"key":"SkillPotion"},{"floor":37.0,"key":"Energy Potion"},{"floor":42.0,"key":"EssenceOfSteel"},{"floor":45.0,"key":"FearPotion"}],"is_trial":false,"path_per_floor":["M","?","?","?","M","R","E","M","T","M","E","?","R","M","R","B",null,"M","?","$","M","?","R","E","M","T","R","E","R","M","E","R","B",null,"M","?","M","$","?","E","M","M","T","R","M","?","M","$","R","B",null,"R","$","E","B",null],"character_chosen":"THE_SILENT","items_purchased":["OrangePellets","Membership Card","Bag of Preparation","Lantern","Cloak And Dagger","Medical Kit","Pantograph","CultistPotion","Apotheosis","EssenceOfSteel"],"campfire_rested":2,"item_purchase_floors":[20,38,38,38,38,48,48,48,53,53],"current_hp_per_floor":[59,59,64,64,64,64,64,64,64,60,45,34,34,34,34,13,57,43,43,43,42,42,42,36,33,33,33,26,47,44,41,41,15,57,57,57,34,34,34,34,34,21,21,42,32,58,53,53,53,45,55,55,55,18,6],"gold":54,"neow_bonus":"THREE_ENEMY_KILL","is_daily":false,"chose_seed":false,"campfire_upgraded":4,"win_rate":0.0,"timestamp":1612233479,"path_taken":["M","?","?","?","?","R","E","M","T","M","E","?","R","M","R","BOSS","M","?","$","M","?","R","E","M","T","R","E","R","M","E","R","BOSS","M","?","?","$","?","E","M","M","T","R","M","?","M","$","R","BOSS","R","$","E","BOSS"],"items_purchased_type":["Relic","Relic","Relic","Relic","Card","Relic","Relic","Potion","Card","Potion"],"build_version":"2020-12-22","purchased_purges":3,"victory":true,"max_hp_per_floor":[66,66,71,71,71,71,71,71,71,71,71,71,71,71,71,71,71,71,71,71,71,71,71,71,71,71,71,71,71,71,71,71,71,71,71,71,71,71,71,71,71,71,71,71,71,58,58,58,58,58,58,58,58,58,58],"relic_stats":{"counters":[26,141],"Blue Candle":[0],"CeramicFish":99,"Snake Skull":[59],"Pen Nib":[29],"Bag of Preparation":[16],"Cursed Key":2,"Medical Kit":[8],"Mercury Hourglass":[497],"OrangePellets":[14],"Shovel":3,"Shuriken":[124],"Ornamental Fan":[432],"Pantograph":30,"Art of War":[12],"obtain_stats":[{"Potion Belt":27,"Lantern":38,"NeowsBlessing":0,"Blue Candle":24,"CeramicFish":32,"Spirit Poop":4,"Vajra":54,"Snake Skull":28,"Pen Nib":31,"The Courier":40,"Bag of Preparation":38,"Paper Crane":52,"Cursed Key":17,"Medical Kit":48,"Mercury Hourglass":7,"OrangePellets":20,"Shovel":26,"Shuriken":9,"Ornamental Fan":22,"Pantograph":48,"Art of War":11,"Membership Card":38,"Ring of the Snake":0,"Runic Pyramid":34},{"Potion Belt":12,"Lantern":18,"NeowsBlessing":0,"Blue Candle":11,"CeramicFish":15,"Spirit Poop":1,"Vajra":25,"Snake Skull":13,"Pen Nib":15,"The Courier":19,"Bag of Preparation":18,"Paper Crane":24,"Cursed Key":8,"Medical Kit":23,"Mercury Hourglass":3,"OrangePellets":9,"Shovel":12,"Shuriken":4,"Ornamental Fan":10,"Pantograph":23,"Art of War":6,"Membership Card":18,"Ring of the Snake":0,"Runic Pyramid":16},{"Potion Belt":52,"Lantern":83,"NeowsBlessing":0,"Blue Candle":48,"CeramicFish":66,"Spirit Poop":1,"Vajra":131,"Snake Skull":57,"Pen Nib":66,"The Courier":90,"Bag of Preparation":83,"Paper Crane":122,"Cursed Key":32,"Medical Kit":114,"Mercury Hourglass":3,"OrangePellets":37,"Shovel":52,"Shuriken":6,"Ornamental Fan":42,"Pantograph":114,"Art of War":17,"Membership Card":83,"Ring of the Snake":0,"Runic Pyramid":76}],"Ring of the Snake":[55]},"card_choices":[{"not_picked":["Underhanded Strike","Sucker Punch"],"picked":"Footwork","floor":1.0},{"not_picked":["Blur","Quick Slash"],"picked":"Endless Agony","floor":5.0},{"not_picked":["Backstab","Grand Finale"],"picked":"Noxious Fumes","floor":7.0},{"not_picked":["Slice","Dagger Spray"],"picked":"Dodge and Roll","floor":8.0},{"not_picked":["Calculated Gamble","Poisoned Stab"],"picked":"Outmaneuver","floor":10.0},{"not_picked":["Phantasmal Killer","Caltrops"],"picked":"All Out Attack","floor":11.0},{"not_picked":["Dash","Slice"],"picked":"Blade Dance","floor":14.0},{"not_picked":["Malaise","Storm of Steel"],"picked":"After Image","floor":16.0},{"not_picked":["Deadly Poison","Crippling Poison"],"picked":"Dagger Throw","floor":18.0},{"not_picked":["Deflect","Slice"],"picked":"Blade Dance","floor":21.0},{"not_picked":["Flechettes","Flying Knee+1"],"picked":"Endless Agony","floor":24.0},{"not_picked":["Well Laid Plans","Skewer"],"picked":"Cloak And Dagger","floor":25.0},{"not_picked":["Bouncing Flask","Phantasmal Killer"],"picked":"Escape Plan","floor":28.0},{"not_picked":["All Out Attack","Poisoned Stab+1","Dagger Throw+1"],"picked":"SKIP","floor":30.0},{"not_picked":["PiercingWail+1","Accuracy+1"],"picked":"Leg Sweep+1","floor":31.0},{"not_picked":["Phantasmal Killer","Wraith Form v2"],"picked":"Night Terror","floor":33.0},{"not_picked":["Bane","Dagger Spray"],"picked":"Acrobatics","floor":35.0},{"not_picked":["Bane","Acrobatics"],"picked":"Deflect","floor":37.0},{"not_picked":["Quick Slash","Deadly Poison"],"picked":"Bullet Time","floor":40.0},{"not_picked":["Deflect","Infinite Blades","Prepared"],"picked":"SKIP","floor":41.0},{"not_picked":["Outmaneuver","Backflip"],"picked":"Finisher","floor":42.0},{"not_picked":["Outmaneuver","Well Laid Plans"],"picked":"Backflip","floor":45.0},{"not_picked":["Acrobatics","Escape Plan"],"picked":"Footwork","floor":47.0},{"not_picked":["Cloak And Dagger","Masterful Stab"],"picked":"Blur","floor":54}],"player_experience":305971,"relics_obtained":[{"floor":7.0,"key":"Mercury Hourglass"},{"floor":9.0,"key":"Shuriken"},{"floor":11.0,"key":"Art of War"},{"floor":22.0,"key":"Ornamental Fan"},{"floor":24.0,"key":"Blue Candle"},{"floor":26.0,"key":"Shovel"},{"floor":27.0,"key":"Potion Belt"},{"floor":28.0,"key":"Snake Skull"},{"floor":31.0,"key":"Pen Nib"},{"floor":32.0,"key":"CeramicFish"},{"floor":40.0,"key":"The Courier"},{"floor":52.0,"key":"Paper Crane"},{"floor":54,"key":"Vajra"}],"event_choices":[{"damage_healed":0.0,"max_hp_gain":0.0,"max_hp_loss":0.0,"gold_gain":150.0,"event_name":"Liars Game","player_choice":"AGREE","floor":2.0,"gold_loss":0.0,"damage_taken":0.0,"cards_obtained":["Doubt"]},{"damage_healed":0.0,"max_hp_gain":5.0,"max_hp_loss":0.0,"gold_gain":0.0,"event_name":"Big Fish","player_choice":"Donut","floor":3.0,"gold_loss":0.0,"damage_taken":0.0},{"cards_removed":["Doubt"],"damage_healed":0.0,"max_hp_gain":0.0,"max_hp_loss":0.0,"gold_gain":0.0,"event_name":"Bonfire Elementals","player_choice":"Offered Curse","floor":4.0,"gold_loss":0.0,"damage_taken":0.0,"relics_obtained":["Spirit Poop"]},{"damage_healed":0.0,"max_hp_gain":0.0,"max_hp_loss":0.0,"gold_gain":75.0,"event_name":"World of Goop","player_choice":"Gather Gold","floor":12.0,"gold_loss":0.0,"damage_taken":11.0},{"damage_healed":0.0,"max_hp_gain":0.0,"max_hp_loss":0.0,"gold_gain":50.0,"event_name":"Nest","player_choice":"Stole From Cult","floor":19.0,"gold_loss":0.0,"damage_taken":0.0},{"damage_healed":0.0,"max_hp_gain":0.0,"max_hp_loss":0.0,"gold_gain":0.0,"event_name":"Wheel of Change","player_choice":"Relic","floor":22.0,"gold_loss":0.0,"damage_taken":0.0},{"cards_removed":["Clumsy"],"damage_healed":0.0,"max_hp_gain":0.0,"max_hp_loss":0.0,"gold_gain":0.0,"event_name":"Fountain of Cleansing","player_choice":"Removed Curses","floor":36.0,"gold_loss":0.0,"damage_taken":0.0},{"cards_removed":["Strike_G"],"damage_healed":0.0,"max_hp_gain":0.0,"max_hp_loss":0.0,"gold_gain":0.0,"event_name":"Falling","player_choice":"Removed Attack","floor":39.0,"gold_loss":0.0,"damage_taken":0.0},{"damage_healed":58.0,"max_hp_gain":0.0,"max_hp_loss":13.0,"gold_gain":0.0,"event_name":"The Moai Head","player_choice":"Heal","floor":46.0,"gold_loss":0.0,"damage_taken":0.0}],"is_beta":false,"boss_relics":[{"not_picked":["Snecko Eye","Ectoplasm"],"picked":"Cursed Key"},{"not_picked":["Empty Cage","Calling Bell"],"picked":"Runic Pyramid"}],"items_purged_floors":[20,38,48],"is_endless":false,"potions_floor_spawned":[5,11,14,18,24,31,33,35,37,42,45],"ascension_level":18}}