{"host":"gsscz6k9fq2x5v2h","time":1612296081,"event":{"mods":["100% Spire Juice","AchievementEnabler","Arknights","BaseMod","Better Note","Better Skull","Better Synergies","Better Third Choice","Better Vampires","Block Reminder","Colored Map","Colored Powertips","Dark Map","Friendly Minions","Minty Spire (QoL Compilation)","Permanent Neow","Quick Restart","Replay The Spire","Retaliation","Shop Mod","Spicy Shops","Spikes Relics","StSLib","SuperFastMode","TestMod","??????REMEMod","????"],"gold_per_floor":[114,114,128,83,96,96,129,148,175,185,185,185,185,185,185,284,284,294,70,182,182,192,192,202,221,245,245,245,261,261,286,286,301,61,156,156,167,184,95,107,107,107,32,32,45,56,56,68,68,84,95,140,140,140,140],"floor_reached":54,"language":"FRA","playtime":3391,"items_purged":["Languid"],"score":594,"play_id":"ebec7575-005b-42ae-889d-9999b54c8207","local_time":"20210202210121","is_ascension_mode":false,"campfire_choices":[{"floor":6.0,"key":"REST"},{"data":"Moonworks:CloudOfSeagulls","floor":11.0,"key":"SMITH"},{"floor":13.0,"key":"RECALL"},{"data":"Moonworks:MeltingMemories","floor":15.0,"key":"SMITH"},{"floor":23.0,"key":"REST"},{"data":"Moonworks:LulusLuckyEgg","floor":30.0,"key":"SMITH"},{"floor":32.0,"key":"REST"},{"data":"Moonworks:MixPhenomenon","floor":34.0,"key":"SMITH"},{"floor":44.0,"key":"REST"},{"data":"Moonworks:MeltingMemories","floor":49.0,"key":"SMITH"},{"data":"Moonworks:BindingChains","floor":53,"key":"SMITH"}],"circlet_count":0,"master_deck":["Moonworks:Strike","Moonworks:Strike","Moonworks:Strike","Moonworks:Defend","Moonworks:Defend","Moonworks:Ambush","Moonworks:LongDistanceShot","Moonworks:MeltingMemories+1","Moonworks:NicePresent","Moonworks:EvilSpyWorkPreparation","Moonworks:EvilSpyWorkPreparation","Moonworks:TreasureThief+1","Moonworks:BindingChains+1","Moonworks:CloudOfSeagulls+1","Moonworks:FinalBattle","Moonworks:EvilSpyWorkPreparation","Moonworks:MixPhenomenon+1","Moonworks:SakisCookie","Moonworks:LulusLuckyEgg+1","Moonworks:Wanted","Moonworks:CloudOfSeagulls+1","Moonworks:MeltingMemories+1","REME_CurseOfMatryoshka","Moonworks:UnpaidWork+1","Moonworks:ShieldCounter+1","Moonworks:CloudOfSeagulls","Moonworks:BackdoorTrade+1","Moonworks:MiracleRedBeanIceCream+1","Moonworks:UnluckyCharm+1","Moonworks:DeployBits+1","Moonworks:NicePresent","Moonworks:Dash+1"],"relics":["Moonworks:BrokenBomb","Moonworks:Homemark","testmod-TestBox","REME_ComplimentaryCards","testmod-BatchProcessingSystem","Orichalcum","MealTicket","testmod-LifeArmor","Ring of Chaos","SnailShell","ReplayFunnel","Replay:Ancient Bell","Lantern","Golden Egg","testmod-Alchemist","Centennial Puzzle"],"acts_visited":["Exordium","TheCity","TheBeyond"],"potions_floor_usage":[54],"damage_taken":[{"damage":0.0,"enemies":"Cultist","floor":1.0,"turns":3.0},{"damage":0.0,"enemies":"Small Slimes","floor":3.0,"turns":2.0},{"damage":11.0,"enemies":"Jaw Worm","floor":5.0,"turns":2.0},{"damage":6.0,"enemies":"Lagavulin","floor":7.0,"turns":4.0},{"damage":1.0,"enemies":"Blue Slaver","floor":8.0,"turns":2.0},{"damage":0.0,"enemies":"Large Slime","floor":10.0,"turns":3.0},{"damage":0.0,"enemies":"Hexaghost","floor":16.0,"turns":5.0},{"damage":0.0,"enemies":"Spheric Guardian","floor":18.0,"turns":2.0},{"damage":22.0,"enemies":"3 Byrds","floor":19.0,"turns":3.0},{"damage":6.0,"enemies":"Shelled Parasite and Fungi","floor":22.0,"turns":3.0},{"damage":0.0,"enemies":"Centurion and Healer","floor":24.0,"turns":3.0},{"damage":0.0,"enemies":"3 Cultists","floor":25.0,"turns":3.0},{"damage":0.0,"enemies":"Sentry and Sphere","floor":29.0,"turns":2.0},{"damage":7.0,"enemies":"Gremlin Leader","floor":31.0,"turns":4.0},{"damage":1.0,"enemies":"Cultist and Chosen","floor":33.0,"turns":4.0},{"damage":10.0,"enemies":"Pondfish","floor":35.0,"turns":5.0},{"damage":0.0,"enemies":"3 Darklings","floor":37.0,"turns":1.0},{"damage":4.0,"enemies":"3 Shapes","floor":38.0,"turns":2.0},{"damage":40.0,"enemies":"Writhing Mass","floor":39.0,"turns":5.0},{"damage":0.0,"enemies":"Sphere and 2 Shapes","floor":40.0,"turns":3.0},{"damage":2.0,"enemies":"Transient","floor":45.0,"turns":5.0},{"damage":0.0,"enemies":"Spire Growth","floor":46.0,"turns":4.0},{"damage":13.0,"enemies":"Writhing Mass","floor":48.0,"turns":5.0},{"damage":0.0,"enemies":"Jaw Worm Horde","floor":50.0,"turns":2.0},{"damage":0.0,"enemies":"3 Darklings","floor":51.0,"turns":3.0},{"damage":0.0,"enemies":"Transient","floor":52.0,"turns":4.0},{"damage":64,"enemies":"Awakened One","floor":54,"turns":6}],"seed_played":"-6646039775911755780","potions_obtained":[{"floor":3.0,"key":"Strength Potion"},{"floor":7.0,"key":"Block Potion"},{"floor":10.0,"key":"Languid Potion"},{"floor":22.0,"key":"Explosive Potion"},{"floor":24.0,"key":"DistilledChaos"},{"floor":25.0,"key":"Swift Potion"},{"floor":31.0,"key":"Explosive Potion"},{"floor":33.0,"key":"DuplicationPotion"},{"floor":37.0,"key":"Swift Potion"},{"floor":45.0,"key":"REME_GoldPotion"},{"floor":46.0,"key":"Doom Potion"},{"floor":50.0,"key":"Explosive Potion"},{"floor":51.0,"key":"BlessingOfTheForge"}],"is_trial":false,"path_per_floor":["M","?","M","?","M","R","E","M","T","M","R","?","R","?","R","B",null,"M","M","?","?","M","R","M","M","T","PTL","PTL","M","R","E","R","M","R","B",null,"M","M","M","M","PTL","PTL","$","R","M","M","T","M","R","M","M","M","R","B"],"character_chosen":"THE_STARBREAKER","items_purchased":[],"campfire_rested":4,"item_purchase_floors":[],"current_hp_per_floor":[54,54,54,43,32,48,42,45,45,45,45,45,45,38,38,38,54,54,32,17,17,11,27,40,40,40,40,40,40,40,33,49,52,52,44,54,54,50,12,12,12,12,27,43,41,50,50,44,44,51,54,54,54,0,0],"gold":140,"neow_bonus":"REMOVE_TWO","is_daily":false,"chose_seed":false,"campfire_upgraded":6,"win_rate":0.0,"timestamp":1612296081,"path_taken":["M","?","M","?","?","R","E","M","T","M","R","?","R","?","R","BOSS","M","M","?","?","M","R","M","M","T","PTL","PTL","M","R","E","R","M","R","BOSS","M","M","?","M","PTL","PTL","$","R","M","M","T","?","R","M","M","M","R","BOSS"],"items_purchased_type":[],"build_version":"2020-12-22","purchased_purges":1,"victory":false,"max_hp_per_floor":[54,54,54,54,54,54,54,54,54,54,54,54,54,54,54,54,54,54,54,54,54,54,54,54,54,54,54,54,54,54,54,54,54,54,54,54,54,54,54,54,54,54,54,54,54,54,54,54,54,54,54,54,54,54,54],"card_choices":[{"not_picked":["Moonworks:FullSpeedAlicianrone","Moonworks:MiracleWalker"],"picked":"Moonworks:NicePresent","floor":1.0},{"not_picked":["Moonworks:LulusLuckyEgg","Moonworks:TacticalRetreat"],"picked":"Moonworks:EvilSpyWorkPreparation","floor":3.0},{"not_picked":["Moonworks:LulusLuckyEgg","Moonworks:MiracleWalker"],"picked":"Moonworks:EvilSpyWorkPreparation","floor":5.0},{"not_picked":["Moonworks:AwakeningOfTalent","Moonworks:Bloodlust"],"picked":"Moonworks:TreasureThief","floor":7.0},{"not_picked":["Moonworks:ImmovableObject","Moonworks:Assault"],"picked":"Moonworks:BindingChains","floor":8.0},{"not_picked":["Moonworks:SelfDestruct","Moonworks:WindyEnchantment"],"picked":"Moonworks:CloudOfSeagulls","floor":10.0},{"not_picked":["Moonworks:HolyNight","Moonworks:PlushieMaster"],"picked":"Moonworks:FinalBattle","floor":16.0},{"not_picked":["Moonworks:BigBangBell+1","Moonworks:WindyEnchantment"],"picked":"Moonworks:EvilSpyWorkPreparation","floor":18.0},{"not_picked":["Moonworks:Assault","Moonworks:SweetBattle+1","Moonworks:Dinner"],"picked":"SKIP","floor":19.0},{"not_picked":["Moonworks:NicePresent+1","Moonworks:UnpaidWork"],"picked":"Moonworks:MixPhenomenon","floor":22.0},{"not_picked":["Moonworks:Assault","Moonworks:EvilSpyWorkPreparation"],"picked":"Moonworks:SakisCookie","floor":24.0},{"not_picked":["Moonworks:JonathanRush","Moonworks:IndiscriminateFireSupport+1","Moonworks:ImOnFire"],"picked":"SKIP","floor":25.0},{"not_picked":["Moonworks:MiracleRedBeanIceCream","Moonworks:DeployBits"],"picked":"Moonworks:LulusLuckyEgg","floor":29.0},{"not_picked":["Moonworks:ImOnFire","Moonworks:TacticalRetreat"],"picked":"Moonworks:Wanted","floor":31.0},{"not_picked":["Moonworks:LulusLuckyEgg","Moonworks:TacticalRetreat"],"picked":"Moonworks:CloudOfSeagulls+1","floor":33.0},{"not_picked":["Moonworks:SinkOrSwim","Moonworks:StarBlastingFuse"],"picked":"Moonworks:MeltingMemories","floor":35.0},{"not_picked":["CurseOfTheBell","Voices"],"picked":"REME_CurseOfMatryoshka","floor":36.0},{"not_picked":["Regret","Parasite"],"picked":"Languid","floor":36.0},{"not_picked":["Parasite","CurseOfTheBell"],"picked":"ReplayTheSpireMod:IOU","floor":36.0},{"not_picked":["Moonworks:IndiscriminateFireSupport+1","Moonworks:CloudOfSeagulls+1"],"picked":"Moonworks:UnpaidWork+1","floor":37.0},{"not_picked":["Moonworks:ImmovableObject","Moonworks:EvilSpyWorkPreparation+1"],"picked":"Moonworks:ShieldCounter","floor":38.0},{"not_picked":["Moonworks:JonathanRush+1","Moonworks:ExtendedPhotonRifle"],"picked":"Moonworks:CloudOfSeagulls","floor":39.0},{"not_picked":["Moonworks:BindingChains","Moonworks:Dinner"],"picked":"Moonworks:BackdoorTrade+1","floor":40.0},{"not_picked":["Moonworks:TacticalRetreat","Moonworks:JonathanRush"],"picked":"Moonworks:MiracleRedBeanIceCream+1","floor":45.0},{"not_picked":["Moonworks:BigMagnum","Moonworks:IndiscriminateFireSupport"],"picked":"Moonworks:UnluckyCharm+1","floor":46.0},{"not_picked":["Moonworks:BigMagnum","Moonworks:IndiscriminateFireSupport","Moonworks:CloudOfSeagulls"],"picked":"SKIP","floor":48.0},{"not_picked":["Moonworks:EvilSpyWorkPreparation","Moonworks:SweetBattle"],"picked":"Moonworks:DeployBits+1","floor":50.0},{"not_picked":["Moonworks:Assault","Moonworks:LulusLuckyEgg"],"picked":"Moonworks:NicePresent","floor":51.0},{"not_picked":["Moonworks:SealedMemories+1","Moonworks:LulusLuckyEgg"],"picked":"Moonworks:Dash+1","floor":52.0}],"player_experience":1551167,"relics_obtained":[{"floor":7.0,"key":"Orichalcum"},{"floor":9.0,"key":"MealTicket"},{"floor":31.0,"key":"ReplayFunnel"},{"floor":47.0,"key":"Centennial Puzzle"}],"event_choices":[{"cards_removed":["Moonworks:Defend"],"damage_healed":0.0,"max_hp_gain":0.0,"max_hp_loss":0.0,"gold_gain":0.0,"event_name":"Living Wall","player_choice":"Forget","floor":2.0,"gold_loss":0.0,"damage_taken":0.0},{"damage_healed":0.0,"max_hp_gain":0.0,"max_hp_loss":0.0,"gold_gain":75.0,"event_name":"betterThird:BetterGoop","player_choice":"Gold","floor":4.0,"gold_loss":0.0,"damage_taken":11.0},{"damage_healed":0.0,"max_hp_gain":0.0,"max_hp_loss":0.0,"gold_gain":0.0,"event_name":"Big Fish","player_choice":"Box","floor":12.0,"gold_loss":0.0,"damage_taken":0.0,"relics_obtained":["testmod-LifeArmor"],"cards_obtained":["Regret"]},{"cards_removed":["Regret"],"damage_healed":0.0,"max_hp_gain":0.0,"max_hp_loss":0.0,"gold_gain":0.0,"event_name":"Golden Wing","player_choice":"Card Removal","floor":14.0,"gold_loss":0.0,"damage_taken":7.0},{"damage_healed":0.0,"max_hp_gain":0.0,"max_hp_loss":0.0,"gold_gain":112.0,"event_name":"betterSkull:BetterSkull","player_choice":"RE GO ","floor":20.0,"gold_loss":0.0,"damage_taken":18.0,"cards_upgraded":[],"relics_obtained":["SnailShell"]},{"damage_healed":0.0,"max_hp_gain":0.0,"max_hp_loss":0.0,"gold_gain":0.0,"event_name":"Accursed Blacksmith","player_choice":"Forge","floor":21.0,"gold_loss":0.0,"damage_taken":0.0,"cards_upgraded":["Moonworks:TreasureThief"]}],"is_beta":false,"boss_relics":[{"not_picked":["Calling Bell","ChewingGum"],"picked":"Ring of Chaos"},{"not_picked":["testmod-CardMagician","testmod-NegativeEmotionEnhancer"],"picked":"Replay:Ancient Bell"},{"not_picked":["Replay:Baseball","Boot"],"picked":"Lantern"},{"not_picked":["testmod-ArcanaOfDestiny","Meat on the Bone"],"picked":"Golden Egg"},{"not_picked":["Replay:Towering Pillar of Hats","Replay:PocketPolymizer"],"picked":"testmod-Alchemist"}],"items_purged_floors":[43],"is_endless":false,"potions_floor_spawned":[3,7,10,22,24,25,31,33,37,45,46,50,51],"killed_by":"Awakened One","ascension_level":0}}