{"host":"yecadp3kwkksam5a","time":1612265161,"event":{"mods":["100% Spire Juice","Arknights","BaseMod","Minty Spire (QoL Compilation)","StSLib","SuperFastMode","The Cursed","WarShipGirlsR/??á´Ò³R mod"],"gold_per_floor":[20,30,45,62,81,81,106,106,106,124,152,171,206,206,206,306,306,320,339,339,351,44,74,74,100,176,196,50,62,62,42,42,143,143,159,209,223,274,274,302,321,321,389,74,74,102,102,132,132,132,132,132,7,38,38,38],"floor_reached":55,"language":"KOR","playtime":4076,"items_purged":["Strike_P","Strike_P","Defend_P"],"score":1310,"play_id":"c6001d84-7ff3-4a19-93b7-ab1040b5dbbe","local_time":"20210202202601","is_ascension_mode":true,"campfire_choices":[{"data":"Ragnarok","floor":6.0,"key":"SMITH"},{"data":"Prostrate","floor":8.0,"key":"SMITH"},{"data":"Prostrate","floor":15.0,"key":"SMITH"},{"data":"Devotion","floor":24.0,"key":"SMITH"},{"data":"Pray","floor":30.0,"key":"SMITH"},{"data":"WaveOfTheHand","floor":32.0,"key":"SMITH"},{"floor":42.0,"key":"RECALL"},{"data":"ThirdEye","floor":49.0,"key":"SMITH"},{"data":"EmptyMind","floor":52,"key":"SMITH"}],"circlet_count":0,"master_deck":["AscendersBane","Defend_P","Defend_P","Defend_P","Eruption","Vigilance","CarveReality","Ragnarok+1","Mayhem+1","Mayhem+1","Mayhem+1","Mayhem+1","Mayhem+1","FollowUp","Prostrate+1","Pray+1","Adaptation","PathToVictory","EmptyMind+1","ThirdEye+1","Prostrate+1","Evaluate","Alpha","Pray","Prostrate+1","Devotion+1","WaveOfTheHand+1","Adaptation","MasterReality","Evaluate","Omniscience","Madness","Madness","ThirdEye+1","Nirvana","Panache","Flash of Steel","WindmillStrike","WheelKick+1","FollowUp+1"],"relics":["PureWater","Bird Faced Urn","Juzu Bracelet","Meat on the Bone","PreservedInsect","Thread and Needle","Coffee Dripper","ClockworkSouvenir","Oddly Smooth Stone","Pantograph","Pear","Black Star","Ice Cream","Torii","Gremlin Horn","Gambling Chip","Bronze Scales","Ginger","Calipers","Strawberry","Unceasing Top","Bottled Tornado","Turnip"],"acts_visited":["Exordium","TheCity","TheBeyond","TheEnding"],"potions_floor_usage":[50,55],"damage_taken":[{"damage":0.0,"enemies":"Cultist","floor":1.0,"turns":4.0},{"damage":7.0,"enemies":"Jaw Worm","floor":2.0,"turns":3.0},{"damage":4.0,"enemies":"2 Louse","floor":3.0,"turns":2.0},{"damage":0.0,"enemies":"Large Slime","floor":4.0,"turns":4.0},{"damage":6.0,"enemies":"Looter","floor":5.0,"turns":3.0},{"damage":15.0,"enemies":"Lagavulin","floor":7.0,"turns":4.0},{"damage":7.0,"enemies":"Blue Slaver","floor":10.0,"turns":4.0},{"damage":32.0,"enemies":"3 Sentries","floor":11.0,"turns":9.0},{"damage":16.0,"enemies":"Large Slime","floor":12.0,"turns":4.0},{"damage":0.0,"enemies":"Gremlin Nob","floor":13.0,"turns":2.0},{"damage":13.0,"enemies":"Hexaghost","floor":16.0,"turns":6.0},{"damage":17.0,"enemies":"2 Thieves","floor":18.0,"turns":3.0},{"damage":12.0,"enemies":"Spheric Guardian","floor":19.0,"turns":4.0},{"damage":5.0,"enemies":"3 Cultists","floor":21.0,"turns":4.0},{"damage":1.0,"enemies":"Book of Stabbing","floor":23.0,"turns":3.0},{"damage":51.0,"enemies":"Gremlin Leader","floor":25.0,"turns":5.0},{"damage":6.0,"enemies":"Snecko","floor":27.0,"turns":6.0},{"damage":18.0,"enemies":"Sentry and Sphere","floor":29.0,"turns":6.0},{"damage":42.0,"enemies":"Automaton","floor":33.0,"turns":7.0},{"damage":6.0,"enemies":"Orb Walker","floor":35.0,"turns":5.0},{"damage":43.0,"enemies":"Mind Bloom Boss Battle","floor":36.0,"turns":7.0},{"damage":9.0,"enemies":"3 Shapes","floor":37.0,"turns":4.0},{"damage":41.0,"enemies":"2 Orb Walkers","floor":38.0,"turns":6.0},{"damage":20.0,"enemies":"Nemesis","floor":40.0,"turns":5.0},{"damage":41.0,"enemies":"Writhing Mass","floor":41.0,"turns":4.0},{"damage":23.0,"enemies":"Reptomancer","floor":46.0,"turns":4.0},{"damage":30.0,"enemies":"Nemesis","floor":48.0,"turns":5.0},{"damage":72,"enemies":"Time Eater","floor":50,"turns":7},{"damage":79,"enemies":"Shield and Spear","floor":54,"turns":5},{"damage":61,"enemies":"The Heart","floor":55,"turns":6}],"seed_played":"1507769433058951647","potions_obtained":[{"floor":1.0,"key":"Ancient Potion"},{"floor":3.0,"key":"SmokeBomb"},{"floor":10.0,"key":"Fruit Juice"},{"floor":11.0,"key":"Swift Potion"},{"floor":14.0,"key":"Fruit Juice"},{"floor":23.0,"key":"BlessingOfTheForge"}],"is_trial":false,"path_per_floor":["M","M","M","M","M","R","E","R","T","M","E","M","E","?","R","B",null,"M","M","?","M","$","E","R","E","T","M","$","M","R","?","R","B",null,"M","?","M","?","?","E","M","R","T","$","?","E","?","E","R","B",null,"R","$","E","B"],"character_chosen":"WATCHER","items_purchased":["Devotion","ClockworkSouvenir","MasterReality","Nirvana","Bronze Scales"],"campfire_rested":0,"item_purchase_floors":[22,22,28,44,44],"current_hp_per_floor":[72,67,69,72,72,72,57,57,57,62,42,46,48,53,53,52,76,69,65,49,56,56,63,63,38,48,58,58,56,56,56,56,57,87,95,70,73,54,42,52,39,39,39,39,29,38,38,47,47,36,87,87,87,44,30,30],"gold":38,"neow_bonus":"TRANSFORM_TWO_CARDS","is_daily":false,"chose_seed":false,"campfire_upgraded":8,"win_rate":0.0,"timestamp":1612265161,"path_taken":["M","M","M","M","M","R","E","R","T","M","E","M","E","?","R","BOSS","M","M","?","M","$","E","R","E","T","M","$","M","R","?","R","BOSS","M","?","M","?","?","E","M","R","T","$","?","E","?","E","R","BOSS","R","$","E","BOSS"],"items_purchased_type":["Card","Relic","Card","Card","Relic"],"build_version":"2020-12-22","purchased_purges":3,"victory":false,"max_hp_per_floor":[72,72,72,72,72,72,72,72,72,72,72,72,72,77,77,77,82,82,82,87,87,87,87,87,87,97,97,97,97,97,97,97,97,97,97,97,97,97,97,97,97,97,97,97,97,97,97,104,104,104,104,104,104,104,104,104],"card_choices":[{"not_picked":["BattleHymn","FlyingSleeves"],"picked":"FollowUp","floor":1.0},{"not_picked":["BowlingBash","ClearTheMind"],"picked":"Prostrate","floor":2.0},{"not_picked":["Crescendo","Devotion"],"picked":"Pray","floor":3.0},{"not_picked":["CrushJoints","FearNoEvil"],"picked":"Adaptation","floor":4.0},{"not_picked":["Protect","ReachHeaven"],"picked":"PathToVictory","floor":5.0},{"not_picked":["Consecrate","Judgement"],"picked":"EmptyMind","floor":7.0},{"not_picked":["Consecrate","WaveOfTheHand"],"picked":"ThirdEye","floor":10.0},{"not_picked":["ThirdEye","JustLucky"],"picked":"Prostrate","floor":11.0},{"not_picked":["JustLucky","SpiritShield","Swivel"],"picked":"SKIP","floor":12.0},{"not_picked":["EmptyFist","ClearTheMind"],"picked":"Evaluate","floor":13.0},{"not_picked":["Scrawl","LessonLearned"],"picked":"Alpha","floor":16.0},{"not_picked":["ClearTheMind","BowlingBash"],"picked":"Pray","floor":18.0},{"not_picked":["CutThroughFate","SashWhip"],"picked":"Prostrate+1","floor":19.0},{"not_picked":["EmptyBody","Tantrum","Fasting2"],"picked":"SKIP","floor":21.0},{"not_picked":["Indignation","Vengeance","LikeWater"],"picked":"SKIP","floor":23.0},{"not_picked":["Crescendo+1","FlurryOfBlows"],"picked":"WaveOfTheHand","floor":25.0},{"not_picked":["SashWhip","Protect+1"],"picked":"Adaptation","floor":27.0},{"not_picked":["ForeignInfluence","Study","EmptyFist"],"picked":"SKIP","floor":29.0},{"not_picked":[],"picked":"MasterReality","floor":31.0},{"not_picked":["Consecrate","EmptyBody+1"],"picked":"Evaluate","floor":35.0},{"not_picked":["Wireheading","CutThroughFate+1"],"picked":"Omniscience","floor":36.0},{"not_picked":["Evaluate+1","Meditate","FlyingSleeves+1"],"picked":"SKIP","floor":37.0},{"not_picked":["Crescendo+1","WreathOfFlame+1","Prostrate"],"picked":"SKIP","floor":40.0},{"not_picked":["Indignation","Protect+1"],"picked":"ThirdEye+1","floor":41.0},{"not_picked":["Panacea","Bandage Up"],"picked":"Panache","floor":45.0},{"not_picked":["Master of Strategy","Metamorphosis"],"picked":"Flash of Steel","floor":45.0},{"not_picked":["CrushJoints","FearNoEvil+1"],"picked":"WindmillStrike","floor":46.0},{"not_picked":["JustLucky+1","Adaptation"],"picked":"WheelKick+1","floor":48.0},{"not_picked":["InnerPeace+1","EmptyBody"],"picked":"FollowUp+1","floor":54}],"player_experience":588345,"relics_obtained":[{"floor":7.0,"key":"Juzu Bracelet"},{"floor":9.0,"key":"Meat on the Bone"},{"floor":11.0,"key":"PreservedInsect"},{"floor":13.0,"key":"Thread and Needle"},{"floor":23.0,"key":"Oddly Smooth Stone"},{"floor":25.0,"key":"Pantograph"},{"floor":26.0,"key":"Pear"},{"floor":36.0,"key":"Ice Cream"},{"floor":38.0,"key":"Torii"},{"floor":40.0,"key":"Gremlin Horn"},{"floor":40.0,"key":"Gambling Chip"},{"floor":46.0,"key":"Ginger"},{"floor":46.0,"key":"Calipers"},{"floor":48.0,"key":"Strawberry"},{"floor":48.0,"key":"Unceasing Top"},{"floor":54,"key":"Bottled Tornado"},{"floor":54,"key":"Turnip"}],"event_choices":[{"damage_healed":0.0,"max_hp_gain":0.0,"max_hp_loss":0.0,"gold_gain":0.0,"event_name":"Lab","player_choice":"Got Potions","floor":14.0,"gold_loss":0.0,"damage_taken":0.0},{"damage_healed":0.0,"max_hp_gain":5.0,"max_hp_loss":0.0,"gold_gain":0.0,"event_name":"Forgotten Altar","player_choice":"Shed Blood","floor":20.0,"gold_loss":0.0,"damage_taken":21.0},{"damage_healed":0.0,"max_hp_gain":0.0,"max_hp_loss":0.0,"gold_gain":0.0,"event_name":"MindBloom","player_choice":"Fight","floor":36.0,"gold_loss":0.0,"damage_taken":0.0},{"damage_healed":0.0,"max_hp_gain":0.0,"max_hp_loss":0.0,"gold_gain":0.0,"event_name":"Mysterious Sphere","player_choice":"Fight","floor":38.0,"gold_loss":0.0,"damage_taken":0.0},{"damage_healed":0.0,"max_hp_gain":0.0,"max_hp_loss":0.0,"gold_gain":0.0,"event_name":"Winding Halls","player_choice":"Embrace Madness","floor":39.0,"gold_loss":0.0,"damage_taken":12.0,"cards_obtained":["Madness","Madness"]},{"damage_healed":0.0,"max_hp_gain":0.0,"max_hp_loss":0.0,"gold_gain":0.0,"event_name":"SensoryStone","player_choice":"Memory 3","floor":45.0,"gold_loss":0.0,"damage_taken":10.0},{"cards_removed":["MasterReality"],"damage_healed":0.0,"max_hp_gain":0.0,"max_hp_loss":0.0,"gold_gain":0.0,"event_name":"Falling","player_choice":"Removed Power","floor":47.0,"gold_loss":0.0,"damage_taken":0.0}],"is_beta":false,"boss_relics":[{"not_picked":["SacredBark","Ectoplasm"],"picked":"Coffee Dripper"},{"not_picked":["Snecko Eye","Calling Bell"],"picked":"Black Star"}],"items_purged_floors":[22,44,53],"is_endless":false,"potions_floor_spawned":[1,3,10,11,13,23,25,27,36,37,38,40],"killed_by":"The Heart","ascension_level":10}}