{"host":"kg61lsvem4dxoat8","time":1612274542,"event":{"mods":["AchievementEnabler","BaseMod","Better Altar","Better Match","Better Sensory Stone","Highlight Path","Minty Spire (QoL Compilation)","Quick Restart","Relic Sorter","Relic Stats","StSLib","Synergy Search","slay the spire mod where everything is the same but ironclad has a cowboy hat"],"gold_per_floor":[111,128,140,140,151,151,222,222,222,251,251,266,341,352,352,456,456,381,150,150,150,110,110,110,110,110,110,110,110,110,110,110],"floor_reached":31,"language":"ENG","playtime":2607,"items_purged":["Strike_B"],"score":237,"play_id":"a73ff679-306b-4612-9251-3c49b339c438","local_time":"20210202220222","is_ascension_mode":false,"campfire_choices":[{"data":"Dualcast","floor":6,"key":"SMITH"},{"data":"Zap","floor":8,"key":"SMITH"},{"data":"Hologram","floor":11,"key":"SMITH"},{"data":"Streamline","floor":15,"key":"SMITH"},{"floor":23,"key":"REST"},{"data":"Loop","floor":28,"key":"SMITH"},{"data":"Auto Shields","floor":30,"key":"SMITH"}],"circlet_count":0,"master_deck":["Strike_B","Strike_B","Strike_B","Defend_B","Defend_B","Defend_B","Defend_B","Zap+1","Dualcast+1","Cold Snap+1","BootSequence","Hologram+1","FTL","Streamline+1","Loop+1","Echo Form","Echo Form","Conserve Battery","Auto Shields+1"],"relics":["Cracked Core","NeowsBlessing","Darkstone Periapt","Calipers","Ancient Tea Set","Ectoplasm","DollysMirror","Ornamental Fan"],"acts_visited":["Exordium","TheCity"],"potions_floor_usage":[10,12,16,24,31],"damage_taken":[{"damage":0,"enemies":"Jaw Worm","floor":1,"turns":1},{"damage":0,"enemies":"Cultist","floor":2,"turns":1},{"damage":0,"enemies":"2 Louse","floor":3,"turns":1},{"damage":2,"enemies":"Exordium Wildlife","floor":5,"turns":3},{"damage":4,"enemies":"Gremlin Nob","floor":10,"turns":4},{"damage":4,"enemies":"Exordium Thugs","floor":12,"turns":3},{"damage":0,"enemies":"Large Slime","floor":14,"turns":4},{"damage":18,"enemies":"Slime Boss","floor":16,"turns":11},{"damage":31,"enemies":"2 Thieves","floor":18,"turns":4},{"damage":8,"enemies":"Shell Parasite","floor":20,"turns":4},{"damage":1,"enemies":"Cultist and Chosen","floor":24,"turns":6},{"damage":23,"enemies":"Centurion and Healer","floor":25,"turns":6},{"damage":3,"enemies":"Shelled Parasite and Fungi","floor":27,"turns":4},{"damage":44,"enemies":"Gremlin Leader","floor":31,"turns":6}],"seed_played":"-7417307771226439312","potions_obtained":[{"floor":2,"key":"Weak Potion"},{"floor":5,"key":"GamblersBrew"},{"floor":10,"key":"FearPotion"},{"floor":14,"key":"SneckoOil"},{"floor":18,"key":"Fire Potion"},{"floor":22,"key":"SmokeBomb"},{"floor":22,"key":"LiquidBronze"},{"floor":22,"key":"Strength Potion"},{"floor":25,"key":"CultistPotion"}],"is_trial":false,"path_per_floor":["M","M","M","?","M","R","T","R","T","E","R","M","?","M","R","B",null,"M","$","M","?","?","R","M","M","T","M","R","?","R","E"],"character_chosen":"DEFECT","items_purchased":["DollysMirror"],"campfire_rested":1,"item_purchase_floors":[19],"current_hp_per_floor":[75,75,75,75,73,73,73,73,73,69,69,65,54,54,54,36,75,44,44,36,36,36,58,57,34,34,31,31,31,31,0,0],"gold":110,"neow_bonus":"THREE_ENEMY_KILL","is_daily":false,"chose_seed":false,"campfire_upgraded":6,"win_rate":0.0,"timestamp":1612274542,"path_taken":["M","M","M","?","?","R","?","R","T","E","R","M","?","M","R","BOSS","M","$","M","?","?","R","?","M","T","M","R","?","R","E"],"items_purchased_type":["Relic"],"build_version":"2020-12-22","purchased_purges":1,"victory":false,"max_hp_per_floor":[75,75,75,75,75,75,75,75,75,75,75,75,75,75,75,75,75,75,75,75,75,75,75,75,75,75,75,75,75,75,75,75],"relic_stats":{"Darkstone Periapt":0,"counters":[14,58],"Ornamental Fan":[20],"Ectoplasm":256,"obtain_stats":[{"Darkstone Periapt":7,"Calipers":9,"NeowsBlessing":0,"DollysMirror":19,"Ornamental Fan":26,"Ectoplasm":17,"Cracked Core":0,"Ancient Tea Set":10},{"Darkstone Periapt":4,"Calipers":4,"NeowsBlessing":0,"DollysMirror":9,"Ornamental Fan":12,"Ectoplasm":8,"Cracked Core":0,"Ancient Tea Set":5},{"Darkstone Periapt":6,"Calipers":6,"NeowsBlessing":0,"DollysMirror":32,"Ornamental Fan":48,"Ectoplasm":28,"Cracked Core":0,"Ancient Tea Set":10}]},"card_choices":[{"not_picked":["Steam","Go for the Eyes"],"picked":"Cold Snap","floor":1},{"not_picked":["Biased Cognition","Sweeping Beam"],"picked":"BootSequence","floor":2},{"not_picked":["Blizzard","Rebound"],"picked":"Hologram","floor":3},{"not_picked":["Compile Driver","Amplify","Consume"],"picked":"SKIP","floor":5},{"not_picked":["Tempest","Aggregate"],"picked":"FTL","floor":10},{"not_picked":["Reprogram","Hologram"],"picked":"Streamline","floor":12},{"not_picked":["Static Discharge","Reinforced Body"],"picked":"Loop","floor":14},{"not_picked":["All For One","Seek"],"picked":"Echo Form","floor":16},{"not_picked":["Turbo","Barrage","Go for the Eyes"],"picked":"SKIP","floor":18},{"not_picked":["Rip and Tear+1","Loop"],"picked":"Conserve Battery","floor":20},{"not_picked":["Tempest+1","Barrage+1","Redo"],"picked":"SKIP","floor":24},{"not_picked":["Steam","Chaos","Gash"],"picked":"SKIP","floor":25},{"not_picked":["Turbo","Ball Lightning"],"picked":"Auto Shields","floor":27}],"player_experience":1453171,"relics_obtained":[{"floor":7,"key":"Darkstone Periapt"},{"floor":9,"key":"Calipers"},{"floor":10,"key":"Ancient Tea Set"},{"floor":26,"key":"Ornamental Fan"}],"event_choices":[{"damage_healed":0,"gold_gain":0,"player_choice":"Upgraded","damage_taken":0,"max_hp_gain":0,"max_hp_loss":0,"event_name":"Upgrade Shrine","floor":4,"gold_loss":0,"cards_upgraded":["Cold Snap"]},{"damage_healed":0,"gold_gain":75,"player_choice":"Gather Gold","damage_taken":11,"max_hp_gain":0,"max_hp_loss":0,"event_name":"World of Goop","floor":13,"gold_loss":0},{"damage_healed":0,"gold_gain":99,"player_choice":"Stole From Cult","damage_taken":0,"max_hp_gain":0,"max_hp_loss":0,"event_name":"Nest","floor":21,"gold_loss":0},{"damage_healed":0,"gold_gain":0,"player_choice":"Bought 3 Potions","damage_taken":0,"max_hp_gain":0,"max_hp_loss":0,"event_name":"The Woman in Blue","floor":22,"gold_loss":0},{"damage_healed":0,"gold_gain":0,"player_choice":"Got Potions","damage_taken":0,"max_hp_gain":0,"max_hp_loss":0,"event_name":"Lab","floor":29,"gold_loss":0}],"is_beta":false,"boss_relics":[{"not_picked":["Black Star","Runic Dome"],"picked":"Ectoplasm"}],"items_purged_floors":[19],"is_endless":false,"potions_floor_spawned":[2,5,10,14,18,25],"killed_by":"Gremlin Leader","ascension_level":0}}