{"host":"rv8qrr1d2i1l2m12","time":1612306295,"event":{"mods":["BaseMod","Colored Map","Minty Spire (QoL Compilation)","StSLib"],"gold_per_floor":[109,68,68,87,87,87,37,52,76,94,94,94,122,134,134,236,236,251,251,267,267,7,7,7,7,32,32,32],"floor_reached":27,"language":"ENG","playtime":1263,"items_purged":["Regret"],"score":324,"play_id":"65333130-7e79-41a0-bea7-7d4eb66e6de9","local_time":"20210202175135","is_ascension_mode":true,"campfire_choices":[{"data":"Footwork","floor":6.0,"key":"SMITH"},{"floor":11.0,"key":"REST"},{"floor":15.0,"key":"REST"},{"floor":23,"key":"REST"},{"floor":25,"key":"REST"}],"circlet_count":0,"master_deck":["AscendersBane","Strike_G","Strike_G","Strike_G","Strike_G","Defend_G","Defend_G","Defend_G","Defend_G","Survivor","Neutralize","Footwork+1","Accuracy","Dagger Spray","Blade Dance","Crippling Poison","Sucker Punch","Flying Knee","Deadly Poison","Finisher","Storm of Steel","Blade Dance","Cloak And Dagger","Cloak And Dagger","Crippling Poison","Caltrops","Dagger Spray+1","Doppelganger"],"relics":["Ring of the Snake","NeowsBlessing","Smiling Mask","Boot","Dream Catcher","Blood Vial","Black Star","MutagenicStrength","TwistedFunnel","Regal Pillow"],"acts_visited":["Exordium","TheCity"],"potions_floor_usage":[18,27],"damage_taken":[{"damage":0.0,"enemies":"Jaw Worm","floor":1.0,"turns":1.0},{"damage":0.0,"enemies":"Small Slimes","floor":4.0,"turns":1.0},{"damage":0.0,"enemies":"Cultist","floor":8.0,"turns":1.0},{"damage":2.0,"enemies":"2 Fungi Beasts","floor":10.0,"turns":3.0},{"damage":17.0,"enemies":"Gremlin Nob","floor":13.0,"turns":5.0},{"damage":16.0,"enemies":"Exordium Thugs","floor":14.0,"turns":5.0},{"damage":26.0,"enemies":"The Guardian","floor":16.0,"turns":10.0},{"damage":14,"enemies":"Shell Parasite","floor":18,"turns":7},{"damage":19,"enemies":"Chosen","floor":20,"turns":6},{"damage":79,"enemies":"Gremlin Leader","floor":27,"turns":6}],"seed_played":"-1364577749275251297","potions_obtained":[{"floor":1.0,"key":"LiquidMemories"},{"floor":8.0,"key":"SkillPotion"},{"floor":13.0,"key":"SteroidPotion"},{"floor":18,"key":"CunningPotion"}],"is_trial":false,"path_per_floor":["M","$","?","M","T","R","$","M","T","M","R","?","E","M","R","B",null,"M","?","M","?","$","R","?","R","T","E"],"character_chosen":"THE_SILENT","items_purchased":["Accuracy","TwistedFunnel","Crippling Poison","Caltrops"],"campfire_rested":4,"item_purchase_floors":[2,22,22,22],"current_hp_per_floor":[63,63,63,63,63,63,63,63,63,61,70,70,53,39,60,36,62,50,50,33,33,33,54,54,70,70,0,0],"gold":32,"neow_bonus":"THREE_ENEMY_KILL","is_daily":false,"chose_seed":false,"campfire_upgraded":1,"win_rate":0.0,"timestamp":1612306295,"path_taken":["M","$","?","M","?","R","$","M","T","M","R","?","E","?","R","BOSS","M","?","M","?","$","R","?","R","T","E"],"items_purchased_type":["Card","Relic","Card","Card"],"build_version":"2020-12-22","purchased_purges":1,"victory":false,"max_hp_per_floor":[70,70,70,70,70,70,70,70,70,70,70,70,70,70,70,70,70,70,70,70,70,70,70,70,70,70,70,70],"card_choices":[{"not_picked":["Endless Agony","Slice"],"picked":"Footwork","floor":1.0},{"not_picked":["Deflect","Outmaneuver"],"picked":"Dagger Spray","floor":4.0},{"not_picked":["Escape Plan","Underhanded Strike"],"picked":"Blade Dance","floor":8.0},{"not_picked":["Quick Slash","Acrobatics"],"picked":"Crippling Poison","floor":10.0},{"not_picked":["Deflect","Reflex"],"picked":"Sucker Punch","floor":11.0},{"not_picked":["Tactician","Underhanded Strike"],"picked":"Flying Knee","floor":13.0},{"not_picked":["Acrobatics","Flechettes"],"picked":"Deadly Poison","floor":14.0},{"not_picked":["Deadly Poison","PiercingWail"],"picked":"Finisher","floor":15.0},{"not_picked":["Unload","Tools of the Trade"],"picked":"Storm of Steel","floor":16.0},{"not_picked":["Slice+1","Acrobatics"],"picked":"Blade Dance","floor":18},{"not_picked":["Slice","Setup"],"picked":"Cloak And Dagger","floor":20},{"not_picked":["PiercingWail","Backstab"],"picked":"Dagger Spray+1","floor":23},{"not_picked":["Setup","Endless Agony+1"],"picked":"Doppelganger","floor":25}],"player_experience":581729,"relics_obtained":[{"floor":5.0,"key":"Boot"},{"floor":9.0,"key":"Dream Catcher"},{"floor":13.0,"key":"Blood Vial"},{"floor":26,"key":"Regal Pillow"}],"event_choices":[{"damage_healed":0.0,"max_hp_gain":0.0,"max_hp_loss":0.0,"gold_gain":0.0,"event_name":"Big Fish","player_choice":"Box","floor":3.0,"gold_loss":0.0,"damage_taken":0.0,"relics_obtained":["Smiling Mask"],"cards_obtained":["Regret"]},{"cards_removed":["Defend_G"],"damage_healed":0.0,"max_hp_gain":0.0,"max_hp_loss":0.0,"gold_gain":0.0,"event_name":"Purifier","player_choice":"Purged","floor":12.0,"gold_loss":0.0,"damage_taken":0.0},{"damage_healed":0,"gold_gain":0,"player_choice":"Read","damage_taken":0,"max_hp_gain":0,"max_hp_loss":0,"event_name":"The Library","floor":19,"gold_loss":0,"cards_obtained":["Cloak And Dagger"]},{"damage_healed":0,"gold_gain":0,"player_choice":"Inject Mutagens","damage_taken":0,"relics_obtained":["MutagenicStrength"],"max_hp_gain":0,"max_hp_loss":0,"event_name":"Drug Dealer","floor":21,"gold_loss":0},{"cards_removed":["Strike_G"],"damage_healed":0,"gold_gain":0,"player_choice":"Card Removal","damage_taken":0,"max_hp_gain":0,"max_hp_loss":0,"event_name":"Wheel of Change","floor":24,"gold_loss":0}],"is_beta":false,"boss_relics":[{"not_picked":["Coffee Dripper","Philosopher\u0027s Stone"],"picked":"Black Star"}],"items_purged_floors":[7],"is_endless":false,"potions_floor_spawned":[1,8,13,18],"killed_by":"Gremlin Leader","ascension_level":11}}