{"host":"3498uni0c31c9bdm","time":1612286504,"event":{"mods":["BaseMod","Better Third Choice","Minty Spire (QoL Compilation)","Replay The Spire","StSLib"],"gold_per_floor":[117,117,117,117,132,132,167,17,17,50,83,103,127,165,165,275,325,344,344,16,16,16,16,28,28],"floor_reached":24,"language":"ENG","playtime":696,"items_purged":[],"score":364,"play_id":"f9a78edc-b7f2-484a-b093-6b84e90e33f4","local_time":"20210203042144","is_ascension_mode":true,"campfire_choices":[{"floor":6,"key":"RECALL"},{"floor":15,"key":"REST"},{"data":"ReplayTheSpireMod:Fabricate Wheel","floor":23,"key":"SMITH"}],"circlet_count":0,"master_deck":["AscendersBane","Strike_B","Strike_B","Strike_B","Strike_B","Defend_B","Defend_B","Defend_B","Defend_B","Zap","Dualcast","Pot Of Greed+1","Pot Of Greed","Melter","Judgement","Gash","Ball Lightning","Electrodynamics","Capacitor","Go for the Eyes","ReplaySolidLightProjector","Turbo","Creative AI+1","Streamline","Steam+1","Pot Of Greed","ReplayTheSpireMod:IOU","ReplayTheSpireMod:Fabricate Wheel+1"],"relics":["Cracked Core","Grinning Jar","Replay:Bandana","Blue Candle","MealTicket","Solar Panel","Divine Protection","Odd Mushroom","Orichalcum","Tiny House","Replay:Wax Seal","Shuriken","NlothsMask"],"acts_visited":["Exordium","TheCity"],"potions_floor_usage":[7,14,16,24],"damage_taken":[{"damage":7,"enemies":"Small Slimes","floor":1,"turns":3},{"damage":0,"enemies":"2 Louse","floor":5,"turns":1},{"damage":0,"enemies":"Gremlin Nob","floor":7,"turns":3},{"damage":18,"enemies":"3 Sentries","floor":10,"turns":7},{"damage":10,"enemies":"The Mushroom Lair","floor":11,"turns":2},{"damage":0,"enemies":"Cultist","floor":12,"turns":2},{"damage":0,"enemies":"Large Slime","floor":13,"turns":4},{"damage":22,"enemies":"Lagavulin","floor":14,"turns":5},{"damage":19,"enemies":"Hexaghost","floor":16,"turns":10},{"damage":0,"enemies":"Spheric Guardian","floor":18,"turns":1},{"damage":83,"enemies":"Book of Stabbing","floor":24,"turns":6}],"seed_played":"-6705092727586362474","potions_obtained":[{"floor":1,"key":"ColorlessPotion"},{"floor":12,"key":"SkillPotion"},{"floor":14,"key":"Dexterity Potion"},{"floor":16,"key":"Energy Potion"},{"floor":17,"key":"Ancient Potion"}],"is_trial":false,"path_per_floor":["M","?","?","?","M","R","E","$","T","E","?","M","M","E","R","B",null,"M","?","$","?","?","R","E"],"character_chosen":"DEFECT","items_purchased":["MealTicket","Replay:Wax Seal","Shuriken","ReplayTheSpireMod:Fabricate Wheel"],"campfire_rested":1,"item_purchase_floors":[8,20,20,20],"current_hp_per_floor":[61,56,56,56,56,56,56,56,56,42,36,40,46,34,56,47,73,75,75,80,80,80,80,0,0],"gold":28,"neow_bonus":"RANDOM_EVENT","is_daily":false,"chose_seed":false,"campfire_upgraded":1,"win_rate":0.0,"timestamp":1612286504,"path_taken":["M","?","?","?","?","R","E","$","T","E","?","M","M","E","R","BOSS","M","?","$","?","?","R","E"],"items_purchased_type":["Relic","Relic","Relic","Card"],"build_version":"2020-12-22","purchased_purges":0,"victory":false,"max_hp_per_floor":[75,75,75,75,75,75,75,75,75,75,75,75,75,75,75,75,80,80,80,80,80,80,80,80,80],"card_choices":[{"not_picked":["Steam","Leap"],"picked":"Melter","floor":1},{"not_picked":["Conserve Battery","Rebound"],"picked":"Gash","floor":5},{"not_picked":["Barrage","Heatsinks"],"picked":"Ball Lightning","floor":7},{"not_picked":["Rebound","Storm"],"picked":"Electrodynamics","floor":10},{"not_picked":["Steam","Rebound"],"picked":"Capacitor","floor":11},{"not_picked":["Skim","Leap"],"picked":"Go for the Eyes","floor":12},{"not_picked":["Auto Shields","Capacitor"],"picked":"ReplaySolidLightProjector","floor":13},{"not_picked":["Reinforced Body","BasicCrystalCard"],"picked":"Turbo","floor":14},{"not_picked":["Core Surge","Biased Cognition"],"picked":"Creative AI","floor":16},{"not_picked":["Beam Cell","ReplayTheSpireMod:GoodbyeWorld"],"picked":"Streamline","floor":17},{"not_picked":["Recycle+1","Crystallizer"],"picked":"Steam+1","floor":18}],"player_experience":818144,"relics_obtained":[{"floor":7,"key":"Blue Candle"},{"floor":9,"key":"Solar Panel"},{"floor":10,"key":"Divine Protection"},{"floor":11,"key":"Odd Mushroom"},{"floor":14,"key":"Orichalcum"}],"event_choices":[{"damage_healed":0,"gold_gain":0,"player_choice":"Box","damage_taken":0,"relics_obtained":["Grinning Jar"],"max_hp_gain":0,"max_hp_loss":0,"event_name":"Big Fish","floor":0,"gold_loss":0,"cards_obtained":["Regret"]},{"cards_removed":["Regret"],"damage_healed":0,"gold_gain":0,"player_choice":"Purged","damage_taken":0,"max_hp_gain":0,"max_hp_loss":0,"event_name":"Purifier","floor":4,"gold_loss":0},{"damage_healed":0,"gold_gain":0,"player_choice":"Fought Mushrooms","damage_taken":0,"max_hp_gain":0,"max_hp_loss":0,"event_name":"Mushrooms","floor":11,"gold_loss":0},{"damage_healed":0,"gold_gain":0,"player_choice":"Adaptability","damage_taken":0,"max_hp_gain":0,"max_hp_loss":0,"event_name":"betterThird:BetterWriting","floor":19,"gold_loss":0},{"damage_healed":0,"gold_gain":0,"player_choice":"Ignored","damage_taken":0,"max_hp_gain":0,"max_hp_loss":0,"event_name":"Vampires","floor":21,"gold_loss":0},{"damage_healed":0,"gold_gain":0,"player_choice":"Trade","damage_taken":0,"relics_obtained":["NlothsMask"],"max_hp_gain":0,"max_hp_loss":0,"event_name":"FaceTrader","floor":22,"gold_loss":0}],"is_beta":false,"boss_relics":[{"not_picked":["Velvet Choker","Painkiller Herb"],"picked":"Tiny House"}],"items_purged_floors":[],"is_endless":false,"potions_floor_spawned":[1,12,14,16],"killed_by":"Book of Stabbing","ascension_level":11}}