{"host":"w01zow3jg16g8jdh","time":1612264199,"event":{"mods":["AchievementEnabler","BaseMod","DeckTracker","Keyboard Shortcuts","Minty Spire (QoL Compilation)","Permanent Neow","StSLib","SuperFastMode"],"gold_per_floor":[118,118,43,93,105,105,140,154,205,230,245,245,245,271,271,354,363,377,405,134,149,149,149,184,23,97,130,165,203,215,236,248,336,375,397,409,421,447,267,309,326,367,415,458,480,480,490,499,499,499,499,499,499,30,58,58],"floor_reached":57,"language":"KOR","playtime":1548,"items_purged":["Defend_G","Strike_G","Strike_G","Defend_G"],"score":2989,"play_id":"e70fda5a-c13c-4515-9eae-e0a187ee8f89","local_time":"20210202200959","is_ascension_mode":true,"campfire_choices":[{"data":"Noxious Fumes","floor":6.0,"key":"SMITH"},{"data":"Footwork","floor":12.0,"key":"SMITH"},{"data":"Prepared","floor":15.0,"key":"SMITH"},{"floor":23.0,"key":"DIG"},{"floor":30.0,"key":"DIG"},{"data":"Burst","floor":32.0,"key":"SMITH"},{"floor":46.0,"key":"RECALL"},{"floor":49.0,"key":"DIG"},{"data":"Well Laid Plans","floor":53.0,"key":"SMITH"}],"circlet_count":0,"master_deck":["AscendersBane","Defend_G+1","Survivor+1","Neutralize+1","Deadly Poison+1","Noxious Fumes+1","Prepared+1","Footwork+1","PiercingWail","Die Die Die","CurseOfTheBell","Acrobatics","Catalyst+1","Well Laid Plans+1","Adrenaline","Burst+1","Catalyst+1","Deflect+1","Tactician+1","Catalyst","Backflip","Acrobatics+1","Dark Shackles+1","Noxious Fumes"],"relics":["Ring of the Snake","NeowsBlessing","Art of War","Potion Belt","CeramicFish","Calling Bell","Akabeko","Pear","Shovel","Lee\u0027s Waffle","Lantern","White Beast Statue","Membership Card","The Courier","MawBank","Bronze Scales","Astrolabe","Toy Ornithopter","PreservedInsect","Letter Opener","Snake Skull","Centennial Puzzle","Thread and Needle","TwistedFunnel","War Paint","HornCleat","Turnip","Oddly Smooth Stone"],"acts_visited":["Exordium","TheCity","TheBeyond","TheEnding"],"potions_floor_usage":[56,56,56,56,56],"damage_taken":[{"damage":0.0,"enemies":"Small Slimes","floor":1.0,"turns":1.0},{"damage":0.0,"enemies":"Cultist","floor":5.0,"turns":1.0},{"damage":0.0,"enemies":"Lagavulin","floor":7.0,"turns":1.0},{"damage":3.0,"enemies":"2 Louse","floor":8.0,"turns":3.0},{"damage":7.0,"enemies":"2 Fungi Beasts","floor":10.0,"turns":4.0},{"damage":4.0,"enemies":"Looter","floor":11.0,"turns":4.0},{"damage":0.0,"enemies":"Exordium Thugs","floor":14.0,"turns":5.0},{"damage":16.0,"enemies":"The Guardian","floor":16.0,"turns":10.0},{"damage":9.0,"enemies":"Shell Parasite","floor":18.0,"turns":5.0},{"damage":16.0,"enemies":"Spheric Guardian","floor":19.0,"turns":4.0},{"damage":18.0,"enemies":"Centurion and Healer","floor":21.0,"turns":7.0},{"damage":8.0,"enemies":"Book of Stabbing","floor":24.0,"turns":7.0},{"damage":54.0,"enemies":"Slavers","floor":27.0,"turns":9.0},{"damage":40.0,"enemies":"Snecko","floor":28.0,"turns":7.0},{"damage":0.0,"enemies":"Shelled Parasite and Fungi","floor":29.0,"turns":1.0},{"damage":25.0,"enemies":"Automaton","floor":33.0,"turns":7.0},{"damage":8.0,"enemies":"3 Shapes","floor":35.0,"turns":4.0},{"damage":8.0,"enemies":"Orb Walker","floor":38.0,"turns":6.0},{"damage":0.0,"enemies":"Giant Head","floor":40.0,"turns":2.0},{"damage":3.0,"enemies":"3 Darklings","floor":41.0,"turns":4.0},{"damage":4.0,"enemies":"Nemesis","floor":42.0,"turns":5.0},{"damage":0.0,"enemies":"Reptomancer","floor":44.0,"turns":1.0},{"damage":0.0,"enemies":"Jaw Worm Horde","floor":45.0,"turns":3.0},{"damage":0.0,"enemies":"Spire Growth","floor":47.0,"turns":2.0},{"damage":12.0,"enemies":"Time Eater","floor":50.0,"turns":4.0},{"damage":16.0,"enemies":"Donu and Deca","floor":51.0,"turns":6.0},{"damage":34,"enemies":"Shield and Spear","floor":55,"turns":4},{"damage":31,"enemies":"The Heart","floor":56,"turns":6}],"seed_played":"-907631857635508469","potions_obtained":[{"floor":7.0,"key":"Explosive Potion"},{"floor":8.0,"key":"Dexterity Potion"},{"floor":10.0,"key":"BlessingOfTheForge"},{"floor":11.0,"key":"Strength Potion"},{"floor":19.0,"key":"SpeedPotion"},{"floor":24.0,"key":"LiquidMemories"},{"floor":27.0,"key":"Strength Potion"},{"floor":28.0,"key":"Fire Potion"},{"floor":29.0,"key":"GhostInAJar"},{"floor":33.0,"key":"SkillPotion"},{"floor":35.0,"key":"SpeedPotion"},{"floor":40.0,"key":"Fire Potion"},{"floor":41.0,"key":"Weak Potion"},{"floor":42.0,"key":"EntropicBrew"},{"floor":44.0,"key":"LiquidBronze"},{"floor":45.0,"key":"EntropicBrew"},{"floor":55,"key":"Dexterity Potion"}],"is_trial":false,"path_per_floor":["M","?","$","T","M","R","E","M","T","M","M","R","?","M","R","B",null,"M","M","$","M","?","R","E","$","T","E","M","M","R","?","R","B",null,"M","?","?","M","$","E","M","E","T","E","M","R","M","?","R","B","B",null,"R","$","E","B",null],"character_chosen":"THE_SILENT","items_purchased":["Lee\u0027s Waffle","Membership Card","Toy Ornithopter","PreservedInsect","TwistedFunnel","War Paint","HornCleat","Turnip","Noxious Fumes"],"campfire_rested":0,"item_purchase_floors":[20,25,39,39,54,54,54,54,54],"current_hp_per_floor":[59,59,59,59,59,59,59,56,56,49,45,45,25,25,25,9,62,53,37,83,65,65,65,57,57,57,3,43,43,43,43,43,18,67,59,59,59,51,51,51,58,64,64,79,79,79,79,79,79,72,56,76,76,76,42,36],"gold":58,"neow_bonus":"THREE_ENEMY_KILL","is_daily":false,"chose_seed":false,"campfire_upgraded":5,"win_rate":0.0,"timestamp":1612264199,"path_taken":["M","?","$","?","?","R","E","M","T","M","M","R","?","M","R","BOSS","M","M","$","M","?","R","E","$","T","E","M","M","R","?","R","BOSS","M","?","?","M","$","E","M","E","T","E","M","R","?","?","R","BOSS","BOSS","R","$","E","BOSS"],"items_purchased_type":["Relic","Relic","Relic","Relic","Relic","Relic","Relic","Relic","Card"],"build_version":"2020-12-22","purchased_purges":4,"victory":true,"max_hp_per_floor":[66,66,66,66,66,66,66,66,66,66,66,66,66,66,66,66,76,76,76,83,83,83,83,83,83,83,83,83,83,83,83,83,83,83,83,83,83,83,83,83,83,83,83,83,83,83,83,83,83,83,83,83,83,83,83,83],"card_choices":[{"not_picked":["Underhanded Strike","Blur"],"picked":"Deadly Poison","floor":1.0},{"not_picked":["Dodge and Roll","Deflect"],"picked":"Noxious Fumes","floor":5.0},{"not_picked":["A Thousand Cuts","Infinite Blades"],"picked":"Prepared","floor":7.0},{"not_picked":["Heel Hook","Quick Slash","Outmaneuver"],"picked":"SKIP","floor":8.0},{"not_picked":["Dagger Spray","Cloak And Dagger"],"picked":"Footwork","floor":10.0},{"not_picked":["Quick Slash","Deadly Poison","Prepared"],"picked":"SKIP","floor":11.0},{"not_picked":["Quick Slash","Bane"],"picked":"PiercingWail","floor":14.0},{"not_picked":["Glass Knife","Phantasmal Killer"],"picked":"Die Die Die","floor":16.0},{"not_picked":["Slice+1","Flying Knee+1","Prepared"],"picked":"SKIP","floor":18.0},{"not_picked":["All Out Attack","Blade Dance"],"picked":"Acrobatics","floor":19.0},{"not_picked":["Underhanded Strike","Slice","Dagger Spray"],"picked":"SKIP","floor":21.0},{"not_picked":["Sucker Punch","Bane"],"picked":"Catalyst+1","floor":24.0},{"not_picked":["Heel Hook+1","Eviscerate","Quick Slash"],"picked":"SKIP","floor":27.0},{"not_picked":["Masterful Stab","Flying Knee"],"picked":"Well Laid Plans","floor":28.0},{"not_picked":["Dodge and Roll","Dagger Spray"],"picked":"Adrenaline","floor":29.0},{"not_picked":["Setup","Deflect+1","Masterful Stab"],"picked":"SKIP","floor":35.0},{"not_picked":["Deadly Poison","Expertise","Prepared"],"picked":"SKIP","floor":38.0},{"not_picked":["Backflip","Noxious Fumes"],"picked":"Tactician+1","floor":40.0},{"not_picked":["Finisher","Outmaneuver","Reflex"],"picked":"SKIP","floor":41.0},{"not_picked":["Distraction","Crippling Poison"],"picked":"Catalyst","floor":42.0},{"not_picked":["Endless Agony","Dagger Throw"],"picked":"Backflip","floor":44.0},{"not_picked":["Deadly Poison","Backflip"],"picked":"Acrobatics+1","floor":45.0},{"not_picked":["Slice","Burst","Sucker Punch"],"picked":"SKIP","floor":47.0},{"not_picked":["Enlightenment","Bandage Up"],"picked":"Dark Shackles","floor":48.0},{"not_picked":["Dodge and Roll","Dagger Spray+1","Deflect+1"],"picked":"SKIP","floor":55}],"player_experience":343773,"relics_obtained":[{"floor":4.0,"key":"Art of War"},{"floor":7.0,"key":"Potion Belt"},{"floor":9.0,"key":"CeramicFish"},{"floor":17.0,"key":"Akabeko"},{"floor":17.0,"key":"Pear"},{"floor":17.0,"key":"Shovel"},{"floor":23.0,"key":"Lantern"},{"floor":24.0,"key":"White Beast Statue"},{"floor":26.0,"key":"The Courier"},{"floor":27.0,"key":"MawBank"},{"floor":30.0,"key":"Bronze Scales"},{"floor":40.0,"key":"Letter Opener"},{"floor":42.0,"key":"Snake Skull"},{"floor":44.0,"key":"Centennial Puzzle"},{"floor":49.0,"key":"Thread and Needle"},{"floor":55,"key":"Oddly Smooth Stone"}],"event_choices":[{"damage_healed":0.0,"max_hp_gain":0.0,"max_hp_loss":0.0,"gold_gain":0.0,"event_name":"Accursed Blacksmith","player_choice":"Forge","floor":2.0,"gold_loss":0.0,"damage_taken":0.0,"cards_upgraded":["Deadly Poison"]},{"damage_healed":0.0,"max_hp_gain":0.0,"max_hp_loss":0.0,"gold_gain":0.0,"event_name":"Shining Light","player_choice":"Entered Light","floor":13.0,"gold_loss":0.0,"damage_taken":20.0,"cards_upgraded":["Survivor","Neutralize"]},{"cards_removed":["Defend_G"],"damage_healed":0.0,"max_hp_gain":0.0,"max_hp_loss":0.0,"gold_gain":0.0,"event_name":"Back to Basics","player_choice":"Elegance","floor":22.0,"gold_loss":0.0,"damage_taken":0.0},{"damage_healed":0.0,"max_hp_gain":0.0,"max_hp_loss":0.0,"gold_gain":0.0,"event_name":"Match and Keep!","player_choice":"1 cards matched","floor":31.0,"gold_loss":0.0,"damage_taken":0.0,"cards_obtained":["Burst"]},{"cards_removed":["Die Die Die"],"damage_healed":0.0,"max_hp_gain":0.0,"max_hp_loss":0.0,"gold_gain":0.0,"event_name":"Falling","player_choice":"Removed Attack","floor":36.0,"gold_loss":0.0,"damage_taken":0.0},{"cards_removed":["Strike_G"],"damage_healed":0.0,"max_hp_gain":0.0,"max_hp_loss":0.0,"gold_gain":0.0,"event_name":"Bonfire Elementals","player_choice":"Offered Basic","floor":37.0,"gold_loss":0.0,"damage_taken":0.0},{"damage_healed":0.0,"max_hp_gain":0.0,"max_hp_loss":0.0,"gold_gain":0.0,"event_name":"SensoryStone","player_choice":"Memory 1","floor":48.0,"gold_loss":0.0,"damage_taken":0.0}],"is_beta":false,"boss_relics":[{"not_picked":["HoveringKite","Snecko Eye"],"picked":"Calling Bell"},{"not_picked":["Busted Crown","Black Star"],"picked":"Astrolabe"}],"items_purged_floors":[3,20,39,54],"is_endless":false,"potions_floor_spawned":[7,8,10,11,14,19,24,27,28,29,33,35,38,40,41,42,44,45,47,55],"ascension_level":20}}