{"host":"xrk7zhg70ipmpx3n","time":1612237889,"event":{"mods":["BaseMod","Colored Map","Downfall","Highlight Path","Minty Spire (QoL Compilation)","StSLib"],"gold_per_floor":[115,134,11,26,101,101,127,139,206,218,249,189,223,243,243,338,338,358,376,376,376,388,388,404,437,437,175,175,189,199,0,0,0,0],"floor_reached":33,"language":"ENG","playtime":3444,"items_purged":[],"score":277,"play_id":"d1af2e54-8af4-4820-b36b-b34cc080acb7","local_time":"20210202135129","is_ascension_mode":false,"campfire_choices":[{"data":"Metallicize","floor":6,"key":"SMITH"},{"data":"Metallicize","floor":10,"key":"SMITH"},{"floor":15,"key":"REST"},{"floor":23,"key":"REST"},{"floor":28,"key":"REST"},{"floor":32,"key":"REST"}],"circlet_count":0,"master_deck":["Strike_R","Strike_R","Strike_R","Strike_R","Strike_R","Defend_R","Defend_R","Defend_R","Defend_R","Bash+1","Metallicize+1","Flame Barrier","Shrug It Off","Metallicize+1","Armaments","True Grit","Bloodletting","Flame Barrier","Headbutt","Clothesline","Impervious","Headbutt","Fire Breathing","Body Slam","Dropkick+1","Disarm","Entrench","Seeing Red","Thunderclap+1","Shockwave","Feel No Pain"],"relics":["Burning Blood","MawBank","Incense Burner","Oddly Smooth Stone","Omamori","SlaversCollar","Blue Candle","Dream Catcher","Molten Egg 2","Membership Card","Bronze Scales","Matryoshka","PreservedInsect"],"acts_visited":["Exordium","TheCity"],"potions_floor_usage":[13,16,16,18,19,30],"damage_taken":[{"damage":11,"enemies":"Jaw Worm","floor":1,"turns":2},{"damage":2,"enemies":"2 Louse","floor":2,"turns":4},{"damage":4,"enemies":"Small Slimes","floor":4,"turns":7},{"damage":7,"enemies":"3 Sentries","floor":7,"turns":18},{"damage":18,"enemies":"Exordium Wildlife","floor":11,"turns":13},{"damage":33,"enemies":"Lagavulin","floor":13,"turns":19},{"damage":3,"enemies":"3 Louse","floor":14,"turns":6},{"damage":30,"enemies":"The Guardian","floor":16,"turns":20},{"damage":32,"enemies":"3 Byrds","floor":18,"turns":9},{"damage":4,"enemies":"Chosen","floor":19,"turns":9},{"damage":21,"enemies":"Snake Plant","floor":22,"turns":8},{"damage":28,"enemies":"Snecko","floor":24,"turns":11},{"damage":31,"enemies":"Slavers","floor":25,"turns":9},{"damage":30,"enemies":"Sentry and Sphere","floor":29,"turns":11},{"damage":16,"enemies":"Cultist and Chosen","floor":30,"turns":7},{"damage":70,"enemies":"Collector","floor":33,"turns":5}],"seed_played":"-1960100919303797680","potions_obtained":[{"floor":1,"key":"AttackPotion"},{"floor":2,"key":"SteroidPotion"},{"floor":13,"key":"HeartOfIron"},{"floor":16,"key":"BlessingOfTheForge"},{"floor":19,"key":"EntropicBrew"},{"floor":22,"key":"FairyPotion"},{"floor":30,"key":"CultistPotion"}],"is_trial":false,"path_per_floor":["M","M","$","M","?","R","E","?","T","R","M","$","E","M","R","B",null,"M","M","?","?","M","R","M","E","T","$","R","M","M","$","R","B"],"character_chosen":"IRONCLAD","items_purchased":["Shrug It Off","Metallicize","Flame Barrier","Membership Card","Entrench","Bronze Scales","Matryoshka","PreservedInsect"],"campfire_rested":4,"item_purchase_floors":[3,3,12,27,27,27,31,31],"current_hp_per_floor":[75,79,79,80,69,69,68,61,61,61,49,49,22,25,49,25,80,54,56,56,51,36,60,38,13,13,13,37,13,30,30,54,0,0],"gold":0,"neow_bonus":"UPGRADE_CARD","is_daily":false,"chose_seed":false,"campfire_upgraded":2,"win_rate":0.0,"timestamp":1612237889,"path_taken":["M","M","$","M","?","R","E","?","T","R","M","$","E","M","R","BOSS","M","M","?","?","M","R","M","E","T","$","R","M","M","?","R","BOSS"],"items_purchased_type":["Card","Card","Card","Relic","Card","Relic","Relic","Relic"],"build_version":"2020-12-22","purchased_purges":0,"victory":false,"max_hp_per_floor":[80,80,80,80,80,80,80,80,80,80,80,80,80,80,80,80,80,80,80,80,80,80,80,80,80,80,80,80,80,80,80,80,80,80],"card_choices":[{"not_picked":["Cleave","Heavy Blade"],"picked":"Metallicize","floor":1},{"not_picked":["Cleave","Ghostly Armor"],"picked":"Flame Barrier","floor":2},{"not_picked":["Dropkick","Pommel Strike"],"picked":"Armaments","floor":4},{"not_picked":["Power Through","Shrug It Off"],"picked":"True Grit","floor":7},{"not_picked":["Perfected Strike","Ghostly Armor"],"picked":"Bloodletting","floor":11},{"not_picked":["Twin Strike","Berserk"],"picked":"Headbutt","floor":13},{"not_picked":["Clash","Warcry"],"picked":"Clothesline","floor":14},{"not_picked":["Bludgeon","Fiend Fire"],"picked":"Impervious","floor":16},{"not_picked":["Searing Blow","True Grit"],"picked":"Headbutt","floor":18},{"not_picked":["Sword Boomerang","Warcry+1"],"picked":"Fire Breathing","floor":19},{"not_picked":["Sword Boomerang","Clash"],"picked":"Body Slam","floor":22},{"not_picked":["Perfected Strike+1","Shrug It Off+1"],"picked":"Dropkick+1","floor":24},{"not_picked":["Pummel","Burning Pact"],"picked":"Disarm","floor":25},{"not_picked":["Fiend Fire+1","Pommel Strike+1"],"picked":"Seeing Red","floor":28},{"not_picked":["Hemokinesis+1","Sword Boomerang+1"],"picked":"Thunderclap+1","floor":29},{"not_picked":["Second Wind","Thunderclap+1"],"picked":"Shockwave","floor":30},{"not_picked":["Uppercut+1","Fire Breathing"],"picked":"Feel No Pain","floor":32}],"player_experience":17138,"relics_obtained":[{"floor":7,"key":"MawBank"},{"floor":9,"key":"Oddly Smooth Stone"},{"floor":13,"key":"Omamori"},{"floor":25,"key":"Dream Catcher"},{"floor":26,"key":"Molten Egg 2"}],"event_choices":[{"damage_healed":0,"gold_gain":75,"player_choice":"Gather Gold","damage_taken":11,"max_hp_gain":0,"max_hp_loss":0,"event_name":"World of Goop","floor":5,"gold_loss":0},{"damage_healed":0,"gold_gain":0,"player_choice":"Success","damage_taken":7,"relics_obtained":["Incense Burner"],"max_hp_gain":0,"max_hp_loss":0,"event_name":"Scrap Ooze","floor":8,"gold_loss":0},{"damage_healed":0,"gold_gain":0,"player_choice":"Ignored","damage_taken":0,"max_hp_gain":0,"max_hp_loss":0,"event_name":"Cursed Tome","floor":20,"gold_loss":0}],"is_beta":false,"boss_relics":[{"not_picked":["SacredBark","Runic Dome"],"picked":"SlaversCollar"}],"items_purged_floors":[],"is_endless":false,"potions_floor_spawned":[1,2,13,16,19,22,25,30],"killed_by":"Collector","ascension_level":0}}