{"host":"e3jr8cs0hrgde9ri","time":1612243824,"event":{"mods":["2.2 Compatiblity","BaseMod","Highlight Path","Minty Spire (QoL Compilation)","Permanent Neow","Quick Restart","SuperFastMode"],"gold_per_floor":[118,118,193,206,206,241,241,166,166,194,194,220,231,245,245,245,245],"floor_reached":16,"language":"ENG","playtime":290,"items_purged":["Strike_P"],"score":236,"play_id":"f65aa77c-fa7a-44a6-8d38-2c4016b2fe45","local_time":"20210201213024","is_ascension_mode":true,"campfire_choices":[{"floor":7.0,"key":"REST"},{"floor":15.0,"key":"REST"}],"circlet_count":0,"master_deck":["AscendersBane","Strike_P","Strike_P","Defend_P+1","Defend_P","Defend_P","Defend_P+1","Eruption","Vigilance","EmptyFist","WheelKick","Meditate","Scrawl","DevaForm","Indignation","MentalFortress"],"relics":["Fusion Hammer","Kunai","Sundial","Mummified Hand","Bag of Preparation"],"acts_visited":["Exordium"],"potions_floor_usage":[],"damage_taken":[{"damage":0.0,"enemies":"Cultist","floor":1.0,"turns":3.0},{"damage":0.0,"enemies":"Small Slimes","floor":4.0,"turns":2.0},{"damage":19.0,"enemies":"Lagavulin","floor":6.0,"turns":3.0},{"damage":30.0,"enemies":"Gremlin Nob","floor":10.0,"turns":4.0},{"damage":12.0,"enemies":"Lagavulin","floor":12.0,"turns":4.0},{"damage":0.0,"enemies":"2 Louse","floor":13.0,"turns":2.0},{"damage":3.0,"enemies":"Looter","floor":14.0,"turns":4.0},{"damage":28,"enemies":"Slime Boss","floor":16,"turns":8}],"seed_played":"4454295644372778258","potions_obtained":[{"floor":1.0,"key":"LiquidMemories"},{"floor":4.0,"key":"Regen Potion"},{"floor":12.0,"key":"SmokeBomb"},{"floor":14.0,"key":"Weak Potion"}],"is_trial":false,"path_per_floor":["M","?","?","M","?","E","R","$","T","E","?","E","M","M","R","B"],"character_chosen":"WATCHER","items_purchased":[],"campfire_rested":2,"item_purchase_floors":[],"current_hp_per_floor":[61,41,30,30,35,16,37,37,37,7,7,7,7,4,25,0,0],"gold":245,"neow_bonus":"BOSS_RELIC","is_daily":false,"chose_seed":false,"campfire_upgraded":0,"win_rate":0.0,"timestamp":1612243824,"path_taken":["M","?","?","M","?","E","R","$","T","E","?","E","M","M","R","BOSS"],"items_purchased_type":[],"build_version":"2020-12-22","purchased_purges":1,"victory":false,"max_hp_per_floor":[68,68,68,68,73,73,73,73,73,73,73,73,73,73,73,73,73],"card_choices":[{"not_picked":["Meditate","Prostrate"],"picked":"EmptyFist","floor":1.0},{"not_picked":["Fasting2","CutThroughFate"],"picked":"WheelKick","floor":4.0},{"not_picked":["FollowUp","EmptyBody"],"picked":"Meditate","floor":6.0},{"not_picked":["Prostrate","Perseverance"],"picked":"Scrawl","floor":10.0},{"not_picked":["Consecrate","Pray","JustLucky"],"picked":"SKIP","floor":12.0},{"not_picked":["Vengeance","FollowUp"],"picked":"Indignation","floor":13.0},{"not_picked":["BowlingBash","SignatureMove"],"picked":"MentalFortress","floor":14.0}],"player_experience":1809646,"relics_obtained":[{"floor":6.0,"key":"Kunai"},{"floor":9.0,"key":"Sundial"},{"floor":10.0,"key":"Mummified Hand"},{"floor":12.0,"key":"Bag of Preparation"}],"event_choices":[{"damage_healed":0.0,"max_hp_gain":0.0,"max_hp_loss":0.0,"gold_gain":0.0,"event_name":"Shining Light","player_choice":"Entered Light","floor":2.0,"gold_loss":0.0,"damage_taken":20.0,"cards_upgraded":["Defend_P","Defend_P"]},{"damage_healed":0.0,"max_hp_gain":0.0,"max_hp_loss":0.0,"gold_gain":75.0,"event_name":"World of Goop","player_choice":"Gather Gold","floor":3.0,"gold_loss":0.0,"damage_taken":11.0},{"damage_healed":0.0,"max_hp_gain":5.0,"max_hp_loss":0.0,"gold_gain":0.0,"event_name":"Big Fish","player_choice":"Donut","floor":5.0,"gold_loss":0.0,"damage_taken":0.0},{"damage_healed":0.0,"max_hp_gain":0.0,"max_hp_loss":0.0,"gold_gain":0.0,"cards_transformed":["Strike_P"],"event_name":"Transmorgrifier","player_choice":"Transformed","floor":11.0,"gold_loss":0.0,"damage_taken":0.0,"cards_obtained":["DevaForm"]}],"is_beta":false,"boss_relics":[],"items_purged_floors":[8],"is_endless":false,"potions_floor_spawned":[1,4,12,14],"killed_by":"Slime Boss","ascension_level":20}}