{"host":"3a1ypf1irl30q4k8","time":1612272694,"event":{"mods":["AchievementEnabler","BaseMod","Bestiary","Colored Map","Minty Spire (QoL Compilation)","Relic Stats"],"gold_per_floor":[114,127,145,156,31,60,60,72,98,98,98,132,149,179,179,278,278,288,302,12,23,23,33,33,33],"floor_reached":24,"language":"ENG","playtime":3177,"items_purged":["Strike_B","Strike_B"],"score":294,"play_id":"e2a74ecd-466a-4375-888d-52c0b058f45e","local_time":"20210202133134","is_ascension_mode":true,"campfire_choices":[{"data":"Sunder","floor":7.0,"key":"SMITH"},{"floor":11.0,"key":"REST"},{"floor":15.0,"key":"RECALL"}],"circlet_count":0,"master_deck":["Strike_B","Strike_B","Defend_B","Defend_B","Defend_B","Defend_B","Zap","Dualcast","Sunder+1","Ball Lightning","Beam Cell","Conserve Battery","Beam Cell","Reprogram","Skim","Streamline","Undo","Creative AI","Steam+1","Seek","Storm+1"],"relics":["Runic Dome","Kunai","Bronze Scales","Blood Vial","Toy Ornithopter","Cursed Key"],"acts_visited":["Exordium","TheCity"],"potions_floor_usage":[23],"damage_taken":[{"damage":0.0,"enemies":"Cultist","floor":1.0,"turns":4.0},{"damage":0.0,"enemies":"2 Louse","floor":2.0,"turns":2.0},{"damage":7.0,"enemies":"Jaw Worm","floor":3.0,"turns":2.0},{"damage":0.0,"enemies":"Exordium Wildlife","floor":4.0,"turns":1.0},{"damage":23.0,"enemies":"Lagavulin","floor":6.0,"turns":4.0},{"damage":10.0,"enemies":"Lots of Slimes","floor":8.0,"turns":3.0},{"damage":6.0,"enemies":"3 Sentries","floor":12.0,"turns":5.0},{"damage":10.0,"enemies":"Large Slime","floor":13.0,"turns":3.0},{"damage":0.0,"enemies":"Gremlin Nob","floor":14.0,"turns":2.0},{"damage":41.0,"enemies":"Hexaghost","floor":16.0,"turns":8.0},{"damage":12.0,"enemies":"Shell Parasite","floor":18.0,"turns":5.0},{"damage":13,"enemies":"Spheric Guardian","floor":19,"turns":4},{"damage":18,"enemies":"Centurion and Healer","floor":21,"turns":6},{"damage":12,"enemies":"Shelled Parasite and Fungi","floor":23,"turns":5},{"damage":30,"enemies":"Snecko","floor":24,"turns":4}],"seed_played":"7058332345519189928","potions_obtained":[{"floor":3.0,"key":"SkillPotion"},{"floor":4.0,"key":"SteroidPotion"},{"floor":12.0,"key":"AttackPotion"},{"floor":14.0,"key":"EssenceOfSteel"},{"floor":18,"key":"Block Potion"}],"is_trial":false,"path_per_floor":["M","M","M","M","$","E","R","M","T","T","R","E","M","E","R","B",null,"M","M","$","M","?","M","M"],"character_chosen":"DEFECT","items_purchased":["Beam Cell","Seek","Explosive Potion"],"campfire_rested":1,"item_purchase_floors":[5,20,20],"current_hp_per_floor":[75,75,68,68,68,45,45,35,35,35,57,51,43,45,45,16,75,63,52,52,36,29,24,0,0],"gold":33,"neow_bonus":"BOSS_RELIC","is_daily":false,"chose_seed":false,"campfire_upgraded":1,"win_rate":0.0,"timestamp":1612272694,"path_taken":["M","M","M","M","$","E","R","M","T","?","R","E","M","E","R","BOSS","M","M","$","M","?","M","?"],"items_purchased_type":["Card","Card","Potion"],"build_version":"2020-12-22","purchased_purges":2,"victory":false,"max_hp_per_floor":[75,75,75,75,75,75,75,75,75,75,75,75,75,75,75,75,75,75,75,75,75,75,75,75,75],"relic_stats":{"Blood Vial":14,"counters":[15,58],"Bronze Scales":[103],"Kunai":[9],"Cursed Key":0,"obtain_stats":[{"Blood Vial":12,"Runic Dome":0,"Bronze Scales":9,"Kunai":6,"Cracked Core":0,"Cursed Key":17,"Toy Ornithopter":14},{"Blood Vial":7,"Runic Dome":0,"Bronze Scales":6,"Kunai":5,"Cracked Core":0,"Cursed Key":10,"Toy Ornithopter":9},{"Blood Vial":21,"Runic Dome":0,"Bronze Scales":16,"Kunai":13,"Cracked Core":0,"Cursed Key":34,"Toy Ornithopter":26}],"Toy Ornithopter":15},"card_choices":[{"not_picked":["Redo","Compile Driver"],"picked":"Sunder","floor":1.0},{"not_picked":["FTL","Leap"],"picked":"Ball Lightning","floor":2.0},{"not_picked":["Leap","Creative AI"],"picked":"Beam Cell","floor":3.0},{"not_picked":["Gash","Compile Driver"],"picked":"Conserve Battery","floor":4.0},{"not_picked":["Steam","Stack"],"picked":"Reprogram","floor":6.0},{"not_picked":["Redo","Steam"],"picked":"Skim","floor":8.0},{"not_picked":["Double Energy","Coolheaded"],"picked":"Streamline","floor":12.0},{"not_picked":["Leap","Barrage","Turbo"],"picked":"SKIP","floor":13.0},{"not_picked":["Conserve Battery","Meteor Strike"],"picked":"Undo","floor":14.0},{"not_picked":["Multi-Cast","Biased Cognition"],"picked":"Creative AI","floor":16.0},{"not_picked":["Gash","Sweeping Beam"],"picked":"Steam+1","floor":18},{"not_picked":["Leap","Hologram","Barrage+1"],"picked":"SKIP","floor":19},{"not_picked":["Aggregate","Capacitor","Gash"],"picked":"SKIP","floor":21},{"not_picked":["Compile Driver","Genetic Algorithm"],"picked":"Storm+1","floor":23}],"player_experience":1288741,"relics_obtained":[{"floor":6.0,"key":"Kunai"},{"floor":9.0,"key":"Bronze Scales"},{"floor":12.0,"key":"Blood Vial"},{"floor":14.0,"key":"Toy Ornithopter"}],"event_choices":[{"damage_healed":0,"gold_gain":0,"player_choice":"Damaged","damage_taken":7,"max_hp_gain":0,"max_hp_loss":0,"event_name":"Wheel of Change","floor":22,"gold_loss":0}],"is_beta":false,"boss_relics":[{"not_picked":["Busted Crown","SacredBark"],"picked":"Cursed Key"}],"items_purged_floors":[5,20],"is_endless":false,"potions_floor_spawned":[3,4,12,13,14,18],"killed_by":"Snecko","ascension_level":4}}