{"host":"zlryddw6xv0ljf8b","time":1612260072,"event":{"mods":["AchievementEnabler","BaseMod","Colored Map","Colored Powertips","Highlight Path","Minty Spire (QoL Compilation)","Permanent Neow","Quick Restart","StSLib"],"gold_per_floor":[214,233,249,18,93,93,128,128,151,165,193,193,208,24,24,128,128,142,142,17,34,34,34,61,77,77,77,89,105,105,138,138,238,238,250,250,200,210,223,223,223,223,223,242,274,286,44,55,55,55,55,55,5,40,40],"floor_reached":56,"language":"ENG","playtime":3102,"items_purged":["Strike_R","Decay","Strike_R"],"score":1227,"play_id":"0dd670b5-37a9-4427-b793-70709d4e6c39","local_time":"20210202040112","is_ascension_mode":false,"campfire_choices":[{"data":"Inflame","floor":6.0,"key":"SMITH"},{"floor":8.0,"key":"REST"},{"floor":12.0,"key":"REST"},{"data":"Apotheosis","floor":15.0,"key":"SMITH"},{"data":"Whirlwind","floor":23.0,"key":"SMITH"},{"data":"Offering","floor":30,"key":"SMITH"},{"data":"Corruption","floor":32,"key":"SMITH"},{"floor":40,"key":"RECALL"},{"data":"Offering","floor":42,"key":"SMITH"},{"floor":49,"key":"REST"},{"data":"1","floor":52,"key":"LIFT"}],"circlet_count":0,"master_deck":["Defend_R","Defend_R","Defend_R","Defend_R","Bash","Thunderclap+1","Second Wind","Feel No Pain","Heavy Blade+1","Spot Weakness","Inflame+1","Whirlwind+1","Disarm","True Grit","Apotheosis+1","Offering+1","Necronomicurse","True Grit","Inflame","Shrug It Off","Disarm","Shockwave+1","Shrug It Off+1","Corruption+1","Offering+1","Feed+1","Intimidate+1","Uppercut+1","Sentinel+1","Battle Trance"],"relics":["Burning Blood","Bronze Scales","Oddly Smooth Stone","Toy Ornithopter","Sozu","Necronomicon","Meat on the Bone","Smiling Mask","Anchor","Shuriken","Astrolabe","The Courier","Girya","Calipers","Whetstone"],"acts_visited":["Exordium","TheCity","TheBeyond","TheEnding"],"potions_floor_usage":[31],"damage_taken":[{"damage":7.0,"enemies":"2 Louse","floor":1.0,"turns":2.0},{"damage":6.0,"enemies":"Jaw Worm","floor":2.0,"turns":4.0},{"damage":10.0,"enemies":"Small Slimes","floor":3.0,"turns":4.0},{"damage":54.0,"enemies":"Lagavulin","floor":7.0,"turns":8.0},{"damage":13.0,"enemies":"Red Slaver","floor":10.0,"turns":3.0},{"damage":28.0,"enemies":"Gremlin Nob","floor":11.0,"turns":4.0},{"damage":6.0,"enemies":"Exordium Wildlife","floor":13.0,"turns":2.0},{"damage":6.0,"enemies":"The Guardian","floor":16.0,"turns":10.0},{"damage":6.0,"enemies":"Chosen","floor":18.0,"turns":4.0},{"damage":6.0,"enemies":"Spheric Guardian","floor":21.0,"turns":2.0},{"damage":16.0,"enemies":"Book of Stabbing","floor":24.0,"turns":5.0},{"damage":4.0,"enemies":"Chosen and Byrds","floor":25.0,"turns":4.0},{"damage":0,"enemies":"Shelled Parasite and Fungi","floor":28,"turns":4},{"damage":0,"enemies":"Snake Plant","floor":29,"turns":2},{"damage":12,"enemies":"Slavers","floor":31,"turns":2},{"damage":7,"enemies":"Automaton","floor":33,"turns":5},{"damage":12,"enemies":"Orb Walker","floor":35,"turns":2},{"damage":6,"enemies":"3 Darklings","floor":38,"turns":4},{"damage":12,"enemies":"Maw","floor":39,"turns":6},{"damage":12,"enemies":"4 Shapes","floor":44,"turns":5},{"damage":13,"enemies":"Nemesis","floor":45,"turns":5},{"damage":12,"enemies":"Sphere and 2 Shapes","floor":46,"turns":1},{"damage":21,"enemies":"Transient","floor":48,"turns":5},{"damage":28,"enemies":"Donu and Deca","floor":50,"turns":5},{"damage":6,"enemies":"Shield and Spear","floor":54,"turns":3},{"damage":72,"enemies":"The Heart","floor":55,"turns":7}],"seed_played":"-808785007532001822","potions_obtained":[{"floor":7.0,"key":"Strength Potion"},{"floor":10.0,"key":"BlessingOfTheForge"},{"floor":13.0,"key":"Weak Potion"},{"floor":16.0,"key":"Dexterity Potion"}],"is_trial":false,"path_per_floor":["M","M","M","$","?","R","E","R","T","M","E","R","M","$","R","B",null,"M","?","$","M","T","R","E","M","T","?","M","M","R","E","R","B",null,"M","?","$","M","M","R","T","R","T","M","E","M","$","M","R","B",null,"R","$","E","B",null],"character_chosen":"IRONCLAD","items_purchased":["Heavy Blade","Spot Weakness","Inflame","Apotheosis","True Grit","Inflame","Calipers"],"campfire_rested":3,"item_purchase_floors":[4,4,4,14,20,20,47],"current_hp_per_floor":[79,79,75,75,64,64,16,40,40,33,11,35,35,35,35,50,80,80,64,64,64,64,64,54,56,56,56,62,68,68,67,67,66,80,74,74,74,74,72,72,72,72,72,70,63,57,57,54,80,62,92,92,92,92,38],"gold":40,"neow_bonus":"HUNDRED_GOLD","is_daily":false,"chose_seed":false,"campfire_upgraded":6,"win_rate":0.0,"timestamp":1612260072,"path_taken":["M","M","M","$","?","R","E","R","T","M","E","R","M","$","R","BOSS","BOSS","M","?","$","M","?","R","E","M","T","?","M","?","R","E","R","BOSS","M","?","$","M","?","R","?","R","T","M","E","M","$","M","R","BOSS","R","$","E","BOSS"],"items_purchased_type":["Card","Card","Card","Card","Card","Card","Relic"],"build_version":"2020-12-22","purchased_purges":3,"victory":true,"max_hp_per_floor":[80,80,80,80,80,80,80,80,80,80,80,80,80,80,80,80,80,80,80,80,80,80,80,80,80,80,80,80,80,80,80,80,80,80,80,80,80,80,84,84,84,84,84,88,88,88,88,88,88,92,92,92,92,92,92],"card_choices":[{"not_picked":["Havoc","Headbutt"],"picked":"Thunderclap","floor":1.0},{"not_picked":["Heavy Blade","Thunderclap"],"picked":"Second Wind","floor":2.0},{"not_picked":["Heavy Blade","Shrug It Off"],"picked":"Feel No Pain","floor":3.0},{"not_picked":["Reckless Charge","Cleave"],"picked":"Whirlwind","floor":7.0},{"not_picked":["Clothesline","Sword Boomerang"],"picked":"Disarm","floor":10.0},{"not_picked":["Anger","Iron Wave","Brutality"],"picked":"SKIP","floor":11.0},{"not_picked":["Shrug It Off","Spot Weakness"],"picked":"True Grit","floor":13.0},{"not_picked":["Immolate","Demon Form"],"picked":"Offering","floor":16.0},{"not_picked":["Reckless Charge","Iron Wave","Flex"],"picked":"SKIP","floor":18.0},{"not_picked":["Perfected Strike","Armaments"],"picked":"Shrug It Off","floor":21.0},{"not_picked":["Intimidate","Heavy Blade"],"picked":"Disarm","floor":24.0},{"not_picked":["Ghostly Armor","Carnage+1","Body Slam"],"picked":"SKIP","floor":25.0},{"not_picked":["Headbutt","Havoc"],"picked":"Shockwave+1","floor":28},{"not_picked":["True Grit","Body Slam"],"picked":"Shrug It Off+1","floor":29},{"not_picked":["Combust","Sentinel"],"picked":"Corruption","floor":31},{"not_picked":["Berserk","Immolate"],"picked":"Offering","floor":33},{"not_picked":["Anger+1","Pummel+1","Dropkick"],"picked":"SKIP","floor":35},{"not_picked":["Pommel Strike","Flex+1"],"picked":"Sentinel+1","floor":38},{"not_picked":["Carnage","Flex+1"],"picked":"Battle Trance","floor":39},{"not_picked":["Carnage+1","Armaments","Hemokinesis"],"picked":"SKIP","floor":44},{"not_picked":["Hemokinesis","Thunderclap","Sword Boomerang"],"picked":"SKIP","floor":45},{"not_picked":["Clash+1","Flex+1","Pommel Strike+1"],"picked":"SKIP","floor":46},{"not_picked":["Cleave+1","Rage+1","Perfected Strike+1"],"picked":"SKIP","floor":48},{"not_picked":["Infernal Blade+1","Blood for Blood","Pommel Strike"],"picked":"SKIP","floor":54}],"player_experience":49254,"relics_obtained":[{"floor":7.0,"key":"Bronze Scales"},{"floor":9.0,"key":"Oddly Smooth Stone"},{"floor":11.0,"key":"Toy Ornithopter"},{"floor":19.0,"key":"Necronomicon"},{"floor":22.0,"key":"Meat on the Bone"},{"floor":24.0,"key":"Smiling Mask"},{"floor":26.0,"key":"Anchor"},{"floor":31,"key":"Shuriken"},{"floor":41,"key":"The Courier"},{"floor":45,"key":"Girya"},{"floor":54,"key":"Whetstone"}],"event_choices":[{"damage_healed":0.0,"max_hp_gain":0.0,"max_hp_loss":0.0,"gold_gain":75.0,"event_name":"World of Goop","player_choice":"Gather Gold","floor":5.0,"gold_loss":0.0,"damage_taken":11.0},{"damage_healed":0.0,"max_hp_gain":0.0,"max_hp_loss":0.0,"gold_gain":0.0,"event_name":"Cursed Tome","player_choice":"Obtained Book","floor":19.0,"gold_loss":0.0,"damage_taken":16.0},{"damage_healed":0,"gold_gain":0,"player_choice":"Bought 0 Potions","damage_taken":0,"max_hp_gain":0,"max_hp_loss":0,"event_name":"The Woman in Blue","floor":27,"gold_loss":0},{"damage_healed":0,"gold_gain":0,"player_choice":"Cursed","damage_taken":0,"max_hp_gain":0,"max_hp_loss":0,"event_name":"Wheel of Change","floor":36,"gold_loss":0,"cards_obtained":["Decay"]}],"is_beta":false,"boss_relics":[{"not_picked":["Busted Crown","Black Blood"],"picked":"Sozu"},{"not_picked":["Pandora\u0027s Box","Empty Cage"],"picked":"Astrolabe"}],"items_purged_floors":[4,37,53],"is_endless":false,"potions_floor_spawned":[7,10,13,16,18,28,31,33,38,44,46,48],"ascension_level":0}}