{"host":"jh7kh5nqtgzr3auj","time":1612261143,"event":{"mods":["100% Spire Juice","AchievementEnabler","Act Like it!","BaseMod","CapriCore","Highlight Path","Minty Spire (QoL Compilation)","Quick Restart","StSLib","TestMod"],"gold_per_floor":[118,68,86,486,486,486,257,291,291,319,336,354,371,399,39,137,137,150,150,165,165,179,206,206,219,264,56,84,100,133,133,133,228,228,240,250,250,265,279,309,355,383,456,490,490,514,514,150,150,150],"floor_reached":51,"language":"ZHS","playtime":5310,"items_purged":["Moonworks:Strike","Moonworks:Strike"],"score":1167,"play_id":"0a49c1f7-fe3a-42d1-8b71-fa67aab8a068","local_time":"20210202181903","is_ascension_mode":true,"campfire_choices":[{"data":"testmod-TreasureHunter","floor":6.0,"key":"SMITH"},{"data":"Moonworks:SubspaceTunnel","floor":15.0,"key":"SMITH"},{"data":"Moonworks:CompletionReward","floor":24.0,"key":"SMITH"},{"data":"testmod-PainDetonator","floor":32.0,"key":"SMITH"},{"data":"Moonworks:Dash","floor":47.0,"key":"SMITH"},{"data":"Moonworks:AccelHyper","floor":49.0,"key":"SMITH"}],"circlet_count":0,"master_deck":["Moonworks:Strike","Moonworks:Defend+1","Moonworks:Defend+1","Moonworks:Defend","Moonworks:Defend","Moonworks:Ambush","Moonworks:LongDistanceShot","testmod-TreasureHunter+1","Moonworks:LuckyCharm","Moonworks:LulusLuckyEgg","Moonworks:StiffCrystal","Moonworks:AccelHyper+1","Moonworks:RocketCannon","Moonworks:TreasureThief","Moonworks:HolyNight","Moonworks:Dash+1","Moonworks:SubspaceTunnel+1","Moonworks:LulusLuckyEgg","Moonworks:NicePresent","Moonworks:WeAreWaruda","Moonworks:GoAway","Moonworks:NicePresent","Moonworks:CrystalBarrier","Moonworks:WindyEnchantment","Moonworks:MetallicMonocoque","Moonworks:HolyNight","Moonworks:CompletionReward+1","Moonworks:EvilSpyWorkPreparation","Moonworks:JonathanRush","testmod-PainDetonator+1","Moonworks:SubspaceTunnel","Moonworks:ShieldCounter","Moonworks:GoAway","Moonworks:SubspaceTunnel","Moonworks:MiracleWalker+1","Moonworks:CompletionReward","Moonworks:NicePresent","Moonworks:NicePresent","Moonworks:ShieldCounter","testmod-Reverberation","testmod-ConditionedReflex"],"relics":["Moonworks:BrokenBomb","Moonworks:Homemark","testmod-Brilliant","Bird Faced Urn","Incense Burner","Bottled Flame","Tiny Chest","Coffee Dripper","Nilry\u0027s Codex","Ornamental Fan","testmod-IndustrialRevolution","Pantograph","Pear","Runic Dome","Matryoshka","testmod-CyclicPeriapt","testmod-Hope","Centennial Puzzle","Eternal Feather","Vajra","Mercury Hourglass","Anchor","Omamori","Membership Card"],"acts_visited":["Exordium","TheCity","TheBeyond"],"potions_floor_usage":[],"damage_taken":[{"damage":6.0,"enemies":"Jaw Worm","floor":1.0,"turns":2.0},{"damage":0.0,"enemies":"2 Louse","floor":3.0,"turns":1.0},{"damage":0.0,"enemies":"Small Slimes","floor":7.0,"turns":1.0},{"damage":7.0,"enemies":"3 Sentries","floor":8.0,"turns":3.0},{"damage":4.0,"enemies":"Gremlin Nob","floor":10.0,"turns":3.0},{"damage":0.0,"enemies":"Exordium Thugs","floor":11.0,"turns":1.0},{"damage":0.0,"enemies":"Blue Slaver","floor":12.0,"turns":5.0},{"damage":0.0,"enemies":"3 Louse","floor":13.0,"turns":1.0},{"damage":6.0,"enemies":"Lagavulin","floor":14.0,"turns":4.0},{"damage":12.0,"enemies":"The Guardian","floor":16.0,"turns":11.0},{"damage":0.0,"enemies":"Shell Parasite","floor":18.0,"turns":5.0},{"damage":0.0,"enemies":"Chosen","floor":20.0,"turns":3.0},{"damage":0.0,"enemies":"Snecko","floor":22.0,"turns":4.0},{"damage":0.0,"enemies":"Book of Stabbing","floor":23.0,"turns":6.0},{"damage":0.0,"enemies":"Sentry and Sphere","floor":25.0,"turns":4.0},{"damage":0.0,"enemies":"Gremlin Leader","floor":28.0,"turns":5.0},{"damage":0.0,"enemies":"Snake Plant","floor":29.0,"turns":5.0},{"damage":0.0,"enemies":"Book of Stabbing","floor":30.0,"turns":5.0},{"damage":0.0,"enemies":"Automaton","floor":33.0,"turns":10.0},{"damage":0.0,"enemies":"Orb Walker","floor":35.0,"turns":3.0},{"damage":0.0,"enemies":"3 Shapes","floor":36.0,"turns":1.0},{"damage":0.0,"enemies":"3 Darklings","floor":38.0,"turns":2.0},{"damage":0.0,"enemies":"Sphere and 2 Shapes","floor":39.0,"turns":1.0},{"damage":9.0,"enemies":"Giant Head","floor":40.0,"turns":5.0},{"damage":0.0,"enemies":"2 Orb Walkers","floor":41.0,"turns":3.0},{"damage":0.0,"enemies":"Nemesis","floor":42.0,"turns":4.0},{"damage":0.0,"enemies":"Reptomancer","floor":44.0,"turns":3.0},{"damage":0,"enemies":"Donu and Deca","floor":50,"turns":8}],"seed_played":"5322254279568822062","potions_obtained":[{"floor":3.0,"key":"AttackPotion"},{"floor":8.0,"key":"DistilledChaos"},{"floor":12.0,"key":"SpeedPotion"},{"floor":14.0,"key":"FearPotion"},{"floor":20.0,"key":"LiquidBronze"},{"floor":40.0,"key":"AttackPotion"},{"floor":44.0,"key":"SkillPotion"}],"is_trial":false,"path_per_floor":["M","?","M","?","?","R","M","E","T","E","M","M","M","E","R","B",null,"M","?","M","?","M","E","R","M","T","$","E","M","E","T","R","B",null,"M","M","?","M","M","E","?","E","T","E","T","T","R","$","R","B",null],"character_chosen":"THE_STARBREAKER","items_purchased":["Moonworks:JonathanRush","testmod-PainDetonator","Membership Card","testmod-Reverberation","DistilledChaos","testmod-ConditionedReflex"],"campfire_rested":0,"item_purchase_floors":[27,27,48,48,48,48],"current_hp_per_floor":[36,36,36,36,36,36,36,29,29,25,25,27,27,21,21,11,60,60,60,60,44,46,52,52,58,58,58,60,60,70,70,70,70,70,70,70,70,70,70,67,69,70,70,70,70,70,70,70,70,70],"gold":150,"neow_bonus":"RANDOM_COLORLESS_2","is_daily":false,"chose_seed":false,"campfire_upgraded":6,"win_rate":0.0,"timestamp":1612261143,"path_taken":["M","?","M","?","?","R","M","E","T","E","M","M","M","E","R","BOSS","M","?","M","?","?","E","R","M","T","$","E","M","E","?","R","BOSS","M","M","?","M","M","E","?","E","T","E","?","?","R","$","R","BOSS"],"items_purchased_type":["Card","Card","Relic","Card","Potion","Card"],"build_version":"2020-12-22","purchased_purges":2,"victory":true,"max_hp_per_floor":[60,60,60,60,60,60,60,60,60,60,60,60,60,60,60,60,60,60,60,60,60,60,60,60,60,60,60,60,60,70,70,70,70,70,70,70,70,70,70,70,70,70,70,70,70,70,70,70,70,70],"card_choices":[{"not_picked":["The Bomb","testmod-Illusory"],"picked":"testmod-TreasureHunter","floor":0.0},{"not_picked":["Moonworks:CloudOfSeagulls","Moonworks:Assault"],"picked":"Moonworks:LuckyCharm","floor":1.0},{"not_picked":["Moonworks:TacticalRetreat","Moonworks:CloudOfSeagulls"],"picked":"Moonworks:LulusLuckyEgg","floor":3.0},{"not_picked":["Moonworks:IndiscriminateFireSupport","Moonworks:EvilSpyWorkPreparation","Moonworks:StiffCrystal"],"picked":"SKIP","floor":7.0},{"not_picked":["Moonworks:IndiscriminateFireSupport","Moonworks:EvilSpyWorkPreparation"],"picked":"Moonworks:StiffCrystal","floor":7.0},{"not_picked":["Moonworks:Assault","Moonworks:Dash"],"picked":"Moonworks:AccelHyper","floor":8.0},{"not_picked":["Moonworks:ImOnFire","Moonworks:EvilSpyWorkPreparation"],"picked":"Moonworks:TreasureThief","floor":10.0},{"not_picked":["Moonworks:Assault","Moonworks:CloudOfSeagulls"],"picked":"Moonworks:Dash","floor":11.0},{"not_picked":["Moonworks:JonathanRush","Moonworks:IndiscriminateFireSupport"],"picked":"Moonworks:LulusLuckyEgg","floor":12.0},{"not_picked":["Moonworks:SealedMemories","Moonworks:LeapThroughSpace"],"picked":"Moonworks:NicePresent","floor":13.0},{"not_picked":["Moonworks:ForcedRevival","Moonworks:JonathanRush"],"picked":"Moonworks:WeAreWaruda","floor":14.0},{"not_picked":["Moonworks:WeAreWaruda","Moonworks:RocketCannon"],"picked":"Moonworks:GoAway","floor":16.0},{"not_picked":["Moonworks:x16BigRocket+1","Moonworks:SelfDestruct+1"],"picked":"Moonworks:NicePresent","floor":18.0},{"not_picked":["Moonworks:EvilSpyWorkPreparation+1","Moonworks:CookingTime+1"],"picked":"Moonworks:WindyEnchantment","floor":20.0},{"not_picked":["Moonworks:Assault","Moonworks:ReproductionOfRecords+1","Moonworks:LulusLuckyEgg+1"],"picked":"SKIP","floor":22.0},{"not_picked":["Moonworks:ScrambledEve","Moonworks:BigBangBell"],"picked":"Moonworks:CompletionReward","floor":23.0},{"not_picked":["Moonworks:BigMagnum","Moonworks:Flamethrower"],"picked":"Moonworks:EvilSpyWorkPreparation","floor":25.0},{"not_picked":["Moonworks:CastOff","Moonworks:EvilSpyWorkPreparation","Moonworks:UnpaidWork"],"picked":"SKIP","floor":28.0},{"not_picked":["Moonworks:LuckyCharm","Moonworks:EvilSpyWorkPreparation","Moonworks:DeployBits"],"picked":"SKIP","floor":29.0},{"not_picked":["Moonworks:FinalSurgery","Moonworks:SakisCookie","Moonworks:ForcedRevival"],"picked":"SKIP","floor":30.0},{"not_picked":["Moonworks:EvilMastermind","Moonworks:Gamble"],"picked":"Moonworks:SubspaceTunnel","floor":33.0},{"not_picked":["Moonworks:CloudOfSeagulls","Moonworks:SealedMemories+1"],"picked":"Moonworks:MiracleWalker+1","floor":35.0},{"not_picked":["Moonworks:EvilSpyWorkPreparation+1","Moonworks:SakisCookie+1"],"picked":"Moonworks:CompletionReward","floor":36.0},{"not_picked":["Moonworks:CloudOfSeagulls","Moonworks:BeyondHell","Moonworks:BigMagnum"],"picked":"SKIP","floor":38.0},{"not_picked":["Moonworks:DeployBits","Moonworks:AwakeningOfTalent+1"],"picked":"Moonworks:NicePresent","floor":39.0},{"not_picked":["Moonworks:LulusLuckyEgg+1","Moonworks:TacticalRetreat+1"],"picked":"Moonworks:NicePresent","floor":40.0},{"not_picked":["Moonworks:ImOnFire+1","Moonworks:IndiscriminateFireSupport","Moonworks:FullSpeedAlicianrone+1"],"picked":"SKIP","floor":42.0},{"not_picked":["Moonworks:JonathanRush+1","Moonworks:Assault","Moonworks:Encore"],"picked":"SKIP","floor":44.0}],"player_experience":272743,"relics_obtained":[{"floor":8.0,"key":"Bird Faced Urn"},{"floor":9.0,"key":"Incense Burner"},{"floor":10.0,"key":"Bottled Flame"},{"floor":14.0,"key":"Tiny Chest"},{"floor":21.0,"key":"Nilry\u0027s Codex"},{"floor":23.0,"key":"Ornamental Fan"},{"floor":26.0,"key":"testmod-IndustrialRevolution"},{"floor":28.0,"key":"Pantograph"},{"floor":30.0,"key":"Pear"},{"floor":40.0,"key":"Matryoshka"},{"floor":41.0,"key":"testmod-CyclicPeriapt"},{"floor":42.0,"key":"testmod-Hope"},{"floor":43.0,"key":"Centennial Puzzle"},{"floor":43.0,"key":"Eternal Feather"},{"floor":44.0,"key":"Vajra"},{"floor":45.0,"key":"Mercury Hourglass"},{"floor":45.0,"key":"Anchor"},{"floor":46.0,"key":"Omamori"}],"event_choices":[{"cards_removed":["Moonworks:Strike"],"damage_healed":0.0,"max_hp_gain":0.0,"max_hp_loss":0.0,"gold_gain":0.0,"event_name":"The Cleric","player_choice":"Card Removal","floor":2.0,"gold_loss":50.0,"damage_taken":0.0},{"damage_healed":0.0,"max_hp_gain":0.0,"max_hp_loss":0.0,"gold_gain":400.0,"event_name":"恩洛斯的盘子","player_choice":"Sell","floor":4.0,"relics_lost":["testmod-TestBox"],"gold_loss":0.0,"damage_taken":0.0},{"damage_healed":0.0,"max_hp_gain":0.0,"max_hp_loss":0.0,"gold_gain":0.0,"event_name":"给自己的盒子","player_choice":"Swap Relic","floor":5.0,"relics_lost":["War Paint"],"gold_loss":0.0,"damage_taken":0.0,"relics_obtained":["War Paint"]},{"damage_healed":0.0,"max_hp_gain":0.0,"max_hp_loss":0.0,"gold_gain":0.0,"event_name":"Vampires","player_choice":"Ignored","floor":19.0,"gold_loss":0.0,"damage_taken":0.0},{"damage_healed":0.0,"max_hp_gain":0.0,"max_hp_loss":0.0,"gold_gain":0.0,"event_name":"Cursed Tome","player_choice":"Obtained Book","floor":21.0,"gold_loss":0.0,"damage_taken":16.0},{"damage_healed":0.0,"max_hp_gain":0.0,"max_hp_loss":0.0,"gold_gain":0.0,"event_name":"Tomb of Lord Red Mask","player_choice":"Ignored","floor":37.0,"gold_loss":0.0,"damage_taken":0.0},{"damage_healed":0.0,"max_hp_gain":0.0,"max_hp_loss":0.0,"gold_gain":0.0,"event_name":"Mysterious Sphere","player_choice":"Fight","floor":41.0,"gold_loss":0.0,"damage_taken":0.0}],"is_beta":false,"boss_relics":[{"not_picked":["testmod-Recursion","SacredBark"],"picked":"Coffee Dripper"},{"not_picked":["Fusion Hammer","testmod-BatchProcessingSystem"],"picked":"Runic Dome"}],"items_purged_floors":[27,48],"is_endless":false,"potions_floor_spawned":[3,8,12,14,20,22,23,35,40,44],"ascension_level":1}}