{"host":"q75fusloz6zmuoth","time":1612274192,"event":{"mods":["BaseMod","Filter the Spire","Minty Spire (QoL Compilation)","Relic Stats","StSLib"],"gold_per_floor":[113,125,53,65,81,114,114,289,289,345,13,88,88,122,122,242,242,258,258,183,201,45,88,109,109,154,154,194,214,245,102,102,102,102],"floor_reached":33,"language":"ENG","playtime":1426,"items_purged":["Doubt"],"score":498,"play_id":"9cc817f8-72ea-4476-af50-905646b1c0ec","local_time":"20210202145631","is_ascension_mode":true,"campfire_choices":[{"floor":15.0,"key":"REST"},{"floor":25,"key":"REST"},{"floor":32,"key":"REST"}],"circlet_count":0,"master_deck":["AscendersBane","Strike_B","Strike_B","Defend_B","Defend_B","Defend_B","Zap","Glacier+1","Glacier+1","Defragment+1","Sweeping Beam","Sunder","Cold Snap","Go for the Eyes","Turbo","Ball Lightning","Creative AI+1","Tempest","Heatsinks+1","Coolheaded","Ball Lightning+1"],"relics":["Astrolabe","FossilizedHelix","CaptainsWheel","TungstenRod","WingedGreaves","Frozen Egg 2","Golden Idol","Peace Pipe","Nuclear Battery","OrangePellets","Emotion Chip","Boot","Molten Egg 2","Singing Bowl","Runic Capacitor"],"acts_visited":["Exordium","TheCity"],"potions_floor_usage":[23,28,28,30,33,33],"damage_taken":[{"damage":0.0,"enemies":"Cultist","floor":1.0,"turns":5.0},{"damage":7.0,"enemies":"Jaw Worm","floor":2.0,"turns":5.0},{"damage":0.0,"enemies":"2 Louse","floor":4.0,"turns":3.0},{"damage":4.0,"enemies":"Blue Slaver","floor":5.0,"turns":4.0},{"damage":25.0,"enemies":"Lagavulin","floor":6.0,"turns":8.0},{"damage":0.0,"enemies":"Lagavulin Event","floor":10.0,"turns":8.0},{"damage":6.0,"enemies":"3 Sentries","floor":14.0,"turns":8.0},{"damage":12.0,"enemies":"The Guardian","floor":16.0,"turns":13.0},{"damage":5,"enemies":"Chosen","floor":18,"turns":7},{"damage":0,"enemies":"Spheric Guardian","floor":21,"turns":4},{"damage":37,"enemies":"Slavers","floor":23,"turns":7},{"damage":7,"enemies":"Snake Plant","floor":24,"turns":5},{"damage":5,"enemies":"Gremlin Leader","floor":28,"turns":4},{"damage":17,"enemies":"Sentry and Sphere","floor":29,"turns":6},{"damage":1,"enemies":"Slavers","floor":30,"turns":17},{"damage":31,"enemies":"Automaton","floor":33,"turns":6}],"seed_played":"-1237278417758796264","potions_obtained":[{"floor":2.0,"key":"Explosive Potion"},{"floor":6.0,"key":"PowerPotion"},{"floor":27,"key":"PowerPotion"},{"floor":28,"key":"LiquidMemories"},{"floor":29,"key":"PotionOfCapacity"},{"floor":30,"key":"SpeedPotion"}],"is_trial":false,"path_per_floor":["M","M","$","M","M","E","T","?","T","?","$","?","?","E","R","B",null,"M","?","?","M","$","E","M","R","T","?","E","M","E","$","R","B"],"character_chosen":"DEFECT","items_purchased":["Sunder","Frozen Egg 2","OrangePellets","Runic Capacitor"],"campfire_rested":3,"item_purchase_floors":[3,11,22,31],"current_hp_per_floor":[68,61,61,61,57,32,32,32,32,32,32,22,22,16,36,24,58,53,53,53,53,53,16,9,29,29,29,24,7,6,6,26,0,0],"gold":102,"neow_bonus":"BOSS_RELIC","is_daily":false,"chose_seed":false,"campfire_upgraded":0,"win_rate":0.0,"timestamp":1612274191,"path_taken":["M","M","$","M","M","E","?","?","T","?","?","?","?","E","R","BOSS","M","?","?","M","$","E","M","R","T","?","E","M","E","$","R","BOSS"],"items_purchased_type":["Card","Relic","Relic","Relic"],"build_version":"2020-12-22","purchased_purges":1,"victory":false,"max_hp_per_floor":[75,75,75,75,75,75,75,75,75,75,75,75,69,69,69,69,69,69,69,69,69,69,69,69,69,69,69,69,69,69,69,69,69,69],"relic_stats":{"Peace Pipe":1,"OrangePellets":[5],"Emotion Chip":[31,14,14,0,3],"Singing Bowl":0,"counters":[16,110],"Golden Idol":69,"Astrolabe":["Glacier","Glacier","Defragment"],"Boot":[21],"obtain_stats":[{"Singing Bowl":30,"Golden Idol":13,"Astrolabe":0,"Runic Capacitor":31,"Frozen Egg 2":11,"Boot":26,"Nuclear Battery":17,"Peace Pipe":14,"OrangePellets":22,"CaptainsWheel":7,"Emotion Chip":23,"Molten Egg 2":28,"WingedGreaves":10,"Cracked Core":0,"FossilizedHelix":6,"TungstenRod":9},{"Singing Bowl":15,"Golden Idol":6,"Astrolabe":0,"Runic Capacitor":15,"Frozen Egg 2":6,"Boot":12,"Nuclear Battery":8,"Peace Pipe":7,"OrangePellets":10,"CaptainsWheel":5,"Emotion Chip":11,"Molten Egg 2":13,"WingedGreaves":6,"Cracked Core":0,"FossilizedHelix":5,"TungstenRod":5},{"Singing Bowl":104,"Golden Idol":33,"Astrolabe":0,"Runic Capacitor":104,"Frozen Egg 2":33,"Boot":77,"Nuclear Battery":54,"Peace Pipe":41,"OrangePellets":65,"CaptainsWheel":25,"Emotion Chip":72,"Molten Egg 2":81,"WingedGreaves":33,"Cracked Core":0,"FossilizedHelix":25,"TungstenRod":25}],"TungstenRod":26},"card_choices":[{"not_picked":["Redo","Reprogram","Heatsinks"],"picked":"SKIP","floor":1.0},{"not_picked":["Darkness","Chill"],"picked":"Sweeping Beam","floor":2.0},{"not_picked":["Gash","Hello World"],"picked":"Cold Snap","floor":4.0},{"not_picked":["Undo","Chaos"],"picked":"Go for the Eyes","floor":5.0},{"not_picked":["Redo","Defragment"],"picked":"Turbo","floor":6.0},{"not_picked":["Stack","Redo"],"picked":"Ball Lightning","floor":14.0},{"not_picked":["Meteor Strike","Rainbow"],"picked":"Creative AI+1","floor":16.0},{"not_picked":["Rebound","Undo"],"picked":"Tempest","floor":18},{"not_picked":["Static Discharge+1","Barrage","Doom and Gloom"],"picked":"SKIP","floor":21},{"not_picked":["Hello World+1","Lockon"],"picked":"Heatsinks+1","floor":23},{"not_picked":["Turbo","Ball Lightning"],"picked":"Coolheaded","floor":24},{"not_picked":["Steam","Redo","Static Discharge+1"],"picked":"SKIP","floor":28},{"not_picked":["Coolheaded","Double Energy","Gash+1"],"picked":"SKIP","floor":29},{"not_picked":["Defragment+1","Reinforced Body"],"picked":"Ball Lightning+1","floor":30}],"player_experience":525566,"relics_obtained":[{"floor":6.0,"key":"FossilizedHelix"},{"floor":7.0,"key":"CaptainsWheel"},{"floor":9.0,"key":"TungstenRod"},{"floor":10.0,"key":"WingedGreaves"},{"floor":14.0,"key":"Peace Pipe"},{"floor":23,"key":"Emotion Chip"},{"floor":26,"key":"Boot"},{"floor":28,"key":"Molten Egg 2"},{"floor":30,"key":"Singing Bowl"}],"event_choices":[{"damage_healed":0.0,"max_hp_gain":0.0,"max_hp_loss":0.0,"gold_gain":175.0,"event_name":"Liars Game","player_choice":"AGREE","floor":8.0,"gold_loss":0.0,"damage_taken":0.0,"cards_obtained":["Doubt"]},{"damage_healed":0.0,"max_hp_gain":0.0,"max_hp_loss":0.0,"gold_gain":0.0,"event_name":"Dead Adventurer","player_choice":"Searched \u00271\u0027 times","floor":10.0,"gold_loss":0.0,"damage_taken":0.0},{"damage_healed":0.0,"max_hp_gain":0.0,"max_hp_loss":0.0,"gold_gain":75.0,"event_name":"World of Goop","player_choice":"Gather Gold","floor":12.0,"gold_loss":0.0,"damage_taken":11.0},{"damage_healed":0.0,"max_hp_gain":0.0,"max_hp_loss":6.0,"gold_gain":0.0,"event_name":"Golden Idol","player_choice":"Lose Max HP","floor":13.0,"gold_loss":0.0,"damage_taken":0.0,"relics_obtained":["Golden Idol"]},{"damage_healed":0,"gold_gain":0,"player_choice":"Ignored","damage_taken":0,"max_hp_gain":0,"max_hp_loss":0,"event_name":"Vampires","floor":19,"gold_loss":0},{"cards_removed":["Dualcast"],"damage_healed":0,"gold_gain":0,"player_choice":"Gave Gold","damage_taken":0,"max_hp_gain":0,"max_hp_loss":0,"event_name":"Beggar","floor":20,"gold_loss":75},{"damage_healed":0,"gold_gain":0,"player_choice":"Got Potions","damage_taken":0,"max_hp_gain":0,"max_hp_loss":0,"event_name":"Lab","floor":27,"gold_loss":0}],"is_beta":false,"boss_relics":[{"not_picked":["SacredBark","Ectoplasm"],"picked":"Nuclear Battery"}],"items_purged_floors":[11],"is_endless":false,"potions_floor_spawned":[2,6,16,21,28,29,30],"killed_by":"Automaton","ascension_level":12}}