{"host":"j7ar7kkzojniygbp","time":1612282873,"event":{"mods":["AchievementEnabler","Aspiration","BaseMod","Colored Map","Conjunction","Conspire","Downfall","Halation","Hermit","Hubris","Infinite Spire","Minty Spire (QoL Compilation)","Replay The Spire","Shop Mod","StSLib","The Blue Laboratory","The Cursed","The Necromancer"],"gold_per_floor":[109,109,109,126,144,144,161,161,186,204,238,52,68,68,68,174,174,196,218,218,218,218,254,254,254,254,274,302,306,306],"floor_reached":29,"language":"ENG","playtime":3415,"items_purged":["Strike_B"],"score":243,"play_id":"e847a744-9049-44b0-91d8-65905f8ff2ec","local_time":"20210202172113","is_ascension_mode":false,"campfire_choices":[{"data":"Fusion","floor":6,"key":"SMITH"},{"floor":8,"key":"REST"},{"floor":15,"key":"REST"},{"floor":24,"key":"REST"}],"circlet_count":0,"master_deck":["Strike_B","Strike_B","Defend_B","Defend_B","Defend_B","Defend_B","Zap","Dualcast","Fusion+1","Storm","Conserve Battery","ReplayTheSpireMod:GoodbyeWorld","Darkness","BasicCrystalCard","Loop","Coolheaded+1","Capacitor","Multi-Cast","Static Discharge+1","Loop","Loop+1","Decay","Time Bomb"],"relics":["Cracked Core","halation:EternalFortune","halation:IllGainedPizza","infinitespire:BottledMercury","conspire:RunicOctahedron","halation:PinkSoulGem","hubris:Zylophone","Gremlin Horn","Red Mask"],"acts_visited":["Exordium","TheCity"],"potions_floor_usage":[16,29],"damage_taken":[{"damage":3,"enemies":"2 Louse","floor":1,"turns":2},{"damage":0,"enemies":"Small Slimes","floor":4,"turns":3},{"damage":5,"enemies":"Jaw Worm","floor":5,"turns":4},{"damage":16,"enemies":"Large Slime","floor":7,"turns":7},{"damage":14,"enemies":"2 Fungi Beasts","floor":10,"turns":5},{"damage":28,"enemies":"Lagavulin","floor":11,"turns":7},{"damage":15,"enemies":"Blue Slaver","floor":13,"turns":4},{"damage":26,"enemies":"The Guardian","floor":16,"turns":9},{"damage":38,"enemies":"Spheric Guardian","floor":18,"turns":6},{"damage":14,"enemies":"Shell Parasite","floor":19,"turns":5},{"damage":29,"enemies":"Nightmare","floor":23,"turns":5},{"damage":28,"enemies":"Centurion and Healer","floor":27,"turns":5},{"damage":0,"enemies":"Masked Bandits","floor":28,"turns":1},{"damage":6,"enemies":"Shelled Parasite and Fungi","floor":29,"turns":2}],"seed_played":"-8890199621883466946","potions_obtained":[{"floor":1,"key":"blueLaboratory:HorrorPotion"},{"floor":5,"key":"Conjunction:LightningMarble"},{"floor":10,"key":"blueLaboratory:NullPotion"},{"floor":23,"key":"blueLaboratory:ArtificerPotion"},{"floor":28,"key":"blueLaboratory:CoolantVial"}],"is_trial":false,"path_per_floor":["M","?","?","M","M","R","M","R","T","M","E","$","M","?","R_BF","B",null,"M","M","?","?","?","NM","R","?","T","M","?","M"],"character_chosen":"DEFECT","items_purchased":["Loop","Coolheaded+1"],"campfire_rested":3,"item_purchase_floors":[12,12],"current_hp_per_floor":[79,72,75,75,73,73,57,83,83,69,41,41,26,55,81,55,88,50,36,36,36,36,7,33,33,33,5,5,0,0],"gold":306,"neow_bonus":"TEN_PERCENT_HP_BONUS","is_daily":false,"chose_seed":false,"campfire_upgraded":1,"win_rate":0.0,"timestamp":1612282873,"path_taken":["M","?","?","?","M","R","M","R","T","M","E","$","M","?","R_BF","BOSS","M","M","?","?","?","NM","R","?","T","M","?","?"],"items_purchased_type":["Card","Card"],"build_version":"2020-12-22","purchased_purges":1,"victory":false,"max_hp_per_floor":[82,82,85,85,88,88,88,88,88,88,88,88,88,88,88,88,88,88,88,88,88,88,88,88,88,88,88,88,88,88],"card_choices":[{"not_picked":["Redo","ReplayTheSpireMod:Repulse"],"picked":"Fusion","floor":1},{"not_picked":["Tempest","Conserve Battery"],"picked":"Storm","floor":4},{"not_picked":["Go for the Eyes","Streamline"],"picked":"Conserve Battery","floor":5},{"not_picked":["Sweeping Beam","Beam Cell"],"picked":"ReplayTheSpireMod:GoodbyeWorld","floor":7},{"not_picked":["ReplayGash","Streamline"],"picked":"Darkness","floor":10},{"not_picked":["hubris:PowerSurge","Aggregate"],"picked":"BasicCrystalCard","floor":11},{"not_picked":["Redo","Coolheaded"],"picked":"Capacitor","floor":13},{"not_picked":["ReplayTheSpireMod:Fabricate Wheel","ReplayTheSpireMod:Omega Cannon"],"picked":"Multi-Cast","floor":16},{"not_picked":["ReplayTheSpireMod:Dual Polarity","Rip and Tear"],"picked":"Static Discharge+1","floor":18},{"not_picked":["FIFO Queue","Redo"],"picked":"Loop","floor":19},{"not_picked":["Genetic Algorithm+1","Hello World"],"picked":"Loop+1","floor":23},{"not_picked":["Steam","Coolheaded","ReplayTheSpireMod:GoodbyeWorld+1"],"picked":"SKIP","floor":27},{"not_picked":["Gash","Redo"],"picked":"Time Bomb","floor":28}],"player_experience":14249,"relics_obtained":[{"floor":5,"key":"halation:EternalFortune"},{"floor":9,"key":"halation:IllGainedPizza"},{"floor":11,"key":"infinitespire:BottledMercury"},{"floor":23,"key":"hubris:Zylophone"},{"floor":26,"key":"Gremlin Horn"},{"floor":28,"key":"Red Mask"}],"event_choices":[{"cards_removed":["Strike_B"],"damage_healed":0,"gold_gain":0,"player_choice":"Card Removal","damage_taken":7,"max_hp_gain":0,"max_hp_loss":0,"event_name":"Golden Wing","floor":2,"gold_loss":0},{"damage_healed":29,"gold_gain":0,"player_choice":"Banana","damage_taken":0,"max_hp_gain":0,"max_hp_loss":0,"event_name":"Big Fish","floor":14,"gold_loss":0},{"damage_healed":0,"gold_gain":0,"player_choice":"Smashed Altar","damage_taken":0,"max_hp_gain":0,"max_hp_loss":0,"event_name":"Forgotten Altar","floor":25,"gold_loss":0,"cards_obtained":["Decay"]},{"damage_healed":0,"gold_gain":0,"player_choice":"Fought Bandits","damage_taken":0,"max_hp_gain":0,"max_hp_loss":0,"event_name":"Masked Bandits","floor":28,"gold_loss":0}],"is_beta":false,"boss_relics":[{"not_picked":["halation:PlatinumPhoenix","hubris:HollowSoul"],"picked":"conspire:RunicOctahedron"}],"items_purged_floors":[12],"is_endless":false,"potions_floor_spawned":[1,5,10,23,28],"killed_by":"Shelled Parasite and Fungi","ascension_level":0}}