{"host":"dztixnx9b0gu6w9i","time":1612228478,"event":{"mods":["BaseMod","Bestiary","Minty Spire (QoL Compilation)","Relic Stats","Slay the Relics Exporter","SpireBot","ojb\u0027s Better Paths Mod","ojb\u0027s Info Mod"],"gold_per_floor":[110,185,110,35,50,50,81,81,129,129,148,177,189,266,266,345,345,355,178,198,198,218,251,251,276,276,119,119,119,130,140,140,214,214,232,249,266,280,18,18,43,70,70,101,101,129,129,140,140,140,140,140,140,7,36,36],"floor_reached":57,"language":"ENG","playtime":8522,"items_purged":["Strike_B","Strike_B","Scrape","Defend_B"],"score":2776,"play_id":"98149132-1ce9-4b3b-9bc2-dfd24bcd4e8d","local_time":"20210201201438","is_ascension_mode":true,"campfire_choices":[{"data":"Zap","floor":6,"key":"SMITH"},{"data":"Chaos","floor":8,"key":"SMITH"},{"data":"Dualcast","floor":10,"key":"SMITH"},{"data":"Go for the Eyes","floor":15,"key":"SMITH"},{"floor":24,"key":"REST"},{"data":"Seek","floor":29,"key":"SMITH"},{"data":"Biased Cognition","floor":32,"key":"SMITH"},{"data":"Defragment","floor":40,"key":"SMITH"},{"floor":49,"key":"RECALL"},{"data":"Biased Cognition","floor":53,"key":"SMITH"}],"circlet_count":0,"master_deck":["AscendersBane","Defend_B","Defend_B","Zap+1","Dualcast+1","Melter","Compile Driver","Steam","Chaos+1","Steam","Self Repair","Go for the Eyes+1","Core Surge","Cold Snap","Seek+1","Ball Lightning","Genetic Algorithm","Biased Cognition+1","Genetic Algorithm","Coolheaded","Static Discharge+1","Biased Cognition+1","Cold Snap+1","Coolheaded+1","Defragment+1","Undo","Parasite","Core Surge"],"relics":["Cracked Core","Eternal Feather","Pear","Inserter","Dream Catcher","Du-Vu Doll","Sundial","Nloth\u0027s Gift","Velvet Choker","Membership Card","Mango","Lizard Tail","White Beast Statue","Smiling Mask","Anchor","Strange Spoon","Gremlin Horn"],"acts_visited":["Exordium","TheCity","TheBeyond","TheEnding"],"potions_floor_usage":[7,18,22,23,31,33,44,55,56,56],"damage_taken":[{"damage":0,"enemies":"2 Louse","floor":1,"turns":2},{"damage":8,"enemies":"Small Slimes","floor":5,"turns":3},{"damage":11,"enemies":"Gremlin Nob","floor":7,"turns":3},{"damage":2,"enemies":"Jaw Worm","floor":11,"turns":2},{"damage":19,"enemies":"3 Sentries","floor":12,"turns":7},{"damage":7,"enemies":"Gremlin Gang","floor":13,"turns":3},{"damage":23,"enemies":"The Guardian","floor":16,"turns":12},{"damage":11,"enemies":"Shell Parasite","floor":18,"turns":5},{"damage":0,"enemies":"Spheric Guardian","floor":20,"turns":1},{"damage":22,"enemies":"Shelled Parasite and Fungi","floor":22,"turns":5},{"damage":32,"enemies":"Gremlin Leader","floor":23,"turns":8},{"damage":54,"enemies":"Slavers","floor":25,"turns":7},{"damage":5,"enemies":"Snecko","floor":30,"turns":5},{"damage":14,"enemies":"Snake Plant","floor":31,"turns":4},{"damage":34,"enemies":"Automaton","floor":33,"turns":8},{"damage":9,"enemies":"Orb Walker","floor":35,"turns":4},{"damage":0,"enemies":"3 Shapes","floor":36,"turns":8},{"damage":0,"enemies":"Transient","floor":37,"turns":6},{"damage":1,"enemies":"4 Shapes","floor":38,"turns":6},{"damage":0,"enemies":"Mind Bloom Boss Battle","floor":41,"turns":6},{"damage":0,"enemies":"Giant Head","floor":42,"turns":20},{"damage":58,"enemies":"Reptomancer","floor":44,"turns":10},{"damage":0,"enemies":"Nemesis","floor":46,"turns":15},{"damage":0,"enemies":"Writhing Mass","floor":48,"turns":9},{"damage":31,"enemies":"Awakened One","floor":50,"turns":24},{"damage":33,"enemies":"Time Eater","floor":51,"turns":32},{"damage":11,"enemies":"Shield and Spear","floor":55,"turns":8},{"damage":100,"enemies":"The Heart","floor":56,"turns":11}],"seed_played":"-3570153476321206571","potions_obtained":[{"floor":1,"key":"Explosive Potion"},{"floor":13,"key":"FairyPotion"},{"floor":16,"key":"ColorlessPotion"},{"floor":18,"key":"FocusPotion"},{"floor":22,"key":"DistilledChaos"},{"floor":30,"key":"FearPotion"},{"floor":31,"key":"Ancient Potion"},{"floor":41,"key":"BlessingOfTheForge"},{"floor":44,"key":"SteroidPotion"},{"floor":48,"key":"SkillPotion"},{"floor":55,"key":"SkillPotion"}],"is_trial":false,"path_per_floor":["M","?","?","$","M","R","E","R","T","R","M","E","M","T","R","B",null,"M","$","M","?","M","E","R","E","T","$","?","R","M","M","R","B",null,"M","M","M","M","$","R","?","E","T","E","?","E","?","M","R","B","B",null,"R","$","E","B",null],"character_chosen":"DEFECT","items_purchased":["Seek","Block Potion","Membership Card","Defragment","Strange Spoon"],"campfire_rested":1,"item_purchase_floors":[19,27,39,39,54],"current_hp_per_floor":[64,53,53,53,45,45,34,40,40,46,44,25,25,35,44,28,63,59,59,59,59,44,19,53,29,29,29,29,41,43,36,48,21,61,59,66,73,74,74,74,88,88,88,40,40,47,47,54,69,45,19,68,83,83,79,34],"gold":36,"neow_bonus":"TRANSFORM_TWO_CARDS","is_daily":false,"chose_seed":false,"campfire_upgraded":8,"win_rate":0.0,"timestamp":1612228478,"path_taken":["M","?","?","?","M","R","E","R","T","R","M","E","?","?","R","BOSS","M","$","M","?","M","E","R","E","T","$","?","R","?","M","R","BOSS","M","M","M","M","$","R","?","E","T","E","?","E","?","M","R","BOSS","BOSS","R","$","E","BOSS"],"items_purchased_type":["Card","Potion","Relic","Card","Relic"],"build_version":"2020-12-22","purchased_purges":4,"victory":true,"max_hp_per_floor":[64,64,64,64,64,64,64,64,64,64,64,64,64,74,74,74,74,74,74,74,74,74,74,74,74,74,74,74,74,74,74,74,74,74,74,74,74,74,74,74,88,88,88,88,88,88,84,84,84,84,84,84,84,84,84,84],"relic_stats":{"Strange Spoon":[11],"Dream Catcher":1,"Lizard Tail":42,"Inserter":[83],"Gremlin Horn":[0,0],"counters":[28,234],"Sundial":[26],"Eternal Feather":87,"Nloth\u0027s Gift":3,"Smiling Mask":25,"obtain_stats":[{"Pear":14,"Inserter":17,"Gremlin Horn":55,"Velvet Choker":34,"Eternal Feather":7,"Mango":41,"Smiling Mask":44,"White Beast Statue":43,"Du-Vu Doll":25,"Strange Spoon":54,"Bottled Flame":12,"Dream Catcher":23,"Lizard Tail":42,"Anchor":46,"Sundial":26,"Nloth\u0027s Gift":28,"Membership Card":39,"Cracked Core":0},{"Pear":6,"Inserter":7,"Gremlin Horn":27,"Velvet Choker":15,"Eternal Feather":3,"Mango":20,"Smiling Mask":22,"White Beast Statue":21,"Du-Vu Doll":12,"Strange Spoon":26,"Bottled Flame":5,"Dream Catcher":11,"Lizard Tail":21,"Anchor":23,"Sundial":12,"Nloth\u0027s Gift":12,"Membership Card":19,"Cracked Core":0},{"Pear":20,"Inserter":32,"Gremlin Horn":223,"Velvet Choker":75,"Eternal Feather":8,"Mango":105,"Smiling Mask":135,"White Beast Statue":125,"Du-Vu Doll":58,"Strange Spoon":215,"Bottled Flame":17,"Dream Catcher":51,"Lizard Tail":125,"Anchor":150,"Sundial":58,"Nloth\u0027s Gift":58,"Membership Card":99,"Cracked Core":0}]},"card_choices":[{"not_picked":["Barrage","Lockon"],"picked":"Compile Driver","floor":1},{"not_picked":["Reprogram","Storm"],"picked":"Steam","floor":5},{"not_picked":["Darkness","Leap"],"picked":"Chaos","floor":7},{"not_picked":["Leap","Ball Lightning"],"picked":"Steam","floor":11},{"not_picked":["Turbo","Steam Power"],"picked":"Self Repair","floor":12},{"not_picked":["Redo","Turbo"],"picked":"Go for the Eyes","floor":13},{"not_picked":["Buffer","Thunder Strike"],"picked":"Core Surge","floor":16},{"not_picked":["Redo","Self Repair"],"picked":"Cold Snap","floor":18},{"not_picked":["Sweeping Beam","Barrage"],"picked":"Ball Lightning","floor":20},{"not_picked":["Conserve Battery","Steam","Streamline"],"picked":"SKIP","floor":22},{"not_picked":["Conserve Battery","Auto Shields"],"picked":"Genetic Algorithm","floor":23},{"not_picked":["BootSequence+1","Static Discharge"],"picked":"Biased Cognition","floor":24},{"not_picked":["Chaos","Double Energy"],"picked":"Genetic Algorithm","floor":25},{"not_picked":["Beam Cell","Ball Lightning"],"picked":"Coolheaded","floor":30},{"not_picked":["Go for the Eyes","Gash"],"picked":"Static Discharge+1","floor":31},{"not_picked":["Meteor Strike","Core Surge"],"picked":"Biased Cognition","floor":33},{"not_picked":["Chill","Force Field"],"picked":"Cold Snap+1","floor":35},{"not_picked":["Turbo","Stack","Aggregate"],"picked":"SKIP","floor":36},{"not_picked":["Turbo","Stack","Aggregate"],"picked":"SKIP","floor":36},{"not_picked":["Sweeping Beam","FTL","Redo"],"picked":"SKIP","floor":37},{"not_picked":["Turbo","Conserve Battery"],"picked":"Coolheaded+1","floor":38},{"not_picked":["Barrage","Steam Power"],"picked":"Undo","floor":42},{"not_picked":["BootSequence","Reprogram","Heatsinks"],"picked":"SKIP","floor":44},{"not_picked":["Fission","Sweeping Beam","Turbo"],"picked":"SKIP","floor":46},{"not_picked":["Barrage+1","Ball Lightning","Beam Cell"],"picked":"SKIP","floor":48},{"not_picked":["Barrage+1","Ball Lightning","Beam Cell"],"picked":"SKIP","floor":48},{"not_picked":["Barrage+1","Ball Lightning","Beam Cell"],"picked":"SKIP","floor":48},{"not_picked":["Beam Cell","Chill"],"picked":"Core Surge","floor":55}],"player_experience":8398310,"relics_obtained":[{"floor":7,"key":"Eternal Feather"},{"floor":12,"key":"Bottled Flame"},{"floor":14,"key":"Pear"},{"floor":23,"key":"Dream Catcher"},{"floor":25,"key":"Du-Vu Doll"},{"floor":26,"key":"Sundial"},{"floor":41,"key":"Mango"},{"floor":42,"key":"Lizard Tail"},{"floor":43,"key":"White Beast Statue"},{"floor":44,"key":"Smiling Mask"},{"floor":46,"key":"Anchor"},{"floor":55,"key":"Gremlin Horn"}],"event_choices":[{"damage_healed":0,"gold_gain":75,"player_choice":"Gather Gold","damage_taken":11,"max_hp_gain":0,"max_hp_loss":0,"event_name":"World of Goop","floor":2,"gold_loss":0},{"cards_removed":["Strike_B"],"damage_healed":0,"gold_gain":0,"player_choice":"Card Removal","damage_taken":0,"max_hp_gain":0,"max_hp_loss":0,"event_name":"The Cleric","floor":3,"gold_loss":75},{"damage_healed":0,"gold_gain":0,"player_choice":"Ignored","damage_taken":0,"max_hp_gain":0,"max_hp_loss":0,"event_name":"The Mausoleum","floor":21,"gold_loss":0},{"damage_healed":0,"gold_gain":0,"player_choice":"Traded Relic","damage_taken":0,"relics_obtained":["Nloth\u0027s Gift"],"max_hp_gain":0,"max_hp_loss":0,"event_name":"N\u0027loth","floor":28,"relics_lost":["Bottled Flame"],"gold_loss":0},{"damage_healed":0,"gold_gain":0,"player_choice":"Fight","damage_taken":0,"max_hp_gain":0,"max_hp_loss":0,"event_name":"MindBloom","floor":41,"gold_loss":0},{"damage_healed":0,"gold_gain":0,"player_choice":"Ignored","damage_taken":0,"max_hp_gain":0,"max_hp_loss":0,"event_name":"Tomb of Lord Red Mask","floor":45,"gold_loss":0},{"damage_healed":0,"gold_gain":0,"player_choice":"Max HP","damage_taken":0,"max_hp_gain":0,"max_hp_loss":4,"event_name":"Winding Halls","floor":47,"gold_loss":0}],"is_beta":false,"boss_relics":[{"not_picked":["SacredBark","Tiny House"],"picked":"Inserter"},{"not_picked":["Empty Cage","Calling Bell"],"picked":"Velvet Choker"}],"items_purged_floors":[4,27,39,54],"is_endless":false,"potions_floor_spawned":[1,13,16,18,22,30,31,41,44,46,48,55],"ascension_level":20}}