{"host":"3twtdwjpiqhvvn5s","time":1612228647,"event":{"mods":["AchievementEnabler","Act Like it!","Aspiration","BaseMod","BetterRewards","Colored Map","Colored Powertips","Downfall","Duelist Mod","Friendly Minions","GifTheSpireLib","Hallownest","Hermit","Hubris","Infinite Spire","Jorbs\u0027s Wanderer Trilogy","Koishi","KomeijiMod","Marisa????????","Minty Spire (QoL Compilation)","Quick Restart","Rare Cards Sparkle","Replay The Spire","Shop Mod","StSLib","Td1madao Mod","The Administrix","The Animator","The Bug Knight","The Caster","The Cursed","The Disciple","The Hierophant","The Necromancer","The Poker Player","The Runesmith","The Servant 0.9.4"],"gold_per_floor":[132,189,240,288,324,426,483,483,506,548,587,638,9,42,42,340,340,346,388,449,449,449,449],"floor_reached":21,"language":"ENG","playtime":10786,"items_purged":[],"score":216,"play_id":"262f44f2-337a-451b-8e39-b49e7d3a610b","local_time":"20210201191727","daily_mods":["Midas"],"is_ascension_mode":false,"campfire_choices":[{"floor":8,"key":"REST"},{"floor":15,"key":"REST"}],"circlet_count":0,"master_deck":["Slimebound:Strike_Slimebound","Slimebound:Strike_Slimebound","Slimebound:Strike_Slimebound","Slimebound:Tackle","Slimebound:Defend_Slimebound","Slimebound:Defend_Slimebound","Slimebound:Defend_Slimebound","Slimebound:Defend_Slimebound","Slimebound:Split","Slimebound:CorrosiveSpit","VestedLegacy","VestedLegacy","TiringSlam","AlternateTimeline","animator:Elsword","animator:TukaLunaMarceau","animator:Boros","animator:Mitsurugi","animator:Verdia","animator:Kyubey","animator:Kazuma","animator:YuiTsuruno","animator:Kuribayashi","hubris:EnhanceAbility","Slimebound:Prepare","animator:MadokaKaname","Slimebound:SamplingLick","Slimebound:LevelUp+1","Slimebound:Prepare"],"relics":["Slimebound:AbsorbEndCombat","Potion Belt","Pet Ghost","hubris:SphereOfDissonance","Replay:Lucky Slots","SlaversCollar"],"acts_visited":["Exordium","TheCity"],"potions_floor_usage":[2,4,10,11,16,16,18,21],"damage_taken":[{"damage":0,"enemies":"Jaw Worm","floor":1,"turns":4},{"damage":2,"enemies":"Small Slimes","floor":2,"turns":3},{"damage":0,"enemies":"Cultist","floor":3,"turns":4},{"damage":15,"enemies":"Large Slime","floor":4,"turns":8},{"damage":0,"enemies":"Looter","floor":5,"turns":4},{"damage":25,"enemies":"Lagavulin","floor":6,"turns":7},{"damage":6,"enemies":"Exordium Wildlife","floor":7,"turns":6},{"damage":1,"enemies":"Exordium Thugs","floor":10,"turns":5},{"damage":11,"enemies":"Gremlin Gang","floor":11,"turns":7},{"damage":1,"enemies":"Large Slime","floor":12,"turns":6},{"damage":0,"enemies":"Exordium Wildlife","floor":14,"turns":6},{"damage":15,"enemies":"Hexaghost","floor":16,"turns":11},{"damage":1,"enemies":"2 Thieves","floor":18,"turns":4},{"damage":3,"enemies":"Chosen","floor":19,"turns":4},{"damage":26,"enemies":"Snake Plant","floor":20,"turns":3},{"damage":45,"enemies":"Sentry and Sphere","floor":21,"turns":8}],"seed_played":"6307211078321641422","potions_obtained":[{"floor":1,"key":"FearPotion"},{"floor":2,"key":"Strength Potion"},{"floor":5,"key":"SteroidPotion"},{"floor":10,"key":"Swift Potion"},{"floor":12,"key":"sneckomod:MuddlingPotion"},{"floor":14,"key":"Languid Potion"},{"floor":16,"key":"bronze:BurnAndBuffPotion"},{"floor":20,"key":"Strength Potion"}],"is_trial":true,"path_per_floor":["M","M","M","M","M","E","M","R","T","M","M","M","$","M","R","B",null,"M","M","M","M"],"character_chosen":"SLIMEBOUND","items_purchased":["hubris:SphereOfDissonance","hubris:EnhanceAbility","Replay:Lucky Slots"],"campfire_rested":2,"item_purchase_floors":[13,13,13],"current_hp_per_floor":[65,63,63,56,56,35,31,50,50,49,48,53,53,59,65,50,65,65,64,40,0,0,0],"gold":449,"neow_bonus":"","is_daily":false,"chose_seed":false,"campfire_upgraded":0,"win_rate":0.0,"timestamp":1612228647,"path_taken":["M","M","M","M","M","E","M","R","T","M","M","M","$","M","R","BOSS","M","M","M","M"],"items_purchased_type":["Relic","Card","Relic"],"build_version":"2020-12-22","purchased_purges":0,"victory":false,"max_hp_per_floor":[65,65,65,65,65,65,65,65,65,65,65,65,65,65,65,65,65,65,65,65,65,65,65],"card_choices":[{"not_picked":["animator:Hakurou","animator:Cocytus"],"picked":"animator:Elsword","floor":1},{"not_picked":["animator:OrikoMikuni","animator:Mitsuba"],"picked":"animator:TukaLunaMarceau","floor":2},{"not_picked":["Slimebound:Equalize","animator:IrohaTamaki"],"picked":"animator:Boros","floor":3},{"not_picked":["animator:Emonzaemon","animator:Tyuule"],"picked":"animator:Mitsurugi","floor":4},{"not_picked":["animator:MetalKnight","Slimebound:ViciousTackle"],"picked":"animator:Verdia","floor":5},{"not_picked":["animator:YaoHaDucy","Slimebound:Schlurp"],"picked":"animator:Kyubey","floor":6},{"not_picked":["Slimebound:DisruptingSlam","animator:Ciel"],"picked":"animator:Kazuma","floor":7},{"not_picked":["animator:Alexander","Slimebound:SplitAcid"],"picked":"animator:YuiTsuruno","floor":10},{"not_picked":["Slimebound:DivideAndConquer","animator:Priestess","animator:ShinjiMatou"],"picked":"SKIP","floor":11},{"not_picked":["animator:SakuraMatou","animator:NarberalGamma"],"picked":"animator:Kuribayashi","floor":12},{"not_picked":["animator:Pride","animator:Melzalgald"],"picked":"Slimebound:Prepare","floor":14},{"not_picked":["Slimebound:Teamwork","Slimebound:MassRepurpose"],"picked":"animator:MadokaKaname","floor":16},{"not_picked":["Slimebound:Prepare","Slimebound:FinishingTackle"],"picked":"Slimebound:SamplingLick","floor":18},{"not_picked":["Slimebound:SplitLeeching","Slimebound:SplitMire"],"picked":"Slimebound:LevelUp+1","floor":19},{"not_picked":["Slimebound:OneTwoCombo","Slimebound:SlimeSpikes+1"],"picked":"Slimebound:Prepare","floor":20}],"player_experience":2421791,"relics_obtained":[{"floor":6,"key":"Potion Belt"},{"floor":9,"key":"Pet Ghost"}],"event_choices":[],"is_beta":false,"boss_relics":[{"not_picked":["Sozu","aspiration:WatcherSkillbook"],"picked":"SlaversCollar"}],"items_purged_floors":[],"is_endless":false,"potions_floor_spawned":[1,2,5,10,12,14,16,20],"killed_by":"Sentry and Sphere","ascension_level":0}}