{"host":"9slw7l0ws16384qq","time":1612297403,"event":{"mods":["A Penny For Your Troubles","BaseMod","Colored Map","Downfall","Evolution","Hubris","Minty Spire (QoL Compilation)","Replay The Spire","StS++","StSLib"],"gold_per_floor":[99,109,126,136,136,46,73,73,89,89,89,103,3,49,67,171,171,171,187,187,187,187,187,213,213,213,213],"floor_reached":25,"language":"FRA","playtime":607,"items_purged":["Guardian:Defend_Guardian"],"score":302,"play_id":"912505a9-67af-48ae-9bf8-9c30e6b00fb4","local_time":"20210202212323","is_ascension_mode":true,"campfire_choices":[{"floor":1,"key":"RECALL"},{"data":"Guardian:TwinSlam","floor":8,"key":"SMITH"},{"data":"Guardian:PrismaticBeam","floor":11,"key":"SMITH"},{"data":"Guardian:Strike_Guardian","floor":13,"key":"SMITH"},{"data":"Guardian:CurlUp","floor":18,"key":"SMITH"}],"circlet_count":0,"master_deck":["AscendersBane","Guardian:Strike_Guardian+1","Guardian:Strike_Guardian","Guardian:Strike_Guardian","Guardian:Defend_Guardian","Guardian:Defend_Guardian","Guardian:Defend_Guardian","Guardian:CurlUp+1","Guardian:TwinSlam+1","Guardian:PrismaticBeam+1","Guardian:ConstructionForm"],"relics":["Guardian:ModeShifter","EVO:Axolotl","Bag of Preparation","downfall:HeartBlessingRed","hubris:OldNail","StSpp:PileOfSugar","hubris:Towel","downfall:RedIOU","Tiny Chest"],"acts_visited":["Exordium","TheCity"],"potions_floor_usage":[],"damage_taken":[{"damage":8,"enemies":"Jaw Worm","floor":2,"turns":5},{"damage":5,"enemies":"Cultist","floor":3,"turns":5},{"damage":4,"enemies":"Small Slimes","floor":4,"turns":4},{"damage":0,"enemies":"downfall:FleeingMerchant","floor":6,"turns":4},{"damage":3,"enemies":"Blue Slaver","floor":9,"turns":2},{"damage":0,"enemies":"2 Fungi Beasts","floor":12,"turns":2},{"damage":0,"enemies":"Large Slime","floor":15,"turns":3},{"damage":47,"enemies":"IC_STATUS_ARCHETYPE","floor":16,"turns":11},{"damage":30,"enemies":"Spheric Guardian","floor":19,"turns":4},{"damage":40,"enemies":"3 Byrds","floor":25,"turns":3}],"seed_played":"4602155537179330212","potions_obtained":[{"floor":2,"key":"LifebloodPotion"},{"floor":4,"key":"Flashbang"},{"floor":19,"key":"Doom Potion"}],"is_trial":false,"path_per_floor":["R","M","M","M","?","$","T","R","M","?","R","M","R","T","M","B",null,"R","M","?","?","?","?","T","M"],"character_chosen":"GUARDIAN","items_purchased":[],"campfire_rested":0,"item_purchase_floors":[],"current_hp_per_floor":[80,72,67,63,63,63,63,63,60,60,60,60,60,60,60,13,69,69,39,39,39,39,39,39,0,0,0],"gold":213,"neow_bonus":"TEN_PERCENT_HP_BONUS","is_daily":false,"chose_seed":false,"campfire_upgraded":4,"win_rate":0.0,"timestamp":1612297403,"path_taken":["R","M","M","M","?","?","T","R","M","?","R","M","R","?","M","BOSS","R","M","?","?","?","?","T","M"],"items_purchased_type":[],"build_version":"2020-12-22","purchased_purges":1,"victory":false,"max_hp_per_floor":[88,88,88,88,88,88,88,88,88,88,88,88,88,88,88,88,88,88,88,88,88,88,88,88,88,88,88],"card_choices":[{"not_picked":["Guardian:ChargeUp","Guardian:RollAttack","Guardian:Incinerate"],"picked":"SKIP","floor":2},{"not_picked":["Guardian:ShieldSpikes","Guardian:CrystalBeam"],"picked":"Guardian:Gem_Fragmented","floor":3},{"not_picked":["Guardian:ShieldCharger","Guardian:VentSteam","Guardian:Gem_Blue"],"picked":"SKIP","floor":4},{"not_picked":["Guardian:RevengeProtocol","Guardian:ChargeUp","Guardian:PiercingHide"],"picked":"SKIP","floor":6},{"not_picked":["Guardian:WalkerClaw","Guardian:ShieldCharger"],"picked":"Guardian:PrismaticBeam","floor":9},{"not_picked":["Guardian:Emergency","Guardian:Gem_Blue","Guardian:ShieldCharger"],"picked":"SKIP","floor":12},{"not_picked":["Guardian:VentSteam","Guardian:Suspension"],"picked":"Guardian:Gem_Cyan","floor":15},{"not_picked":["Guardian:SphericShield","Guardian:FierceBash"],"picked":"Guardian:ConstructionForm","floor":16},{"not_picked":["Guardian:CrystalBeam","Guardian:VentSteam","Guardian:ChargeCore+1"],"picked":"SKIP","floor":19}],"player_experience":1597172,"relics_obtained":[{"floor":5,"key":"Bag of Preparation"},{"floor":7,"key":"Ancient Tea Set"},{"floor":14,"key":"hubris:OldNail"},{"floor":24,"key":"Tiny Chest"}],"event_choices":[{"damage_healed":0,"gold_gain":0,"player_choice":"Relic","damage_taken":0,"max_hp_gain":0,"max_hp_loss":0,"event_name":"Wheel of Change","floor":5,"gold_loss":0}],"is_beta":false,"boss_relics":[{"not_picked":["Pandora\u0027s Box","Cursed Key"],"picked":"StSpp:PileOfSugar"}],"items_purged_floors":[6],"is_endless":false,"potions_floor_spawned":[2,4,12,15,16,19],"killed_by":"3 Byrds","ascension_level":12}}