{"host":"bf5upntvbdompq33","time":1612303106,"event":{"mods":["BaseMod","Colored Map","Colored Powertips","Curses Come First","Minty Spire (QoL Compilation)","StSLib","The Hierophant","The Mystic"],"gold_per_floor":[117,130,205,36,50,50,75,75,75,95,95,136,136,156,156,238,238,265,12,12,38,10,10,45,45,45,73,73,73],"floor_reached":28,"language":"ENG","playtime":1716,"items_purged":["Strike_R"],"score":418,"play_id":"2dbf0264-110c-4b48-9278-c12205fbb42b","local_time":"20210202145826","is_ascension_mode":true,"campfire_choices":[{"data":"Hemokinesis","floor":6,"key":"SMITH"},{"data":"Whirlwind","floor":8,"key":"SMITH"},{"data":"Fire Breathing","floor":11,"key":"SMITH"},{"data":"Bash","floor":13,"key":"SMITH"},{"floor":15,"key":"REST"},{"data":"Shockwave","floor":23,"key":"SMITH"},{"floor":25,"key":"REST"}],"circlet_count":0,"master_deck":["AscendersBane","Strike_R","Strike_R","Strike_R","Defend_R","Defend_R","Defend_R","Defend_R","Bash+1","Clothesline","Anger","Hemokinesis+1","Headbutt","Whirlwind+1","Anger","Fire Breathing+1","Evolve","Shrug It Off","Feed","Bloodletting","Impervious","Cleave","Anger+1","Shockwave+1","Spot Weakness","Ghostly Armor"],"relics":["Burning Blood","NeowsBlessing","Dead Branch","Bird Faced Urn","CeramicFish","Mark of Pain","Brimstone","Strawberry","TungstenRod"],"acts_visited":["Exordium","TheCity"],"potions_floor_usage":[12,16,24,24,27],"damage_taken":[{"damage":0,"enemies":"Cultist","floor":1,"turns":1},{"damage":0,"enemies":"Jaw Worm","floor":2,"turns":1},{"damage":0,"enemies":"2 Louse","floor":5,"turns":1},{"damage":18,"enemies":"Gremlin Nob","floor":7,"turns":3},{"damage":10,"enemies":"Exordium Thugs","floor":10,"turns":4},{"damage":40,"enemies":"Lagavulin","floor":12,"turns":5},{"damage":16,"enemies":"Exordium Wildlife","floor":14,"turns":2},{"damage":41,"enemies":"The Guardian","floor":16,"turns":14},{"damage":24,"enemies":"2 Thieves","floor":18,"turns":3},{"damage":19,"enemies":"Shell Parasite","floor":21,"turns":3},{"damage":36,"enemies":"Slavers","floor":24,"turns":4},{"damage":22,"enemies":"Snake Plant","floor":27,"turns":3},{"damage":30,"enemies":"Centurion and Healer","floor":28,"turns":3}],"seed_played":"-7406314807289209427","potions_obtained":[{"floor":1,"key":"Dexterity Potion"},{"floor":10,"key":"BloodPotion"},{"floor":14,"key":"LiquidMemories"},{"floor":16,"key":"BlessingOfTheForge"},{"floor":24,"key":"SkillPotion"}],"is_trial":false,"path_per_floor":["M","M","?","$","M","R","E","R","T","M","R","E","R","M","R","B",null,"M","$","?","M","$","R","E","R","T","M","M"],"character_chosen":"IRONCLAD","items_purchased":["Hemokinesis","Headbutt","Brimstone","Impervious","Cleave","Shockwave"],"campfire_rested":2,"item_purchase_floors":[4,4,19,19,19,22],"current_hp_per_floor":[74,75,64,64,70,70,58,58,58,54,54,37,37,29,51,20,61,45,45,45,36,36,36,16,41,41,25,0,0],"gold":73,"neow_bonus":"THREE_ENEMY_KILL","is_daily":false,"chose_seed":false,"campfire_upgraded":5,"win_rate":0.0,"timestamp":1612303106,"path_taken":["M","M","?","?","?","R","E","R","T","M","R","E","R","M","R","BOSS","M","$","?","M","?","R","E","R","T","M","M"],"items_purchased_type":["Card","Card","Relic","Card","Card","Card"],"build_version":"2020-12-22","purchased_purges":1,"victory":false,"max_hp_per_floor":[75,75,75,75,75,75,75,75,75,75,75,75,75,75,75,75,75,75,75,75,75,75,75,85,85,85,85,85,85],"card_choices":[{"not_picked":["Dual Wield","Clash"],"picked":"Clothesline","floor":1},{"not_picked":["True Grit","Clothesline"],"picked":"Anger","floor":2},{"not_picked":["Entrench","Wild Strike"],"picked":"Whirlwind","floor":5},{"not_picked":["Searing Blow","Headbutt"],"picked":"Anger","floor":7},{"not_picked":["Body Slam","Clash"],"picked":"Fire Breathing","floor":10},{"not_picked":["Fiend Fire","Headbutt"],"picked":"Evolve","floor":12},{"not_picked":["Sword Boomerang","Armaments"],"picked":"Shrug It Off","floor":14},{"not_picked":["Bludgeon","Juggernaut"],"picked":"Feed","floor":16},{"not_picked":["Heavy Blade","Sword Boomerang"],"picked":"Bloodletting","floor":18},{"not_picked":["Carnage","Cleave+1"],"picked":"Anger+1","floor":21},{"not_picked":["Battle Trance","Twin Strike"],"picked":"Spot Weakness","floor":24},{"not_picked":["Armaments","Havoc+1"],"picked":"Ghostly Armor","floor":27}],"player_experience":1339500,"relics_obtained":[{"floor":7,"key":"Dead Branch"},{"floor":9,"key":"Bird Faced Urn"},{"floor":12,"key":"CeramicFish"},{"floor":24,"key":"Strawberry"},{"floor":26,"key":"TungstenRod"}],"event_choices":[{"damage_healed":0,"gold_gain":75,"player_choice":"Gather Gold","damage_taken":11,"max_hp_gain":0,"max_hp_loss":0,"event_name":"World of Goop","floor":3,"gold_loss":0},{"cards_removed":["Strike_R"],"damage_healed":0,"gold_gain":0,"player_choice":"Purged","damage_taken":0,"max_hp_gain":0,"max_hp_loss":0,"event_name":"Purifier","floor":20,"gold_loss":0}],"is_beta":false,"boss_relics":[{"not_picked":["Calling Bell","Philosopher\u0027s Stone"],"picked":"Mark of Pain"}],"items_purged_floors":[4],"is_endless":false,"potions_floor_spawned":[1,10,14,16,24],"killed_by":"Centurion and Healer","ascension_level":14}}