{"host":"2htk0ftrajbcnypf","time":1612240400,"event":{"mods":["AchievementEnabler","BaseMod","Better Note","Custom Start","Minty Spire (QoL Compilation)","Rare Cards Sparkle","Relic Filter Mod","Remove Card Discount Mod","Replay The Spire","StSLib","SuperFastMode"],"gold_per_floor":[156,189,189,9,63,156,240,324,324,399,498,594,659,758,758,1055,1055,1091,720,720,446,542,620,698,797,797,899,638,638,713,812,812,1124,1124,1175,1007,769,769,859,964,964,1048,1048,1144,1237,1282,1282,1404,1572,1604,1604,1613,1386,1489,1535],"floor_reached":56,"language":"ZHS","playtime":2041,"items_purged":["Strike_R","Strike_R","Defend_R","Defend_R","Strike_R","Strike_R","Defend_R","Pommel Strike+1","Bash","Double Tap+1","Flex+1","Dropkick+1"],"score":1932,"play_id":"a518014a-3bb2-4edb-a11b-8ec2edcf4859","local_time":"20210202123320","daily_mods":["Flight","DeadlyEvents","Elite Swarm","Lethality","Midas"],"is_ascension_mode":false,"campfire_choices":[{"floor":15,"key":"RECALL"},{"floor":32,"key":"REST"},{"floor":41,"key":"REST"},{"floor":52,"key":"REST"}],"circlet_count":0,"master_deck":["Flash of Steel+1","Brutality+1","Exhume+1","Feed+1","Seeing Red+1","Replay:Many Hands+1","Poisoned Strike+1","Offering+1","Warcry+1","Rage+1","Anger+1","Thinking Ahead+1","Panacea+1","Panache+1","Replay:Many Hands+1","Life Link+1","Flex+1"],"relics":["Black Blood","Membership Card","Frozen Egg 2","Toxic Egg 2","Molten Egg 2","Quantum Egg","Black Star","Empty Cage","Replay:Ringing Soul","ReplayTheSpireMod:TigerMarble","Du-Vu Doll","Blue Candle","White Beast Statue","Magic Flower","Snack Pack","Bronze Scales","Vajra","ReplayTheSpireMod:Shallot","Turnip","Shuriken","Unceasing Top","Mirror","Replay:Arrowhead","ReplayTheSpireMod:Spearhead","Dream Catcher","TheAbacus","Self Forming Clay","MealTicket","Anchor","Mummified Hand","PreservedInsect","Gremlin Food","Thread and Needle","Replay:Bottled Steam","Happy Flower","Ancient Tea Set","Kunai","HornCleat","Pen Nib","Sling","Bag of Marbles","Nunchaku","StrikeDummy","Centennial Puzzle","Mercury Hourglass","Lizard Tail","SlaversCollar","Omamori","ReplayTheSpireMod:CursedCoin","Replay:Wax Seal","Potion Belt","Art of War","Blue Doll","ReplayTheSpireMod:Lightbulb","Pantograph","Replay:Rubber Ducky","Replay:Accelerometer","Golden Egg","War Paint","Whetstone","InkBottle","CeramicFish","Replay:Bandana","ReplayTheSpireMod:Ninjato","Replay:WaspNest","Brimstone","Ice Cream","Gambling Chip","Iron Hammer"],"acts_visited":["Exordium","TheCity","TheBeyond","TheEnding"],"potions_floor_usage":[8,11,12,18,22,25,27,33,46,50,54,55,55,55,55],"damage_taken":[{"damage":0,"enemies":"Cultist","floor":1,"turns":2},{"damage":0,"enemies":"Small Slimes","floor":2,"turns":2},{"damage":0,"enemies":"Jaw Worm","floor":5,"turns":1},{"damage":0,"enemies":"Lagavulin","floor":6,"turns":2},{"damage":0,"enemies":"3 Sentries","floor":7,"turns":1},{"damage":0,"enemies":"Replay:BlueRogue","floor":8,"turns":1},{"damage":0,"enemies":"3 Sentries","floor":10,"turns":2},{"damage":1,"enemies":"Lagavulin","floor":11,"turns":2},{"damage":0,"enemies":"3 Sentries","floor":12,"turns":1},{"damage":0,"enemies":"Gremlin Nob","floor":14,"turns":1},{"damage":25,"enemies":"The Guardian","floor":16,"turns":2},{"damage":8,"enemies":"Chosen","floor":18,"turns":2},{"damage":9,"enemies":"Slavers","floor":22,"turns":2},{"damage":2,"enemies":"Gremlin Leader","floor":23,"turns":2},{"damage":6,"enemies":"Book of Stabbing","floor":24,"turns":2},{"damage":0,"enemies":"Replay:Snechameleon","floor":25,"turns":1},{"damage":0,"enemies":"Slavers","floor":27,"turns":1},{"damage":0,"enemies":"Replay:Snechameleon","floor":30,"turns":1},{"damage":0,"enemies":"Gremlin Leader","floor":31,"turns":1},{"damage":9,"enemies":"Champ","floor":33,"turns":2},{"damage":0,"enemies":"3 Shapes","floor":35,"turns":1},{"damage":0,"enemies":"Nemesis","floor":39,"turns":1},{"damage":0,"enemies":"R_Hoarder","floor":40,"turns":1},{"damage":0,"enemies":"Nemesis","floor":42,"turns":1},{"damage":2,"enemies":"R_Hoarder","floor":44,"turns":3},{"damage":6,"enemies":"Reptomancer","floor":45,"turns":1},{"damage":0,"enemies":"Orb Walker","floor":46,"turns":1},{"damage":6,"enemies":"R_Hoarder","floor":48,"turns":1},{"damage":6,"enemies":"Replay:Hell Engine","floor":50,"turns":1},{"damage":0,"enemies":"Shield and Spear","floor":54,"turns":1},{"damage":9,"enemies":"The Heart","floor":55,"turns":2}],"seed_played":"3967100809824082676","potions_obtained":[{"floor":2,"key":"PowerPotion"},{"floor":7,"key":"Strength Potion"},{"floor":8,"key":"Milkshake"},{"floor":10,"key":"Block Potion"},{"floor":11,"key":"Toxic Potion"},{"floor":12,"key":"AttackPotion"},{"floor":14,"key":"LifebloodPotion"},{"floor":18,"key":"Elixir"},{"floor":22,"key":"Adrenaline Potion"},{"floor":25,"key":"SteroidPotion"},{"floor":27,"key":"DistilledChaos"},{"floor":30,"key":"Energy Potion"},{"floor":33,"key":"Milkshake"},{"floor":39,"key":"ColorlessPotion"},{"floor":40,"key":"AttackPotion"},{"floor":42,"key":"Toxic Potion"},{"floor":45,"key":"Adrenaline Potion"},{"floor":46,"key":"PowerPotion"},{"floor":48,"key":"SteroidPotion"},{"floor":54,"key":"Strength Potion"}],"is_trial":true,"path_per_floor":["M","M","?","$","M","E","E","E","T","E","E","E","?","E","R","B",null,"M","$","?","$","E","E","E","E","T","E","$","?","E","E","R","B",null,"M","$","$","?","E","E","R","E","T","E","E","M","?","E","R","B",null,"R","$","E","B",null],"character_chosen":"IRONCLAD","items_purchased":["Replay:Ringing Soul","Flash of Steel+1","Seeing Red+1","Replay:Many Hands+1","Poisoned Strike+1","ReplayTheSpireMod:Spearhead","Dream Catcher","TheAbacus","Self Forming Clay","MealTicket","Flex+1","Warcry+1","Sling","Bag of Marbles","Nunchaku","Rage+1","Anger+1","Omamori","ReplayTheSpireMod:CursedCoin","Replay:Wax Seal","Thinking Ahead+1","Panacea+1","Panache+1","Potion Belt","Art of War","Dropkick+1","Brimstone","Ice Cream"],"campfire_rested":3,"item_purchase_floors":[4,4,19,19,19,19,19,21,21,21,28,28,28,28,28,36,36,36,36,36,36,36,37,37,37,53,53,53],"current_hp_per_floor":[80,80,80,83,83,86,86,86,86,89,92,92,92,92,92,85,95,99,102,102,102,106,110,110,114,114,125,128,128,132,136,136,140,140,148,151,154,157,157,157,157,157,157,157,157,169,169,173,173,173,173,176,179,183,183],"gold":1535,"neow_bonus":"","is_daily":false,"chose_seed":false,"campfire_upgraded":0,"win_rate":0.0,"timestamp":1612240400,"path_taken":["M","M","?","$","?","E","E","E","T","E","E","E","?","E","R","BOSS","M","$","?","$","?","E","E","?","T","E","$","?","?","E","R","BOSS","M","$","$","?","?","E","R","E","T","E","E","?","?","?","R","BOSS","R","$","E","BOSS"],"items_purchased_type":["Relic","Card","Card","Card","Card","Relic","Relic","Relic","Relic","Relic","Card","Card","Relic","Relic","Relic","Card","Card","Relic","Relic","Relic","Card","Card","Card","Relic","Relic","Card","Relic","Relic"],"build_version":"2020-12-22","purchased_purges":12,"victory":true,"max_hp_per_floor":[80,80,80,83,83,86,86,86,86,89,92,92,92,92,92,95,95,99,102,102,102,106,110,110,114,114,125,128,128,132,136,136,140,140,148,151,154,157,157,157,157,157,157,157,157,169,169,173,173,173,173,176,179,183,183],"card_choices":[{"not_picked":["Perfected Strike+1","Reckless Charge+1"],"picked":"Pommel Strike+1","floor":1},{"not_picked":["Iron Wave+1","Spot Weakness+1"],"picked":"Cleave+1","floor":2},{"not_picked":["Rampage+1","Twin Strike+1","Infernal Blade+1"],"picked":"SKIP","floor":5},{"not_picked":["Bludgeon+1","Limit Break+1"],"picked":"Double Tap+1","floor":6},{"not_picked":["Limit Break+1","Bludgeon+1","Barricade+1"],"picked":"SKIP","floor":7},{"not_picked":["Demonic Infusion+1","Barricade+1","Impervious+1"],"picked":"SKIP","floor":8},{"not_picked":["Juggernaut+1","Barricade+1"],"picked":"Brutality+1","floor":10},{"not_picked":["Brutality+1","Corruption+1"],"picked":"Exhume+1","floor":11},{"not_picked":["Demon Form+1","Demonic Infusion+1","Impervious+1"],"picked":"SKIP","floor":12},{"not_picked":["Limit Break+1","Reaper+1","Double Tap+1"],"picked":"SKIP","floor":14},{"not_picked":["Fiend Fire+1","Corruption+1"],"picked":"Feed+1","floor":16},{"not_picked":["Fire Breathing+1","Shrug It Off+1","ReplayTheSpireMod:Strike From Hell+1"],"picked":"SKIP","floor":18},{"not_picked":["Hemogenesis+1","Exhume+1","Immolate+1"],"picked":"SKIP","floor":22},{"not_picked":["Exhume+1","Replay:Many Hands+1","Brutality+1"],"picked":"SKIP","floor":23},{"not_picked":["Demon Form+1","Bludgeon+1","Brutality+1"],"picked":"SKIP","floor":24},{"not_picked":["Demonic Infusion+1","Double Tap+1","Replay:Many Hands+1"],"picked":"SKIP","floor":25},{"not_picked":["Reaper+1","Berserk+1"],"picked":"Offering+1","floor":27},{"not_picked":["Juggernaut+1","Fiend Fire+1","Reaper+1"],"picked":"SKIP","floor":30},{"not_picked":["Bludgeon+1","Demonic Infusion+1","Demon Form+1"],"picked":"SKIP","floor":31},{"not_picked":["Life Link+1","Clash+1","Feel No Pain+1"],"picked":"SKIP","floor":35},{"not_picked":["Juggernaut+1","Impervious+1","Replay:Many Hands+1"],"picked":"SKIP","floor":39},{"not_picked":["Immolate+1","Reaper+1","Berserk+1"],"picked":"SKIP","floor":40},{"not_picked":["Feed+1","Demonic Infusion+1","Immolate+1"],"picked":"SKIP","floor":42},{"not_picked":["Bludgeon+1","Fiend Fire+1","Eclipse+1"],"picked":"SKIP","floor":44},{"not_picked":["Double Tap+1","Replay:Many Hands+1","Feed+1"],"picked":"SKIP","floor":45},{"not_picked":["Havoc+1","Whirlwind+1"],"picked":"Life Link+1","floor":46},{"not_picked":["Limit Break+1","Corruption+1","Double Tap+1"],"picked":"SKIP","floor":48},{"not_picked":["Perfected Strike+1","Uppercut+1"],"picked":"Flex+1","floor":52},{"not_picked":["Offering+1","Replay:Many Hands+1","Feed+1"],"picked":"SKIP","floor":54}],"player_experience":20588,"relics_obtained":[{"floor":6,"key":"ReplayTheSpireMod:TigerMarble"},{"floor":6,"key":"Du-Vu Doll"},{"floor":7,"key":"Blue Candle"},{"floor":7,"key":"White Beast Statue"},{"floor":8,"key":"Magic Flower"},{"floor":8,"key":"Snack Pack"},{"floor":10,"key":"Bronze Scales"},{"floor":10,"key":"Vajra"},{"floor":11,"key":"ReplayTheSpireMod:Shallot"},{"floor":11,"key":"Turnip"},{"floor":12,"key":"Shuriken"},{"floor":12,"key":"Unceasing Top"},{"floor":14,"key":"Mirror"},{"floor":14,"key":"Replay:Arrowhead"},{"floor":22,"key":"Anchor"},{"floor":22,"key":"Mummified Hand"},{"floor":23,"key":"PreservedInsect"},{"floor":23,"key":"Gremlin Food"},{"floor":24,"key":"Thread and Needle"},{"floor":24,"key":"Replay:Bottled Steam"},{"floor":25,"key":"Happy Flower"},{"floor":25,"key":"Ancient Tea Set"},{"floor":26,"key":"Kunai"},{"floor":27,"key":"HornCleat"},{"floor":27,"key":"Pen Nib"},{"floor":30,"key":"StrikeDummy"},{"floor":30,"key":"Centennial Puzzle"},{"floor":31,"key":"Mercury Hourglass"},{"floor":31,"key":"Lizard Tail"},{"floor":39,"key":"Blue Doll"},{"floor":39,"key":"ReplayTheSpireMod:Lightbulb"},{"floor":40,"key":"Pantograph"},{"floor":40,"key":"Replay:Rubber Ducky"},{"floor":42,"key":"Replay:Accelerometer"},{"floor":42,"key":"Golden Egg"},{"floor":43,"key":"War Paint"},{"floor":44,"key":"Whetstone"},{"floor":44,"key":"InkBottle"},{"floor":45,"key":"CeramicFish"},{"floor":45,"key":"Replay:Bandana"},{"floor":48,"key":"ReplayTheSpireMod:Ninjato"},{"floor":48,"key":"Replay:WaspNest"},{"floor":54,"key":"Gambling Chip"},{"floor":54,"key":"Iron Hammer"}],"event_choices":[{"cards_removed":["Cleave"],"damage_healed":5,"gold_gain":0,"player_choice":"Offered Common","damage_taken":0,"max_hp_gain":0,"max_hp_loss":0,"event_name":"Bonfire Elementals","floor":3,"gold_loss":0},{"cards_removed":["Cleave"],"damage_healed":5,"gold_gain":0,"player_choice":"Offered Special","damage_taken":0,"max_hp_gain":0,"max_hp_loss":0,"event_name":"Bonfire Elementals","floor":3,"gold_loss":0},{"damage_healed":0,"gold_gain":65,"player_choice":"Gained Gold","damage_taken":0,"max_hp_gain":0,"max_hp_loss":0,"event_name":"Golden Wing","floor":13,"gold_loss":0},{"damage_healed":0,"gold_gain":0,"player_choice":"Bought 0 Potions","damage_taken":0,"max_hp_gain":0,"max_hp_loss":0,"event_name":"The Woman in Blue","floor":20,"gold_loss":0},{"damage_healed":0,"gold_gain":0,"player_choice":"0 cards matched","damage_taken":0,"max_hp_gain":0,"max_hp_loss":0,"event_name":"Match and Keep!","floor":29,"gold_loss":0,"cards_obtained":[]},{"damage_healed":0,"gold_gain":0,"player_choice":"2 cards matched","damage_taken":0,"max_hp_gain":0,"max_hp_loss":0,"event_name":"Match and Keep!","floor":38,"gold_loss":0,"cards_obtained":["Evolve","Replay:Many Hands"]},{"cards_removed":["Evolve"],"damage_healed":0,"gold_gain":0,"player_choice":"Purged","damage_taken":0,"max_hp_gain":0,"max_hp_loss":0,"event_name":"Purifier","floor":47,"gold_loss":0}],"is_beta":false,"boss_relics":[{"not_picked":["Runic Pyramid","Calling Bell"],"picked":"Black Blood"},{"not_picked":["Empty Cage","Astrolabe"],"picked":"SlaversCollar"}],"items_purged_floors":[4,4,4,4,4,4,4,19,19,19,53,53],"is_endless":false,"potions_floor_spawned":[2,7,8,10,11,12,14,16,18,22,23,24,25,27,30,31,33,35,39,40,42,44,45,46,48,54],"ascension_level":0}}