{"host":"19r1ww88x2tc73i0","time":1612248156,"event":{"mods":["BaseMod","BetterRewards","Colored Map","Minty Spire (QoL Compilation)","Relic Stats","StSLib","SuperFastMode","slay the spire mod where everything is the same but ironclad has a cowboy hat"],"gold_per_floor":[118,136,155,175,100,127,141,206,258,333,333,18,18,44,44,121,121,133,152,171,171,171,171,206,215,215,265,300,300,340,8,8,91,91,114,143,156,177,177,177,177,177],"floor_reached":41,"language":"ENG","playtime":1884,"items_purged":["Decay"],"score":1168,"play_id":"d71d9cf9-d75e-4f18-8810-56c7b5157e1e","local_time":"25640202134236","is_ascension_mode":true,"campfire_choices":[{"data":"Defragment","floor":11.0,"key":"SMITH"},{"data":"Capacitor","floor":13.0,"key":"SMITH"},{"floor":15.0,"key":"REST"},{"data":"Coolheaded","floor":23.0,"key":"SMITH"},{"data":"Biased Cognition","floor":29,"key":"SMITH"},{"floor":32,"key":"REST"},{"data":"Amplify","floor":40,"key":"SMITH"}],"circlet_count":0,"master_deck":["AscendersBane","Strike_B+1","Strike_B+1","Strike_B+1","Defend_B+1","Defend_B+1","Defend_B+1","Defend_B+1","Zap","Dualcast","Defragment+1","Conserve Battery","Cold Snap","Auto Shields","Ball Lightning","Hello World","Coolheaded+1","Capacitor+1","Rebound","Electrodynamics","Coolheaded+1","Tempest+1","Conserve Battery","Biased Cognition+1","Amplify+1","Reinforced Body+1","Stack+1","Glacier+1"],"relics":["FrozenCore","Lee\u0027s Waffle","Oddly Smooth Stone","Centennial Puzzle","WingedGreaves","Mercury Hourglass","DataDisk","Matryoshka","Potion Belt","CeramicFish","Tiny Chest","Omamori","Gremlin Horn","Boot","Membership Card","Regal Pillow","Inserter"],"acts_visited":["Exordium","TheCity","TheBeyond"],"potions_floor_usage":[30,33,38,41],"damage_taken":[{"damage":2.0,"enemies":"Small Slimes","floor":1.0,"turns":4.0},{"damage":2.0,"enemies":"2 Louse","floor":2.0,"turns":2.0},{"damage":1.0,"enemies":"Jaw Worm","floor":3.0,"turns":4.0},{"damage":12.0,"enemies":"3 Louse","floor":4.0,"turns":4.0},{"damage":1.0,"enemies":"3 Sentries","floor":6.0,"turns":7.0},{"damage":4.0,"enemies":"Large Slime","floor":7.0,"turns":6.0},{"damage":25.0,"enemies":"Gremlin Nob","floor":8.0,"turns":4.0},{"damage":17.0,"enemies":"Lagavulin","floor":14.0,"turns":5.0},{"damage":0.0,"enemies":"Slime Boss","floor":16.0,"turns":8.0},{"damage":1.0,"enemies":"Chosen","floor":18.0,"turns":4.0},{"damage":0.0,"enemies":"Spheric Guardian","floor":19.0,"turns":6.0},{"damage":18.0,"enemies":"Shelled Parasite and Fungi","floor":20.0,"turns":6.0},{"damage":23.0,"enemies":"Slavers","floor":24.0,"turns":6.0},{"damage":0,"enemies":"Gremlin Leader","floor":28,"turns":5},{"damage":11,"enemies":"Book of Stabbing","floor":30,"turns":5},{"damage":0,"enemies":"Collector","floor":33,"turns":8},{"damage":0,"enemies":"Orb Walker","floor":35,"turns":3},{"damage":10,"enemies":"3 Shapes","floor":36,"turns":3},{"damage":7,"enemies":"Sphere and 2 Shapes","floor":37,"turns":5},{"damage":0,"enemies":"Writhing Mass","floor":38,"turns":7},{"damage":66,"enemies":"Giant Head","floor":41,"turns":14}],"seed_played":"-2387656024575193077","potions_obtained":[{"floor":3.0,"key":"LiquidBronze"},{"floor":4.0,"key":"SteroidPotion"},{"floor":14.0,"key":"Ancient Potion"},{"floor":16.0,"key":"DistilledChaos"},{"floor":20.0,"key":"SneckoOil"},{"floor":33,"key":"Strength Potion"},{"floor":35,"key":"Energy Potion"},{"floor":37,"key":"Ancient Potion"}],"is_trial":false,"path_per_floor":["M","M","M","M","?","E","M","?","T","?","R","$","R","E","R","B",null,"M","M","M","?","?","R","E","?","T","?","E","R","E","$","R","B",null,"M","M","M","M","?","R","E"],"character_chosen":"DEFECT","items_purchased":["Lee\u0027s Waffle","Oddly Smooth Stone","Defragment","Centennial Puzzle","BlessingOfTheForge","Matryoshka","PowerPotion","Membership Card","Regal Pillow","PotionOfCapacity"],"campfire_rested":2,"item_purchase_floors":[0,0,0,0,0,12,12,31,31,31],"current_hp_per_floor":[76,74,73,61,61,60,56,31,31,20,20,20,20,3,26,26,65,64,64,46,46,46,46,23,23,23,23,23,23,12,12,50,50,71,71,61,54,54,54,54,0,0],"gold":177,"neow_bonus":"","is_daily":false,"chose_seed":false,"campfire_upgraded":5,"win_rate":0.0,"timestamp":1612248156,"path_taken":["M","M","M","M","?","E","M","?","T","?","R","$","R","E","R","BOSS","M","M","M","?","?","R","E","?","T","?","E","R","E","$","R","BOSS","M","M","M","M","?","R","E"],"items_purchased_type":["Relic","Relic","Card","Relic","Potion","Relic","Potion","Relic","Relic","Potion"],"build_version":"2020-12-22","purchased_purges":1,"victory":false,"max_hp_per_floor":[78,78,78,78,78,78,78,78,78,78,78,78,78,78,78,78,78,78,78,78,78,78,78,78,78,78,78,78,78,78,78,78,78,78,78,78,78,78,78,78,78,78],"relic_stats":{"Lee\u0027s Waffle":46,"Centennial Puzzle":[45],"Regal Pillow":15,"Inserter":[13],"Gremlin Horn":[4,4],"counters":[27,137],"CeramicFish":72,"Tiny Chest":0,"Boot":[9],"obtain_stats":[{"Potion Belt":14,"Lee\u0027s Waffle":0,"Regal Pillow":31,"Inserter":34,"Gremlin Horn":28,"CeramicFish":24,"Oddly Smooth Stone":0,"Omamori":26,"Boot":30,"Mercury Hourglass":8,"FrozenCore":17,"Centennial Puzzle":0,"DataDisk":9,"Shovel":0,"Matryoshka":12,"Tiny Chest":26,"WingedGreaves":6,"Membership Card":31,"Cracked Core":0},{"Potion Belt":14,"Lee\u0027s Waffle":6,"Regal Pillow":21,"Inserter":22,"Gremlin Horn":20,"CeramicFish":19,"Oddly Smooth Stone":6,"Omamori":19,"Boot":21,"Mercury Hourglass":13,"FrozenCore":15,"Centennial Puzzle":6,"DataDisk":13,"Shovel":6,"Matryoshka":13,"Tiny Chest":19,"WingedGreaves":11,"Membership Card":21,"Cracked Core":0},{"Potion Belt":57,"Lee\u0027s Waffle":22,"Regal Pillow":97,"Inserter":105,"Gremlin Horn":92,"CeramicFish":87,"Oddly Smooth Stone":22,"Omamori":87,"Boot":97,"Mercury Hourglass":53,"FrozenCore":65,"Centennial Puzzle":22,"DataDisk":53,"Shovel":22,"Matryoshka":53,"Tiny Chest":87,"WingedGreaves":43,"Membership Card":97,"Cracked Core":0}],"FrozenCore":[30],"Mercury Hourglass":[325]},"card_choices":[{"not_picked":["Redo","Static Discharge"],"picked":"Conserve Battery","floor":1.0},{"not_picked":["Aggregate","Redo"],"picked":"Cold Snap","floor":2.0},{"not_picked":["Turbo","Cold Snap"],"picked":"Auto Shields","floor":3.0},{"not_picked":["Leap","Cold Snap"],"picked":"Ball Lightning","floor":4.0},{"not_picked":["Turbo","FTL"],"picked":"Hello World","floor":6.0},{"not_picked":["Hologram","Rebound"],"picked":"Coolheaded","floor":7.0},{"not_picked":["Streamline","White Noise"],"picked":"Capacitor","floor":8.0},{"not_picked":["Auto Shields","Turbo"],"picked":"Rebound","floor":14.0},{"not_picked":["Reboot","Core Surge"],"picked":"Electrodynamics","floor":16.0},{"not_picked":["Auto Shields","Redo"],"picked":"Coolheaded+1","floor":18.0},{"not_picked":["Capacitor","Rebound"],"picked":"Tempest+1","floor":19.0},{"not_picked":["Rebound","Turbo","Coolheaded"],"picked":"SKIP","floor":20.0},{"not_picked":["Cold Snap","Gash"],"picked":"Conserve Battery","floor":24.0},{"not_picked":["Compile Driver","Coolheaded"],"picked":"Biased Cognition","floor":28},{"not_picked":["Streamline","Coolheaded"],"picked":"Static Discharge","floor":30},{"not_picked":["Creative AI","Meteor Strike"],"picked":"Amplify","floor":33},{"not_picked":["Hello World","Rip and Tear"],"picked":"Reinforced Body+1","floor":35},{"not_picked":["Conserve Battery","Force Field"],"picked":"Stack+1","floor":36},{"not_picked":["Aggregate+1","Steam","Sunder+1"],"picked":"SKIP","floor":37},{"not_picked":["Streamline+1","Redo"],"picked":"Glacier+1","floor":38}],"player_experience":988435,"relics_obtained":[{"floor":6.0,"key":"WingedGreaves"},{"floor":8.0,"key":"Mercury Hourglass"},{"floor":9.0,"key":"DataDisk"},{"floor":14.0,"key":"Potion Belt"},{"floor":24.0,"key":"CeramicFish"},{"floor":26.0,"key":"Tiny Chest"},{"floor":26.0,"key":"Omamori"},{"floor":28,"key":"Gremlin Horn"},{"floor":30,"key":"Boot"}],"event_choices":[{"cards_removed":["Strike_B"],"damage_healed":0.0,"max_hp_gain":0.0,"max_hp_loss":0.0,"gold_gain":0.0,"event_name":"The Cleric","player_choice":"Card Removal","floor":5.0,"gold_loss":75.0,"damage_taken":0.0},{"damage_healed":0.0,"max_hp_gain":0.0,"max_hp_loss":0.0,"gold_gain":30.0,"event_name":"Dead Adventurer","player_choice":"Searched \u00273\u0027 times","floor":8.0,"gold_loss":0.0,"damage_taken":0.0},{"damage_healed":0.0,"max_hp_gain":0.0,"max_hp_loss":0.0,"gold_gain":75.0,"event_name":"World of Goop","player_choice":"Gather Gold","floor":10.0,"gold_loss":0.0,"damage_taken":11.0},{"damage_healed":0.0,"max_hp_gain":0.0,"max_hp_loss":0.0,"gold_gain":0.0,"event_name":"Back to Basics","player_choice":"Simplicity","floor":21.0,"gold_loss":0.0,"damage_taken":0.0,"cards_upgraded":["Strike_B","Strike_B","Strike_B","Defend_B","Defend_B","Defend_B","Defend_B"]},{"damage_healed":0.0,"max_hp_gain":0.0,"max_hp_loss":0.0,"gold_gain":0.0,"event_name":"Vampires","player_choice":"Ignored","floor":22.0,"gold_loss":0.0,"damage_taken":0.0},{"damage_healed":0.0,"max_hp_gain":0.0,"max_hp_loss":0.0,"gold_gain":0.0,"event_name":"Forgotten Altar","player_choice":"Smashed Altar","floor":25.0,"gold_loss":0.0,"damage_taken":0.0,"cards_obtained":["Decay"]},{"damage_healed":0.0,"max_hp_gain":0.0,"max_hp_loss":0.0,"gold_gain":50.0,"event_name":"Nest","player_choice":"Stole From Cult","floor":27.0,"gold_loss":0.0,"damage_taken":0.0},{"cards_removed":["Static Discharge"],"damage_healed":0,"gold_gain":0,"player_choice":"Removed Power","damage_taken":0,"max_hp_gain":0,"max_hp_loss":0,"event_name":"Falling","floor":39,"gold_loss":0}],"is_beta":false,"boss_relics":[{"not_picked":["Velvet Choker","Empty Cage"],"picked":"FrozenCore"},{"not_picked":["Tiny House","Snecko Eye"],"picked":"Inserter"}],"items_purged_floors":[31],"is_endless":false,"potions_floor_spawned":[3,4,14,16,20,33,35,37],"killed_by":"Giant Head","ascension_level":20}}