{"host":"hcg2wesxzfo46upw","time":1612306395,"event":{"mods":["2.2 Compatiblity","AchievementEnabler","Act Like it!","Aspiration","BaseMod","Beaked The Cultist","Better Altar","Better Match","Better Note","Better Sensory Stone","Better Skull","Better Third Choice","ChefMod","Clockwork Mod","Conspire","Downfall","Elementarium","Gensokyo","GifTheSpireLib","Glutton Mod","Hubris","Infinite Spire","Jedi Mod","Mad Scientist","Minty Spire (QoL Compilation)","Pale of the Ancients","Reliquary","Replay The Spire","Shade Mod","Spicy Shops","Spikes Relics","StSLib","Stuff the Spire","The Blackbeard","The Bug Knight","The Construct","The Cursed","The Death Knight","The Disciple","The Edgeheg","The Jungle","The Necromancer","The Runesmith","Wandering Minibosses"],"gold_per_floor":[117,45,45,64,75,75,108,8,54,54,70,70,70,23,23,121,121,131,22,22,36,47,73,73,73,97,97,116,136,149,161,161,161,161],"floor_reached":33,"language":"ENG","playtime":1390,"items_purged":[],"score":267,"play_id":"c7317d19-9276-4877-b5d6-cb113863aa13","local_time":"20210202235315","is_ascension_mode":false,"campfire_choices":[{"data":"jedi:fear","floor":6,"key":"SMITH"},{"data":"jedi:controlledanger","floor":10,"key":"SMITH"},{"data":"Infernal Blade","floor":12,"key":"SMITH"},{"data":"ReplayTheSpireMod:Private Reserves","floor":15,"key":"SMITH"},{"data":"hubris:StunningStrike","floor":25,"key":"SMITH"},{"data":"Cleave","floor":27,"key":"SMITH"},{"floor":32,"key":"REST"}],"circlet_count":0,"master_deck":["Strike_R","Strike_R","Strike_R","Strike_R","Strike_R","Defend_R","Defend_R","Defend_R","Defend_R","jedi:fear+1","Life Link+1","Defy Death","Feel No Pain","jedi:controlledanger+1","Infernal Blade+1","ReplayTheSpireMod:Private Reserves+1","True Grit","hubris:StunningStrike+1","Pommel Strike+1","Cleave+1","Rage","True Grit","Double Tap","ReplayTheSpireMod:Strike From Hell","StuffTheSpire:RagingBull","Blood for Blood","Thunderclap"],"relics":["Burning Blood","NeowsBlessing","StuffTheSpire:ForceGauntlet","Red Skull","aspiration:Lifesprig","conspire:SlowCooker","reliquary:PartyBalloon","Orichalcum","King of Hearts"],"acts_visited":["Exordium","TheCity"],"potions_floor_usage":[7,7,16,18,18,23,28,31,33],"damage_taken":[{"damage":0,"enemies":"Jaw Worm","floor":1,"turns":1},{"damage":0,"enemies":"2 Louse","floor":4,"turns":1},{"damage":0,"enemies":"Cultist","floor":5,"turns":1},{"damage":23,"enemies":"Lagavulin","floor":7,"turns":3},{"damage":13,"enemies":"3 Louse","floor":11,"turns":3},{"damage":1,"enemies":"Hexaghost","floor":16,"turns":9},{"damage":10,"enemies":"3 Byrds","floor":18,"turns":8},{"damage":0,"enemies":"Spheric Guardian","floor":21,"turns":3},{"damage":12,"enemies":"Centurion and Healer","floor":22,"turns":6},{"damage":47,"enemies":"Gremlin Leader","floor":23,"turns":6},{"damage":8,"enemies":"3 Cultists","floor":28,"turns":3},{"damage":7,"enemies":"Shelled Parasite and Fungi","floor":29,"turns":4},{"damage":4,"enemies":"Snake Plant","floor":30,"turns":4},{"damage":27,"enemies":"Centurion and Healer","floor":31,"turns":7},{"damage":51,"enemies":"hubris:MusketHawk","floor":33,"turns":8}],"seed_played":"-323681314966605564","potions_obtained":[{"floor":1,"key":"DistilledChaos"},{"floor":4,"key":"hexamod:SoulburnPotion"},{"floor":16,"key":"LiquidMemories"},{"floor":21,"key":"LiquidMemories"},{"floor":22,"key":"hexamod:SoulburnPotion"},{"floor":23,"key":"Block Potion"},{"floor":30,"key":"Reflective Coating"}],"is_trial":false,"path_per_floor":["M","$","?","M","M","R","E","$","T","R","M","R","?","$","R","B",null,"M","$","?","M","M","E","?","R","T","R","M","M","M","M","R","B"],"character_chosen":"IRONCLAD","items_purchased":["Life Link+1","SkillPotion","Swift Potion","True Grit","reliquary:PartyBalloon","Cleave"],"campfire_rested":1,"item_purchase_floors":[2,8,8,14,19,19],"current_hp_per_floor":[80,80,80,80,80,80,63,63,63,63,56,56,56,56,56,61,80,76,76,76,80,74,33,33,33,33,33,31,30,32,11,35,0,0],"gold":161,"neow_bonus":"THREE_ENEMY_KILL","is_daily":false,"chose_seed":false,"campfire_upgraded":6,"win_rate":0.0,"timestamp":1612306395,"path_taken":["M","$","?","M","M","R","E","$","T","R","M","R","?","$","R","BOSS","M","$","?","M","M","E","?","R","T","R","M","M","?","?","R","BOSS"],"items_purchased_type":["Card","Potion","Potion","Card","Relic","Card"],"build_version":"2020-12-22","purchased_purges":0,"victory":false,"max_hp_per_floor":[80,80,80,80,80,80,80,80,80,80,80,80,80,80,80,80,80,80,80,80,80,80,80,80,80,80,80,80,80,80,80,80,80,80],"card_choices":[{"not_picked":["Shockwave","Warcry"],"picked":"jedi:fear","floor":1},{"not_picked":["conspire:Charge","Wild Strike"],"picked":"Defy Death","floor":4},{"not_picked":["Twin Strike","StuffTheSpire:Incineration"],"picked":"Feel No Pain","floor":5},{"not_picked":["StuffTheSpire:RockThrow","Heavy Blade"],"picked":"jedi:controlledanger","floor":7},{"not_picked":["ReplayTheSpireMod:Strike From Hell","Flex"],"picked":"Infernal Blade","floor":11},{"not_picked":["Feint","Mind Blast"],"picked":"ReplayTheSpireMod:Private Reserves","floor":13},{"not_picked":["Replay:Many Hands","Eclipse"],"picked":"hubris:StunningStrike","floor":16},{"not_picked":["StuffTheSpire:RockThrow","Armaments+1"],"picked":"Pommel Strike+1","floor":18},{"not_picked":["ReplayTheSpireMod:Strike From Hell","Headbutt"],"picked":"Rage","floor":21},{"not_picked":["Rage","Dual Wield"],"picked":"True Grit","floor":22},{"not_picked":["StuffTheSpire:Slingshot","Iron Wave"],"picked":"Double Tap","floor":23},{"not_picked":["Twin Strike","Heavy Blade"],"picked":"ReplayTheSpireMod:Strike From Hell","floor":28},{"not_picked":["StuffTheSpire:Resist+1","ReplayTheSpireMod:LeadingStrike"],"picked":"StuffTheSpire:RagingBull","floor":29},{"not_picked":["Reckless Charge","ReplayTheSpireMod:Strike From Hell"],"picked":"Blood for Blood","floor":30},{"not_picked":["Sword Boomerang+1","Cleave"],"picked":"Thunderclap","floor":31}],"player_experience":252016,"relics_obtained":[{"floor":3,"key":"StuffTheSpire:ForceGauntlet"},{"floor":7,"key":"Red Skull"},{"floor":9,"key":"aspiration:Lifesprig"},{"floor":23,"key":"Orichalcum"},{"floor":26,"key":"King of Hearts"}],"event_choices":[{"damage_healed":0,"gold_gain":1,"player_choice":"1","damage_taken":0,"max_hp_gain":0,"max_hp_loss":0,"event_name":"betterStone:BetterStone","floor":13,"gold_loss":0},{"cards_removed":["Bash"],"damage_healed":0,"gold_gain":0,"player_choice":"Give","damage_taken":0,"max_hp_gain":0,"max_hp_loss":0,"event_name":"betterNote:BetterNote","floor":20,"gold_loss":0,"cards_obtained":["Bash"]},{"cards_removed":["Bash"],"damage_healed":0,"gold_gain":0,"player_choice":"Card Removal","damage_taken":0,"max_hp_gain":0,"max_hp_loss":0,"event_name":"Wheel of Change","floor":24,"gold_loss":0}],"is_beta":false,"boss_relics":[{"not_picked":["hubris:TerracottaHorce","aspiration:SilentSkillbook"],"picked":"conspire:SlowCooker"}],"items_purged_floors":[],"is_endless":false,"potions_floor_spawned":[1,4,16,21,22,23,30],"killed_by":"hubris:MusketHawk","ascension_level":0}}