{"host":"dscols65uipasqd2","time":1612228005,"event":{"mods":["2.2 Compatiblity","AchievementEnabler","Aspiration","BaseMod","Colored Powertips","Downfall","Energized Spire","GifTheSpireLib","Hermit","Hubris","Infinite Spire","JesterMod","Jorbs\u0027s Wanderer Trilogy","Magitek Elite","Marisa????????","Minty Spire (QoL Compilation)","Rare Cards Sparkle","Replay The Spire","StSLib","Stuff the Spire","The Cursed","The Disciple","The Hierophant","The Judge","The Jungle","TheFirefly"],"gold_per_floor":[99,119,132,132,148,48,48,33,45,45,45,71,71,71,84,181,181,81,91,91,119,170,8,42,42,62,62,62,62],"floor_reached":32,"language":"ENG","playtime":2223,"items_purged":[],"score":301,"play_id":"e2c71ada-f31f-40c0-862b-eabe509acc37","local_time":"20210201200645","is_ascension_mode":true,"campfire_choices":[{"floor":1,"key":"RECALL"},{"floor":6,"key":"REST"}],"circlet_count":0,"master_deck":["sneckomod:Strike","sneckomod:Strike","sneckomod:Defend","sneckomod:Defend","sneckomod:Defend","sneckomod:TailWhip","sneckomod:SnekBite","sneckomod:Unknown","sneckomod:Unknown","sneckomod:UnknownBlock","sneckomod:DiceBoulder","Languid","hubris:Gluttony","ReplayTheSpireMod:Chaos Vortex","sneckomod:WideSting","sneckomod:UnknownWeak","sneckomod:IronFang","sneckomod:UnknownUncommonSkill","WordoMod:Infected","sneckomod:SoulDraw","sneckomod:UnlimitedRolls","sneckomod:PureSnecko","sneckomod:UnknownStrike","StuffTheSpire:CopiaOfFamine","sneckomod:IronFang+1","sneckomod:ImprovisedAttack+1","sneckomod:UnknownUncommonPower","sneckomod:DiceCrush","sneckomod:UnknownStrength","sneckomod:CheapStock+1"],"relics":["sneckomod:SneckoSoul","downfall:HeartBlessingRed","hubris:Teleporter","Quantum Egg","m_SnakeBloodCore","Runic Pyramid","downfall:HeartBlessingGreen","Anchor","Omamori","Pondfish Scales","hubris:Towel"],"acts_visited":["Exordium","TheCity"],"potions_floor_usage":[9,14,14,18,18,29,29],"damage_taken":[{"damage":2,"enemies":"2 Louse","floor":2,"turns":2},{"damage":12,"enemies":"Jaw Worm","floor":3,"turns":4},{"damage":8,"enemies":"infinitespire:Voidling","floor":5,"turns":4},{"damage":0,"enemies":"downfall:FleeingMerchant","floor":8,"turns":4},{"damage":0,"enemies":"2 Fungi Beasts","floor":9,"turns":2},{"damage":9,"enemies":"3 Sentries","floor":14,"turns":7},{"damage":2,"enemies":"Blue Slaver","floor":17,"turns":3},{"damage":28,"enemies":"IC_STATUS_ARCHETYPE","floor":18,"turns":9},{"damage":0,"enemies":"Chosen","floor":22,"turns":4},{"damage":67,"enemies":"Gremlin Leader","floor":25,"turns":8},{"damage":0,"enemies":"downfall:FleeingMerchant","floor":28,"turns":4},{"damage":5,"enemies":"Nightmare","floor":29,"turns":8},{"damage":0,"enemies":"3 Byrds","floor":31,"turns":5},{"damage":15,"enemies":"Snecko","floor":32,"turns":3}],"seed_played":"1585788685255642360","potions_obtained":[{"floor":0,"key":"Milkshake"},{"floor":0,"key":"Reflective Coating"},{"floor":0,"key":"Cursed Concoction"},{"floor":9,"key":"hexamod:SoulburnPotion"},{"floor":17,"key":"Fire Potion"},{"floor":25,"key":"SpeedPotion"}],"is_trial":false,"path_per_floor":["R","M","M","?","M","R","T","$","M","PTL","PTL","E","?","?","M","B",null,"R","M","?","E","T","$","NM","?","M","M"],"character_chosen":"THE_SNECKO","items_purchased":["AttackPotion","sneckomod:UnknownUncommonPower","sneckomod:DiceCrush"],"campfire_rested":1,"item_purchase_floors":[28,28,28],"current_hp_per_floor":[90,88,76,76,68,90,90,90,90,90,90,81,81,81,82,57,90,90,90,70,6,6,9,7,7,10,0,0,0],"gold":62,"neow_bonus":"THREE_SMALL_POTIONS","is_daily":false,"chose_seed":false,"campfire_upgraded":0,"win_rate":0.0,"timestamp":1612228005,"path_taken":["R","M","M","?","M","R","T","$","M","PTL","PTL","E","?","?","M","BOSS","R","M","?","E","T","$","NM","?","M","M"],"items_purchased_type":["Potion","Card","Card"],"build_version":"2020-12-22","purchased_purges":0,"victory":false,"max_hp_per_floor":[90,90,90,90,90,90,90,90,90,90,90,90,90,90,90,90,90,90,90,90,90,90,90,90,90,90,90,90,90],"card_choices":[{"not_picked":["sneckomod:SoulRoll","sneckomod:RainOfDice"],"picked":"sneckomod:UnknownBlock","floor":2},{"not_picked":["sneckomod:SoulDraw","sneckomod:Nope"],"picked":"sneckomod:DiceBoulder","floor":3},{"not_picked":["infinitespire:UltimateForm","hubris:InfiniteBlow"],"picked":"ReplayTheSpireMod:Chaos Vortex","floor":4},{"not_picked":["sneckomod:Memorize","sneckomod:UnknownCommonSkill"],"picked":"sneckomod:WideSting","floor":5},{"not_picked":["sneckomod:RainOfDice","sneckomod:WideSting"],"picked":"sneckomod:UnknownWeak","floor":8},{"not_picked":["sneckomod:SoulDraw","sneckomod:Nope"],"picked":"sneckomod:IronFang","floor":9},{"not_picked":["sneckomod:DefensiveFlair","sneckomod:SerpentMind"],"picked":"sneckomod:UnknownUncommonSkill","floor":14},{"not_picked":["Reflex","sneckomod:SoulRoll"],"picked":"sneckomod:SoulDraw","floor":17},{"not_picked":["sneckomod:Unknown3Cost","sneckomod:GlitteringGambit"],"picked":"sneckomod:UnlimitedRolls","floor":18},{"not_picked":["sneckomod:UnknownUncommonAttack","sneckomod:UnknownStrength"],"picked":"sneckomod:UnknownStrike","floor":22},{"not_picked":["sneckomod:DiceBlock","sneckomod:DiceCrush+1"],"picked":"sneckomod:IronFang+1","floor":25},{"not_picked":["sneckomod:Restock","sneckomod:SoulRoll"],"picked":"sneckomod:ImprovisedAttack+1","floor":28},{"not_picked":["sneckomod:UnknownClassGUARDIAN","sneckomod:PureSnecko+1"],"picked":"sneckomod:UnknownStrength","floor":29},{"not_picked":["sneckomod:MasterEye","sneckomod:Unknown0Cost"],"picked":"sneckomod:CheapStock+1","floor":31}],"player_experience":537972,"relics_obtained":[{"floor":7,"key":"hubris:Teleporter"},{"floor":14,"key":"Quantum Egg"},{"floor":25,"key":"Anchor"},{"floor":26,"key":"Omamori"},{"floor":29,"key":"Pondfish Scales"}],"event_choices":[{"damage_healed":0,"gold_gain":0,"player_choice":"Read","damage_taken":0,"max_hp_gain":0,"max_hp_loss":0,"event_name":"The Library","floor":20,"gold_loss":0,"cards_obtained":["sneckomod:PureSnecko"]}],"is_beta":false,"boss_relics":[{"not_picked":["hubris:CrackedHourglass","Replay:Drink Me"],"picked":"Runic Pyramid"}],"items_purged_floors":[],"is_endless":false,"potions_floor_spawned":[9,17,25],"killed_by":"Snecko","ascension_level":2}}