{"host":"Sylvester","time":1612288027,"event":{"mods":["BaseMod","Filter the Spire","Lobotomy","Minty Spire (QoL Compilation)","Replay The Spire","StSLib"],"gold_per_floor":[12,12,26,41,41,66,66,66,66],"floor_reached":8,"language":"ENG","playtime":266,"items_purged":[],"score":59,"play_id":"fcd83325-416b-45f7-913e-fe33dbaa033a","local_time":"20210202094707","is_ascension_mode":true,"campfire_choices":[],"circlet_count":0,"master_deck":["SpecialBullet","SpecialBullet","SpecialBullet","SpecialBullet","SpecialBullet","SpecialBullet","SpecialBullet","InformationCode","CentralCode","TrainingCode","Scorched","VoidDream","Diffraction"],"relics":["CogitoBucket","Replay:Kaleidoscope","Sundial","Garlic"],"acts_visited":["Exordium"],"potions_floor_usage":[6,8],"damage_taken":[{"damage":11,"enemies":"Jaw Worm","floor":1,"turns":3},{"damage":0,"enemies":"Cultist","floor":3,"turns":2},{"damage":0,"enemies":"2 Louse","floor":4,"turns":2},{"damage":49,"enemies":"Lagavulin","floor":6,"turns":5},{"damage":8,"enemies":"3 Sentries","floor":8,"turns":2}],"seed_played":"-4976646666414269612","potions_obtained":[{"floor":1,"key":"Explosive Potion"},{"floor":3,"key":"Languid Potion"},{"floor":6,"key":"Fire Potion"}],"is_trial":false,"path_per_floor":["M","?","M","M","?","E","R","E"],"character_chosen":"Angela","items_purchased":[],"campfire_rested":0,"item_purchase_floors":[],"current_hp_per_floor":[59,59,59,59,52,3,3,0,0],"gold":66,"neow_bonus":"ONE_RARE_RELIC","is_daily":false,"chose_seed":false,"campfire_upgraded":0,"win_rate":0.0,"timestamp":1612288027,"path_taken":["M","?","?","M","?","E","R","E"],"items_purchased_type":[],"build_version":"2020-11-17","purchased_purges":0,"victory":false,"max_hp_per_floor":[70,70,70,70,70,70,70,70,70],"card_choices":[{"not_picked":["Murderer","Bloodbath"],"picked":"Scorched","floor":1},{"not_picked":["BloodyDesire","Tough"],"picked":"SKIP","floor":1},{"not_picked":["TodaysExpression","CrimsonScar"],"picked":"SKIP","floor":3},{"not_picked":["NakedNest","LaLuna"],"picked":"VoidDream","floor":4},{"not_picked":["Penitence"],"picked":"Diffraction","floor":4},{"not_picked":["RapturousDream","RedEyes"],"picked":"SKIP","floor":6}],"player_experience":197428,"relics_obtained":[{"floor":2,"key":"Sundial"},{"floor":6,"key":"Garlic"}],"event_choices":[{"damage_healed":0,"gold_gain":0,"player_choice":"Relic","damage_taken":0,"max_hp_gain":0,"max_hp_loss":0,"event_name":"Wheel of Change","floor":2,"gold_loss":0},{"cards_removed":["SpecialBullet"],"damage_healed":0,"gold_gain":0,"player_choice":"Card Removal","damage_taken":7,"max_hp_gain":0,"max_hp_loss":0,"event_name":"Golden Wing","floor":5,"gold_loss":0}],"is_beta":true,"boss_relics":[],"items_purged_floors":[],"is_endless":false,"potions_floor_spawned":[1,3,6],"killed_by":"3 Sentries","ascension_level":1}}