{"host":"6bsan6hkua32tfq7","time":1612280558,"event":{"mods":["BaseMod","Better Third Choice","Colored Map","Highlight Path","Minty Spire (QoL Compilation)","StSLib"],"gold_per_floor":[115,125,45,45,45,72,28,53,128,128,138,156,81,97,97,174,174,188,188,2,17,29,29,29,29,29,49,59,9,9,9],"floor_reached":30,"language":"ENG","playtime":1017,"items_purged":["Strike_R","Strike_R"],"score":530,"play_id":"db03235f-5e24-4b12-b4c7-f4805583543b","local_time":"20210202164238","is_ascension_mode":true,"campfire_choices":[{"floor":10.0,"key":"REST"},{"data":"Disarm","floor":15,"key":"SMITH"},{"data":"Barricade","floor":23,"key":"SMITH"},{"data":"Rampage","floor":25,"key":"SMITH"}],"circlet_count":0,"master_deck":["AscendersBane","Strike_R","Strike_R","Defend_R","Defend_R","Defend_R","Bash","Thunderclap","Disarm+1","Metallicize","Double Tap","Rampage+1","Rage+1","Shrug It Off+1","Barricade+1","CurseOfTheBell","True Grit+1","Disarm+1","Disarm+1","Ghostly Armor+1"],"relics":["Burning Blood","Nunchaku","Bottled Flame","Toxic Egg 2","Calling Bell","Vajra","Pantograph","Ice Cream","Membership Card","Nloth\u0027s Gift","Pen Nib"],"acts_visited":["Exordium","TheCity"],"potions_floor_usage":[12,16,18,21,27],"damage_taken":[{"damage":0.0,"enemies":"2 Louse","floor":1.0,"turns":1.0},{"damage":0.0,"enemies":"Jaw Worm","floor":2.0,"turns":1.0},{"damage":0.0,"enemies":"Lagavulin","floor":6.0,"turns":1.0},{"damage":69.0,"enemies":"3 Sentries","floor":8.0,"turns":12.0},{"damage":4.0,"enemies":"Cultist","floor":11.0,"turns":3.0},{"damage":5,"enemies":"2 Fungi Beasts","floor":12,"turns":4},{"damage":12,"enemies":"Red Slaver","floor":14,"turns":4},{"damage":20,"enemies":"The Guardian","floor":16,"turns":14},{"damage":18,"enemies":"Spheric Guardian","floor":18,"turns":9},{"damage":4,"enemies":"3 Byrds","floor":21,"turns":9},{"damage":14,"enemies":"Centurion and Healer","floor":22,"turns":10},{"damage":38,"enemies":"Sentry and Sphere","floor":27,"turns":12},{"damage":6,"enemies":"Snake Plant","floor":28,"turns":8},{"damage":42,"enemies":"Chosen and Byrds","floor":30,"turns":5}],"seed_played":"5071336764990446613","potions_obtained":[{"floor":2.0,"key":"GamblersBrew"},{"floor":11.0,"key":"EssenceOfSteel"},{"floor":16,"key":"GamblersBrew"},{"floor":18,"key":"DuplicationPotion"},{"floor":22,"key":"BloodPotion"},{"floor":28,"key":"BlessingOfTheForge"}],"is_trial":false,"path_per_floor":["M","M","$","?","?","E","$","E","T","R","M","M","$","M","R","B",null,"M","?","$","M","M","R","?","R","T","M","M","$","M"],"character_chosen":"IRONCLAD","items_purchased":["Disarm","Metallicize","Membership Card","Disarm+1"],"campfire_rested":1,"item_purchase_floors":[3,7,20,20],"current_hp_per_floor":[74,75,75,68,68,74,74,11,11,33,35,36,36,30,30,16,60,48,48,48,50,42,42,42,42,42,25,25,25,0,0],"gold":9,"neow_bonus":"THREE_ENEMY_KILL","is_daily":false,"chose_seed":false,"campfire_upgraded":3,"win_rate":0.0,"timestamp":1612280558,"path_taken":["M","M","$","?","?","E","?","E","T","R","?","M","$","M","R","BOSS","M","?","$","?","M","R","?","R","T","M","?","?","M"],"items_purchased_type":["Card","Card","Relic","Card"],"build_version":"2020-12-22","purchased_purges":2,"victory":false,"max_hp_per_floor":[75,75,75,75,75,75,75,75,75,75,75,75,75,75,75,75,75,75,75,75,75,75,75,75,75,75,75,75,75,75,75],"card_choices":[{"not_picked":["Iron Wave","Warcry"],"picked":"Thunderclap","floor":1.0},{"not_picked":["Clash","Flex","Armaments"],"picked":"SKIP","floor":2.0},{"not_picked":["Sword Boomerang","Combust","Cleave"],"picked":"SKIP","floor":6.0},{"not_picked":["Burning Pact","Headbutt"],"picked":"Double Tap","floor":8.0},{"not_picked":["Carnage","Headbutt"],"picked":"Rampage","floor":11.0},{"not_picked":["Heavy Blade","Warcry+1"],"picked":"Rage+1","floor":12},{"not_picked":["Anger","Rampage"],"picked":"Shrug It Off+1","floor":14},{"not_picked":["Reaper","Corruption"],"picked":"Barricade","floor":16},{"not_picked":["Flex+1","Shrug It Off+1"],"picked":"True Grit+1","floor":18},{"not_picked":["Headbutt","Body Slam","Clothesline"],"picked":"SKIP","floor":21},{"not_picked":["Inflame","Clothesline","Thunderclap"],"picked":"SKIP","floor":22},{"not_picked":["Whirlwind","Infernal Blade+1"],"picked":"Ghostly Armor+1","floor":27},{"not_picked":["Wild Strike","Spot Weakness+1","Rage+1"],"picked":"SKIP","floor":28}],"player_experience":5373848,"relics_obtained":[{"floor":6.0,"key":"Nunchaku"},{"floor":8.0,"key":"Bottled Flame"},{"floor":9.0,"key":"Toxic Egg 2"},{"floor":17,"key":"Vajra"},{"floor":17,"key":"Pantograph"},{"floor":17,"key":"Ice Cream"},{"floor":26,"key":"Pen Nib"}],"event_choices":[{"cards_removed":["Defend_R"],"damage_healed":0.0,"max_hp_gain":0.0,"max_hp_loss":0.0,"gold_gain":0.0,"event_name":"Golden Wing","player_choice":"Card Removal","floor":4.0,"gold_loss":0.0,"damage_taken":7.0},{"cards_removed":["Strike_R"],"damage_healed":0.0,"max_hp_gain":0.0,"max_hp_loss":0.0,"gold_gain":0.0,"event_name":"Living Wall","player_choice":"Forget","floor":5.0,"gold_loss":0.0,"damage_taken":0.0},{"damage_healed":0,"gold_gain":0,"player_choice":"Copied","damage_taken":0,"max_hp_gain":0,"max_hp_loss":0,"event_name":"Duplicator","floor":19,"gold_loss":0,"cards_obtained":["Disarm"]},{"damage_healed":0,"gold_gain":0,"player_choice":"Traded Relic","damage_taken":0,"relics_obtained":["Nloth\u0027s Gift"],"max_hp_gain":0,"max_hp_loss":0,"event_name":"N\u0027loth","floor":24,"relics_lost":["NeowsBlessing"],"gold_loss":0}],"is_beta":false,"boss_relics":[{"not_picked":["Busted Crown","Ectoplasm"],"picked":"Calling Bell"}],"items_purged_floors":[13,29],"is_endless":false,"potions_floor_spawned":[2,11,16,18,22,28],"killed_by":"Chosen and Byrds","ascension_level":20}}