{"host":"e3jr8cs0hrgde9ri","time":1612303921,"event":{"mods":["2.2 Compatiblity","BaseMod","Highlight Path","Minty Spire (QoL Compilation)","Permanent Neow","Quick Restart","SuperFastMode"],"gold_per_floor":[111,130,130,144,144,187,187,225,225,225,241,241,141,141,141,269,269,283,283,308,331,352,396,296,296,323,323,323,323,354,377,377,498,498,542,580,305,605,655,655,698,548,599,618,664,697,715,733,733,733],"floor_reached":51,"language":"ENG","playtime":1583,"items_purged":["Strike_P","Strike_P","Strike_P+1","Strike_P+1"],"score":882,"play_id":"7130da67-367f-4c6e-a640-b08d3fad28d9","local_time":"20210202141201","is_ascension_mode":false,"campfire_choices":[{"data":"TalkToTheHand","floor":7.0,"key":"SMITH"},{"data":"CarveReality","floor":12.0,"key":"SMITH"},{"data":"Protect","floor":15.0,"key":"SMITH"},{"floor":25,"key":"REST"},{"floor":28,"key":"REST"},{"floor":32,"key":"REST"},{"floor":40,"key":"RECALL"},{"floor":49,"key":"REST"}],"circlet_count":0,"master_deck":["Defend_P+1","Defend_P+1","Defend_P+1","Defend_P+1","Eruption","Vigilance","Conclude+1","CarveReality+1","TalkToTheHand+1","DevaForm","Protect+1","Scrawl","Indignation","WaveOfTheHand+1","Fasting2","RitualDagger","Wish","Protect","Fasting2+1","Tantrum","SpiritShield","Fasting2+1"],"relics":["Snecko Eye","Golden Idol","Pear","Whetstone","Fusion Hammer","Nloth\u0027s Gift","Pocketwatch","Nunchaku","Strawberry","Black Star","Oddly Smooth Stone","Happy Flower","Bag of Marbles","Pen Nib","Vajra","HornCleat"],"acts_visited":["Exordium","TheCity","TheBeyond"],"potions_floor_usage":[],"damage_taken":[{"damage":0.0,"enemies":"Cultist","floor":1.0,"turns":2.0},{"damage":0.0,"enemies":"2 Louse","floor":2.0,"turns":2.0},{"damage":0.0,"enemies":"Small Slimes","floor":4.0,"turns":1.0},{"damage":0.0,"enemies":"Lagavulin","floor":6.0,"turns":4.0},{"damage":13.0,"enemies":"3 Sentries","floor":8.0,"turns":3.0},{"damage":0.0,"enemies":"Looter","floor":11.0,"turns":1.0},{"damage":14.0,"enemies":"Slime Boss","floor":16.0,"turns":5.0},{"damage":0.0,"enemies":"3 Byrds","floor":18.0,"turns":3.0},{"damage":0,"enemies":"Shell Parasite","floor":20,"turns":4},{"damage":0,"enemies":"Centurion and Healer","floor":21,"turns":3},{"damage":9,"enemies":"Snake Plant","floor":22,"turns":4},{"damage":31,"enemies":"Gremlin Leader","floor":23,"turns":4},{"damage":24,"enemies":"Slavers","floor":30,"turns":4},{"damage":0,"enemies":"Snecko","floor":31,"turns":3},{"damage":24,"enemies":"Collector","floor":33,"turns":6},{"damage":4,"enemies":"Orb Walker","floor":35,"turns":4},{"damage":0,"enemies":"3 Shapes","floor":36,"turns":4},{"damage":0,"enemies":"Sphere and 2 Shapes","floor":39,"turns":4},{"damage":0,"enemies":"Nemesis","floor":41,"turns":5},{"damage":5,"enemies":"3 Darklings","floor":44,"turns":3},{"damage":0,"enemies":"Maw","floor":45,"turns":6},{"damage":1,"enemies":"Reptomancer","floor":46,"turns":3},{"damage":0,"enemies":"Spire Growth","floor":47,"turns":2},{"damage":0,"enemies":"Jaw Worm Horde","floor":48,"turns":2},{"damage":2,"enemies":"Time Eater","floor":50,"turns":6}],"seed_played":"357074639822366868","potions_obtained":[{"floor":4.0,"key":"DistilledChaos"},{"floor":6.0,"key":"Strength Potion"},{"floor":8.0,"key":"LiquidBronze"},{"floor":20,"key":"AttackPotion"},{"floor":36,"key":"FairyPotion"}],"is_trial":false,"path_per_floor":["M","M","?","M","?","E","R","E","T","?","M","R","$","?","R","B",null,"M","?","M","M","M","E","$","R","T","?","R","?","E","M","R","B",null,"M","M","$","?","M","R","E","$","T","M","M","E","M","M","R","B",null],"character_chosen":"WATCHER","items_purchased":["Protect","Oddly Smooth Stone"],"campfire_rested":4,"item_purchase_floors":[13,37],"current_hp_per_floor":[72,72,72,72,54,54,54,51,51,51,51,51,51,56,56,42,87,87,87,87,87,78,47,47,73,73,73,87,81,64,64,92,68,94,90,90,90,90,90,90,90,90,90,85,85,84,84,84,94,92],"gold":733,"neow_bonus":"BOSS_RELIC","is_daily":false,"chose_seed":false,"campfire_upgraded":3,"win_rate":0.0,"timestamp":1612303921,"path_taken":["M","?","?","M","?","E","R","E","T","?","M","R","$","?","R","BOSS","M","?","M","M","?","E","?","R","T","?","R","?","E","M","R","BOSS","M","M","$","?","M","R","E","?","T","M","M","E","M","M","R","BOSS"],"items_purchased_type":["Card","Relic"],"build_version":"2020-12-22","purchased_purges":4,"victory":true,"max_hp_per_floor":[72,72,72,72,72,72,72,82,82,82,82,82,82,87,87,87,87,87,87,87,87,87,87,87,87,87,87,87,87,94,94,94,94,94,94,94,94,94,94,94,94,94,94,94,94,94,94,94,94,94],"card_choices":[{"not_picked":["FlyingSleeves","WindmillStrike"],"picked":"Conclude","floor":1.0},{"not_picked":["JustLucky","MentalFortress"],"picked":"CarveReality","floor":2.0},{"not_picked":["CutThroughFate","Consecrate","FlurryOfBlows"],"picked":"SKIP","floor":4.0},{"not_picked":["Pray","Halt"],"picked":"TalkToTheHand","floor":6.0},{"not_picked":["Crescendo","FlurryOfBlows"],"picked":"DevaForm","floor":8.0},{"not_picked":["ForeignInfluence","Prostrate","Nirvana"],"picked":"SKIP","floor":11.0},{"not_picked":["MasterReality","Blasphemy"],"picked":"Scrawl","floor":16.0},{"not_picked":["FlyingSleeves","CutThroughFate+1","BattleHymn"],"picked":"SKIP","floor":18},{"not_picked":["Study","BowlingBash","Halt"],"picked":"SKIP","floor":20},{"not_picked":["SignatureMove+1","BowlingBash"],"picked":"Indignation","floor":21},{"not_picked":["Swivel","MentalFortress+1"],"picked":"WaveOfTheHand+1","floor":22},{"not_picked":["WheelKick","Scrawl"],"picked":"Fasting2","floor":23},{"not_picked":["Vengeance+1","FlyingSleeves+1","Nirvana+1"],"picked":"SKIP","floor":30},{"not_picked":["CrushJoints","PathToVictory","ThirdEye"],"picked":"SKIP","floor":31},{"not_picked":["Judgement","Devotion"],"picked":"Wish","floor":33},{"not_picked":["Evaluate","FollowUp+1"],"picked":"Protect","floor":35},{"not_picked":["Evaluate+1","WindmillStrike","Vengeance"],"picked":"SKIP","floor":36},{"not_picked":["WheelKick","FlurryOfBlows+1"],"picked":"Fasting2+1","floor":39},{"not_picked":["Worship","EmptyBody"],"picked":"Tantrum","floor":41},{"not_picked":["EmptyMind","JustLucky","InnerPeace"],"picked":"SKIP","floor":44},{"not_picked":["JustLucky+1","Halt","ClearTheMind"],"picked":"SKIP","floor":45},{"not_picked":["FollowUp+1","MentalFortress+1"],"picked":"SpiritShield","floor":46},{"not_picked":["SignatureMove+1","Halt","PathToVictory"],"picked":"SKIP","floor":47},{"not_picked":["LessonLearned","Vengeance"],"picked":"Fasting2+1","floor":48}],"player_experience":1425975,"relics_obtained":[{"floor":6.0,"key":"Anchor"},{"floor":8.0,"key":"Pear"},{"floor":9.0,"key":"Whetstone"},{"floor":23,"key":"Pocketwatch"},{"floor":26,"key":"Nunchaku"},{"floor":30,"key":"Strawberry"},{"floor":41,"key":"Happy Flower"},{"floor":41,"key":"Bag of Marbles"},{"floor":43,"key":"Pen Nib"},{"floor":46,"key":"Vajra"},{"floor":46,"key":"HornCleat"}],"event_choices":[{"damage_healed":0.0,"max_hp_gain":0.0,"max_hp_loss":0.0,"gold_gain":0.0,"event_name":"Living Wall","player_choice":"Grow","floor":3.0,"gold_loss":0.0,"damage_taken":0.0,"cards_upgraded":["Conclude"]},{"damage_healed":0.0,"max_hp_gain":0.0,"max_hp_loss":0.0,"gold_gain":0.0,"event_name":"Golden Idol","player_choice":"Take Damage","floor":5.0,"gold_loss":0.0,"damage_taken":18.0,"relics_obtained":["Golden Idol"]},{"damage_healed":0.0,"max_hp_gain":0.0,"max_hp_loss":0.0,"gold_gain":0.0,"event_name":"Liars Game","player_choice":"Ignored","floor":10.0,"gold_loss":0.0,"damage_taken":0.0},{"damage_healed":0.0,"max_hp_gain":5.0,"max_hp_loss":0.0,"gold_gain":0.0,"event_name":"Big Fish","player_choice":"Donut","floor":14.0,"gold_loss":0.0,"damage_taken":0.0},{"damage_healed":0,"gold_gain":0,"player_choice":"Traded Relic","damage_taken":0,"relics_obtained":["Nloth\u0027s Gift"],"max_hp_gain":0,"max_hp_loss":0,"event_name":"N\u0027loth","floor":19,"relics_lost":["Anchor"],"gold_loss":0},{"damage_healed":0,"gold_gain":0,"player_choice":"Simplicity","damage_taken":0,"max_hp_gain":0,"max_hp_loss":0,"event_name":"Back to Basics","floor":27,"gold_loss":0,"cards_upgraded":["Defend_P","Defend_P","Defend_P","Defend_P"]},{"damage_healed":0,"gold_gain":0,"player_choice":"Joined the Cult","damage_taken":6,"max_hp_gain":0,"max_hp_loss":0,"event_name":"Nest","floor":29,"gold_loss":0,"cards_obtained":["RitualDagger"]},{"damage_healed":0,"gold_gain":300,"player_choice":"Gold","damage_taken":0,"max_hp_gain":0,"max_hp_loss":0,"event_name":"Wheel of Change","floor":38,"gold_loss":0}],"is_beta":false,"boss_relics":[{"not_picked":["Calling Bell","Ectoplasm"],"picked":"Fusion Hammer"},{"not_picked":["Velvet Choker","Busted Crown"],"picked":"Black Star"}],"items_purged_floors":[13,24,37,42],"is_endless":false,"potions_floor_spawned":[4,6,8,20,23,30,31,35,36,44,46],"ascension_level":0}}