{"host":"flash","time":1612271840,"event":{"mods":["ATMod(°¢èªMod)","Act Like it!","Aspiration","BaseMod","Minty Spire (QoL Compilation)","Shop Mod","StSLib","¡¾ÒÅÎï¿¨ÅÆ¡¿REMEMod"],"gold_per_floor":[112,112,112,123,137,171,190,190,190],"floor_reached":8,"language":"ZHS","playtime":369,"items_purged":[],"score":104,"play_id":"2b24f878-b118-48ef-84c5-ab9db9a42c00","local_time":"20210202211720","is_ascension_mode":true,"campfire_choices":[],"circlet_count":0,"master_deck":["AscendersBane","Strike_B","Strike_B","Strike_B","Strike_B","Defend_B","Defend_B","Defend_B","Defend_B","Zap","Dualcast","AT_FamilyPortrait+1","Die Die Die","Genetic Algorithm+1","Injury","AT_StudyProgram","Hologram+1","Stack+1","Steam Power+1"],"relics":["Cracked Core","AT_ATBox","REME_ComplimentaryCards","aspiration:Nostalgia","PureWater","Toxic Egg 2","War Paint"],"acts_visited":["Exordium"],"potions_floor_usage":[],"damage_taken":[{"damage":1.0,"enemies":"Small Slimes","floor":1.0,"turns":3.0},{"damage":3.0,"enemies":"Jaw Worm","floor":4.0,"turns":4.0},{"damage":0.0,"enemies":"Cultist","floor":5.0,"turns":2.0},{"damage":15.0,"enemies":"Lagavulin","floor":6.0,"turns":5.0},{"damage":0.0,"enemies":"Red Slaver","floor":7.0,"turns":2.0},{"damage":46,"enemies":"Gremlin Nob","floor":8,"turns":5}],"seed_played":"-1960711792692299558","potions_obtained":[{"floor":3.0,"key":"Ancient Potion"},{"floor":3.0,"key":"DistilledChaos"},{"floor":6.0,"key":"SteroidPotion"}],"is_trial":false,"path_per_floor":["M","?","?","M","M","E","M","E"],"character_chosen":"DEFECT","items_purchased":[],"campfire_rested":0,"item_purchase_floors":[],"current_hp_per_floor":[63,63,63,60,60,45,45,0,0],"gold":190,"neow_bonus":"NOSTALGIA","is_daily":false,"chose_seed":false,"campfire_upgraded":0,"win_rate":0.0,"timestamp":1612271840,"path_taken":["M","?","?","M","?","E","M","E"],"items_purchased_type":[],"build_version":"2020-12-18","purchased_purges":0,"victory":false,"max_hp_per_floor":[71,71,71,71,71,71,71,71,71],"card_choices":[{"not_picked":["Consume","Compile Driver"],"picked":"Genetic Algorithm","floor":1.0},{"not_picked":["Genetic Algorithm+1","Hologram+1"],"picked":"AT_StudyProgram","floor":4.0},{"not_picked":["Steam+1","Go for the Eyes"],"picked":"Hologram+1","floor":5.0},{"not_picked":["AT_WarpDrive+1","Self Repair"],"picked":"Stack+1","floor":6.0},{"not_picked":["Darkness+1","Go for the Eyes"],"picked":"Steam Power+1","floor":7.0}],"player_experience":683692,"relics_obtained":[{"floor":6.0,"key":"War Paint"}],"event_choices":[{"damage_healed":0.0,"max_hp_gain":0.0,"max_hp_loss":0.0,"gold_gain":0.0,"event_name":"Lab","player_choice":"Got Potions","floor":3.0,"gold_loss":0.0,"damage_taken":0.0}],"is_beta":true,"boss_relics":[],"items_purged_floors":[],"is_endless":false,"potions_floor_spawned":[4,6],"killed_by":"Gremlin Nob","ascension_level":16}}