{"host":"wfkvcf4y4vkrpwe0","time":1612279487,"event":{"mods":["BaseMod","Conspire","Downfall","Hermit","Minty Spire (QoL Compilation)","StSLib","The Construct","The Cursed","The Disciple","The Hierophant","The Necromancer"],"gold_per_floor":[117,117,117,191,62,62,72,72,72,84,102,113,113,113],"floor_reached":13,"language":"ENG","playtime":361,"items_purged":["Regret"],"score":125,"play_id":"5cb34e28-b75e-4da8-8450-ba851088a00c","local_time":"20210202152447","is_ascension_mode":false,"campfire_choices":[{"floor":6,"key":"REST"}],"circlet_count":0,"master_deck":["conspire:GhostlyStrike","conspire:GhostlyStrike","conspire:GhostlyStrike","conspire:GhostlyStrike","conspire:GhostlyStrike","conspire:GhostlyDefend","conspire:GhostlyDefend","conspire:GhostlyDefend","conspire:GhostlyDefend","conspire:GhostlyDefend","construct:AttackMode","construct:DefenseMode","construct:Autoturret"],"relics":["construct:Cogwheel","Turnip","Dream Catcher","Blue Candle","Lantern"],"acts_visited":["Exordium"],"potions_floor_usage":[11,13,13],"damage_taken":[{"damage":2,"enemies":"2 Louse","floor":1,"turns":3},{"damage":6,"enemies":"Jaw Worm","floor":7,"turns":3},{"damage":2,"enemies":"Small Slimes","floor":10,"turns":3},{"damage":14,"enemies":"Blue Slaver","floor":11,"turns":3},{"damage":34,"enemies":"Lots of Slimes","floor":12,"turns":4},{"damage":29,"enemies":"3 Sentries","floor":13,"turns":4}],"seed_played":"5839702015986744424","potions_obtained":[{"floor":7,"key":"SteroidPotion"},{"floor":11,"key":"SkillPotion"},{"floor":12,"key":"SteroidPotion"}],"is_trial":false,"path_per_floor":["M","?","?","T","$","R","M","?","T","M","M","M","E"],"character_chosen":"THE_CONSTRUCT_MOD","items_purchased":["construct:Autoturret"],"campfire_rested":1,"item_purchase_floors":[5],"current_hp_per_floor":[59,59,59,59,59,84,78,73,73,71,57,23,0,0],"gold":113,"neow_bonus":"ONE_RARE_RELIC","is_daily":false,"chose_seed":false,"campfire_upgraded":0,"win_rate":0.0,"timestamp":1612279487,"path_taken":["M","?","?","?","?","R","M","?","T","M","?","?","E"],"items_purchased_type":["Card"],"build_version":"2020-12-22","purchased_purges":1,"victory":false,"max_hp_per_floor":[85,85,85,85,85,85,85,85,85,85,85,85,85,85],"card_choices":[{"not_picked":["construct:ModeShift","construct:HardReboot","construct:SaveState"],"picked":"SKIP","floor":1},{"not_picked":["construct:HeavyBolt","construct:ShiftGuard","construct:SuppressiveFire"],"picked":"SKIP","floor":7},{"not_picked":["construct:Missile","construct:FierceBash","construct:Electrocute"],"picked":"SKIP","floor":10},{"not_picked":["construct:SweepLaser","construct:SyphonStrike","construct:HardReboot"],"picked":"SKIP","floor":11},{"not_picked":["construct:HeavyBolt","construct:Anticipate","construct:CriticalHit"],"picked":"SKIP","floor":12}],"player_experience":585500,"relics_obtained":[{"floor":9,"key":"Lantern"}],"event_choices":[{"damage_healed":0,"gold_gain":0,"player_choice":"Agree","damage_taken":0,"max_hp_gain":0,"max_hp_loss":0,"event_name":"conspire:LoneGhost","floor":2,"gold_loss":0},{"damage_healed":0,"gold_gain":0,"player_choice":"Box","damage_taken":0,"relics_obtained":["Dream Catcher"],"max_hp_gain":0,"max_hp_loss":0,"event_name":"Big Fish","floor":3,"gold_loss":0,"cards_obtained":["Regret"]}],"is_beta":false,"boss_relics":[],"items_purged_floors":[5],"is_endless":false,"potions_floor_spawned":[7,11,12],"killed_by":"3 Sentries","ascension_level":0}}