{"host":"uu8qcv8llpcbwyus","time":1612250149,"event":{"mods":["100% Spire Juice","BaseMod","CapriCore","Conspire","Downfall","HololiveMod","Hubris","Marisa（霧雨　魔理沙）","Minty Spire (QoL Compilation)","Reimu（博??梦）","Remilia（蕾米莉?）","Replay The Spire","StSLib","The Administrix","The Animator","The Gatherer","The Immortal","The Servant 0.9.4","TheSwordswoman","WarShipGirlsR/??少女R mod","Yakumo Yukari mod"],"gold_per_floor":[211,226,226,238,249,249,269,287,311,311,324,95,112,131,131,233,233,250,262,262,281,21,56,56,91,116,116,116,143,154,74,74,177,177,195,209,209,209,229,229,260,279,305,373,373,384,384,110,110,110],"floor_reached":51,"language":"ENG","playtime":2294,"items_purged":["Hololive_CallYozoraMel","Strike_Lin:ReiMu","Injury"],"score":1203,"play_id":"e496a912-1f1a-4940-b5a5-31ed18b9ccfd","local_time":"20210201231549","is_ascension_mode":true,"campfire_choices":[{"data":"SafetyPray:ReiMu","floor":6,"key":"SMITH"},{"data":"OrbThrow:ReiMu","floor":10,"key":"SMITH"},{"data":"SubcavityFantasy:ReiMu","floor":15,"key":"SMITH"},{"floor":24,"key":"REST"},{"floor":27,"key":"REST"},{"floor":32,"key":"REST"},{"floor":40,"key":"REST"},{"floor":45,"key":"REST"},{"floor":47,"key":"REST"},{"floor":49,"key":"RECALL"}],"circlet_count":0,"master_deck":["Defend_Lin:ReiMu","Defend_Lin:ReiMu","Defend_Lin:ReiMu","Defend_Lin:ReiMu","NB:ReiMu","Stagnation:ReiMu","AlertArray:ReiMu+1","Amulet:ReiMu","SafetyPray:ReiMu+1","Dreaming2:ReiMu","OrbThrow:ReiMu+1","SpiritualOutbreak2:ReiMu","Conquer:ReiMu","SubcavityFantasy:ReiMu+1","NineCharacters:ReiMu","Amulet:ReiMu","WonderfulDomain:ReiMu","YinYang:ReiMu","SealNeedle:ReiMu","ManaGlint:ReiMu","Necronomicurse","RainPray2:ReiMu+1","BlastKick2:ReiMu","Determination:ReiMu","InherentArray:ReiMu","PrayRite:ReiMu","UniversalSpiritual:ReiMu+1","SpiritualOutbreak2:ReiMu+1","ManaGlint:ReiMu+1","UniversalSpiritual:ReiMu+1","RainPray2:ReiMu+1","RainPray2:ReiMu+1"],"relics":["FlyPower:ReiMu","Tiny Chest","Fusion Hammer","Necronomicon","Hololive_LightStick","conspire:TopHat","Potion Belt","Pen Nib","PreservedInsect","Astrolabe","Bag of Preparation","Replay:Rubber Ducky","RuthlessExorcism:ReiMu","Kunai","BargainBundle","Mastiff:ReiMu"],"acts_visited":["Exordium","TheCity","TheBeyond"],"potions_floor_usage":[16,16,23,23,23,41,41,50,50],"damage_taken":[{"damage":8,"enemies":"Jaw Worm","floor":1,"turns":4},{"damage":15,"enemies":"Cultist","floor":2,"turns":6},{"damage":2,"enemies":"2 Louse","floor":4,"turns":4},{"damage":0,"enemies":"2 Fungi Beasts","floor":5,"turns":5},{"damage":2,"enemies":"3 Louse","floor":7,"turns":5},{"damage":0,"enemies":"Blue Slaver","floor":8,"turns":4},{"damage":10,"enemies":"Exordium Wildlife","floor":11,"turns":5},{"damage":9,"enemies":"2 Fungi Beasts","floor":13,"turns":3},{"damage":0,"enemies":"Red Slaver","floor":14,"turns":3},{"damage":6,"enemies":"Hexaghost","floor":16,"turns":10},{"damage":14,"enemies":"conspire:FuzzyDice","floor":18,"turns":6},{"damage":2,"enemies":"Spheric Guardian","floor":19,"turns":6},{"damage":12,"enemies":"Cultist and Chosen","floor":21,"turns":7},{"damage":2,"enemies":"Slavers","floor":23,"turns":5},{"damage":0,"enemies":"Book of Stabbing","floor":25,"turns":6},{"damage":0,"enemies":"Shelled Parasite and Fungi","floor":30,"turns":4},{"damage":4,"enemies":"Pondfish","floor":33,"turns":11},{"damage":0,"enemies":"3 Shapes","floor":35,"turns":1},{"damage":0,"enemies":"Orb Walker","floor":36,"turns":4},{"damage":43,"enemies":"4 Shapes","floor":39,"turns":6},{"damage":0,"enemies":"Reptomancer","floor":41,"turns":4},{"damage":0,"enemies":"Transient","floor":42,"turns":5},{"damage":0,"enemies":"3 Darklings","floor":46,"turns":2},{"damage":0,"enemies":"Donu and Deca","floor":50,"turns":7}],"seed_played":"8410250323576572972","potions_obtained":[{"floor":4,"key":"PowerPotion"},{"floor":5,"key":"champ:CounterPotion"},{"floor":13,"key":"DistilledChaos"},{"floor":16,"key":"Cursed Concoction"},{"floor":18,"key":"FearPotion"},{"floor":23,"key":"GrandPatriotsElixir:ReiMu"},{"floor":30,"key":"Adrenaline Potion"},{"floor":33,"key":"LiquidFlight:ReiMu"},{"floor":36,"key":"PinkPotion:ReiMu"},{"floor":41,"key":"Adrenaline Potion"}],"is_trial":false,"path_per_floor":["M","M","?","M","M","R","M","M","T","R","M","$","M","M","R","B",null,"M","M","?","M","$","E","R","E","T","R","?","T","M","$","R","B",null,"M","M","?","?","M","R","E","M","T","T","R","M","R","$","R","B",null],"character_chosen":"REIMU","items_purchased":["SubcavityFantasy:ReiMu","NineCharacters:ReiMu","BlastKick2:ReiMu","InherentArray:ReiMu","BargainBundle","Mastiff:ReiMu","Energy Potion","Block Potion"],"campfire_rested":6,"item_purchase_floors":[12,12,22,31,48,48,48,48],"current_hp_per_floor":[57,42,42,40,40,40,38,38,38,38,28,28,19,19,19,13,65,51,49,33,21,21,19,38,38,38,57,57,57,57,57,65,61,65,65,65,65,65,22,41,41,41,41,41,60,60,65,65,65,65],"gold":110,"neow_bonus":"HUNDRED_GOLD","is_daily":false,"chose_seed":false,"campfire_upgraded":3,"win_rate":0.0,"timestamp":1612250149,"path_taken":["M","M","?","M","M","R","M","?","T","R","M","$","?","M","R","BOSS","M","M","?","M","$","E","R","E","T","R","?","?","?","$","R","BOSS","M","M","?","?","M","R","E","M","T","?","R","M","R","$","R","BOSS"],"items_purchased_type":["Card","Card","Card","Card","Relic","Relic","Potion","Potion"],"build_version":"2020-12-22","purchased_purges":3,"victory":true,"max_hp_per_floor":[65,65,65,65,65,65,65,65,65,65,65,65,65,65,65,65,65,65,65,65,65,65,65,65,65,65,65,65,65,65,65,65,65,65,65,65,65,65,65,65,65,65,65,65,65,65,65,65,65,65],"card_choices":[{"not_picked":["SpreadBorder2:ReiMu","PassingAway:ReiMu"],"picked":"AlertArray:ReiMu","floor":1},{"not_picked":["EmergencyTakeOff:ReiMu","AlertArray:ReiMu"],"picked":"Amulet:ReiMu","floor":2},{"not_picked":["UpKicking:ReiMu","CollectionFlower2:ReiMu"],"picked":"SafetyPray:ReiMu","floor":4},{"not_picked":["SpringWay:ReiMu","ShadowOfCrow2:ReiMu"],"picked":"Dreaming2:ReiMu","floor":5},{"not_picked":["Meditation:ReiMu","Enchanting:ReiMu"],"picked":"OrbThrow:ReiMu","floor":7},{"not_picked":["TightArray:ReiMu","Intuition:ReiMu"],"picked":"SpiritualOutbreak2:ReiMu","floor":8},{"not_picked":["Mountainwind:ReiMu","Meditation:ReiMu"],"picked":"Conquer:ReiMu","floor":11},{"not_picked":["ForcedLanding:ReiMu","SafetyPray:ReiMu"],"picked":"Amulet:ReiMu","floor":13},{"not_picked":["Free:ReiMu","Intuition:ReiMu"],"picked":"WonderfulDomain:ReiMu","floor":14},{"not_picked":["KyokaiOfKami:ReiMu","Free:ReiMu"],"picked":"YinYang:ReiMu","floor":16},{"not_picked":["Amulet:ReiMu","CareerPray:ReiMu"],"picked":"SealNeedle:ReiMu","floor":18},{"not_picked":["TakeOff:ReiMu+1","OrbThrow:ReiMu"],"picked":"ManaGlint:ReiMu","floor":19},{"not_picked":["SubAcupoint:ReiMu","Intuition:ReiMu"],"picked":"RainPray2:ReiMu+1","floor":21},{"not_picked":["SpreadBorder2:ReiMu","Intuition:ReiMu","FineLineFantasy:ReiMu"],"picked":"SKIP","floor":23},{"not_picked":["AirStrike:ReiMu","CareerPray:ReiMu"],"picked":"Determination:ReiMu","floor":25},{"not_picked":["EmergencyTakeOff:ReiMu+1","SpreadBorder2:ReiMu+1","Conquer:ReiMu+1"],"picked":"SKIP","floor":30},{"not_picked":["Free:ReiMu","HakureiPhantom:ReiMu"],"picked":"PrayRite:ReiMu","floor":33},{"not_picked":["AlertArray:ReiMu","SafetyPray:ReiMu"],"picked":"UniversalSpiritual:ReiMu+1","floor":35},{"not_picked":["OrbThrow:ReiMu+1","AirStrike:ReiMu+1","AlertArray:ReiMu+1"],"picked":"SKIP","floor":36},{"not_picked":["OrbThrow:ReiMu+1","PassingAway:ReiMu","FineLineFantasy:ReiMu+1"],"picked":"SKIP","floor":39},{"not_picked":["Dreaming:ReiMu","Conquer:ReiMu","FantasyBorder:ReiMu"],"picked":"SKIP","floor":41},{"not_picked":["CareerPray:ReiMu","Intuition:ReiMu+1"],"picked":"RainPray2:ReiMu+1","floor":42},{"not_picked":["LovePray:ReiMu","MountainWay:ReiMu"],"picked":"RainPray2:ReiMu+1","floor":46}],"player_experience":1157633,"relics_obtained":[{"floor":9,"key":"Tiny Chest"},{"floor":20,"key":"Necronomicon"},{"floor":23,"key":"Hololive_LightStick"},{"floor":25,"key":"conspire:TopHat"},{"floor":26,"key":"Potion Belt"},{"floor":29,"key":"PreservedInsect"},{"floor":38,"key":"Bag of Preparation"},{"floor":41,"key":"Replay:Rubber Ducky"},{"floor":43,"key":"RuthlessExorcism:ReiMu"},{"floor":44,"key":"Kunai"}],"event_choices":[{"damage_healed":0,"gold_gain":0,"player_choice":"Upgraded","damage_taken":0,"max_hp_gain":0,"max_hp_loss":0,"event_name":"Upgrade Shrine","floor":3,"gold_loss":0,"cards_upgraded":["AlertArray:ReiMu"]},{"damage_healed":0,"gold_gain":0,"player_choice":"Obtained Book","damage_taken":16,"max_hp_gain":0,"max_hp_loss":0,"event_name":"Cursed Tome","floor":20,"gold_loss":0},{"damage_healed":0,"gold_gain":0,"player_choice":"Leave","damage_taken":0,"max_hp_gain":0,"max_hp_loss":0,"event_name":"conspire:Investor","floor":37,"gold_loss":0},{"damage_healed":0,"gold_gain":0,"player_choice":"Relic","damage_taken":0,"max_hp_gain":0,"max_hp_loss":0,"event_name":"Wheel of Change","floor":38,"gold_loss":0}],"is_beta":false,"boss_relics":[{"not_picked":["SlaversCollar","RedLine:ReiMu"],"picked":"Fusion Hammer"},{"not_picked":["Replay:Ancient Bell","hubris:BlackHole"],"picked":"Astrolabe"}],"items_purged_floors":[12,22,48],"is_endless":false,"potions_floor_spawned":[4,5,13,16,18,23,30,33,36,41],"ascension_level":4}}