{"host":"am0cr9xwekqmrere","time":1612298381,"event":{"mods":["AchievementEnabler","Act Like it!","BaseMod","Better Altar","Better Match","Better Note","Better Sensory Stone","Better Skull","Better Third Choice","BetterRewards","Conspire","Downfall","Hubris","Infinite Spire","Minty Spire (QoL Compilation)","Rare Cards Sparkle","Spicy Shops","StSLib","Unceasing Turn Reminder"],"gold_per_floor":[99,99,112,112,124,124,124,124,24,24,24,43,72,57,75,75,75,75],"floor_reached":16,"language":"ENG","playtime":529,"items_purged":[],"score":123,"play_id":"c4c420a9-c694-46f1-bb37-e0210bbea422","local_time":"20210202143941","is_ascension_mode":false,"campfire_choices":[{"data":"champ:Taunt","floor":1.0,"key":"SMITH"},{"data":"champ:IronFortress","floor":9.0,"key":"SMITH"},{"floor":11.0,"key":"RECALL"}],"circlet_count":0,"master_deck":["champ:Strike+1","champ:Strike","champ:Strike+1","champ:Strike","champ:Defend","champ:Defend","champ:Defend","champ:Defend","champ:Execute+1","champ:Taunt+1","champ:BringItOn","champ:IronFortress+1","champ:Duel","champ:Shatter","downfall:Malfunctioning","champ:IronFortress+1","champ:FaceSlap","champ:VampiricStrike","champ:FocusedBerserking"],"relics":["champ:ChampionCrown","downfall:HeartBlessingBlue"],"acts_visited":["Exordium"],"potions_floor_usage":[14,16],"damage_taken":[{"damage":27.0,"enemies":"Small Slimes","floor":3.0,"turns":4.0},{"damage":10.0,"enemies":"2 Louse","floor":5.0,"turns":3.0},{"damage":0.0,"enemies":"Cultist","floor":6.0,"turns":1.0},{"damage":2.0,"enemies":"3 Louse","floor":12.0,"turns":2.0},{"damage":56.0,"enemies":"3 Sentries","floor":13.0,"turns":11.0},{"damage":30,"enemies":"downfall:FleeingMerchant","floor":14,"turns":4},{"damage":22,"enemies":"Large Slime","floor":15,"turns":6},{"damage":79,"enemies":"SI_SHIV_ARCHETYPE","floor":16,"turns":8}],"seed_played":"863174777053401785","potions_obtained":[{"floor":3.0,"key":"Fire Potion"},{"floor":12.0,"key":"LiquidMemories"},{"floor":15,"key":"SkillPotion"}],"is_trial":false,"path_per_floor":["R","?","M","?","M","M","T","?","R","?","R","M","E","$","M","B"],"character_chosen":"THE_CHAMP","items_purchased":[],"campfire_rested":0,"item_purchase_floors":[],"current_hp_per_floor":[99,99,92,92,92,92,92,92,102,102,102,100,64,54,52,0,0,0],"gold":75,"neow_bonus":"TEN_PERCENT_HP_BONUS","is_daily":false,"chose_seed":false,"campfire_upgraded":2,"win_rate":0.0,"timestamp":1612298381,"path_taken":["R","?","M","?","M","M","T","?","R","?","R","?","E","?","M","BOSS"],"items_purchased_type":[],"build_version":"2020-12-22","purchased_purges":0,"victory":false,"max_hp_per_floor":[99,99,99,99,99,99,99,99,109,109,109,109,109,109,109,109,109,109],"card_choices":[{"not_picked":["champ:Backstep","champ:FlashCut"],"picked":"champ:BringItOn","floor":3.0},{"not_picked":["champ:SkillfulDodge","champ:PreciseThrust"],"picked":"champ:Duel","floor":5.0},{"not_picked":["champ:Duel","champ:EnGarde"],"picked":"champ:Shatter","floor":6.0},{"not_picked":["champ:EnGarde","champ:FalseCounter"],"picked":"champ:FaceSlap","floor":12.0},{"not_picked":["champ:ShieldSigil","champ:DefensiveShout"],"picked":"champ:VampiricStrike","floor":13},{"not_picked":["champ:Shatter","champ:HeartStrike"],"picked":"champ:FocusedBerserking","floor":14},{"not_picked":["champ:Parry","champ:Backstep","champ:TornadoPunch"],"picked":"SKIP","floor":15}],"player_experience":2715438,"relics_obtained":[],"event_choices":[],"is_beta":false,"boss_relics":[],"items_purged_floors":[],"is_endless":false,"potions_floor_spawned":[3,12,15],"killed_by":"SI_SHIV_ARCHETYPE","ascension_level":0}}