{"host":"rwmcmr2m88k7tuzm","time":1612270943,"event":{"mods":["BaseMod","BetterRewards","Conspire","Downfall","Hubris","Infinite Spire","Minty Spire (QoL Compilation)","Quick Restart","Replay The Spire","Shop Mod","StSLib","SuperFastMode","The Hayseed"],"gold_per_floor":[111,111,131,131,145,145,157,191,191,206,217,217,217,244,244,347,347,359,284,298,298,313,313,343,343,343,343,382,427,427,427,427,451,451],"floor_reached":33,"language":"ENG","playtime":1414,"items_purged":["Strike_R"],"score":320,"play_id":"338a5781-2b4d-44b7-b0e6-c2ba0f991d12","local_time":"20210202130223","is_ascension_mode":false,"campfire_choices":[{"data":"Searing Blow","floor":6,"key":"SMITH"},{"data":"infinitespire:OneForAll","floor":12,"key":"SMITH"},{"data":"Finesse","floor":15,"key":"SMITH"},{"data":"Bludgeon","floor":23,"key":"SMITH"},{"floor":27,"key":"REST"},{"data":"Inflame","floor":30,"key":"SMITH"},{"data":"Pummel","floor":32,"key":"SMITH"}],"circlet_count":0,"master_deck":["Strike_R","Strike_R","Strike_R","Defend_R","Defend_R","Defend_R","Defend_R","Bash","Finesse+1","infinitespire:OneForAll+1","Searing Blow+1","Rage","Cleave","Dropkick","Pummel+1","infinitespire:OneForAll+1","Replay:Undeath\u0027s Touch","Hemogenesis","Bludgeon+1","Carnage","Inflame+1","Reaper+1"],"relics":["Burning Blood","FossilizedHelix","infinitespire:FocusingShard","BargainBundle","hubris:Towel","hubris:Potato","Ginger","TungstenRod","hubris:Backtick","hubris:Spice","Replay:Bandana","Golden Egg","hubris:CuriousFeather","MutagenicStrength"],"acts_visited":["Exordium","TheCity"],"potions_floor_usage":[8,16,24,24,24,33],"damage_taken":[{"damage":0,"enemies":"Cultist","floor":1,"turns":3},{"damage":0,"enemies":"conspire:RoseBush","floor":3,"turns":3},{"damage":0,"enemies":"2 Louse","floor":5,"turns":2},{"damage":0,"enemies":"2 Fungi Beasts","floor":7,"turns":3},{"damage":6,"enemies":"3 Sentries","floor":8,"turns":7},{"damage":0,"enemies":"Blue Slaver","floor":10,"turns":2},{"damage":5,"enemies":"Large Slime","floor":11,"turns":5},{"damage":0,"enemies":"Replay:BlueRogue","floor":14,"turns":4},{"damage":59,"enemies":"Hexaghost","floor":16,"turns":13},{"damage":0,"enemies":"2 Thieves","floor":18,"turns":3},{"damage":0,"enemies":"Spheric Guardian","floor":20,"turns":3},{"damage":21,"enemies":"3 Cultists","floor":22,"turns":5},{"damage":20,"enemies":"Nightmare","floor":24,"turns":5},{"damage":0,"enemies":"Chosen and Byrds","floor":28,"turns":4},{"damage":5,"enemies":"Slavers","floor":29,"turns":5},{"damage":147,"enemies":"Automaton","floor":33,"turns":12}],"seed_played":"-1234804630303752844","potions_obtained":[{"floor":10,"key":"SneckoOil"},{"floor":16,"key":"DistilledChaos"},{"floor":18,"key":"SpeedPotion"},{"floor":29,"key":"Reflective Coating"}],"is_trial":false,"path_per_floor":["M","?","M","?","M","R","M","E","T","M","M","R","?","E","R","B",null,"M","?","M","$","M","R","NM","?","T","R","M","E","R","?","R","B"],"character_chosen":"IRONCLAD","items_purchased":["FossilizedHelix","infinitespire:FocusingShard","BargainBundle","Energy Potion","Energy Potion","Adrenaline Potion","Finesse","infinitespire:OneForAll+1"],"campfire_rested":1,"item_purchase_floors":[0,0,0,0,0,0,0,0],"current_hp_per_floor":[50,50,56,56,62,62,68,68,68,74,75,75,75,80,80,27,88,88,88,88,88,73,73,59,59,59,85,88,88,88,88,88,0,0],"gold":451,"neow_bonus":"","is_daily":false,"chose_seed":false,"campfire_upgraded":6,"win_rate":0.0,"timestamp":1612270943,"path_taken":["M","?","?","?","M","R","M","E","T","M","M","R","?","E","R","BOSS","M","?","M","$","M","R","NM","?","T","R","M","E","R","?","R","BOSS"],"items_purchased_type":["Relic","Relic","Relic","Potion","Potion","Potion","Card","Card"],"build_version":"2020-12-22","purchased_purges":1,"victory":false,"max_hp_per_floor":[80,80,80,80,80,80,80,80,80,80,80,80,80,80,80,80,88,88,88,88,88,88,88,88,88,88,88,88,88,88,88,88,88,88],"card_choices":[{"not_picked":["Hemokinesis","Heavy Blade"],"picked":"Searing Blow","floor":1},{"not_picked":["Sword Boomerang","Evolve","Bloodletting"],"picked":"SKIP","floor":3},{"not_picked":["Pommel Strike","Entrench"],"picked":"Rage","floor":5},{"not_picked":["Replay:Undeath\u0027s Touch","Heavy Blade"],"picked":"Cleave","floor":7},{"not_picked":["Replay:Many Hands","Seeing Red"],"picked":"Dropkick","floor":8},{"not_picked":["Replay:Undeath\u0027s Touch","Clothesline"],"picked":"Pummel","floor":10},{"not_picked":["Combust","Body Slam"],"picked":"infinitespire:OneForAll","floor":11},{"not_picked":["hubris:ReadiedAction","Sentinel"],"picked":"Replay:Undeath\u0027s Touch","floor":14},{"not_picked":["Bludgeon","Brutality"],"picked":"Hemogenesis","floor":16},{"not_picked":["hubris:ReadiedAction+1","Iron Wave","Shockwave"],"picked":"SKIP","floor":18},{"not_picked":["Flame Barrier+1","Combust"],"picked":"Bludgeon","floor":20},{"not_picked":["Thunderclap","Headbutt"],"picked":"Carnage","floor":22},{"not_picked":["Body Slam","Evolve"],"picked":"Inflame","floor":24},{"not_picked":["Heavy Blade","Bloodletting"],"picked":"Reaper","floor":28},{"not_picked":["Body Slam","hubris:ReadiedAction","Dark Embrace+1"],"picked":"SKIP","floor":29}],"player_experience":187219,"relics_obtained":[{"floor":8,"key":"hubris:Potato"},{"floor":9,"key":"Ginger"},{"floor":14,"key":"TungstenRod"},{"floor":24,"key":"Replay:Bandana"},{"floor":26,"key":"Golden Egg"},{"floor":29,"key":"hubris:CuriousFeather"}],"event_choices":[{"damage_healed":0,"gold_gain":0,"player_choice":"Bought 0 Potions","damage_taken":0,"max_hp_gain":0,"max_hp_loss":0,"event_name":"The Woman in Blue","floor":2,"gold_loss":0},{"cards_removed":["Strike_R"],"damage_healed":0,"gold_gain":0,"player_choice":"Gave Gold","damage_taken":0,"max_hp_gain":0,"max_hp_loss":0,"event_name":"Beggar","floor":19,"gold_loss":75},{"damage_healed":0,"gold_gain":0,"player_choice":"Ignored","damage_taken":0,"max_hp_gain":0,"max_hp_loss":0,"event_name":"Vampires","floor":25,"gold_loss":0},{"damage_healed":0,"gold_gain":0,"player_choice":"Inject Mutagens","damage_taken":0,"relics_obtained":["MutagenicStrength"],"max_hp_gain":0,"max_hp_loss":0,"event_name":"Drug Dealer","floor":31,"gold_loss":0}],"is_beta":false,"boss_relics":[{"not_picked":["Runic Pyramid","hubris:HollowSoul"],"picked":"hubris:Backtick"}],"items_purged_floors":[0],"is_endless":false,"potions_floor_spawned":[3,5,10,11,16,18,20,29],"killed_by":"Automaton","ascension_level":0}}