{"host":"3uci9gpt6cwo3y1o","time":1612247718,"event":{"mods":["Aspiration","BaseMod","Energized Spire","Minty Spire (QoL Compilation)","MostiFishMod","Reliquary","RumiaBox-露米娅的神秘盒子","StSLib","TestMod"],"gold_per_floor":[113,128,145,145,70,70,70],"floor_reached":6,"language":"ZHS","playtime":205,"items_purged":["Strike_G"],"score":72,"play_id":"27b2e247-7110-4378-aa74-514cf3d7018f","local_time":"20210202143518","is_ascension_mode":true,"campfire_choices":[],"circlet_count":0,"master_deck":["AscendersBane","Strike_G","Strike_G","Strike_G","Strike_G","Defend_G","Defend_G","Defend_G","Defend_G","Defend_G","Survivor","Neutralize","Backflip","Backstab","Regret"],"relics":["Ring of the Snake","DaveBox","testmod-TestBox","ChiXiaoBlade","testmod-Prudence","SynthV:TestCard","Ornamental Fan"],"acts_visited":["Exordium"],"potions_floor_usage":[],"damage_taken":[{"damage":0.0,"enemies":"Cultist","floor":1.0,"turns":4.0},{"damage":0.0,"enemies":"Jaw Worm","floor":2.0,"turns":4.0},{"damage":1.0,"enemies":"Small Slimes","floor":3.0,"turns":3.0},{"damage":0,"enemies":"Lagavulin","floor":6,"turns":1}],"seed_played":"-1822540476251644987","potions_obtained":[{"floor":1.0,"key":"CunningPotion"}],"is_trial":false,"path_per_floor":["M","M","M","?","$","E"],"character_chosen":"THE_SILENT","items_purchased":[],"campfire_rested":0,"item_purchase_floors":[],"current_hp_per_floor":[65,65,64,64,64,64,64],"gold":70,"neow_bonus":"TEN_PERCENT_HP_BONUS","is_daily":false,"chose_seed":false,"campfire_upgraded":0,"win_rate":0.0,"timestamp":1612247718,"path_taken":["M","M","?","?","$","E"],"items_purchased_type":[],"build_version":"2020-12-22","purchased_purges":1,"victory":false,"max_hp_per_floor":[72,72,72,72,72,72,72],"card_choices":[{"not_picked":["Leg Sweep","Underhanded Strike"],"picked":"Backflip","floor":1.0},{"not_picked":["Leg Sweep","Accuracy","Cloak And Dagger","Slice"],"picked":"Backstab","floor":2.0},{"not_picked":["Bane","Deadly Poison","Deflect","MostiFishMod:PerfectParry","Sucker Punch"],"picked":"SKIP","floor":3.0}],"player_experience":900357,"relics_obtained":[{"floor":1.0,"key":"SynthV:TestCard"}],"event_choices":[{"damage_healed":0,"gold_gain":0,"player_choice":"Box","damage_taken":0,"relics_obtained":["Ornamental Fan"],"max_hp_gain":0,"max_hp_loss":0,"event_name":"Big Fish","floor":4,"gold_loss":0,"cards_obtained":["Regret"]}],"is_beta":false,"boss_relics":[],"items_purged_floors":[5],"is_endless":false,"potions_floor_spawned":[1],"killed_by":"Lagavulin","ascension_level":20}}