{"host":"spdqkj9ykratwava","time":1612300244,"event":{"mods":["BaseMod","Block Reminder","Minty Spire (QoL Compilation)","Remilia??????","Slay the Relics Exporter","StSLib"],"gold_per_floor":[114,129,148,148,298,298,332,332,332,365,386,405,440,440,440,561,561,561,561,561,561,561,561,561,561,561,343,343,343,343,343,343,343,343,343,343,343,114,114,114,114,114,114,114,114,114,114,114,114,114],"floor_reached":51,"language":"ENG","playtime":3310,"items_purged":["Defend_RM"],"score":2009,"play_id":"dbf26cc8-4a64-49f3-8d16-0400e37e3a0f","local_time":"20210202131044","is_ascension_mode":true,"campfire_choices":[{"data":"RedMoon","floor":6,"key":"SMITH"},{"data":"GlobalNightmare","floor":8,"key":"SMITH"},{"data":"TricksterDevil","floor":15,"key":"SMITH"},{"data":"ScarletMeister","floor":24,"key":"SMITH"},{"data":"ScarletNetherworld","floor":28,"key":"SMITH"},{"data":"BatForm","floor":32,"key":"SMITH"},{"data":"TransientEternity","floor":40,"key":"SMITH"},{"data":"ScarletMeister","floor":49,"key":"SMITH"}],"circlet_count":0,"master_deck":["AscendersBane","Strike_RM","Strike_RM","Strike_RM","Defend_RM","Defend_RM","Defend_RM","RedMoon+1","ScarletShoot","ScarletMeister+1","GlobalNightmare+1","EternalNight","StarOfDavid","ScarletNetherworld+1","LeisurelyOfLord","TricksterDevil+1","VampirishNight","HellCatastrophe","VampirishNight","Maim+1","ForecastOfChange","Ultimatum","MillenniumVampire","GlobalNightmare","DiffusionOfMisfortune+1","MillenniumVampire","UnstableMagic","CharismaGuard+1","VampireKiss","BatForm+1","GlobalNightmare","ScarletMeister+1","VampirishNight+1","MillenniumVampire","MillenniumVampire","ScarletImprint","UnstableMagic+1","TransientEternity+1","Thinking Ahead","TransientEternity","DevilSight","RedMagic"],"relics":["ScarletHat","Golden Idol","Sundial","HornCleat","Strawberry","PreservedInsect","Prayer Wheel","Ectoplasm","Orichalcum","Anchor","Bag of Marbles","Pen Nib","Shuriken","Cursed Key","Dream Catcher","Gambling Chip","Toy Ornithopter","Happy Flower"],"acts_visited":["Exordium","TheCity","TheBeyond"],"potions_floor_usage":[7,13,13,31,41,47],"damage_taken":[{"damage":0,"enemies":"2 Louse","floor":1,"turns":4},{"damage":8,"enemies":"Jaw Worm","floor":2,"turns":6},{"damage":0,"enemies":"Small Slimes","floor":3,"turns":7},{"damage":38,"enemies":"Gremlin Nob","floor":7,"turns":5},{"damage":0,"enemies":"Lagavulin","floor":10,"turns":7},{"damage":2,"enemies":"Blue Slaver","floor":11,"turns":5},{"damage":4,"enemies":"3 Louse","floor":12,"turns":4},{"damage":63,"enemies":"Gremlin Nob","floor":13,"turns":7},{"damage":42,"enemies":"Slime Boss","floor":16,"turns":13},{"damage":47,"enemies":"3 Byrds","floor":18,"turns":7},{"damage":10,"enemies":"Spheric Guardian","floor":19,"turns":5},{"damage":13,"enemies":"Centurion and Healer","floor":20,"turns":6},{"damage":41,"enemies":"Cultist and Chosen","floor":21,"turns":9},{"damage":4,"enemies":"Gremlin Leader","floor":23,"turns":6},{"damage":0,"enemies":"Book of Stabbing","floor":25,"turns":4},{"damage":0,"enemies":"Snake Plant","floor":29,"turns":4},{"damage":0,"enemies":"Centurion and Healer","floor":30,"turns":6},{"damage":19,"enemies":"Slavers","floor":31,"turns":4},{"damage":6,"enemies":"Collector","floor":33,"turns":8},{"damage":0,"enemies":"3 Darklings","floor":35,"turns":7},{"damage":27,"enemies":"3 Shapes","floor":36,"turns":5},{"damage":10,"enemies":"Spire Growth","floor":37,"turns":7},{"damage":0,"enemies":"Nemesis","floor":41,"turns":5},{"damage":34,"enemies":"Sphere and 2 Shapes","floor":44,"turns":5},{"damage":0,"enemies":"Giant Head","floor":45,"turns":5},{"damage":5,"enemies":"Reptomancer","floor":47,"turns":4},{"damage":35,"enemies":"Transient","floor":48,"turns":6},{"damage":0,"enemies":"Time Eater","floor":50,"turns":4}],"seed_played":"-3169314509269940496","potions_obtained":[{"floor":1,"key":"Strength Potion"},{"floor":2,"key":"DistilledChaos"},{"floor":11,"key":"PowerPotion"},{"floor":16,"key":"Fire Potion"},{"floor":16,"key":"GamblersBrew"},{"floor":18,"key":"LiquidMemories"},{"floor":33,"key":"Fire Potion"},{"floor":45,"key":"LiquidBronze"},{"floor":47,"key":"EssenceOfSteel"}],"is_trial":false,"path_per_floor":["M","M","M","?","?","R","E","R","T","E","M","M","E","?","R","B",null,"M","M","M","M","?","E","R","E","T","$","R","M","M","E","R","B",null,"M","M","M","$","?","R","E","?","T","M","E","?","E","M","R","B",null],"character_chosen":"REMILIA","items_purchased":["Pen Nib","UnstableMagic","TransientEternity"],"campfire_rested":0,"item_purchase_floors":[27,27,38],"current_hp_per_floor":[65,65,69,63,63,63,36,36,36,70,70,70,29,29,29,35,61,30,35,48,49,49,69,69,73,73,73,73,73,73,73,73,73,73,73,69,73,73,73,73,73,73,73,51,73,73,73,69,69,73],"gold":114,"neow_bonus":"TRANSFORM_CARD","is_daily":false,"chose_seed":false,"campfire_upgraded":8,"win_rate":0.0,"timestamp":1612300244,"path_taken":["M","M","M","?","?","R","E","R","T","E","M","M","E","?","R","BOSS","M","M","M","M","?","E","R","E","T","$","R","M","M","E","R","BOSS","M","M","M","$","?","R","E","?","T","M","E","?","E","M","R","BOSS"],"items_purchased_type":["Relic","Card","Card"],"build_version":"2020-12-22","purchased_purges":1,"victory":true,"max_hp_per_floor":[70,70,70,63,63,63,63,63,63,70,70,70,70,70,70,70,70,70,70,73,73,73,73,73,73,73,73,73,73,73,73,73,73,73,73,73,73,73,73,73,73,73,73,73,73,73,73,73,73,73],"card_choices":[{"not_picked":["EndlessAdversity","VampireKiss"],"picked":"GlobalNightmare","floor":1},{"not_picked":["FavorOfDestiny","NightDance"],"picked":"EternalNight","floor":2},{"not_picked":["MastersStateliness","BadLadyScramble"],"picked":"StarOfDavid","floor":3},{"not_picked":["MastersStateliness","CharismaGuard","BlasphemousPunishment"],"picked":"SKIP","floor":7},{"not_picked":["EternalNight","BloodyTrap"],"picked":"ScarletNetherworld","floor":10},{"not_picked":["UnderTheZenith","BadLadyScramble"],"picked":"LeisurelyOfLord","floor":11},{"not_picked":["ScarletDevilSign","AfternoonTea"],"picked":"TricksterDevil","floor":12},{"not_picked":["BadLadyScramble","VampireKiss"],"picked":"VampirishNight","floor":13},{"not_picked":["EquivalentExchange","TricksterDevil"],"picked":"HellCatastrophe","floor":16},{"not_picked":["BombardNight","BloodHunter"],"picked":"VampirishNight","floor":18},{"not_picked":["EndlessAdversity","BombardNight","NightDance"],"picked":"SKIP","floor":18},{"not_picked":["Septette","BadLadyScramble"],"picked":"Maim+1","floor":19},{"not_picked":["DiffusionOfMisfortune","Stigmanizer","VampireClaw"],"picked":"SKIP","floor":19},{"not_picked":["ScarletNetherworld","Stigmanizer"],"picked":"ForecastOfChange","floor":20},{"not_picked":["ScarletDream","CharismaGuard"],"picked":"Ultimatum","floor":20},{"not_picked":["UnderTheZenith","MastersStateliness"],"picked":"MillenniumVampire","floor":21},{"not_picked":["FavorOfDestiny","UnstableMagic"],"picked":"GlobalNightmare","floor":21},{"not_picked":["BlasphemousPunishment+1","Ultimatum"],"picked":"DiffusionOfMisfortune+1","floor":21},{"not_picked":["AfternoonTea+1","UnderTheZenith","StarOfDavid+1"],"picked":"SKIP","floor":23},{"not_picked":["EmergencyRegeneration+1","LeisurelyOfLord+1"],"picked":"MillenniumVampire","floor":25},{"not_picked":["StarOfDavid","ChainGang+1"],"picked":"CharismaGuard+1","floor":29},{"not_picked":["UnderTheZenith","BlasphemousPunishment"],"picked":"VampireKiss","floor":29},{"not_picked":["UnstableMagic","EternalNight"],"picked":"BatForm","floor":30},{"not_picked":["MastersStateliness","BombardNight"],"picked":"GlobalNightmare","floor":30},{"not_picked":["VampireKiss","UnstableMagic","BloodHunter"],"picked":"SKIP","floor":31},{"not_picked":["ForecastOfChange","KillingBlow"],"picked":"ScarletMeister","floor":33},{"not_picked":["VampireKiss","ScarletDream"],"picked":"VampirishNight+1","floor":35},{"not_picked":["RedRainbow","MastersStateliness"],"picked":"MillenniumVampire","floor":35},{"not_picked":["VampireSweep","RedMagic"],"picked":"MillenniumVampire","floor":36},{"not_picked":["UnderTheZenith","Stigmanizer"],"picked":"ScarletImprint","floor":36},{"not_picked":["DiffusionOfMisfortune+1","RedRainbow+1"],"picked":"UnstableMagic+1","floor":37},{"not_picked":["BombardNight","NightLord+1","BloodHunter"],"picked":"SKIP","floor":37},{"not_picked":["Trip","Enlightenment"],"picked":"Thinking Ahead","floor":39},{"not_picked":["DiffusionOfMisfortune","StarOfDavid+1"],"picked":"TransientEternity","floor":41},{"not_picked":["NightDance","RedRainbow"],"picked":"DevilSight","floor":44},{"not_picked":["NightDance","ScarletDevil","NightLord+1"],"picked":"SKIP","floor":44},{"not_picked":["ScarletDevil+1","GlobalNightmare+1","VampireFantasy"],"picked":"SKIP","floor":45},{"not_picked":["NightLord+1","Stigmanizer","EternalNight"],"picked":"SKIP","floor":47},{"not_picked":["EmergencyRegeneration","Septette"],"picked":"RedMagic","floor":48},{"not_picked":["StarOfDavid","RedRainbow","ForbiddenFruit+1"],"picked":"SKIP","floor":48}],"player_experience":527050,"relics_obtained":[{"floor":7,"key":"Sundial"},{"floor":9,"key":"HornCleat"},{"floor":10,"key":"Strawberry"},{"floor":13,"key":"PreservedInsect"},{"floor":23,"key":"Anchor"},{"floor":25,"key":"Bag of Marbles"},{"floor":31,"key":"Shuriken"},{"floor":41,"key":"Dream Catcher"},{"floor":43,"key":"Gambling Chip"},{"floor":45,"key":"Toy Ornithopter"},{"floor":47,"key":"Happy Flower"}],"event_choices":[{"damage_healed":0,"gold_gain":0,"player_choice":"Lose Max HP","damage_taken":0,"relics_obtained":["Golden Idol"],"max_hp_gain":0,"max_hp_loss":7,"event_name":"Golden Idol","floor":4,"gold_loss":0},{"damage_healed":0,"gold_gain":150,"player_choice":"AGREE","damage_taken":0,"max_hp_gain":0,"max_hp_loss":0,"event_name":"Liars Game","floor":5,"gold_loss":0,"cards_obtained":["Doubt"]},{"damage_healed":0,"gold_gain":0,"player_choice":"Box","damage_taken":0,"relics_obtained":["Prayer Wheel"],"max_hp_gain":0,"max_hp_loss":0,"event_name":"Big Fish","floor":14,"gold_loss":0,"cards_obtained":["Regret"]},{"damage_healed":0,"gold_gain":0,"player_choice":"Stole Relic","damage_taken":0,"relics_obtained":["Orichalcum"],"max_hp_gain":0,"max_hp_loss":0,"event_name":"Addict","floor":22,"gold_loss":0,"cards_obtained":["Shame"]},{"damage_healed":0,"gold_gain":0,"player_choice":"Memory 1","damage_taken":0,"max_hp_gain":0,"max_hp_loss":0,"event_name":"SensoryStone","floor":39,"gold_loss":0},{"damage_healed":0,"gold_gain":0,"player_choice":"Ignored","damage_taken":0,"max_hp_gain":0,"max_hp_loss":0,"event_name":"The Moai Head","floor":42,"gold_loss":0},{"cards_removed":["Normality","Shame","Regret","Doubt"],"damage_healed":0,"gold_gain":0,"player_choice":"Removed Curses","damage_taken":0,"max_hp_gain":0,"max_hp_loss":0,"event_name":"Fountain of Cleansing","floor":46,"gold_loss":0}],"is_beta":false,"boss_relics":[{"not_picked":["SlaversCollar","Pandora\u0027s Box"],"picked":"Ectoplasm"},{"not_picked":["Runic Dome","Black Star"],"picked":"Cursed Key"}],"items_purged_floors":[38],"is_endless":false,"potions_floor_spawned":[1,2,11,12,18,21,30,33,36,45,47,48],"ascension_level":19}}