{"host":"eswokialmqjd9jwx","time":1612266590,"event":{"mods":["AchievementEnabler","BaseMod","Colored Map","DeckTracker","KOR Keyword Fix","Minty Spire (QoL Compilation)","StSLib","SuperFastMode"],"gold_per_floor":[115,127,107,32,48,48,59,70,70,70,70,83,98,108,108,185,235,248,266,2,2,2,2],"floor_reached":22,"language":"KOR","playtime":532,"items_purged":["Spot Weakness","Entrench"],"score":360,"play_id":"239ec535-7277-4a38-ad50-80e801e1d48c","local_time":"20210202204950","is_ascension_mode":true,"campfire_choices":[{"data":"Pommel Strike","floor":6.0,"key":"SMITH"},{"floor":15.0,"key":"REST"}],"circlet_count":0,"master_deck":["AscendersBane","Strike_R","Strike_R","Strike_R","Defend_R+1","Defend_R","Defend_R+1","Bash+1","Pommel Strike+1","Perfected Strike","Offering","Clash"],"relics":["Burning Blood","Mercury Hourglass","Tiny House","Anchor","MutagenicStrength"],"acts_visited":["Exordium","TheCity"],"potions_floor_usage":[16,16,22],"damage_taken":[{"damage":0.0,"enemies":"2 Louse","floor":1.0,"turns":2.0},{"damage":1.0,"enemies":"Cultist","floor":2.0,"turns":3.0},{"damage":3.0,"enemies":"Small Slimes","floor":5.0,"turns":4.0},{"damage":12.0,"enemies":"2 Fungi Beasts","floor":7.0,"turns":4.0},{"damage":16.0,"enemies":"Blue Slaver","floor":8.0,"turns":4.0},{"damage":16.0,"enemies":"Large Slime","floor":12.0,"turns":6.0},{"damage":0.0,"enemies":"3 Louse","floor":13.0,"turns":1.0},{"damage":12.0,"enemies":"Lots of Slimes","floor":14.0,"turns":3.0},{"damage":26,"enemies":"The Guardian","floor":16,"turns":16},{"damage":28,"enemies":"2 Thieves","floor":18,"turns":4},{"damage":41,"enemies":"3 Byrds","floor":19,"turns":7},{"damage":6,"enemies":"Snake Plant","floor":22,"turns":2}],"seed_played":"-8479613089066222527","potions_obtained":[{"floor":2.0,"key":"Dexterity Potion"},{"floor":3.0,"key":"Fruit Juice"},{"floor":8.0,"key":"Explosive Potion"},{"floor":13.0,"key":"Ancient Potion"},{"floor":14.0,"key":"DuplicationPotion"},{"floor":17,"key":"ElixirPotion"},{"floor":19,"key":"Dexterity Potion"}],"is_trial":false,"path_per_floor":["M","M","?","$","M","R","M","M","T","?","?","M","M","M","R","B",null,"M","M","$","?","M"],"character_chosen":"IRONCLAD","items_purchased":["Anchor"],"campfire_rested":1,"item_purchase_floors":[20],"current_hp_per_floor":[56,61,61,61,64,64,58,53,53,46,22,12,18,12,36,16,69,47,12,12,12,6,6],"gold":2,"neow_bonus":"TRANSFORM_TWO_CARDS","is_daily":false,"chose_seed":false,"campfire_upgraded":1,"win_rate":0.0,"timestamp":1612266590,"path_taken":["M","M","?","$","?","R","?","M","T","?","?","M","M","M","R","BOSS","M","M","$","?","M"],"items_purchased_type":["Relic"],"build_version":"2020-12-22","purchased_purges":2,"victory":false,"max_hp_per_floor":[75,75,75,75,75,75,75,80,80,80,80,80,80,80,80,80,85,85,85,85,85,85,85],"card_choices":[{"not_picked":["Sword Boomerang","Thunderclap"],"picked":"Perfected Strike","floor":1.0},{"not_picked":["Thunderclap","Headbutt","Clothesline"],"picked":"SKIP","floor":2.0},{"not_picked":["Iron Wave","Bloodletting","Sword Boomerang"],"picked":"SKIP","floor":5.0},{"not_picked":["True Grit","Sword Boomerang","Hemokinesis"],"picked":"SKIP","floor":7.0},{"not_picked":["Clothesline","Inflame","Corruption"],"picked":"SKIP","floor":8.0},{"not_picked":["Dropkick","Heavy Blade","Body Slam"],"picked":"SKIP","floor":12.0},{"not_picked":["Iron Wave","Inflame","Anger"],"picked":"SKIP","floor":13.0},{"not_picked":["Entrench","Bloodletting","Clash"],"picked":"SKIP","floor":14.0},{"not_picked":["Barricade","Bludgeon"],"picked":"Offering","floor":16},{"not_picked":["Heavy Blade","True Grit"],"picked":"Clash","floor":17},{"not_picked":["Bloodletting","Wild Strike"],"picked":"Entrench","floor":18},{"not_picked":["Evolve","Wild Strike","Dropkick"],"picked":"SKIP","floor":19}],"player_experience":1177901,"relics_obtained":[{"floor":9.0,"key":"Mercury Hourglass"}],"event_choices":[{"damage_healed":0.0,"max_hp_gain":0.0,"max_hp_loss":0.0,"gold_gain":0.0,"event_name":"The Woman in Blue","player_choice":"Bought 1 Potion","floor":3.0,"gold_loss":0.0,"damage_taken":0.0},{"cards_removed":["Defend_R"],"damage_healed":0.0,"max_hp_gain":0.0,"max_hp_loss":0.0,"gold_gain":0.0,"event_name":"Golden Wing","player_choice":"Card Removal","floor":10.0,"gold_loss":0.0,"damage_taken":7.0},{"damage_healed":0.0,"max_hp_gain":0.0,"max_hp_loss":0.0,"gold_gain":0.0,"event_name":"Shining Light","player_choice":"Entered Light","floor":11.0,"gold_loss":0.0,"damage_taken":24.0,"cards_upgraded":["Defend_R","Defend_R"]},{"damage_healed":0,"gold_gain":0,"player_choice":"Inject Mutagens","damage_taken":0,"relics_obtained":["MutagenicStrength"],"max_hp_gain":0,"max_hp_loss":0,"event_name":"Drug Dealer","floor":21,"gold_loss":0}],"is_beta":false,"boss_relics":[{"not_picked":["Runic Dome","Black Star"],"picked":"Tiny House"}],"items_purged_floors":[4,20],"is_endless":false,"potions_floor_spawned":[2,8,12,13,14,19],"killed_by":"Snake Plant","ascension_level":20}}