{"host":"vhu12qr9yy4p5pn7","time":1612277755,"event":{"mods":["Arknights","BaseMod","Decade(Õı–°√˜)","GungeonMod","KinomotoSakuraMod(ƒæ÷Æ±æ”£)","Kratos Character Expansion","Minty Spire (QoL Compilation)","Pikachu Mod","Reimu£®≤©¿ˆ¡È√Œ£©","Replay The Spire","StSLib","The Bug Knight","The Dragon Tamer","Warlord Emblem","Youmu£®ªÍ∆«—˝√Œ£©"],"gold_per_floor":[113,130,58,75,6,40,40,40,40],"floor_reached":8,"language":"ZHS","playtime":417,"items_purged":[],"score":56,"play_id":"06ede4c3-b0ac-410b-b972-f9a5058a97a4","local_time":"20210202225555","is_ascension_mode":false,"campfire_choices":[{"floor":7,"key":"REST"}],"circlet_count":0,"master_deck":["DemoMod:Strike_Huntress","DemoMod:Strike_Huntress","DemoMod:Strike_Huntress","DemoMod:Defend_Huntress","DemoMod:Defend_Huntress","DemoMod:Defend_Huntress","DemoMod:Defend_Huntress","DemoMod:Roll","DemoMod:ManualReload","DemoMod:RustySidearm","DemoMod:CrossBow","DemoMod:JK47","DemoMod:ChanceBullets","DemoMod:AWP","DemoMod:StickyCrossBow","DemoMod:ThirdPartyController","DemoMod:HardPowerCard"],"relics":["DemoMod:Dog","DemoMod:WeirdEgg"],"acts_visited":["Exordium"],"potions_floor_usage":[],"damage_taken":[{"damage":14,"enemies":"Jaw Worm","floor":1,"turns":5},{"damage":10,"enemies":"Small Slimes","floor":2,"turns":5},{"damage":1,"enemies":"Cultist","floor":4,"turns":4},{"damage":40,"enemies":"3 Sentries","floor":6,"turns":11},{"damage":52,"enemies":"Gremlin Nob","floor":8,"turns":4}],"seed_played":"7445229270217534281","potions_obtained":[{"floor":2,"key":"GrandPatriotsElixir:ReiMu"},{"floor":4,"key":"LifebloodPotion"},{"floor":6,"key":"SteroidPotion"}],"is_trial":false,"path_per_floor":["M","M","$","M","$","E","R","E"],"character_chosen":"HUNTRESS","items_purchased":["DemoMod:AWP","DemoMod:ThirdPartyController"],"campfire_rested":1,"item_purchase_floors":[3,5],"current_hp_per_floor":[63,53,53,52,52,12,35,0,0],"gold":40,"neow_bonus":"TEN_PERCENT_HP_BONUS","is_daily":false,"chose_seed":false,"campfire_upgraded":0,"win_rate":0.0,"timestamp":1612277755,"path_taken":["M","M","$","M","$","E","R","E"],"items_purchased_type":["Card","Card"],"build_version":"2020-12-22","purchased_purges":0,"victory":false,"max_hp_per_floor":[77,77,77,77,77,77,77,77,77],"card_choices":[{"not_picked":["DemoMod:HuntsMan","DemoMod:BattleInHaste"],"picked":"DemoMod:JK47","floor":1},{"not_picked":["DemoMod:BattleInHaste","DemoMod:CursedBullets"],"picked":"DemoMod:ChanceBullets","floor":2},{"not_picked":["DemoMod:HuntsMan","DemoMod:AC15"],"picked":"DemoMod:StickyCrossBow","floor":4},{"not_picked":["DemoMod:HungryBullets","DemoMod:GunShield"],"picked":"DemoMod:HardPowerCard","floor":6}],"player_experience":164210,"relics_obtained":[{"floor":6,"key":"DemoMod:WeirdEgg"}],"event_choices":[],"is_beta":false,"boss_relics":[],"items_purged_floors":[],"is_endless":false,"potions_floor_spawned":[2,4,6],"killed_by":"Gremlin Nob","ascension_level":0}}