{"host":"mw3dmj42qtkbha4b","time":1612264511,"event":{"mods":["BaseMod","Colored Map","Colored Powertips","DeckTracker","Minty Spire (QoL Compilation)","StSLib","SuperFastMode"],"gold_per_floor":[116,116,116,132,207,242,242,269,269,297,297,314,314,334,334,411,411,427,427,427,440,458,458,474,509,509,539,639,666,720,738,738,810,810,827,827,459,376,386,397,397,397,397,410,410,300,311,338,338,338,338],"floor_reached":50,"language":"KOR","playtime":2447,"items_purged":["Strike_P"],"score":1246,"play_id":"7e867fb2-60a2-442a-a6e8-9edbb228dad9","local_time":"20210202201511","is_ascension_mode":true,"campfire_choices":[{"data":"Eruption","floor":7.0,"key":"SMITH"},{"floor":11.0,"key":"REST"},{"data":"FlurryOfBlows","floor":13.0,"key":"SMITH"},{"floor":15.0,"key":"REST"},{"floor":23.0,"key":"REST"},{"floor":32.0,"key":"REST"},{"data":"1","floor":41.0,"key":"LIFT"},{"data":"2","floor":45.0,"key":"LIFT"},{"floor":49.0,"key":"REST"}],"circlet_count":0,"master_deck":["AscendersBane","Strike_P+1","Strike_P+1","Defend_P+1","Defend_P+1","Eruption+1","Vigilance+1","FlurryOfBlows+1","FlurryOfBlows+1","LessonLearned+1","DeusExMachina+1","ForeignInfluence+1"],"relics":["PureWater","NeowsBlessing","StrikeDummy","Regal Pillow","Pear","Pocketwatch","Astrolabe","Dead Branch","Vajra","StoneCalendar","Peace Pipe","Molten Egg 2","Blue Candle","Bronze Scales","SacredBark","Membership Card","Girya","Whetstone","Singing Bowl","Mummified Hand"],"acts_visited":["Exordium","TheCity","TheBeyond"],"potions_floor_usage":[50],"damage_taken":[{"damage":0.0,"enemies":"Jaw Worm","floor":1.0,"turns":1.0},{"damage":0.0,"enemies":"Small Slimes","floor":4.0,"turns":2.0},{"damage":0.0,"enemies":"Gremlin Nob","floor":6.0,"turns":1.0},{"damage":37.0,"enemies":"3 Sentries","floor":8.0,"turns":5.0},{"damage":16.0,"enemies":"Gremlin Nob","floor":10.0,"turns":3.0},{"damage":0.0,"enemies":"2 Louse","floor":12.0,"turns":2.0},{"damage":22.0,"enemies":"Large Slime","floor":14.0,"turns":2.0},{"damage":33.0,"enemies":"Hexaghost","floor":16.0,"turns":7.0},{"damage":58.0,"enemies":"3 Byrds","floor":18.0,"turns":4.0},{"damage":0.0,"enemies":"Spheric Guardian","floor":21.0,"turns":2.0},{"damage":0.0,"enemies":"3 Cultists","floor":22.0,"turns":3.0},{"damage":7.0,"enemies":"Snecko","floor":24.0,"turns":4.0},{"damage":28.0,"enemies":"Book of Stabbing","floor":25.0,"turns":3.0},{"damage":2.0,"enemies":"Gremlin Leader","floor":27.0,"turns":4.0},{"damage":0.0,"enemies":"Colosseum Slavers","floor":28.0,"turns":1.0},{"damage":1.0,"enemies":"Colosseum Nobs","floor":28.0,"turns":2.0},{"damage":0.0,"enemies":"Book of Stabbing","floor":29.0,"turns":2.0},{"damage":5.0,"enemies":"Centurion and Healer","floor":31.0,"turns":2.0},{"damage":45.0,"enemies":"Champ","floor":33.0,"turns":7.0},{"damage":14.0,"enemies":"3 Darklings","floor":35.0,"turns":4.0},{"damage":3.0,"enemies":"Orb Walker","floor":39.0,"turns":2.0},{"damage":0.0,"enemies":"3 Darklings","floor":40.0,"turns":3.0},{"damage":28.0,"enemies":"4 Shapes","floor":44.0,"turns":4.0},{"damage":11.0,"enemies":"Sphere and 2 Shapes","floor":47.0,"turns":5.0},{"damage":4.0,"enemies":"Nemesis","floor":48.0,"turns":5.0},{"damage":53,"enemies":"Awakened One","floor":50,"turns":5}],"seed_played":"-115270862475563312","potions_obtained":[{"floor":4.0,"key":"BlessingOfTheForge"},{"floor":12.0,"key":"EssenceOfSteel"},{"floor":14.0,"key":"PowerPotion"},{"floor":18.0,"key":"Explosive Potion"},{"floor":22.0,"key":"SkillPotion"},{"floor":24.0,"key":"StancePotion"},{"floor":25.0,"key":"Block Potion"},{"floor":29.0,"key":"SneckoOil"},{"floor":33.0,"key":"Swift Potion"},{"floor":44.0,"key":"DuplicationPotion"},{"floor":47.0,"key":"LiquidMemories"},{"floor":48.0,"key":"GamblersBrew"}],"is_trial":false,"path_per_floor":["M","$","?","M","?","E","R","E","T","E","R","M","R","M","R","B",null,"M","?","?","M","M","R","M","E","T","E","?","E","T","M","R","B",null,"M","?","$","$","M","M","R","?","T","M","R","?","M","E","R","B"],"character_chosen":"WATCHER","items_purchased":["Membership Card","Girya","Whetstone"],"campfire_rested":5,"item_purchase_floors":[37,37,38],"current_hp_per_floor":[61,61,66,66,55,55,55,18,28,12,51,51,51,29,68,35,71,13,30,30,30,30,69,62,34,34,32,31,31,31,26,65,20,67,53,53,53,53,50,50,50,50,50,24,24,24,15,13,53,0,0],"gold":338,"neow_bonus":"THREE_ENEMY_KILL","is_daily":false,"chose_seed":false,"campfire_upgraded":2,"win_rate":0.0,"timestamp":1612264511,"path_taken":["M","$","?","M","?","E","R","E","T","E","R","M","R","M","R","BOSS","M","?","?","M","M","R","M","E","T","E","?","E","?","M","R","BOSS","M","?","?","$","M","M","R","?","T","M","R","?","M","E","R","BOSS"],"items_purchased_type":["Relic","Relic","Relic"],"build_version":"2020-12-22","purchased_purges":1,"victory":false,"max_hp_per_floor":[68,68,73,73,73,73,73,73,83,83,83,83,83,83,83,83,83,83,83,83,83,83,83,83,83,83,83,83,83,83,83,83,83,83,83,83,83,83,83,83,83,79,79,81,81,81,83,85,85,85,85],"card_choices":[{"not_picked":["Halt","ThirdEye"],"picked":"FlurryOfBlows","floor":1.0},{"not_picked":["CrushJoints","FollowUp","EmptyBody"],"picked":"SKIP","floor":4.0},{"not_picked":["Perseverance","Evaluate","Weave"],"picked":"SKIP","floor":6.0},{"not_picked":["Brilliance","Prostrate","BowlingBash"],"picked":"SKIP","floor":8.0},{"not_picked":["Fasting2","Prostrate","ThirdEye"],"picked":"SKIP","floor":10.0},{"not_picked":["Protect","JustLucky","Prostrate"],"picked":"SKIP","floor":12.0},{"not_picked":["Alpha","CutThroughFate"],"picked":"FlurryOfBlows","floor":14.0},{"not_picked":["MasterReality","SpiritShield"],"picked":"LessonLearned","floor":16.0},{"not_picked":["EmptyFist+1","EmptyBody","FlurryOfBlows"],"picked":"SKIP","floor":18.0},{"not_picked":["Evaluate+1","LikeWater","EmptyBody"],"picked":"SKIP","floor":21.0},{"not_picked":["SashWhip","Establishment","Sanctity"],"picked":"SKIP","floor":22.0},{"not_picked":["FlurryOfBlows","PathToVictory","TalkToTheHand"],"picked":"SKIP","floor":24.0},{"not_picked":["FlurryOfBlows","FlyingSleeves+1","EmptyFist+1"],"picked":"SKIP","floor":25.0},{"not_picked":["ThirdEye","SignatureMove+1","Worship+1"],"picked":"SKIP","floor":27.0},{"not_picked":["Consecrate+1","CutThroughFate+1","FlyingSleeves+1"],"picked":"SKIP","floor":29.0},{"not_picked":["JustLucky+1","Evaluate","SignatureMove+1"],"picked":"SKIP","floor":31.0},{"not_picked":["Conclude+1","InnerPeace","CutThroughFate+1"],"picked":"SKIP","floor":35.0},{"not_picked":["JustLucky+1","FlyingSleeves+1","EmptyFist+1"],"picked":"SKIP","floor":39.0},{"not_picked":["Crescendo","Halt+1","FollowUp+1"],"picked":"SKIP","floor":40.0},{"not_picked":["CarveReality+1","BowlingBash+1","Evaluate"],"picked":"Singing Bowl","floor":44.0},{"not_picked":["Vengeance","CrushJoints+1","EmptyBody"],"picked":"Singing Bowl","floor":47.0},{"not_picked":["BowlingBash+1","JustLucky+1","Meditate"],"picked":"Singing Bowl","floor":48.0}],"player_experience":1781361,"relics_obtained":[{"floor":6.0,"key":"StrikeDummy"},{"floor":8.0,"key":"Regal Pillow"},{"floor":9.0,"key":"Pear"},{"floor":10.0,"key":"Pocketwatch"},{"floor":25.0,"key":"Dead Branch"},{"floor":26.0,"key":"Vajra"},{"floor":27.0,"key":"StoneCalendar"},{"floor":28.0,"key":"Peace Pipe"},{"floor":28.0,"key":"Molten Egg 2"},{"floor":29.0,"key":"Blue Candle"},{"floor":30.0,"key":"Bronze Scales"},{"floor":43.0,"key":"Singing Bowl"},{"floor":48.0,"key":"Mummified Hand"}],"event_choices":[{"damage_healed":0.0,"max_hp_gain":5.0,"max_hp_loss":0.0,"gold_gain":0.0,"event_name":"Big Fish","player_choice":"Donut","floor":3.0,"gold_loss":0.0,"damage_taken":0.0},{"damage_healed":0.0,"max_hp_gain":0.0,"max_hp_loss":0.0,"gold_gain":75.0,"event_name":"World of Goop","player_choice":"Gather Gold","floor":5.0,"gold_loss":0.0,"damage_taken":11.0},{"damage_healed":17.0,"max_hp_gain":0.0,"max_hp_loss":0.0,"gold_gain":0.0,"event_name":"The Library","player_choice":"Heal","floor":19.0,"gold_loss":0.0,"damage_taken":0.0},{"damage_healed":0.0,"max_hp_gain":0.0,"max_hp_loss":0.0,"gold_gain":0.0,"event_name":"Ghosts","player_choice":"Ignored","floor":20.0,"gold_loss":0.0,"damage_taken":0.0},{"damage_healed":0.0,"max_hp_gain":0.0,"max_hp_loss":0.0,"gold_gain":0.0,"event_name":"Colosseum","player_choice":"Fight","floor":28.0,"gold_loss":0.0,"damage_taken":0.0},{"damage_healed":0.0,"max_hp_gain":0.0,"max_hp_loss":0.0,"gold_gain":0.0,"event_name":"Colosseum","player_choice":"Fought Nobs","floor":28.0,"gold_loss":0.0,"damage_taken":0.0},{"damage_healed":0.0,"max_hp_gain":0.0,"max_hp_loss":0.0,"gold_gain":0.0,"event_name":"SecretPortal","player_choice":"Ignored","floor":36.0,"gold_loss":0.0,"damage_taken":0.0},{"damage_healed":0.0,"max_hp_gain":0.0,"max_hp_loss":4.0,"gold_gain":0.0,"event_name":"Winding Halls","player_choice":"Max HP","floor":42.0,"gold_loss":0.0,"damage_taken":0.0},{"cards_removed":["Crescendo"],"damage_healed":0.0,"max_hp_gain":0.0,"max_hp_loss":0.0,"gold_gain":0.0,"event_name":"Designer","player_choice":"Removal","floor":46.0,"gold_loss":110.0,"damage_taken":0.0}],"is_beta":false,"boss_relics":[{"not_picked":["VioletLotus","Calling Bell"],"picked":"Astrolabe"},{"not_picked":["HolyWater","Philosopher\u0027s Stone"],"picked":"SacredBark"}],"items_purged_floors":[37],"is_endless":false,"potions_floor_spawned":[4,12,14,18,22,24,25,29,33,44,47,48],"killed_by":"Awakened One","ascension_level":20}}