{"host":"0cnf9zf1gia27zti","time":1612235727,"event":{"mods":["BaseMod","Better Third Choice","BetterRewards","Card Forge","ChefMod","Colored Map","Colored Powertips","Conspire","Downfall","Googly Eyes","Infinite Spire","Minty Spire (QoL Compilation)","Practice Mode","Quick Restart","Replay The Spire","Shade Mod","Spicy Shops","StSLib","The Marked"],"gold_per_floor":[110,110,110,126,141,141,27,37,37,71,71,87,87,8,8,111,111,128,144,144,71,71,20,52,102,102,120,147,159,190,231,231,344,344,368,368,368],"floor_reached":36,"language":"ENG","playtime":4048,"items_purged":["Strike_G","Strike_G"],"score":905,"play_id":"1a073ed0-2b3c-453d-8222-951cd3512d38","local_time":"20210202031527","is_ascension_mode":true,"campfire_choices":[{"data":"Poison Darts","floor":6,"key":"SMITH"},{"floor":15,"key":"DIG"},{"floor":32,"key":"REST"}],"circlet_count":0,"master_deck":["AscendersBane","Strike_G+1","Strike_G+1","Defend_G","Defend_G","Defend_G","Defend_G","Defend_G+1","Survivor","Neutralize","Finisher","Pot Of Greed+1","Pot Of Greed+1","Poison Darts+1","Trip","Accuracy","Cloak And Dagger","ReplayTheSpireMod:Speed Training","Deflect","Infinite Blades","ReplayTheSpireMod:Chaos Vortex","Dramatic Entrance","Replay:Bag of Tricks","Pot Of Greed+1","Noxious Fumes+1","Noxious Fumes+1","Infinite Blades","Infinite Blades","Caltrops+1","Choke+1","Skewer","Tools of the Trade","Slice+1"],"relics":["Hammer of Thor","Seething Fire","Anvil of the Gods","Vajra","Grinning Jar","Membership Card","Bottled Flame","Strawberry","Iron Hammer","infinitespire:ShieldingShard","Sizzling Blood","Pet Ghost","Gremlin Food","Omamori","Whetstone","FossilizedHelix","Tiny House","Replay:Bottled Snecko","Replay:Multitool","Replay:Ringing Soul","CeramicFish","Replay:Bottled Eggs","sneckomod:SneckoTalon"],"acts_visited":["Exordium","TheCity","TheBeyond"],"potions_floor_usage":[10,16,28,29,30,33,36],"damage_taken":[{"damage":1,"enemies":"Jaw Worm","floor":1,"turns":3},{"damage":0,"enemies":"2 Louse","floor":4,"turns":2},{"damage":0,"enemies":"Cultist","floor":5,"turns":3},{"damage":5,"enemies":"3 Louse","floor":8,"turns":4},{"damage":9,"enemies":"Lagavulin","floor":10,"turns":4},{"damage":0,"enemies":"2 Fungi Beasts","floor":12,"turns":3},{"damage":10,"enemies":"Hexaghost","floor":16,"turns":10},{"damage":0,"enemies":"conspire:FuzzyDice","floor":18,"turns":6},{"damage":0,"enemies":"3 Byrds","floor":19,"turns":6},{"damage":29,"enemies":"Book of Stabbing","floor":24,"turns":7},{"damage":0,"enemies":"Snecko","floor":27,"turns":5},{"damage":22,"enemies":"Slavers","floor":28,"turns":5},{"damage":0,"enemies":"3 Cultists","floor":29,"turns":5},{"damage":2,"enemies":"conspire:MimicChest","floor":30,"turns":8},{"damage":14,"enemies":"Book of Stabbing","floor":31,"turns":6},{"damage":22,"enemies":"conspire:MysteriousRune","floor":33,"turns":9},{"damage":23,"enemies":"3 Darklings","floor":35,"turns":5},{"damage":15,"enemies":"infinitespire:Three Voidlings","floor":36,"turns":6},{"damage":72,"enemies":"Nightmare_Alpha","floor":36,"turns":8}],"seed_played":"3175006319474171739","potions_obtained":[{"floor":5,"key":"Strength Potion"},{"floor":12,"key":"Strength Potion"},{"floor":16,"key":"AttackPotion"},{"floor":19,"key":"Doom Potion"},{"floor":25,"key":"SkillPotion"},{"floor":28,"key":"sneckomod:MuddlingPotion"},{"floor":29,"key":"SkillPotion"},{"floor":33,"key":"sneckomod:MuddlingPotion"}],"is_trial":false,"path_per_floor":["M","?","?","M","M","R","$","M","T","E","?","M","?","$","R_BF","B",null,"M","M","?","$","T","$","E","AVR","T","M","E","M","?","E","R","B",null,"M","?"],"character_chosen":"THE_SILENT","items_purchased":["Vajra","Finisher","Grinning Jar","Membership Card","Poison Darts","Trip","Bottled Flame","Accuracy","Infinite Blades","Strawberry","Dramatic Entrance","Omamori","Infinite Blades"],"campfire_rested":1,"item_purchase_floors":[0,0,0,0,0,0,0,0,7,7,14,21,23],"current_hp_per_floor":[62,62,62,62,62,62,69,64,64,55,59,63,44,44,44,38,70,74,78,78,78,78,78,53,58,58,62,47,54,56,49,77,62,89,73,0,0],"gold":368,"neow_bonus":"","is_daily":false,"chose_seed":false,"campfire_upgraded":1,"win_rate":0.0,"timestamp":1612235727,"path_taken":["M","?","?","M","M","R","$","?","T","E","?","M","?","$","R_BF","BOSS","M","M","?","$","?","$","E","AVR","T","M","E","?","?","E","R","BOSS","M","?"],"items_purchased_type":["Relic","Card","Relic","Relic","Card","Card","Relic","Card","Card","Relic","Card","Relic","Card"],"build_version":"2020-12-22","purchased_purges":2,"victory":false,"max_hp_per_floor":[70,70,70,70,70,70,77,77,77,77,81,81,81,81,81,81,81,81,81,81,81,81,81,81,86,86,86,89,92,92,95,95,98,98,101,101,101],"card_choices":[{"not_picked":["Flechettes","Flying Knee"],"picked":"Cloak And Dagger","floor":1},{"not_picked":["Replay:Poison Smokescreen","Deflect"],"picked":"ReplayTheSpireMod:Speed Training","floor":4},{"not_picked":["Poisoned Stab","Draining Mist"],"picked":"Deflect","floor":5},{"not_picked":["ReplayTheSpireMod:Shiv Toss","Night Terror","Poisoned Stab"],"picked":"SKIP","floor":8},{"not_picked":["Underhanded Strike","Backflip","Flying Knee"],"picked":"SKIP","floor":10},{"not_picked":["Sucker Punch","Finisher","Well Laid Plans"],"picked":"SKIP","floor":12},{"not_picked":["infinitespire:SealOfDarkness+","ReplayTheSpireMod:Book of Names"],"picked":"ReplayTheSpireMod:Chaos Vortex","floor":13},{"not_picked":["Die Die Die","Doppelganger"],"picked":"Replay:Bag of Tricks","floor":16},{"not_picked":["Endless Agony","Slice"],"picked":"Noxious Fumes","floor":18},{"not_picked":["Dagger Throw","Slice+1"],"picked":"Noxious Fumes","floor":19},{"not_picked":["Endless Agony","Deflect"],"picked":"Infinite Blades","floor":24},{"not_picked":["Bane","ReplayTheSpireMod:Shiv Toss","Deflect"],"picked":"SKIP","floor":27},{"not_picked":["Escape Plan","Expertise"],"picked":"Caltrops","floor":28},{"not_picked":["PiercingWail","Poisoned Stab"],"picked":"Choke","floor":29},{"not_picked":["Acrobatics","Quick Slash"],"picked":"Skewer","floor":31},{"not_picked":["Venomology","Night Terror"],"picked":"Tools of the Trade","floor":33},{"not_picked":["Bouncing Flask","Quick Slash"],"picked":"Slice+1","floor":35}],"player_experience":3384833,"relics_obtained":[{"floor":9,"key":"Iron Hammer"},{"floor":10,"key":"infinitespire:ShieldingShard"},{"floor":15,"key":"Pet Ghost"},{"floor":22,"key":"Whetstone"},{"floor":24,"key":"FossilizedHelix"},{"floor":26,"key":"Replay:Multitool"},{"floor":28,"key":"Replay:Ringing Soul"},{"floor":30,"key":"CeramicFish"},{"floor":31,"key":"Replay:Bottled Eggs"}],"event_choices":[{"cards_removed":["Strike_G"],"damage_healed":0,"gold_gain":0,"player_choice":"Forget","damage_taken":0,"max_hp_gain":0,"max_hp_loss":0,"event_name":"Living Wall","floor":2,"gold_loss":0},{"damage_healed":0,"gold_gain":0,"player_choice":"Ignored","damage_taken":0,"max_hp_gain":0,"max_hp_loss":0,"event_name":"NoteForYourself","floor":3,"gold_loss":0},{"damage_healed":0,"gold_gain":0,"player_choice":"Gave Potion","damage_taken":0,"relics_obtained":["Gremlin Food"],"max_hp_gain":0,"max_hp_loss":0,"event_name":"WeMeetAgain","floor":20,"gold_loss":0}],"is_beta":false,"boss_relics":[{"not_picked":["Snecko Scales","Calling Bell","Velvet Choker"]},{"not_picked":["Kintsugi","Empty Cage"],"picked":"sneckomod:SneckoTalon"}],"items_purged_floors":[14,25],"is_endless":false,"potions_floor_spawned":[5,12,16,19,28,29,33],"killed_by":"Nightmare_Alpha","ascension_level":10}}