{"host":"agdto6ifbg57aw9m","time":1612244659,"event":{"mods":["2.2 Compatiblity","Aspiration","BaseMod","BetterRewards","Duelist Mod","Friendly Minions","GifTheSpireLib","Halation","Infinite Spire","Minty Spire (QoL Compilation)","Replay The Spire","Spikes Relics","StSLib","Stuff the Spire","The Spell Scribe"],"gold_per_floor":[136,136,149,167,182,209,209,238,238,5,5,40,40,60,60,159,159,159,159,159,31,31,31,31,31,31],"floor_reached":25,"language":"ENG","playtime":1401,"items_purged":[],"score":479,"play_id":"c043780f-0c20-446a-b18d-0f1376e4146f","local_time":"20210202004419","is_ascension_mode":true,"campfire_choices":[{"data":"theDuelist:ToonSummonedSkull","floor":7,"key":"SMITH"},{"floor":11,"key":"REST"},{"data":"theDuelist:ToonDarkMagician","floor":13,"key":"SMITH"},{"data":"theDuelist:GracefulCharity","floor":15,"key":"SMITH"}],"circlet_count":0,"master_deck":["theDuelist:Sparks+1","theDuelist:ToonMermaid","theDuelist:BlueEyesToon","theDuelist:MangaRyuRan","theDuelist:CastleWalls","theDuelist:CurseAging","theDuelist:ToonDarkMagician+1","theDuelist:CastleWalls","theDuelist:SlotMachine","theDuelist:Sparks","theDuelist:ToonAncientGear","theDuelist:RadiantMirrorForce","theDuelist:PotGenerosity","theDuelist:ToonMermaid+1","theDuelist:Sparks","theDuelist:ToonSummonedSkull+1","theDuelist:ToonAncientGear","AscendersBane","theDuelist:GracefulCharity+1","theDuelist:ImperialOrder","theDuelist:RedEyesToon","theDuelist:ToonAncientGear","theDuelist:ToonAncientGear+1","theDuelist:SpellShatteringArrow","theDuelist:ToonDarkMagicianGirl","theDuelist:ToonCannonSoldier","theDuelist:ToonCannonSoldier","theDuelist:ToonGeminiElf","theDuelist:ComicHand"],"relics":["theDuelist:MillenniumPuzzle","theDuelist:CardPoolRelic","theDuelist:CardPoolBasicRelic","theDuelist:BoosterPackPoolRelic","theDuelist:CardPoolAddRelic","theDuelist:CardPoolMinusRelic","theDuelist:CardPoolSaveRelic","theDuelist:CardPoolOptionsRelic","StuffTheSpire:Expresso","halation:PinkSoulGem","Mummified Hand","Replay:Wax Seal","Whetstone","infinitespire:Lychee Nut","Ectoplasm","infinitespire:Beetle Shell"],"acts_visited":["Exordium","TheCity"],"potions_floor_usage":[5,19],"damage_taken":[{"damage":2,"enemies":"Cultist","floor":1,"turns":2},{"damage":2,"enemies":"Small Slimes","floor":3,"turns":2},{"damage":4,"enemies":"infinitespire:Voidling","floor":4,"turns":2},{"damage":2,"enemies":"Lots of Slimes","floor":5,"turns":1},{"damage":23,"enemies":"Gremlin Nob","floor":6,"turns":3},{"damage":10,"enemies":"Lagavulin","floor":8,"turns":5},{"damage":13,"enemies":"Replay:BlueRogue","floor":12,"turns":3},{"damage":6,"enemies":"3 Louse","floor":14,"turns":4},{"damage":14,"enemies":"Slime Boss","floor":16,"turns":5},{"damage":41,"enemies":"3 Byrds","floor":18,"turns":6},{"damage":5,"enemies":"Chosen","floor":19,"turns":3},{"damage":11,"enemies":"Centurion and Healer","floor":22,"turns":4},{"damage":14,"enemies":"theDuelist:KaibaA2","floor":23,"turns":3},{"damage":0,"enemies":"3 Cultists","floor":24,"turns":1},{"damage":9,"enemies":"Cultist and Chosen","floor":25,"turns":2}],"seed_played":"-7170701603122629003","potions_obtained":[{"floor":3,"key":"GamblersBrew"},{"floor":4,"key":"Explosive Potion"},{"floor":12,"key":"Strength Potion"},{"floor":14,"key":"Block Potion"},{"floor":23,"key":"theDuelist:BottledKuriboh"}],"is_trial":false,"path_per_floor":["M","?","M","M","M","E","R","E","T","$","R","E","R","M","R","B",null,"M","M","?","$","M","E","M","M"],"character_chosen":"THE_DUELIST","items_purchased":["theDuelist:ToonAncientGear","theDuelist:SlotMachine","theDuelist:ToonDarkMagicianGirl","theDuelist:ToonCannonSoldier"],"campfire_rested":1,"item_purchase_floors":[10,10,21,21],"current_hp_per_floor":[70,70,68,64,62,39,39,29,29,29,53,40,40,40,40,32,53,18,18,18,18,13,4,4,0,0],"gold":31,"neow_bonus":"ONE_RARE_RELIC","is_daily":false,"chose_seed":false,"campfire_upgraded":3,"win_rate":0.0,"timestamp":1612244659,"path_taken":["M","?","M","M","M","E","R","E","T","$","R","E","R","M","R","BOSS","M","M","?","$","M","E","?","M"],"items_purchased_type":["Card","Card","Card","Card"],"build_version":"2020-12-22","purchased_purges":0,"victory":false,"max_hp_per_floor":[80,80,80,80,80,80,80,80,80,80,80,60,60,60,60,60,60,60,60,60,60,60,60,60,60,60],"card_choices":[{"not_picked":["theDuelist:ToonBarrelDragon","theDuelist:ToonDefense","theDuelist:RedEyesToon","theDuelist:GiantTrunade"],"picked":"theDuelist:BlueEyesToon","floor":1},{"not_picked":["theDuelist:TrapHole","theDuelist:RadiantMirrorForce","theDuelist:StormingMirrorForce","theDuelist:UltimateOffering"],"picked":"theDuelist:ImperialOrder","floor":3},{"not_picked":["theDuelist:FlyingSaucer","theDuelist:MangaRyuRan","theDuelist:SpellShatteringArrow","theDuelist:ToonBarrelDragon"],"picked":"theDuelist:ToonMermaid","floor":4},{"not_picked":["theDuelist:MangaRyuRan","theDuelist:ToonMermaid","theDuelist:ToonBarrelDragon","theDuelist:AncientGearFist"],"picked":"theDuelist:RedEyesToon","floor":5},{"not_picked":["theDuelist:ToonMermaid","theDuelist:ToonBarrelDragon","theDuelist:FlyingSaucer","theDuelist:ToonMaskedSorcerer"],"picked":"theDuelist:ToonAncientGear","floor":6},{"not_picked":["theDuelist:ToonMermaid","theDuelist:ToonAncientGear","theDuelist:ToonBarrelDragon","theDuelist:FlyingSaucer"],"picked":"theDuelist:GracefulCharity","floor":8},{"not_picked":["theDuelist:SpellShatteringArrow","theDuelist:RedEyesToon","theDuelist:AncientGearFist","theDuelist:ToonMermaid"],"picked":"theDuelist:ToonDarkMagician","floor":12},{"not_picked":["theDuelist:ToonMask","theDuelist:Cloning","theDuelist:RainbowLife","theDuelist:TimeSeal"],"picked":"theDuelist:RadiantMirrorForce","floor":14},{"not_picked":["theDuelist:Blockman","theDuelist:ObeliskTormentor","theDuelist:RainbowJar","theDuelist:SlotMachine"],"picked":"theDuelist:PotGenerosity","floor":16},{"not_picked":["theDuelist:SpellShatteringArrow","theDuelist:RedEyesToon+1","theDuelist:CheerfulCoffin","theDuelist:BlueEyesToon"],"picked":"theDuelist:ToonAncientGear+1","floor":18},{"not_picked":["theDuelist:MangaRyuRan+1","theDuelist:RedEyesToon","theDuelist:ToonMermaid","theDuelist:BlueEyesToon"],"picked":"theDuelist:SpellShatteringArrow","floor":19},{"not_picked":["theDuelist:ToonDefense","theDuelist:ToonAncientGear","theDuelist:ToonDarkMagicianGirl","theDuelist:ToonMagic"],"picked":"theDuelist:ToonGeminiElf","floor":22},{"not_picked":["theDuelist:AncientGearFist","theDuelist:GracefulCharity","theDuelist:ToonRollback+1","theDuelist:GiantTrunade"],"picked":"theDuelist:ComicHand","floor":23},{"not_picked":["theDuelist:RedEyesToon+1","theDuelist:CheerfulCoffin","theDuelist:ToonBarrelDragon","theDuelist:SpellShatteringArrow","theDuelist:FlyingSaucer"],"picked":"SKIP","floor":24}],"player_experience":577231,"relics_obtained":[{"floor":6,"key":"Mummified Hand"},{"floor":8,"key":"Replay:Wax Seal"},{"floor":9,"key":"Whetstone"},{"floor":12,"key":"infinitespire:Lychee Nut"},{"floor":23,"key":"infinitespire:Beetle Shell"}],"event_choices":[{"cards_removed":["theDuelist:ToonWorld"],"damage_healed":0,"gold_gain":0,"player_choice":"Purged","damage_taken":0,"max_hp_gain":0,"max_hp_loss":0,"event_name":"Purifier","floor":20,"gold_loss":0}],"is_beta":false,"boss_relics":[{"not_picked":["infinitespire:Burning Sword","halation:SmartPhone"],"picked":"Ectoplasm"}],"items_purged_floors":[],"is_endless":false,"potions_floor_spawned":[3,4,12,14,18,23],"killed_by":"Cultist and Chosen","ascension_level":11}}