{"host":"neeznpvpgo0qgfkd","time":1612306697,"event":{"mods":["AchievementEnabler","BaseMod","BetterRewards","Colored Map","Colored Powertips","Exacting","Minty Spire (QoL Compilation)","Permanent Neow","Quick Restart","Shop Mod"],"gold_per_floor":[124,50,200,200,125,160,176,176,199,240,268,313,325,348,360,445,507,531,558,193,206,206,206,223,250,300,334,609,609,609],"floor_reached":29,"language":"ENG","playtime":1109,"items_purged":["Doubt"],"score":812,"play_id":"e9e17625-a4cc-4b5b-950c-2b8630449894","local_time":"20210202175817","is_ascension_mode":true,"campfire_choices":[{"data":"1","floor":15.0,"key":"LIFT"},{"data":"2","floor":23.0,"key":"LIFT"}],"circlet_count":0,"master_deck":["AscendersBane","Strike_G","Strike_G","Strike_G+1","Strike_G","Strike_G","Defend_G","Defend_G","Defend_G+1","Defend_G","Defend_G+1","Survivor+1","Neutralize","Backstab","Accuracy","Infinite Blades","Underhanded Strike","Accuracy+1","Cloak And Dagger","Cloak And Dagger","Corpse Explosion","Noxious Fumes","Backstab","Night Terror","Cloak And Dagger","Blade Dance","Dagger Spray","Infinite Blades","Outmaneuver","Writhe","Escape Plan","Dodge and Roll","Cloak And Dagger","Regret"],"relics":["Ring of the Snake","Sling","Bird Faced Urn","War Paint","Girya","MawBank","Strawberry","Nunchaku","Tiny House","Vajra","Lantern","Snake Skull","Bronze Scales","PreservedInsect","Bottled Tornado"],"acts_visited":["Exordium","TheCity"],"potions_floor_usage":[],"damage_taken":[{"damage":0.0,"enemies":"2 Louse","floor":1.0,"turns":3.0},{"damage":13.0,"enemies":"3 Sentries","floor":6.0,"turns":7.0},{"damage":0.0,"enemies":"Small Slimes","floor":7.0,"turns":2.0},{"damage":19.0,"enemies":"Lagavulin","floor":10.0,"turns":5.0},{"damage":0.0,"enemies":"Jaw Worm","floor":11.0,"turns":3.0},{"damage":4.0,"enemies":"3 Sentries","floor":12.0,"turns":3.0},{"damage":0.0,"enemies":"Looter","floor":14.0,"turns":3.0},{"damage":11.0,"enemies":"Hexaghost","floor":16.0,"turns":8.0},{"damage":0.0,"enemies":"Spheric Guardian","floor":18.0,"turns":3.0},{"damage":0.0,"enemies":"2 Thieves","floor":19.0,"turns":4.0},{"damage":25.0,"enemies":"Snake Plant","floor":21.0,"turns":3.0},{"damage":37.0,"enemies":"Shelled Parasite and Fungi","floor":24.0,"turns":4.0},{"damage":18.0,"enemies":"Gremlin Leader","floor":25.0,"turns":3.0},{"damage":23,"enemies":"Slavers","floor":27,"turns":3},{"damage":10,"enemies":"Book of Stabbing","floor":29,"turns":1}],"seed_played":"1199859462025033767","potions_obtained":[{"floor":1.0,"key":"Dexterity Potion"},{"floor":10.0,"key":"AttackPotion"},{"floor":16.0,"key":"Energy Potion"},{"floor":17.0,"key":"Swift Potion"},{"floor":19.0,"key":"Swift Potion"},{"floor":24.0,"key":"Explosive Potion"},{"floor":27,"key":"Ancient Potion"}],"is_trial":false,"path_per_floor":["M","$","?","?","$","E","M","T","T","E","M","E","$","M","R","B",null,"M","M","$","M","?","R","M","E","T","E","?","E"],"character_chosen":"THE_SILENT","items_purchased":["Sling","Backstab","Infinite Blades","Vajra","Lantern","Infinite Blades"],"campfire_rested":0,"item_purchase_floors":[0,0,2,20,20,20],"current_hp_per_floor":[59,59,59,39,39,39,39,39,39,33,37,35,35,41,41,38,69,73,78,78,57,57,57,30,18,18,3,3,0,0],"gold":609,"neow_bonus":"","is_daily":false,"chose_seed":false,"campfire_upgraded":0,"win_rate":0.0,"timestamp":1612306697,"path_taken":["M","$","?","?","$","E","M","?","T","E","M","E","?","M","R","BOSS","M","M","$","?","?","R","M","E","T","E","?","E"],"items_purchased_type":["Relic","Card","Card","Relic","Relic","Card"],"build_version":"2020-12-22","purchased_purges":1,"victory":false,"max_hp_per_floor":[66,66,66,66,66,66,66,66,66,73,73,73,73,73,73,73,78,78,78,78,78,78,78,78,78,78,78,78,78,78],"card_choices":[{"not_picked":["Dagger Throw","PiercingWail"],"picked":"Accuracy","floor":1.0},{"not_picked":["Predator","Choke"],"picked":"Underhanded Strike","floor":6.0},{"not_picked":["Slice","Deflect"],"picked":"Accuracy","floor":7.0},{"not_picked":["Concentrate","Unload"],"picked":"Cloak And Dagger","floor":10.0},{"not_picked":["Underhanded Strike","Deadly Poison"],"picked":"Cloak And Dagger","floor":10.0},{"not_picked":["Poisoned Stab","Bane"],"picked":"Corpse Explosion","floor":11.0},{"not_picked":["Dodge and Roll","Escape Plan"],"picked":"Noxious Fumes","floor":12.0},{"not_picked":["Crippling Poison","Noxious Fumes"],"picked":"Backstab","floor":14.0},{"not_picked":["Corpse Explosion","Unload"],"picked":"Night Terror","floor":16.0},{"not_picked":["Skewer","Quick Slash"],"picked":"Cloak And Dagger","floor":17.0},{"not_picked":["Calculated Gamble+1","Deadly Poison"],"picked":"Blade Dance","floor":18.0},{"not_picked":["Endless Agony","Slice"],"picked":"Dagger Spray","floor":19.0},{"not_picked":["Deadly Poison","Deflect"],"picked":"Outmaneuver","floor":21.0},{"not_picked":["Well Laid Plans","Glass Knife"],"picked":"Escape Plan","floor":24.0},{"not_picked":["Sucker Punch","Concentrate"],"picked":"Dodge and Roll","floor":25.0},{"not_picked":["Finisher","Blur"],"picked":"Cloak And Dagger","floor":27}],"player_experience":1974833,"relics_obtained":[{"floor":6.0,"key":"War Paint"},{"floor":7.0,"key":"Girya"},{"floor":9.0,"key":"MawBank"},{"floor":10.0,"key":"Strawberry"},{"floor":12.0,"key":"Nunchaku"},{"floor":25.0,"key":"Bronze Scales"},{"floor":26.0,"key":"PreservedInsect"},{"floor":27,"key":"Bottled Tornado"}],"event_choices":[{"damage_healed":0.0,"max_hp_gain":0.0,"max_hp_loss":0.0,"gold_gain":150.0,"event_name":"Liars Game","player_choice":"AGREE","floor":3.0,"gold_loss":0.0,"damage_taken":0.0,"cards_obtained":["Doubt"]},{"damage_healed":0.0,"max_hp_gain":0.0,"max_hp_loss":0.0,"gold_gain":0.0,"event_name":"Shining Light","player_choice":"Entered Light","floor":4.0,"gold_loss":0.0,"damage_taken":20.0,"cards_upgraded":["Strike_G","Defend_G"]},{"damage_healed":0.0,"max_hp_gain":0.0,"max_hp_loss":0.0,"gold_gain":0.0,"event_name":"The Mausoleum","player_choice":"Opened","floor":22.0,"gold_loss":0.0,"damage_taken":0.0,"relics_obtained":["Snake Skull"],"cards_obtained":["Writhe"]},{"damage_healed":0,"gold_gain":275,"player_choice":"Desecrate","damage_taken":0,"max_hp_gain":0,"max_hp_loss":0,"event_name":"Golden Shrine","floor":28,"gold_loss":0,"cards_obtained":["Regret"]}],"is_beta":false,"boss_relics":[{"not_picked":["Pandora\u0027s Box","Runic Pyramid"],"picked":"Tiny House"}],"items_purged_floors":[5],"is_endless":false,"potions_floor_spawned":[1,10,16,19,24,27],"killed_by":"Book of Stabbing","ascension_level":20}}