{"host":"hjajo0rafoe1e6c4","time":1612232032,"event":{"mods":["AchievementEnabler","BaseMod","Bestiary","Colored Map","Colored Powertips","Downfall","Highlight Path","Minty Spire (QoL Compilation)","Relic Stats","StSLib"],"gold_per_floor":[99,111,111,111,111,131,131,131,143,20,20,195,95,110,126,126,126,126],"floor_reached":16,"language":"ENG","playtime":1042,"items_purged":[],"score":115,"play_id":"757d5289-1dbd-4129-845f-3682e1d79318","local_time":"20210201211352","is_ascension_mode":false,"campfire_choices":[{"data":"bronze:Goto","floor":1.0,"key":"SMITH"},{"floor":11,"key":"REST"},{"floor":13,"key":"REST"}],"circlet_count":0,"master_deck":["bronze:Strike","bronze:Defend","bronze:Defend","bronze:Defend","bronze:Defend","bronze:Replicate","bronze:Goto+1","bronze:Iterate","bronze:Spike","bronze:ForceShield","bronze:Repulsor","bronze:HardenedForm","bronze:ChosenStrike","Decay","bronze:Assembly","bronze:WhirlingStrike","bronze:BuggyMess","bronze:ChosenStrike","bronze:MaxOutput","Doubt","bronze:Shield","bronze:FineTuning"],"relics":["bronze:BronzeCore","bronze:CableSpool","Question Card","downfall:HeartBlessingBlue"],"acts_visited":["Exordium"],"potions_floor_usage":[],"damage_taken":[{"damage":1.0,"enemies":"Cultist","floor":2.0,"turns":3.0},{"damage":49.0,"enemies":"Cultist","floor":3.0,"turns":5.0},{"damage":11.0,"enemies":"Jaw Worm","floor":6.0,"turns":2.0},{"damage":0.0,"enemies":"2 Louse","floor":9.0,"turns":2.0},{"damage":0.0,"enemies":"downfall:FleeingMerchant","floor":10.0,"turns":4.0},{"damage":25,"enemies":"Exordium Wildlife","floor":14,"turns":5},{"damage":14,"enemies":"Exordium Thugs","floor":15,"turns":5},{"damage":24,"enemies":"WA_ARCHETYPE_RETAIN","floor":16,"turns":7}],"seed_played":"-3643008905354274112","potions_obtained":[{"floor":2.0,"key":"Dexterity Potion"},{"floor":9.0,"key":"BlessingOfTheForge"},{"floor":14,"key":"FearPotion"}],"is_trial":false,"path_per_floor":["R","M","?","T","?","M","T","?","M","$","R","?","R","M","M","B"],"character_chosen":"THE_AUTOMATON","items_purchased":["bronze:ChosenStrike","bronze:MaxOutput"],"campfire_rested":2,"item_purchase_floors":[10,10],"current_hp_per_floor":[77,76,27,27,15,4,4,4,4,4,27,27,63,38,24,0,0,0],"gold":126,"neow_bonus":"TEN_PERCENT_HP_BONUS","is_daily":false,"chose_seed":false,"campfire_upgraded":1,"win_rate":0.0,"timestamp":1612232032,"path_taken":["R","M","?","?","?","?","T","?","?","$","R","?","R","M","M","BOSS"],"items_purchased_type":["Card","Card"],"build_version":"2020-12-22","purchased_purges":0,"victory":false,"max_hp_per_floor":[77,77,77,77,77,77,77,77,77,77,77,77,87,87,87,87,87,87],"relic_stats":{"counters":[8,33],"Question Card":4,"obtain_stats":[{"bronze:BronzeCore":0,"downfall:HeartBlessingBlue":13,"Question Card":7,"bronze:CableSpool":5},{"bronze:BronzeCore":0,"downfall:HeartBlessingBlue":5,"Question Card":3,"bronze:CableSpool":2},{"bronze:BronzeCore":0,"downfall:HeartBlessingBlue":16,"Question Card":10,"bronze:CableSpool":8}]},"card_choices":[{"not_picked":["bronze:ForLoop","bronze:BuggyMess"],"picked":"bronze:Iterate","floor":2.0},{"not_picked":[],"picked":"bronze:Spike","floor":3.0},{"not_picked":["bronze:ForLoop","bronze:Philosophize"],"picked":"bronze:ForceShield","floor":3.0},{"not_picked":["bronze:WildBeam","bronze:Invalidate"],"picked":"bronze:Repulsor","floor":6.0},{"not_picked":["bronze:Overload","bronze:CloningBeam","bronze:BitShift"],"picked":"bronze:WhirlingStrike","floor":9.0},{"not_picked":["bronze:CloningBeam","bronze:Shield","bronze:WhirlingStrike"],"picked":"bronze:BuggyMess","floor":10.0},{"not_picked":["bronze:Philosophize","bronze:Invalidate","bronze:ForceShield"],"picked":"bronze:Shield","floor":14},{"not_picked":["bronze:CutThrough","bronze:BuggyMess","bronze:Deprecate"],"picked":"bronze:FineTuning","floor":15}],"player_experience":211853,"relics_obtained":[{"floor":7.0,"key":"Question Card"}],"event_choices":[{"damage_healed":0.0,"max_hp_gain":0.0,"max_hp_loss":0.0,"gold_gain":0.0,"event_name":"Scrap Ooze","player_choice":"Success","floor":5.0,"gold_loss":0.0,"damage_taken":12.0,"relics_obtained":["bronze:CableSpool"]}],"is_beta":false,"boss_relics":[],"items_purged_floors":[],"is_endless":false,"potions_floor_spawned":[2,9,14],"killed_by":"WA_ARCHETYPE_RETAIN","ascension_level":0}}