{"host":"684z1xpuwaoqmmh1","time":1612288234,"event":{"mods":["A Magickal Journey","BaseMod","Dio Mod","Downfall","Hermit","Jorbs\u0027s Wanderer Trilogy","Marisa????????","Minty Spire (QoL Compilation)","Robot Space Explorer","Shade Mod","StSLib","The Dragon Tamer","The Elementalist","The Hayseed","The Hierophant","The Marked","The Mystic","The Runesmith","The Saiyan","The Vixen","TheBandit","TheFirefly"],"gold_per_floor":[20,33,33,53,53,53,85,85,85,122,141,181,204,47,47,158,158,183,201,251,278,278,322,322,364,364,405,428,470,487,516,516,629,629,656,656,677,677,677,719,739,739,763,793,817,844,861,861,861,861,861],"floor_reached":50,"language":"ENG","playtime":3740,"items_purged":[],"score":885,"play_id":"756f342b-a108-4242-bfab-73efcb627542","local_time":"20210202195034","is_ascension_mode":true,"campfire_choices":[{"data":"Saiyan:DrainingStrike","floor":6,"key":"SMITH"},{"data":"Saiyan:SuperSaiyanForm","floor":8,"key":"SMITH"},{"floor":15,"key":"REST"},{"floor":24,"key":"REST"},{"data":"Saiyan:Quickening","floor":32,"key":"SMITH"},{"floor":42,"key":"REST"},{"floor":49,"key":"RECALL"}],"circlet_count":0,"master_deck":["Saiyan:SAIYA_Strike","Saiyan:SAIYA_Strike","Saiyan:SAIYA_Defend","Saiyan:SAIYA_Defend","Saiyan:SAIYA_Defend","Saiyan:SAIYA_Defend","Saiyan:EnergyBlast+1","Saiyan:KaioKen","Saiyan:RuthlessBlow","Saiyan:Overexert+1","Saiyan:DrainingStrike+1","Saiyan:KiExplosion","Saiyan:SuperSaiyanForm+1","Saiyan:MeteorDash+1","Saiyan:CCCapsule","Saiyan:PowerUp","Saiyan:Quickening+1","Saiyan:GenkiDama","Saiyan:Makankosappo+1","Saiyan:KiStrike","Saiyan:FingerParry","Saiyan:PowerUp","Saiyan:SoulSpice","Saiyan:HyperTimeChamber","Saiyan:GhostAttack","Saiyan:Quickening+1","Saiyan:Rekindle","Saiyan:DragonFist+1","Saiyan:CCCapsule+1","Saiyan:TurtleShell","Saiyan:Pacing+1","Saiyan:Afterimage+1","Saiyan:Overexert+1"],"relics":["SaiyanSoul","SaiyanHeart","Incense Burner","Ancient Tea Set","WingedGreaves","CeramicFish","Blue Candle","hexamod:BolsterEngine","Empty Cage","Omamori","Bag of Marbles","CaptainsWheel","MealTicket","Whetstone","Philosopher\u0027s Stone","Question Card","Shuriken","Oddly Smooth Stone","Orichalcum"],"acts_visited":["Exordium","TheCity","TheBeyond"],"potions_floor_usage":[12,25,27,29,29,41,44,45,50,50],"damage_taken":[{"damage":0,"enemies":"Jaw Worm","floor":1,"turns":3},{"damage":0,"enemies":"2 Louse","floor":2,"turns":2},{"damage":0,"enemies":"Small Slimes","floor":4,"turns":2},{"damage":1,"enemies":"3 Sentries","floor":7,"turns":4},{"damage":22,"enemies":"Gremlin Nob","floor":10,"turns":4},{"damage":22,"enemies":"Exordium Thugs","floor":11,"turns":4},{"damage":20,"enemies":"3 Sentries","floor":12,"turns":6},{"damage":4,"enemies":"2 Fungi Beasts","floor":13,"turns":3},{"damage":0,"enemies":"Hexaghost","floor":16,"turns":9},{"damage":12,"enemies":"2 Thieves","floor":18,"turns":4},{"damage":0,"enemies":"3 Byrds","floor":19,"turns":5},{"damage":5,"enemies":"Snake Plant","floor":21,"turns":6},{"damage":28,"enemies":"Book of Stabbing","floor":23,"turns":6},{"damage":14,"enemies":"Gremlin Leader","floor":25,"turns":5},{"damage":0,"enemies":"Book of Stabbing","floor":27,"turns":5},{"damage":1,"enemies":"3 Cultists","floor":28,"turns":4},{"damage":0,"enemies":"Slavers","floor":29,"turns":7},{"damage":0,"enemies":"Cultist and Chosen","floor":30,"turns":8},{"damage":9,"enemies":"Snake Plant","floor":31,"turns":4},{"damage":24,"enemies":"Champ","floor":33,"turns":12},{"damage":12,"enemies":"3 Shapes","floor":35,"turns":3},{"damage":0,"enemies":"3 Darklings","floor":37,"turns":6},{"damage":71,"enemies":"Nemesis","floor":40,"turns":11},{"damage":4,"enemies":"Sphere and 2 Shapes","floor":41,"turns":5},{"damage":7,"enemies":"Reptomancer","floor":44,"turns":5},{"damage":7,"enemies":"Writhing Mass","floor":45,"turns":9},{"damage":2,"enemies":"4 Shapes","floor":46,"turns":2},{"damage":17,"enemies":"Sphere and 2 Shapes","floor":47,"turns":9},{"damage":16,"enemies":"Donu and Deca","floor":50,"turns":2}],"seed_played":"-9132727162529877675","potions_obtained":[{"floor":1,"key":"Dexterity Potion"},{"floor":7,"key":"FairyPotion"},{"floor":16,"key":"CultistPotion"},{"floor":19,"key":"Dexterity Potion"},{"floor":23,"key":"Strength Potion"},{"floor":25,"key":"sneckomod:MuddlingPotion"},{"floor":28,"key":"Guardian:BlockOnCardUsePotion"},{"floor":30,"key":"EssenceOfSteel"},{"floor":31,"key":"Ancient Potion"},{"floor":37,"key":"Fire Potion"},{"floor":41,"key":"Swift Potion"},{"floor":45,"key":"Guardian:BlockOnCardUsePotion"},{"floor":46,"key":"GamblersBrew"}],"is_trial":false,"path_per_floor":["M","M","?","M","?","R","E","R","T","E","M","E","M","$","R","B",null,"M","M","?","M","?","E","R","E","T","E","M","E","M","M","R","B",null,"M","?","M","T","?","E","M","R","T","E","M","M","M","?","R","B"],"character_chosen":"SAIYAJIN","items_purchased":["hexamod:BolsterEngine"],"campfire_rested":3,"item_purchase_floors":[14],"current_hp_per_floor":[61,62,50,52,45,45,45,45,45,23,3,5,3,3,23,24,70,58,59,59,57,51,24,46,34,34,35,36,37,38,32,32,9,86,76,76,78,78,78,9,6,32,32,28,23,22,6,6,6,0,0],"gold":861,"neow_bonus":"ONE_RARE_RELIC","is_daily":false,"chose_seed":false,"campfire_upgraded":3,"win_rate":0.0,"timestamp":1612288234,"path_taken":["M","M","?","M","?","R","E","R","T","E","M","E","M","$","R","BOSS","M","M","?","M","?","E","R","E","T","E","M","E","?","M","R","BOSS","M","?","M","?","?","E","M","R","T","E","?","M","M","?","R","BOSS"],"items_purchased_type":["Relic"],"build_version":"2020-12-22","purchased_purges":0,"victory":false,"max_hp_per_floor":[61,62,62,64,64,64,65,65,65,65,67,67,69,69,69,70,70,70,71,71,74,74,75,75,77,77,78,80,81,82,85,85,86,86,88,84,86,86,86,88,89,89,89,92,94,95,96,96,96,96,96],"card_choices":[{"not_picked":["Saiyan:PlotArmor","Saiyan:KiExplosion"],"picked":"Saiyan:Overexert","floor":1},{"not_picked":["Saiyan:SaiyanHubris","Saiyan:BackAttack"],"picked":"Saiyan:DrainingStrike","floor":2},{"not_picked":["Saiyan:KameHameHa","Saiyan:SaiyanHubris"],"picked":"Saiyan:KiExplosion","floor":4},{"not_picked":["Saiyan:MeteorDash","Saiyan:TurtleShell"],"picked":"Saiyan:SuperSaiyanForm","floor":7},{"not_picked":["Saiyan:Pacing","Saiyan:Medicine"],"picked":"Saiyan:MeteorDash","floor":10},{"not_picked":["Saiyan:DrainingStrike","Saiyan:DragonRadar"],"picked":"Saiyan:CCCapsule","floor":11},{"not_picked":["Saiyan:DoubleMasenko","Saiyan:Fly"],"picked":"Saiyan:PowerUp","floor":12},{"not_picked":["Saiyan:SpiritSword","Saiyan:PowerUp"],"picked":"Saiyan:Quickening","floor":13},{"not_picked":["Saiyan:TheBomb","Saiyan:HyperTimeChamber"],"picked":"Saiyan:GenkiDama","floor":16},{"not_picked":["Saiyan:DragonFist","Saiyan:SpiritSword"],"picked":"Saiyan:Makankosappo","floor":18},{"not_picked":["Saiyan:ExpandingShockwave+1","Saiyan:KameHameHa+1","Saiyan:MeteorDash"],"picked":"SKIP","floor":19},{"not_picked":["Saiyan:DragonFist+1","Saiyan:RemoveWeights"],"picked":"Saiyan:KiStrike","floor":21},{"not_picked":["Saiyan:MeteorDash","Saiyan:SpiritSword+1"],"picked":"Saiyan:FingerParry","floor":23},{"not_picked":["Saiyan:Twize","Saiyan:MeteorDash"],"picked":"Saiyan:PowerUp","floor":25},{"not_picked":["Saiyan:PowerUp","Saiyan:BigBangAttack"],"picked":"Saiyan:SoulSpice","floor":27},{"not_picked":["Saiyan:UltraInstinct","Saiyan:Scouter"],"picked":"Saiyan:HyperTimeChamber","floor":28},{"not_picked":["Saiyan:Honing","Saiyan:Scouter+1"],"picked":"Saiyan:GhostAttack","floor":29},{"not_picked":["Saiyan:KameHameHa","Saiyan:SaiyanHubris","Saiyan:DragonRadar"],"picked":"SKIP","floor":30},{"not_picked":["Saiyan:PowerUp","Saiyan:KiExplosion"],"picked":"Saiyan:Quickening+1","floor":31},{"not_picked":["Saiyan:TransfigurationBeam","Saiyan:Momentum"],"picked":"Saiyan:Rekindle","floor":33},{"not_picked":["Saiyan:RemoveWeights","Saiyan:Expend"],"picked":"Saiyan:DragonFist+1","floor":35},{"not_picked":["Saiyan:RemoveWeights","Saiyan:SoulSpice"],"picked":"Saiyan:CCCapsule+1","floor":37},{"not_picked":["Saiyan:BurningSoul+1","Saiyan:MeteorDash+1","Saiyan:TheBomb"],"picked":"Saiyan:TurtleShell","floor":40},{"not_picked":["Saiyan:Reset","Saiyan:FingerParry+1","Saiyan:Honing"],"picked":"Saiyan:Pacing+1","floor":41},{"not_picked":["Saiyan:BurningSoul","Saiyan:KameHameHa+1","Saiyan:Twize+1","Saiyan:DrainingStrike"],"picked":"SKIP","floor":44},{"not_picked":["Saiyan:Quickening+1","Saiyan:SaiyanHubris","Saiyan:PowerUp"],"picked":"Saiyan:Afterimage+1","floor":45},{"not_picked":["Saiyan:DoubleMasenko+1","Saiyan:Kienzan","Saiyan:Medicine+1"],"picked":"Saiyan:Overexert+1","floor":46},{"not_picked":["Saiyan:BackAttack","Saiyan:GenkiDama","Saiyan:UltraInstinct","Saiyan:DoubleMasenko+1"],"picked":"SKIP","floor":47}],"player_experience":2965729,"relics_obtained":[{"floor":7,"key":"WingedGreaves"},{"floor":10,"key":"CeramicFish"},{"floor":12,"key":"Blue Candle"},{"floor":23,"key":"Omamori"},{"floor":25,"key":"Bag of Marbles"},{"floor":26,"key":"CaptainsWheel"},{"floor":27,"key":"MealTicket"},{"floor":29,"key":"Whetstone"},{"floor":38,"key":"Question Card"},{"floor":40,"key":"Shuriken"},{"floor":43,"key":"Oddly Smooth Stone"},{"floor":44,"key":"Orichalcum"}],"event_choices":[{"damage_healed":0,"gold_gain":0,"player_choice":"Entered Light","damage_taken":12,"max_hp_gain":0,"max_hp_loss":0,"event_name":"Shining Light","floor":3,"gold_loss":0,"cards_upgraded":["Saiyan:EnergyBlast","Saiyan:Overexert"]},{"damage_healed":0,"gold_gain":0,"player_choice":"Success","damage_taken":7,"relics_obtained":["Ancient Tea Set"],"max_hp_gain":0,"max_hp_loss":0,"event_name":"Scrap Ooze","floor":5,"gold_loss":0},{"damage_healed":0,"gold_gain":0,"player_choice":"","damage_taken":6,"max_hp_gain":0,"max_hp_loss":0,"event_name":"Knowing Skull","floor":22,"potions_obtained":[],"gold_loss":0,"cards_obtained":[]},{"damage_healed":0,"gold_gain":0,"player_choice":"Max HP","damage_taken":0,"max_hp_gain":0,"max_hp_loss":4,"event_name":"Winding Halls","floor":36,"gold_loss":0},{"damage_healed":0,"gold_gain":0,"player_choice":"Ignored","damage_taken":0,"max_hp_gain":0,"max_hp_loss":0,"event_name":"SecretPortal","floor":39,"gold_loss":0},{"damage_healed":0,"gold_gain":0,"player_choice":"Ignored","damage_taken":0,"max_hp_gain":0,"max_hp_loss":0,"event_name":"Tomb of Lord Red Mask","floor":48,"gold_loss":0}],"is_beta":false,"boss_relics":[{"not_picked":["Runesmith:UraniumAnvil","Snecko Eye"],"picked":"Empty Cage"},{"not_picked":["Black Star","Velvet Choker"],"picked":"Philosopher\u0027s Stone"}],"items_purged_floors":[],"is_endless":false,"potions_floor_spawned":[1,7,16,19,23,25,28,30,31,33,35,37,41,45,46],"killed_by":"Donu and Deca","ascension_level":3}}