{"host":"m6aaltr68g9tvoay","time":1612240865,"event":{"mods":["AchievementEnabler","BaseMod","Colored Map","Downfall","Minty Spire (QoL Compilation)","StSLib"],"gold_per_floor":[199,209,219,20,20,31,57,82,82,82,110,10,21,171,191,288,288,188,200,212,312,330,330,401,416,416,445,460,472,472,57,74,175,175,175,189,189,208,49,49,49,49,247,262,312,327,347,365,377,377,377,377],"floor_reached":50,"language":"ENG","playtime":5971,"items_purged":["champ:Strike"],"score":954,"play_id":"31c4e44a-741d-4c69-baea-47b6d75828c9","local_time":"20210201204105","is_ascension_mode":true,"campfire_choices":[{"floor":1,"key":"RECALL"},{"floor":10,"key":"REST"},{"floor":12,"key":"REST"},{"data":"champ:Lariat","floor":18,"key":"SMITH"},{"data":"champ:SwordSigil","floor":26,"key":"SMITH"},{"data":"champ:ShieldWall","floor":30,"key":"SMITH"},{"data":"champ:StrikeOfGenius","floor":35,"key":"SMITH"},{"data":"champ:DefensiveShout","floor":40,"key":"SMITH"},{"data":"champ:Taunt","floor":42,"key":"SMITH"}],"circlet_count":0,"master_deck":["champ:Defend","champ:Defend","champ:Defend","champ:Defend","champ:Execute","champ:Taunt+1","champ:TornadoPunch","champ:ViciousMockery","champ:CrownThrow","champ:ShieldWall+1","champ:Lariat+1","champ:SwordSigil+1","champ:Backstep","champ:Duel","downfall:Icky","champ:IgnorePain","champ:IgnorePain","champ:ShieldSigil+1","champ:FocusedBerserking","champ:BringItOn","champ:BladeFlurry+1","champ:SkillfulDodge","champ:GladiatorStyle","champ:DefensiveShout+1","champ:StrikeOfGenius+1","champ:PerfectedStrike+1","champ:TripleStrike+1","champ:BladeFlurry+1","champ:FlashCut","champ:Lariat+1","champ:EnGarde+1"],"relics":["champ:ChampionCrown","Akabeko","Mummified Hand","Ancient Tea Set","Smiling Mask","downfall:HeartBlessingBlue","sneckomod:SneckoTalon","downfall:HeartBlessingRed","downfall:KnowingSkull","Eternal Feather","Dead Branch","Singing Bowl","Astrolabe","Orichalcum","Pantograph","Medical Kit","Prayer Wheel"],"acts_visited":["Exordium","TheCity","TheBeyond"],"potions_floor_usage":[8,11,16,31,33,33,33,46,49,50,50],"damage_taken":[{"damage":14,"enemies":"Small Slimes","floor":2,"turns":3},{"damage":8,"enemies":"Jaw Worm","floor":3,"turns":5},{"damage":10,"enemies":"downfall:FleeingMerchant","floor":4,"turns":4},{"damage":0,"enemies":"Cultist","floor":6,"turns":3},{"damage":35,"enemies":"3 Sentries","floor":8,"turns":8},{"damage":28,"enemies":"Gremlin Nob","floor":11,"turns":4},{"damage":10,"enemies":"3 Louse","floor":13,"turns":3},{"damage":0,"enemies":"Exordium Thugs","floor":15,"turns":2},{"damage":43,"enemies":"IC_STATUS_ARCHETYPE","floor":16,"turns":10},{"damage":35,"enemies":"Shell Parasite","floor":19,"turns":6},{"damage":0,"enemies":"Spheric Guardian","floor":20,"turns":3},{"damage":29,"enemies":"3 Cultists","floor":22,"turns":7},{"damage":28,"enemies":"Centurion and Healer","floor":25,"turns":7},{"damage":42,"enemies":"Slavers","floor":27,"turns":5},{"damage":10,"enemies":"Cultist and Chosen","floor":28,"turns":6},{"damage":4,"enemies":"Snecko","floor":29,"turns":4},{"damage":10,"enemies":"downfall:FleeingMerchant","floor":31,"turns":4},{"damage":6,"enemies":"Snake Plant","floor":32,"turns":4},{"damage":52,"enemies":"WA_ARCHETYPE_CALM","floor":33,"turns":11},{"damage":23,"enemies":"3 Darklings","floor":36,"turns":5},{"damage":0,"enemies":"Orb Walker","floor":38,"turns":3},{"damage":60,"enemies":"downfall:FleeingMerchant","floor":39,"turns":4},{"damage":5,"enemies":"downfall:FleeingMerchant","floor":43,"turns":3},{"damage":22,"enemies":"Spire Growth","floor":44,"turns":4},{"damage":9,"enemies":"Spire Growth","floor":45,"turns":6},{"damage":41,"enemies":"3 Darklings","floor":46,"turns":8},{"damage":34,"enemies":"Jaw Worm Horde","floor":47,"turns":6},{"damage":19,"enemies":"Spire Growth","floor":48,"turns":7},{"damage":0,"enemies":"3 Darklings","floor":49,"turns":5},{"damage":65,"enemies":"SI_POISON_ARCHETYPE","floor":50,"turns":12}],"seed_played":"2620135688423835422","potions_obtained":[{"floor":3,"key":"Energy Potion"},{"floor":8,"key":"Strength Potion"},{"floor":13,"key":"LiquidBronze"},{"floor":25,"key":"SteroidPotion"},{"floor":29,"key":"Fruit Juice"},{"floor":36,"key":"Guardian:BlockOnCardUsePotion"},{"floor":37,"key":"downfall:CursedFountainPotion"},{"floor":46,"key":"DuplicationPotion"},{"floor":47,"key":"Regen Potion"}],"is_trial":false,"path_per_floor":["R","M","M","$","?","M","T","E","?","R","E","R","M","?","M","B",null,"R","M","M","?","M","?","T","M","R","E","M","M","R","$","M","B",null,"R","M","?","M","$","R","T","R","$","M","?","M","M","M","M","B"],"character_chosen":"THE_CHAMP","items_purchased":["Akabeko","champ:ShieldWall","champ:GladiatorStyle","Singing Bowl","LiquidMemories","Orichalcum","Medical Kit"],"campfire_rested":2,"item_purchase_floors":[4,4,31,31,31,39,43],"current_hp_per_floor":[81,77,69,69,66,66,66,51,51,78,60,100,100,100,100,57,89,89,84,84,84,85,76,76,68,83,76,76,72,87,92,86,34,87,102,91,91,91,71,89,89,107,104,82,100,63,33,18,22,0,0,0],"gold":377,"neow_bonus":"HUNDRED_GOLD","is_daily":false,"chose_seed":false,"campfire_upgraded":6,"win_rate":0.0,"timestamp":1612240865,"path_taken":["R","M","M","$","?","M","T","E","?","R","E","R","M","?","M","BOSS","R","M","M","?","?","?","T","M","R","E","M","M","R","?","M","BOSS","R","M","?","M","?","R","T","R","$","M","?","M","M","M","M","BOSS"],"items_purchased_type":["Relic","Card","Card","Relic","Potion","Relic","Relic"],"build_version":"2020-12-22","purchased_purges":1,"victory":false,"max_hp_per_floor":[90,90,90,90,90,90,90,90,90,90,90,100,100,100,100,100,100,100,100,100,100,100,100,100,100,100,100,100,100,100,105,105,105,105,105,107,107,107,107,107,107,107,109,109,111,115,119,123,127,127,127,127],"card_choices":[{"not_picked":["champ:CrownThrow","champ:RisingSlash"],"picked":"champ:TornadoPunch","floor":2},{"not_picked":["champ:Backstep","champ:TornadoPunch"],"picked":"champ:ViciousMockery","floor":3},{"not_picked":["champ:Haymaker","champ:Circumvent"],"picked":"champ:CrownThrow","floor":4},{"not_picked":["champ:BringItOn","champ:ShieldSigil"],"picked":"champ:Lariat","floor":6},{"not_picked":["champ:CalledShot","champ:ArenaPreparation"],"picked":"champ:SwordSigil","floor":8},{"not_picked":["champ:Lariat","champ:AdrenalArmor"],"picked":"champ:Backstep","floor":11},{"not_picked":["champ:BladeFlurry","champ:FancyFootwork"],"picked":"champ:Duel","floor":13},{"not_picked":["champ:CrownThrow","champ:StanceDance"],"picked":"champ:IgnorePain","floor":15},{"not_picked":["champ:LastStand","champ:HoldFirm"],"picked":"champ:IgnorePain","floor":16},{"not_picked":["champ:ShieldWall","champ:FaceSlap"],"picked":"champ:ShieldSigil+1","floor":19},{"not_picked":["champ:Duel","champ:FanOfKnives+1"],"picked":"champ:FocusedBerserking","floor":20},{"not_picked":["champ:EndlessRage","champ:Shatter"],"picked":"champ:BringItOn","floor":22},{"not_picked":["champ:BerserkersShout","champ:DeathBlow+1"],"picked":"champ:BladeFlurry+1","floor":25},{"not_picked":["champ:HeartStrike","champ:Lariat","champ:Shatter"],"picked":"SKIP","floor":27},{"not_picked":["champ:EnragedBash","champ:SwordSigil","champ:CrownThrow"],"picked":"SKIP","floor":28},{"not_picked":["champ:Backstep","champ:Shatter","champ:EndlessRage"],"picked":"SKIP","floor":29},{"not_picked":["champ:GutPunch","champ:PreciseThrust"],"picked":"champ:SkillfulDodge","floor":31},{"not_picked":["champ:GladiatorStyle+1","champ:GladiatorForm"],"picked":"champ:DefensiveShout","floor":32},{"not_picked":["champ:EnchantCrown","champ:Improvising"],"picked":"champ:StrikeOfGenius","floor":33},{"not_picked":["champ:ShieldSlam+1","champ:PreciseThrust","champ:EnGarde"],"picked":"Singing Bowl","floor":36},{"not_picked":["champ:Circumvent+1","champ:RecklessLeap"],"picked":"champ:FlashCut","floor":38},{"not_picked":["champ:FaceSlap+1","champ:PreciseThrust"],"picked":"champ:Lariat+1","floor":39},{"not_picked":["champ:GladiatorStyle+1","champ:FanOfKnives","champ:PreciseThrust+1"],"picked":"Singing Bowl","floor":43},{"not_picked":["champ:Backstep","champ:BerserkersShout+1"],"picked":"champ:EnGarde+1","floor":44},{"not_picked":["champ:PreciseThrust","champ:PerfectedStrike+1","champ:Endure"],"picked":"Singing Bowl","floor":45},{"not_picked":["champ:StrikeOfGenius","champ:CrownThrow","champ:ShieldSigil"],"picked":"Singing Bowl","floor":46},{"not_picked":["champ:PreciseThrust+1","champ:EnGarde","champ:BladeFlurry"],"picked":"Singing Bowl","floor":46},{"not_picked":["champ:BerserkersShout+1","champ:GutPunch+1","champ:TornadoPunch+1"],"picked":"Singing Bowl","floor":47},{"not_picked":["champ:RisingSlash+1","champ:TornadoPunch","champ:ViciousMockery"],"picked":"Singing Bowl","floor":47},{"not_picked":["champ:Haymaker+1","champ:RisingSlash","champ:TornadoPunch"],"picked":"Singing Bowl","floor":48},{"not_picked":["champ:BerserkersShout","champ:Haymaker","champ:Lariat+1"],"picked":"Singing Bowl","floor":48},{"not_picked":["champ:ShieldSlam","champ:FlashCut","champ:EnchantCrown"],"picked":"Singing Bowl","floor":49},{"not_picked":["champ:BerserkersShout","champ:DefensiveShout+1","champ:SwordSigil"],"picked":"Singing Bowl","floor":49}],"player_experience":1838698,"relics_obtained":[{"floor":8,"key":"Ancient Tea Set"},{"floor":11,"key":"Smiling Mask"},{"floor":24,"key":"Eternal Feather"},{"floor":27,"key":"Dead Branch"},{"floor":41,"key":"Pantograph"},{"floor":45,"key":"Prayer Wheel"}],"event_choices":[{"damage_healed":0,"gold_gain":0,"player_choice":"Success","damage_taken":3,"relics_obtained":["Mummified Hand"],"max_hp_gain":0,"max_hp_loss":0,"event_name":"Scrap Ooze","floor":5,"gold_loss":0}],"is_beta":false,"boss_relics":[{"not_picked":["Snecko Eye","Cursed Key"],"picked":"sneckomod:SneckoTalon"},{"not_picked":["Coffee Dripper","Black Star"],"picked":"Astrolabe"}],"items_purged_floors":[31],"is_endless":false,"potions_floor_spawned":[3,8,13,25,29,32,36,46,47,48,49],"killed_by":"SI_POISON_ARCHETYPE","ascension_level":8}}