{"host":"w01zow3jg16g8jdh","time":1612272033,"event":{"mods":["AchievementEnabler","BaseMod","DeckTracker","Keyboard Shortcuts","Minty Spire (QoL Compilation)","Permanent Neow","StSLib","SuperFastMode"],"gold_per_floor":[362,362,119,119,119,155,155,195,220,255,155,173,186,205,205,295,295,315,315,17,30,30,30,65,65,135,171,192,210,235,235,235,338,338,353,686,701,714,729,729,754,754,754,774,1109,1109,1109],"floor_reached":46,"language":"KOR","playtime":850,"items_purged":["Strike_P","Defend_P","Strike_P"],"score":1301,"play_id":"acfa84d0-ed11-4eb4-84b1-d4986220de98","local_time":"20210202222033","is_ascension_mode":true,"campfire_choices":[{"data":"Eruption","floor":15.0,"key":"SMITH"},{"data":"Tantrum","floor":23.0,"key":"SMITH"},{"data":"MentalFortress","floor":25.0,"key":"SMITH"},{"data":"FearNoEvil","floor":32.0,"key":"SMITH"},{"floor":40.0,"key":"REST"},{"data":"ConjureBlade","floor":42.0,"key":"SMITH"}],"circlet_count":0,"master_deck":["AscendersBane","Defend_P","Eruption+1","Vigilance","FearNoEvil+1","Tantrum+1","MentalFortress+1","ConjureBlade+1","Wallop+1","Adaptation+1"],"relics":["PureWater","Bronze Scales","Oddly Smooth Stone","CeramicFish","Ice Cream","Empty Cage","Lantern","Mercury Hourglass","Yang","Blood Vial","Black Star","Frozen Egg 2","Omamori","Old Coin","Bird Faced Urn"],"acts_visited":["Exordium","TheCity","TheBeyond"],"potions_floor_usage":[],"damage_taken":[{"damage":2.0,"enemies":"2 Louse","floor":1.0,"turns":3.0},{"damage":37.0,"enemies":"3 Sentries","floor":6.0,"turns":6.0},{"damage":8.0,"enemies":"Gremlin Nob","floor":8.0,"turns":3.0},{"damage":6.0,"enemies":"Lagavulin","floor":10.0,"turns":5.0},{"damage":0.0,"enemies":"Jaw Worm","floor":12.0,"turns":1.0},{"damage":2.0,"enemies":"Small Slimes","floor":13.0,"turns":2.0},{"damage":0.0,"enemies":"2 Fungi Beasts","floor":14.0,"turns":2.0},{"damage":0.0,"enemies":"Slime Boss","floor":16.0,"turns":5.0},{"damage":8.0,"enemies":"Spheric Guardian","floor":18.0,"turns":3.0},{"damage":1.0,"enemies":"2 Thieves","floor":21.0,"turns":3.0},{"damage":50.0,"enemies":"Slavers","floor":24.0,"turns":5.0},{"damage":0.0,"enemies":"Gremlin Leader","floor":27.0,"turns":2.0},{"damage":0.0,"enemies":"Chosen and Byrds","floor":28.0,"turns":4.0},{"damage":0.0,"enemies":"Cultist and Chosen","floor":29.0,"turns":4.0},{"damage":4.0,"enemies":"Centurion and Healer","floor":30.0,"turns":4.0},{"damage":9.0,"enemies":"Automaton","floor":33.0,"turns":9.0},{"damage":17.0,"enemies":"3 Shapes","floor":35.0,"turns":5.0},{"damage":4.0,"enemies":"Orb Walker","floor":37.0,"turns":2.0},{"damage":28.0,"enemies":"4 Shapes","floor":38.0,"turns":3.0},{"damage":0.0,"enemies":"3 Darklings","floor":39.0,"turns":5.0},{"damage":47.0,"enemies":"Nemesis","floor":41.0,"turns":3.0},{"damage":8.0,"enemies":"Sphere and 2 Shapes","floor":44.0,"turns":4.0},{"damage":11,"enemies":"Giant Head","floor":45,"turns":5},{"damage":16,"enemies":"Writhing Mass","floor":46,"turns":2}],"seed_played":"5703018710025688176","potions_obtained":[{"floor":8.0,"key":"BottledMiracle"},{"floor":14.0,"key":"EssenceOfSteel"},{"floor":21.0,"key":"PowerPotion"},{"floor":27.0,"key":"Dexterity Potion"},{"floor":28.0,"key":"Swift Potion"},{"floor":35.0,"key":"Fire Potion"},{"floor":45,"key":"Strength Potion"}],"is_trial":false,"path_per_floor":["M","?","$","?","?","E","?","E","T","E","$","M","M","M","R","B",null,"M","?","$","M","?","R","E","R","T","E","M","M","M","?","R","B",null,"M","?","M","M","M","R","E","R","T","M","E","M"],"character_chosen":"WATCHER","items_purchased":["Tantrum","MentalFortress","Lantern"],"campfire_rested":1,"item_purchase_floors":[3,3,20],"current_hp_per_floor":[59,59,59,64,61,24,17,9,9,3,3,3,1,1,1,1,46,38,38,38,37,21,21,16,16,16,16,18,20,18,18,18,11,52,37,37,35,9,11,30,19,19,19,13,4,0,0],"gold":1109,"neow_bonus":"TWO_FIFTY_GOLD","is_daily":false,"chose_seed":false,"campfire_upgraded":5,"win_rate":0.0,"timestamp":1612272033,"path_taken":["M","?","$","?","?","E","?","E","T","E","?","M","M","?","R","BOSS","M","?","$","M","?","R","E","R","T","E","M","M","M","?","R","BOSS","M","?","M","M","M","R","E","R","T","M","E","M"],"items_purchased_type":["Card","Card","Relic"],"build_version":"2020-12-22","purchased_purges":3,"victory":false,"max_hp_per_floor":[62,62,62,67,61,61,61,61,61,61,61,61,61,61,61,61,61,61,61,61,61,66,66,66,66,66,66,66,66,66,66,66,66,66,66,66,66,66,66,66,66,66,66,66,66,66,66],"card_choices":[{"not_picked":["CrushJoints","Vengeance"],"picked":"FearNoEvil","floor":1.0},{"not_picked":["PathToVictory","CutThroughFate","Halt"],"picked":"SKIP","floor":6.0},{"not_picked":["Devotion","LikeWater","CutThroughFate"],"picked":"SKIP","floor":8.0},{"not_picked":["Halt","ClearTheMind","DeceiveReality"],"picked":"SKIP","floor":10.0},{"not_picked":["FlyingSleeves","ClearTheMind","Study"],"picked":"SKIP","floor":12.0},{"not_picked":["FlurryOfBlows","Meditate","Evaluate"],"picked":"SKIP","floor":13.0},{"not_picked":["Pray","Study","Swivel"],"picked":"SKIP","floor":14.0},{"not_picked":["BowlingBash","Weave","Conclude"],"picked":"SKIP","floor":18.0},{"not_picked":["Consecrate","LikeWater","BowlingBash"],"picked":"SKIP","floor":21.0},{"not_picked":["Alpha","Sanctity","SignatureMove"],"picked":"SKIP","floor":24.0},{"not_picked":["SashWhip","WindmillStrike+1","CrushJoints"],"picked":"SKIP","floor":27.0},{"not_picked":["Protect","Prostrate+1","Perseverance"],"picked":"SKIP","floor":28.0},{"not_picked":["CutThroughFate","Establishment","LikeWater"],"picked":"SKIP","floor":29.0},{"not_picked":["SashWhip","Crescendo","Consecrate"],"picked":"SKIP","floor":30.0},{"not_picked":["SpiritShield","Blasphemy"],"picked":"ConjureBlade","floor":33.0},{"not_picked":["CutThroughFate","Fasting2+1","Study"],"picked":"SKIP","floor":35.0},{"not_picked":["CutThroughFate","Fasting2+1","Study"],"picked":"SKIP","floor":35.0},{"not_picked":["Evaluate","Prostrate","BowlingBash"],"picked":"SKIP","floor":37.0},{"not_picked":["BowlingBash+1","Swivel+1","Meditate"],"picked":"SKIP","floor":38.0},{"not_picked":["JustLucky+1","SashWhip","FollowUp"],"picked":"SKIP","floor":39.0},{"not_picked":["Consecrate+1","FollowUp+1","CarveReality"],"picked":"SKIP","floor":41.0},{"not_picked":["Wireheading+1","Crescendo"],"picked":"Wallop+1","floor":44.0},{"not_picked":["Evaluate+1","EmptyFist"],"picked":"Adaptation+1","floor":45}],"player_experience":351907,"relics_obtained":[{"floor":6.0,"key":"Bronze Scales"},{"floor":8.0,"key":"Oddly Smooth Stone"},{"floor":9.0,"key":"CeramicFish"},{"floor":10.0,"key":"Ice Cream"},{"floor":24.0,"key":"Mercury Hourglass"},{"floor":26.0,"key":"Yang"},{"floor":27.0,"key":"Blood Vial"},{"floor":41.0,"key":"Frozen Egg 2"},{"floor":41.0,"key":"Omamori"},{"floor":45,"key":"Old Coin"},{"floor":45,"key":"Bird Faced Urn"}],"event_choices":[{"cards_removed":["Defend_P"],"damage_healed":0.0,"max_hp_gain":0.0,"max_hp_loss":0.0,"gold_gain":0.0,"event_name":"Living Wall","player_choice":"Forget","floor":2.0,"gold_loss":0.0,"damage_taken":0.0},{"damage_healed":0.0,"max_hp_gain":5.0,"max_hp_loss":0.0,"gold_gain":0.0,"event_name":"Big Fish","player_choice":"Donut","floor":4.0,"gold_loss":0.0,"damage_taken":0.0},{"damage_healed":0.0,"max_hp_gain":0.0,"max_hp_loss":6.0,"gold_gain":0.0,"event_name":"Golden Idol","player_choice":"Lose Max HP","floor":5.0,"gold_loss":0.0,"damage_taken":0.0,"relics_obtained":["Golden Idol"]},{"cards_removed":["Strike_P"],"damage_healed":0.0,"max_hp_gain":0.0,"max_hp_loss":0.0,"gold_gain":0.0,"event_name":"Golden Wing","player_choice":"Card Removal","floor":7.0,"gold_loss":0.0,"damage_taken":7.0},{"damage_healed":0.0,"max_hp_gain":0.0,"max_hp_loss":0.0,"gold_gain":0.0,"event_name":"Vampires","player_choice":"Ignored","floor":19.0,"gold_loss":0.0,"damage_taken":0.0},{"damage_healed":0.0,"max_hp_gain":5.0,"max_hp_loss":0.0,"gold_gain":0.0,"event_name":"Forgotten Altar","player_choice":"Shed Blood","floor":22.0,"gold_loss":0.0,"damage_taken":21.0},{"damage_healed":0.0,"max_hp_gain":0.0,"max_hp_loss":0.0,"gold_gain":0.0,"event_name":"Ghosts","player_choice":"Ignored","floor":31.0,"gold_loss":0.0,"damage_taken":0.0},{"damage_healed":0.0,"max_hp_gain":0.0,"max_hp_loss":0.0,"gold_gain":333.0,"event_name":"The Moai Head","player_choice":"Gave Idol","floor":36.0,"relics_lost":["Golden Idol"],"gold_loss":0.0,"damage_taken":0.0}],"is_beta":false,"boss_relics":[{"not_picked":["Runic Pyramid","SlaversCollar"],"picked":"Empty Cage"},{"not_picked":["Busted Crown","Tiny House"],"picked":"Black Star"}],"items_purged_floors":[3,11,20],"is_endless":false,"potions_floor_spawned":[8,14,21,27,28,35,45],"killed_by":"Writhing Mass","ascension_level":20}}