{"host":"w01zow3jg16g8jdh","time":1612271069,"event":{"mods":["AchievementEnabler","BaseMod","DeckTracker","Keyboard Shortcuts","Minty Spire (QoL Compilation)","Permanent Neow","StSLib","SuperFastMode"],"gold_per_floor":[17,32,44,62,82,82,117,131,183,183,217,217,237,257,257,332,332,347,347,347,363,32,58,75,110,110,135,151,161,195,195,195,272,272,283,233,246,262,212,250,250,275,275,302,302,302,330,350,350,350,350,350,350,13,38,38],"floor_reached":57,"language":"KOR","playtime":1073,"items_purged":["Strike_P","Strike_P","Defend_P","Vigilance"],"score":3568,"play_id":"a326d357-e027-40e2-9199-977c15a2c42f","local_time":"20210202220429","is_ascension_mode":true,"campfire_choices":[{"data":"Eruption","floor":6.0,"key":"SMITH"},{"data":"Ragnarok","floor":10.0,"key":"SMITH"},{"data":"Scrawl","floor":15.0,"key":"SMITH"},{"data":"Adaptation","floor":32,"key":"SMITH"},{"data":"MentalFortress","floor":41,"key":"SMITH"},{"floor":45,"key":"RECALL"},{"data":"Defend_P","floor":49,"key":"PURGE"},{"data":"MentalFortress","floor":53,"key":"SMITH"}],"circlet_count":0,"master_deck":["AscendersBane","Eruption+1","Ragnarok+1","Scrawl+1","InnerPeace","FearNoEvil","Crescendo+1","MentalFortress+1","MentalFortress+1","Adaptation+1","MentalFortress","Adaptation"],"relics":["PureWater","Mummified Hand","Vajra","Darkstone Periapt","Black Star","Ancient Tea Set","Question Card","Lantern","Gremlin Horn","Nunchaku","Smiling Mask","MealTicket","CeramicFish","Molten Egg 2","Bag of Marbles","Runic Pyramid","Ornamental Fan","Orichalcum","Peace Pipe","PreservedInsect","Anchor","The Courier","HornCleat","OrangePellets","Happy Flower","Pen Nib","Bronze Scales"],"acts_visited":["Exordium","TheCity","TheBeyond","TheEnding"],"potions_floor_usage":[27,44,48,56],"damage_taken":[{"damage":0.0,"enemies":"Cultist","floor":1.0,"turns":3.0},{"damage":2.0,"enemies":"2 Louse","floor":2.0,"turns":2.0},{"damage":2.0,"enemies":"Small Slimes","floor":3.0,"turns":3.0},{"damage":6.0,"enemies":"Looter","floor":4.0,"turns":2.0},{"damage":8.0,"enemies":"Red Slaver","floor":5.0,"turns":5.0},{"damage":22.0,"enemies":"Gremlin Nob","floor":7.0,"turns":3.0},{"damage":0.0,"enemies":"3 Louse","floor":8.0,"turns":2.0},{"damage":2.0,"enemies":"3 Sentries","floor":11.0,"turns":4.0},{"damage":0.0,"enemies":"Looter","floor":13.0,"turns":1.0},{"damage":0.0,"enemies":"Gremlin Gang","floor":14.0,"turns":2.0},{"damage":0.0,"enemies":"Slime Boss","floor":16.0,"turns":4.0},{"damage":12.0,"enemies":"3 Byrds","floor":18.0,"turns":2.0},{"damage":0.0,"enemies":"Chosen","floor":21.0,"turns":2.0},{"damage":9.0,"enemies":"Slavers","floor":23.0,"turns":2.0},{"damage":6.0,"enemies":"Shelled Parasite and Fungi","floor":24.0,"turns":2.0},{"damage":3,"enemies":"Gremlin Leader","floor":25,"turns":3},{"damage":10,"enemies":"Slavers","floor":27,"turns":3},{"damage":0,"enemies":"Centurion and Healer","floor":28,"turns":1},{"damage":0,"enemies":"Snecko","floor":29,"turns":3},{"damage":0,"enemies":"Gremlin Leader","floor":30,"turns":1},{"damage":0,"enemies":"Automaton","floor":33,"turns":4},{"damage":21,"enemies":"3 Shapes","floor":35,"turns":2},{"damage":0,"enemies":"Orb Walker","floor":37,"turns":2},{"damage":12,"enemies":"3 Darklings","floor":38,"turns":2},{"damage":0,"enemies":"Nemesis","floor":40,"turns":1},{"damage":0,"enemies":"Mind Bloom Boss Battle","floor":42,"turns":1},{"damage":0,"enemies":"Reptomancer","floor":44,"turns":1},{"damage":0,"enemies":"Giant Head","floor":47,"turns":1},{"damage":0,"enemies":"Maw","floor":48,"turns":4},{"damage":0,"enemies":"Time Eater","floor":50,"turns":3},{"damage":0,"enemies":"Donu and Deca","floor":51,"turns":1},{"damage":0,"enemies":"Shield and Spear","floor":55,"turns":1},{"damage":2,"enemies":"The Heart","floor":56,"turns":6}],"seed_played":"-5665029836620071909","potions_obtained":[{"floor":2.0,"key":"Weak Potion"},{"floor":7.0,"key":"StancePotion"},{"floor":8.0,"key":"SkillPotion"},{"floor":14.0,"key":"AttackPotion"},{"floor":16.0,"key":"Dexterity Potion"},{"floor":18.0,"key":"DuplicationPotion"},{"floor":27,"key":"Weak Potion"},{"floor":28,"key":"SpeedPotion"},{"floor":33,"key":"Energy Potion"},{"floor":37,"key":"Strength Potion"},{"floor":40,"key":"Swift Potion"},{"floor":44,"key":"AttackPotion"}],"is_trial":false,"path_per_floor":["M","M","M","M","M","R","E","M","T","R","E","?","M","M","R","B",null,"M","?","?","M","$","E","M","E","T","E","M","M","E","?","R","B",null,"M","$","M","M","$","E","R","?","T","E","R","?","E","M","R","B","B",null,"R","$","E","B",null],"character_chosen":"WATCHER","items_purchased":["MentalFortress","Ancient Tea Set","OrangePellets","Happy Flower","Adaptation"],"campfire_rested":0,"item_purchase_floors":[22,22,54,54,54],"current_hp_per_floor":[61,59,57,51,43,43,21,21,21,21,19,19,19,19,19,19,56,44,44,44,44,44,35,29,26,26,16,16,16,16,16,16,16,55,34,49,49,37,52,52,52,52,52,52,52,52,52,52,52,52,52,64,64,68,68,66],"gold":38,"neow_bonus":"TRANSFORM_TWO_CARDS","is_daily":false,"chose_seed":false,"campfire_upgraded":6,"win_rate":0.0,"timestamp":1612271069,"path_taken":["M","M","M","M","M","R","E","M","T","R","E","?","M","?","R","BOSS","M","?","?","M","$","E","M","E","T","E","M","M","E","?","R","BOSS","M","$","M","M","$","E","R","?","T","E","R","?","E","M","R","BOSS","BOSS","R","$","E","BOSS"],"items_purchased_type":["Card","Relic","Relic","Relic","Card"],"build_version":"2020-12-22","purchased_purges":4,"victory":true,"max_hp_per_floor":[68,68,68,68,68,68,68,68,68,68,68,68,68,68,68,68,68,68,68,68,68,68,68,68,68,68,68,68,68,68,68,68,68,68,68,68,68,68,68,68,68,68,68,68,68,68,68,68,68,68,68,68,68,68,68,68],"card_choices":[{"not_picked":["Protect","JustLucky"],"picked":"InnerPeace","floor":1.0},{"not_picked":["Halt","Nirvana","EmptyFist"],"picked":"SKIP","floor":2.0},{"not_picked":["EmptyMind","FlurryOfBlows","Worship"],"picked":"SKIP","floor":3.0},{"not_picked":["Weave","Prostrate","Collect"],"picked":"SKIP","floor":4.0},{"not_picked":["WreathOfFlame","JustLucky","CutThroughFate"],"picked":"SKIP","floor":5.0},{"not_picked":["EmptyMind","JustLucky"],"picked":"FearNoEvil","floor":7.0},{"not_picked":["ReachHeaven","DeceiveReality","Wireheading"],"picked":"SKIP","floor":8.0},{"not_picked":["WaveOfTheHand","Halt","Evaluate"],"picked":"SKIP","floor":11.0},{"not_picked":["ClearTheMind","ReachHeaven","JustLucky"],"picked":"SKIP","floor":13.0},{"not_picked":["Prostrate","CarveReality","Protect"],"picked":"SKIP","floor":14.0},{"not_picked":["FollowUp","Study","Prostrate+1"],"picked":"SKIP","floor":18.0},{"not_picked":["InnerPeace","Sanctity"],"picked":"Crescendo+1","floor":21.0},{"not_picked":["Halt","ConjureBlade"],"picked":"MentalFortress","floor":23.0},{"not_picked":["Evaluate","ThirdEye","EmptyBody"],"picked":"MentalFortress","floor":24.0},{"not_picked":["Establishment","DeceiveReality","LikeWater"],"picked":"Adaptation","floor":25},{"not_picked":["ForeignInfluence","FlyingSleeves","SignatureMove","Pray"],"picked":"SKIP","floor":27},{"not_picked":["JustLucky","DeceiveReality+1","Crescendo+1","Protect"],"picked":"SKIP","floor":28},{"not_picked":["EmptyFist+1","Consecrate","JustLucky","Prostrate"],"picked":"SKIP","floor":29},{"not_picked":["ForeignInfluence","Swivel","FlurryOfBlows+1","Alpha"],"picked":"SKIP","floor":30},{"not_picked":["BowlingBash+1","EmptyBody","Crescendo","JustLucky+1"],"picked":"SKIP","floor":35},{"not_picked":["DeusExMachina","CutThroughFate+1","Wireheading","DeceiveReality"],"picked":"SKIP","floor":37},{"not_picked":["SashWhip+1","ThirdEye+1","BowlingBash+1","FollowUp+1"],"picked":"SKIP","floor":38},{"not_picked":["ClearTheMind","Swivel","LikeWater"],"picked":"MentalFortress","floor":40},{"not_picked":["InnerPeace","Collect+1","PathToVictory","WaveOfTheHand+1"],"picked":"SKIP","floor":44},{"not_picked":["WheelKick+1","WindmillStrike+1","Nirvana","SpiritShield"],"picked":"SKIP","floor":47},{"not_picked":["SandsOfTime+1","Perseverance+1","EmptyBody","SashWhip+1"],"picked":"SKIP","floor":48},{"not_picked":["CrushJoints+1","BowlingBash+1","ReachHeaven+1","FlyingSleeves+1"],"picked":"SKIP","floor":55}],"player_experience":350834,"relics_obtained":[{"floor":7.0,"key":"Mummified Hand"},{"floor":9.0,"key":"Vajra"},{"floor":11.0,"key":"Darkstone Periapt"},{"floor":23.0,"key":"Question Card"},{"floor":23.0,"key":"Lantern"},{"floor":25,"key":"Gremlin Horn"},{"floor":25,"key":"Nunchaku"},{"floor":26,"key":"Smiling Mask"},{"floor":27,"key":"MealTicket"},{"floor":27,"key":"CeramicFish"},{"floor":30,"key":"Molten Egg 2"},{"floor":30,"key":"Bag of Marbles"},{"floor":40,"key":"Ornamental Fan"},{"floor":40,"key":"Orichalcum"},{"floor":42,"key":"Peace Pipe"},{"floor":44,"key":"PreservedInsect"},{"floor":44,"key":"Anchor"},{"floor":47,"key":"The Courier"},{"floor":47,"key":"HornCleat"},{"floor":55,"key":"Pen Nib"},{"floor":55,"key":"Bronze Scales"}],"event_choices":[{"cards_removed":["Strike_P"],"damage_healed":0.0,"max_hp_gain":0.0,"max_hp_loss":0.0,"gold_gain":0.0,"event_name":"Wheel of Change","player_choice":"Card Removal","floor":12.0,"gold_loss":0.0,"damage_taken":0.0},{"damage_healed":0.0,"max_hp_gain":0.0,"max_hp_loss":0.0,"gold_gain":0.0,"event_name":"The Mausoleum","player_choice":"Ignored","floor":19.0,"gold_loss":0.0,"damage_taken":0.0},{"damage_healed":0.0,"max_hp_gain":0.0,"max_hp_loss":0.0,"gold_gain":0.0,"event_name":"Vampires","player_choice":"Ignored","floor":20.0,"gold_loss":0.0,"damage_taken":0.0},{"cards_removed":["Defend_P"],"damage_healed":0,"gold_gain":0,"player_choice":"Offered Basic","damage_taken":0,"max_hp_gain":0,"max_hp_loss":0,"event_name":"Bonfire Elementals","floor":31,"gold_loss":0},{"damage_healed":0,"gold_gain":0,"player_choice":"Fight","damage_taken":0,"max_hp_gain":0,"max_hp_loss":0,"event_name":"MindBloom","floor":42,"gold_loss":0},{"cards_removed":["MentalFortress"],"damage_healed":0,"gold_gain":0,"player_choice":"Removed Power","damage_taken":0,"max_hp_gain":0,"max_hp_loss":0,"event_name":"Falling","floor":46,"gold_loss":0}],"is_beta":false,"boss_relics":[{"not_picked":["Philosopher\u0027s Stone","Calling Bell"],"picked":"Black Star"},{"not_picked":["Snecko Eye","Astrolabe"],"picked":"Runic Pyramid"}],"items_purged_floors":[22,36,39,54],"is_endless":false,"potions_floor_spawned":[2,7,8,14,16,18,21,27,28,33,37,40,44,47],"ascension_level":20}}