{"host":"820xk69ekh5gtclf","time":1612233597,"event":{"mods":["Ascension Unlocker","BaseMod","Curses Come First","Custom Start","Downfall","Minty Spire (QoL Compilation)","StSLib"],"gold_per_floor":[114,114,124,143,158,189,189,214,214,214,214,214],"floor_reached":10,"language":"ENG","playtime":460,"items_purged":[],"score":137,"play_id":"2650d850-5e07-411a-bd86-102ffc6dccae","local_time":"20210201213957","is_ascension_mode":true,"campfire_choices":[],"circlet_count":0,"master_deck":["AscendersBane","bronze:Strike","bronze:Strike","bronze:Strike","bronze:Strike","bronze:Defend","bronze:Defend","bronze:Defend","bronze:Defend","bronze:Replicate","bronze:Goto","bronze:Iterate","bronze:CutThrough","bronze:Constructor","bronze:Separator","bronze:WhirlingStrike"],"relics":["bronze:BronzeCore","NeowsBlessing","NlothsMask","Girya","CaptainsWheel"],"acts_visited":["Exordium"],"potions_floor_usage":[],"damage_taken":[{"damage":0.0,"enemies":"Jaw Worm","floor":1.0,"turns":1.0},{"damage":0.0,"enemies":"Cultist","floor":3.0,"turns":1.0},{"damage":0.0,"enemies":"2 Louse","floor":4.0,"turns":1.0},{"damage":9.0,"enemies":"Exordium Wildlife","floor":5.0,"turns":6.0},{"damage":15.0,"enemies":"3 Sentries","floor":6.0,"turns":5.0},{"damage":16.0,"enemies":"Gremlin Nob","floor":8.0,"turns":4.0},{"damage":21,"enemies":"Lagavulin","floor":10,"turns":7}],"seed_played":"-6959627153773667489","potions_obtained":[{"floor":4.0,"key":"PowerPotion"}],"is_trial":false,"path_per_floor":["M","?","M","M","M","E","?","E","T","E"],"character_chosen":"THE_AUTOMATON","items_purchased":[],"campfire_rested":0,"item_purchase_floors":[],"current_hp_per_floor":[57,57,57,57,48,33,33,17,17,0,0,0],"gold":214,"neow_bonus":"THREE_ENEMY_KILL","is_daily":false,"chose_seed":false,"campfire_upgraded":0,"win_rate":0.0,"timestamp":1612233597,"path_taken":["M","?","?","M","M","E","?","E","T","E"],"items_purchased_type":[],"build_version":"2020-12-22","purchased_purges":0,"victory":false,"max_hp_per_floor":[63,63,63,63,63,63,63,63,63,63,63,63],"card_choices":[{"not_picked":["bronze:BugBarrage","bronze:Deprecate"],"picked":"bronze:Iterate","floor":1.0},{"not_picked":["bronze:Iterate","bronze:Repulsor"],"picked":"bronze:CutThrough","floor":3.0},{"not_picked":["bronze:CutThrough","bronze:OilSpill"],"picked":"bronze:Constructor","floor":4.0},{"not_picked":["bronze:Turbo","bronze:FollowUp"],"picked":"bronze:Separator","floor":5.0},{"not_picked":["bronze:BuggyMess","bronze:ForceShield"],"picked":"bronze:WhirlingStrike","floor":6.0},{"not_picked":["bronze:BurnOut","bronze:Allocate","bronze:BuggyMess"],"picked":"SKIP","floor":8.0}],"player_experience":2310285,"relics_obtained":[{"floor":6.0,"key":"Girya"},{"floor":8.0,"key":"CaptainsWheel"}],"event_choices":[{"damage_healed":0.0,"max_hp_gain":0.0,"max_hp_loss":0.0,"gold_gain":0.0,"event_name":"FaceTrader","player_choice":"Trade","floor":2.0,"gold_loss":0.0,"damage_taken":0.0,"relics_obtained":["NlothsMask"]},{"damage_healed":0.0,"max_hp_gain":0.0,"max_hp_loss":0.0,"gold_gain":0.0,"event_name":"Shining Light","player_choice":"Ignored","floor":7.0,"gold_loss":0.0,"damage_taken":0.0}],"is_beta":false,"boss_relics":[],"items_purged_floors":[],"is_endless":false,"potions_floor_spawned":[4],"killed_by":"Lagavulin","ascension_level":15}}