{"host":"19r1ww88x2tc73i0","time":1612295433,"event":{"mods":["BaseMod","BetterRewards","Colored Map","Minty Spire (QoL Compilation)","Relic Stats","StSLib","SuperFastMode","slay the spire mod where everything is the same but ironclad has a cowboy hat"],"gold_per_floor":[116,116,116,136,147,147,147,147],"floor_reached":7,"language":"ENG","playtime":233,"items_purged":["Strike_G"],"score":82,"play_id":"5eb9ba51-dfb5-4270-8dd3-a0b4d51bc71f","local_time":"25640203025033","is_ascension_mode":true,"campfire_choices":[{"data":"Slice","floor":6,"key":"SMITH"}],"circlet_count":0,"master_deck":["AscendersBane","Strike_G","Strike_G","Strike_G","Strike_G","Defend_G","Defend_G","Defend_G","Defend_G","Defend_G+1","Survivor","Neutralize+1","Deflect+1","Slice+1","Dagger Throw"],"relics":["Ring of the Snake","TwistedFunnel","Bronze Scales","Strange Spoon"],"acts_visited":["Exordium"],"potions_floor_usage":[],"damage_taken":[{"damage":7,"enemies":"Small Slimes","floor":1,"turns":4},{"damage":0,"enemies":"2 Louse","floor":4,"turns":2},{"damage":0,"enemies":"Jaw Worm","floor":5,"turns":3},{"damage":0,"enemies":"Lagavulin","floor":7,"turns":1}],"seed_played":"-3342563090791514562","potions_obtained":[{"floor":1,"key":"Poison Potion"}],"is_trial":false,"path_per_floor":["M","?","?","M","M","R","E"],"character_chosen":"THE_SILENT","items_purchased":["TwistedFunnel","Bronze Scales","Strange Spoon","BlessingOfTheForge"],"campfire_rested":0,"item_purchase_floors":[0,0,0,0],"current_hp_per_floor":[52,32,32,32,32,32,32,32],"gold":147,"neow_bonus":"","is_daily":false,"chose_seed":false,"campfire_upgraded":1,"win_rate":0.0,"timestamp":1612295433,"path_taken":["M","?","?","M","M","R","E"],"items_purchased_type":["Relic","Relic","Relic","Potion"],"build_version":"2020-12-22","purchased_purges":1,"victory":false,"max_hp_per_floor":[66,66,66,66,66,66,66,66],"relic_stats":{"Strange Spoon":[0],"counters":[22,100],"Bronze Scales":[21],"obtain_stats":[{"TwistedFunnel":0,"Regal Pillow":13,"Gremlin Horn":3,"Golden Idol":11,"Vajra":10,"Odd Mushroom":7,"MawBank":9,"Sling":0,"Smiling Mask":7,"Strange Spoon":0,"Bronze Scales":6,"Pandora\u0027s Box":17,"Turnip":0,"Kunai":0,"Toy Ornithopter":9,"Ring of the Snake":0},{"TwistedFunnel":18,"Regal Pillow":5,"Gremlin Horn":1,"Golden Idol":5,"Vajra":5,"Odd Mushroom":4,"MawBank":4,"Sling":10,"Smiling Mask":15,"Strange Spoon":18,"Bronze Scales":3,"Pandora\u0027s Box":7,"Turnip":10,"Kunai":10,"Toy Ornithopter":15,"Ring of the Snake":0},{"TwistedFunnel":90,"Regal Pillow":30,"Gremlin Horn":8,"Golden Idol":30,"Vajra":30,"Odd Mushroom":21,"MawBank":21,"Sling":48,"Smiling Mask":72,"Strange Spoon":90,"Bronze Scales":18,"Pandora\u0027s Box":41,"Turnip":48,"Kunai":48,"Toy Ornithopter":72,"Ring of the Snake":0}],"Ring of the Snake":[44]},"card_choices":[{"not_picked":["Distraction","Underhanded Strike"],"picked":"Deflect","floor":1},{"not_picked":["Underhanded Strike","Prepared"],"picked":"Slice","floor":4},{"not_picked":["Tactician","Outmaneuver"],"picked":"Dagger Throw","floor":5}],"player_experience":992886,"relics_obtained":[],"event_choices":[{"damage_healed":0,"gold_gain":0,"player_choice":"Entered Light","damage_taken":20,"max_hp_gain":0,"max_hp_loss":0,"event_name":"Shining Light","floor":2,"gold_loss":0,"cards_upgraded":["Deflect","Defend_G"]},{"damage_healed":0,"gold_gain":0,"player_choice":"Grow","damage_taken":0,"max_hp_gain":0,"max_hp_loss":0,"event_name":"Living Wall","floor":3,"gold_loss":0,"cards_upgraded":["Neutralize"]}],"is_beta":false,"boss_relics":[],"items_purged_floors":[0],"is_endless":false,"potions_floor_spawned":[1,5],"killed_by":"Lagavulin","ascension_level":20}}