{"host":"tkinv8gv6hgcc58b","time":1612239504,"event":{"mods":["AchievementEnabler","BaseMod","BetterRewards","Colored Map","Downfall","Googly Eyes","Hermit","Minty Spire (QoL Compilation)","Rare Cards Sparkle","Relic Filter","StSLib","The Cursed","The Disciple"],"gold_per_floor":[349,360,360,379,379,379,403,417,450,450,466,482,482,496,508,603,603,603,613,624,644,655,675,701,701,701,203,203,216,241,44,144,160,260,260,260,296,328,379,388,397,397,397,27,47,74,74,108,108,48,68,68],"floor_reached":53,"language":"ENG","playtime":3832,"items_purged":["Doubt"],"score":1038,"play_id":"c471046d-0af2-4a07-80d4-825ae1ad7401","local_time":"20210201231824","is_ascension_mode":true,"campfire_choices":[{"data":"Slimebound:Split","floor":1.0,"key":"SMITH"},{"floor":10,"key":"REST"},{"data":"Slimebound:DisruptingSlam","floor":13,"key":"SMITH"},{"data":"Slimebound:OozeBath","floor":18,"key":"SMITH"},{"data":"Slimebound:Nibble","floor":36,"key":"SMITH"},{"data":"Slimebound:WasteNot","floor":49,"key":"SMITH"}],"circlet_count":0,"master_deck":["Slimebound:Tackle","Slimebound:Defend_Slimebound","Slimebound:Defend_Slimebound","Slimebound:Defend_Slimebound","Slimebound:Defend_Slimebound","Slimebound:Split+1","Slimebound:CorrosiveSpit","Slimebound:ItLooksTasty","Slimebound:HauntingLick","Slimebound:Recollect","Slimebound:LeechEnergy+1","Slimebound:Schlurp","Slimebound:DisruptingSlam+1","Slimebound:SpikyOuterGoop","Slimebound:OozeBath+1","Slimebound:HauntingLick+1","Slimebound:MegaLick","Slimebound:SlimeTap","Slimebound:Recollect","Bite","Bite","Bite","Bite","Bite","Slimebound:Gluttony","Slimebound:SpikyOuterGoop","Master of Strategy","Slimebound:WasteNot+1","Slimebound:Nibble+1","Slimebound:SplitBruiser","expansioncontent:DashGenerateEvil+1","Slimebound:Prepare+1","Slimebound:HauntingLick","Slimebound:LeechLife","CurseOfTheBell","Slimebound:HauntingLick+1","Slimebound:Equalize","Slimebound:FormOfPuddle","Slimebound:RejuvenatingLick+1","Slimebound:Darklings","expansioncontent:YouAreMine","Slimebound:LeadByExample+1","Slimebound:Schlurp","Slimebound:LeechEnergy+1","Parasite","Slimebound:RejuvenatingLick","Slimebound:BestDefense+1","Slimebound:ViciousTackle","Slimebound:SplitLeeching","Slimebound:TongueLash"],"relics":["Slimebound:AbsorbEndCombat","FossilizedHelix","Slimebound:TarBlob","Du-Vu Doll","Juzu Bracelet","downfall:RedIOU","Frozen Egg 2","Prayer Wheel","Gremlin Horn","Calling Bell","CeramicFish","The Courier","Bird Faced Urn","WingedGreaves","Strawberry","HornCleat","Shuriken","Bag of Preparation","Whetstone","Bottled Lightning","Guardian:BottledAnomaly","Oddly Smooth Stone","Nunchaku"],"acts_visited":["Exordium","TheCity","TheBeyond"],"potions_floor_usage":[39,39,52,52],"damage_taken":[{"damage":11.0,"enemies":"Jaw Worm","floor":2.0,"turns":4.0},{"damage":10.0,"enemies":"Small Slimes","floor":4.0,"turns":3.0},{"damage":5,"enemies":"Cultist","floor":8,"turns":4},{"damage":40,"enemies":"Gremlin Nob","floor":9,"turns":5},{"damage":0,"enemies":"Exordium Wildlife","floor":11,"turns":3},{"damage":0,"enemies":"Blue Slaver","floor":12,"turns":3},{"damage":0,"enemies":"2 Fungi Beasts","floor":14,"turns":2},{"damage":0,"enemies":"Large Slime","floor":15,"turns":5},{"damage":31,"enemies":"IC_STATUS_ARCHETYPE","floor":16,"turns":11},{"damage":21,"enemies":"3 Byrds","floor":19,"turns":5},{"damage":20,"enemies":"Centurion and Healer","floor":20,"turns":6},{"damage":8,"enemies":"Snake Plant","floor":21,"turns":4},{"damage":0,"enemies":"3 Cultists","floor":22,"turns":5},{"damage":0,"enemies":"Centurion and Healer","floor":23,"turns":6},{"damage":6,"enemies":"downfall:FleeingMerchant","floor":27,"turns":4},{"damage":17,"enemies":"Snake Plant","floor":29,"turns":4},{"damage":17,"enemies":"Slavers","floor":30,"turns":4},{"damage":6,"enemies":"downfall:FleeingMerchant","floor":31,"turns":4},{"damage":0,"enemies":"Colosseum Nobs","floor":32,"turns":3},{"damage":3,"enemies":"Snecko","floor":33,"turns":5},{"damage":27,"enemies":"WA_ARCHETYPE_CALM","floor":34,"turns":9},{"damage":26,"enemies":"3 Shapes","floor":37,"turns":4},{"damage":2,"enemies":"Orb Walker","floor":38,"turns":4},{"damage":69,"enemies":"2 Orb Walkers","floor":39,"turns":5},{"damage":0,"enemies":"downfall:FleeingMerchant","floor":44,"turns":4},{"damage":6,"enemies":"3 Darklings","floor":45,"turns":4},{"damage":5,"enemies":"4 Shapes","floor":46,"turns":4},{"damage":4,"enemies":"Writhing Mass","floor":48,"turns":6},{"damage":0,"enemies":"downfall:FleeingMerchant","floor":50,"turns":1},{"damage":0,"enemies":"Transient","floor":51,"turns":5},{"damage":21,"enemies":"SI_POISON_ARCHETYPE","floor":52,"turns":6}],"seed_played":"-4113799068016461608","potions_obtained":[{"floor":4.0,"key":"AttackPotion"},{"floor":9,"key":"SteroidPotion"},{"floor":11,"key":"BlessingOfTheForge"},{"floor":29,"key":"Slimebound:SpawnSlimePotion"},{"floor":34,"key":"Fruit Juice"},{"floor":39,"key":"PowerPotion"},{"floor":45,"key":"DuplicationPotion"}],"is_trial":false,"path_per_floor":["R","M","?","M","?","?","T","M","E","R","M","M","R","M","M","B",null,"R","M","M","M","M","M","T","T","?","$","?","M","E","$","?","M","B",null,"R","M","M","?","?","?","T","T","$","M","M","?","M","R","$","M","B",null],"character_chosen":"SLIMEBOUND","items_purchased":["Slimebound:SpikyOuterGoop","Master of Strategy","Juzu Bracelet","expansioncontent:DashGenerateEvil","Shuriken","Bag of Preparation","Whetstone","Guardian:BottledAnomaly","Oddly Smooth Stone","Nunchaku","Slimebound:ViciousTackle","Slimebound:SplitLeeching"],"campfire_rested":1,"item_purchase_floors":[27,27,27,31,44,44,44,50,50,50,50,50],"current_hp_per_floor":[65,58,58,52,57,57,57,60,26,47,53,57,57,65,70,41,63,63,50,38,36,44,50,50,50,50,54,54,53,54,62,70,69,51,65,65,65,70,52,52,52,59,59,82,82,79,79,78,78,82,82,82],"gold":68,"neow_bonus":"TWO_FIFTY_GOLD","is_daily":false,"chose_seed":false,"campfire_upgraded":5,"win_rate":0.0,"timestamp":1612239504,"path_taken":["R","M","?","M","?","?","T","M","E","R","M","M","R","M","M","BOSS","R","M","M","M","M","M","T","T","?","$","?","M","E","?","?","M","BOSS","R","M","M","?","?","?","T","T","$","M","M","?","M","R","$","M","BOSS"],"items_purchased_type":["Card","Card","Relic","Card","Relic","Relic","Relic","Relic","Relic","Relic","Card","Card"],"build_version":"2020-12-22","purchased_purges":1,"victory":true,"max_hp_per_floor":[65,65,65,65,70,70,70,70,70,70,70,70,70,70,70,70,70,70,70,70,70,70,70,70,70,70,70,70,70,70,70,70,70,70,70,70,70,70,75,75,75,82,82,82,82,82,82,82,82,82,82,82],"card_choices":[{"not_picked":["Slimebound:AcidTongue","Slimebound:Dissolve"],"picked":"Slimebound:ItLooksTasty","floor":2.0},{"not_picked":["Slimebound:FinishingTackle","Slimebound:SlimeSpikes"],"picked":"Slimebound:HauntingLick","floor":4.0},{"not_picked":["Slimebound:GoopTackle","Slimebound:ComboTackle"],"picked":"Slimebound:Recollect","floor":8},{"not_picked":["Slimebound:Chomp","Slimebound:SplitBruiser"],"picked":"Slimebound:LeechEnergy","floor":9},{"not_picked":["Slimebound:LeechingTouch","Slimebound:Nibble"],"picked":"Slimebound:Schlurp","floor":11},{"not_picked":["Slimebound:SplitMire","Slimebound:LivingWall"],"picked":"Slimebound:DisruptingSlam","floor":12},{"not_picked":["Slimebound:GoopTackle","Slimebound:Grow"],"picked":"Slimebound:SpikyOuterGoop","floor":14},{"not_picked":["Slimebound:RollThrough","Slimebound:GoopTackle"],"picked":"Slimebound:Darklings","floor":15},{"not_picked":["Slimebound:WasteNot","Slimebound:DouseInSlime"],"picked":"Slimebound:OozeBath","floor":16},{"not_picked":["Slimebound:LevelUp","Slimebound:SpikyOuterGoop"],"picked":"Slimebound:HauntingLick+1","floor":19},{"not_picked":["Slimebound:DivideAndConquer","Slimebound:GoopSpray"],"picked":"Slimebound:MegaLick","floor":20},{"not_picked":["Slimebound:Schlurp","Slimebound:ComboTackle","Slimebound:SplitLeeching+1"],"picked":"SKIP","floor":21},{"not_picked":["Slimebound:Dissolve","Slimebound:ProtectTheBoss"],"picked":"Slimebound:SlimeTap","floor":22},{"not_picked":["Slimebound:LivingWall","Slimebound:GoopTackle"],"picked":"Slimebound:Recollect","floor":23},{"not_picked":["Slimebound:RollThrough","Slimebound:SlimeSpikes"],"picked":"Slimebound:Gluttony","floor":27},{"not_picked":["Slimebound:Prepare","Slimebound:ServeAndProtect+1"],"picked":"Slimebound:WasteNot","floor":29},{"not_picked":["Slimebound:FinishingTackle","Slimebound:DouseInSlime"],"picked":"Slimebound:Nibble","floor":30},{"not_picked":["Slimebound:SplitLeeching","Slimebound:ComboTackle"],"picked":"Slimebound:SplitBruiser","floor":31},{"not_picked":["Slimebound:SplitAcid","Slimebound:Replication"],"picked":"Slimebound:Prepare+1","floor":32},{"not_picked":["Slimebound:SlimeBarrage","Slimebound:SplitMire"],"picked":"Slimebound:HauntingLick","floor":33},{"not_picked":["Slimebound:ComboTackle","Slimebound:SplitAcid+1","Slimebound:MinionMaster+1"],"picked":"SKIP","floor":33},{"not_picked":["Slimebound:CheckThePlaybook","Slimebound:MassRepurpose"],"picked":"Slimebound:LeechLife","floor":34},{"not_picked":["Slimebound:SlimeSpikes","Slimebound:GoopSpray"],"picked":"Slimebound:HauntingLick+1","floor":37},{"not_picked":["Slimebound:SplitAcid","Slimebound:BestDefense+1"],"picked":"Slimebound:Equalize","floor":37},{"not_picked":["Slimebound:Repurpose","Slimebound:GoopSpray"],"picked":"Slimebound:FormOfPuddle","floor":38},{"not_picked":["Slimebound:RollThrough+1","Slimebound:ItLooksTasty+1"],"picked":"Slimebound:RejuvenatingLick+1","floor":38},{"not_picked":["expansioncontent:Hexaburn","expansioncontent:PolyBeam"],"picked":"expansioncontent:YouAreMine","floor":41},{"not_picked":["Slimebound:SplitLeeching+1","Slimebound:LeechEnergy+1"],"picked":"Slimebound:LeadByExample+1","floor":44},{"not_picked":["Slimebound:LivingWall","Slimebound:ItLooksTasty"],"picked":"Slimebound:Schlurp","floor":45},{"not_picked":["Slimebound:RollThrough+1","Slimebound:SamplingLick","Slimebound:GoopTackle+1"],"picked":"SKIP","floor":45},{"not_picked":["Slimebound:LeechingTouch","Slimebound:SplitAcid"],"picked":"Slimebound:LeechEnergy+1","floor":46},{"not_picked":["Slimebound:SlimeSpikes+1","Slimebound:FinishingTackle+1","Slimebound:RallyTheTroops"],"picked":"SKIP","floor":46},{"not_picked":["Slimebound:SplitLeeching+1","Slimebound:ItLooksTasty"],"picked":"Slimebound:RejuvenatingLick","floor":48},{"not_picked":["Slimebound:ComboTackle","Slimebound:SlimeSpikes","Slimebound:DivideAndConquer"],"picked":"SKIP","floor":48},{"not_picked":["Slimebound:MassFeed","Slimebound:SplitAcid"],"picked":"Slimebound:BestDefense+1","floor":50},{"not_picked":["Slimebound:GoopSpray","Slimebound:Prepare+1"],"picked":"Slimebound:TongueLash","floor":51},{"not_picked":["Slimebound:RollThrough+1","Slimebound:Chomp+1","Slimebound:SplitMire"],"picked":"SKIP","floor":51}],"player_experience":1108051,"relics_obtained":[{"floor":7,"key":"Orichalcum"},{"floor":9,"key":"FossilizedHelix"},{"floor":24,"key":"Blood Vial"},{"floor":25,"key":"Du-Vu Doll"},{"floor":30,"key":"Frozen Egg 2"},{"floor":32,"key":"Prayer Wheel"},{"floor":32,"key":"Gremlin Horn"},{"floor":35,"key":"CeramicFish"},{"floor":35,"key":"The Courier"},{"floor":35,"key":"Bird Faced Urn"},{"floor":39,"key":"WingedGreaves"},{"floor":42,"key":"Strawberry"},{"floor":43,"key":"HornCleat"},{"floor":47,"key":"Bottled Lightning"}],"event_choices":[{"damage_healed":0.0,"max_hp_gain":5.0,"max_hp_loss":0.0,"gold_gain":0.0,"event_name":"Big Fish","player_choice":"Donut","floor":5.0,"gold_loss":0.0,"damage_taken":0.0},{"damage_healed":0,"gold_gain":0,"player_choice":"Became a vampire (Vial)","damage_taken":0,"max_hp_gain":0,"max_hp_loss":0,"event_name":"Vampires","floor":26,"relics_lost":["Blood Vial"],"gold_loss":0,"cards_obtained":["Bite","Bite","Bite","Bite","Bite"]},{"damage_healed":0,"gold_gain":0,"player_choice":"Fight","damage_taken":0,"max_hp_gain":0,"max_hp_loss":0,"event_name":"Mysterious Sphere","floor":39,"gold_loss":0}],"is_beta":false,"boss_relics":[{"not_picked":["Philosopher\u0027s Stone","Pandora\u0027s Box"],"picked":"Slimebound:TarBlob"},{"not_picked":["bronze:MakeshiftBattery","Fusion Hammer"],"picked":"Calling Bell"}],"items_purged_floors":[27],"is_endless":false,"potions_floor_spawned":[4,9,11,16,22,29,30,32,34,38,39,45],"ascension_level":5}}