{"host":"6r762osam2bvfm66","time":1612287521,"event":{"mods":["BaseMod","Colored Map","Minty Spire (QoL Compilation)"],"gold_per_floor":[113,63,82,82,32,72,72,93,93,108,131,171,171,189,189,319,319,335,350,45,45,60,101,101,121,146,146,160,183,183,93,93,216,216,231,252,9,342,360,380,380,400,400,400,410,425,8,0,0,0],"floor_reached":51,"language":"ENG","playtime":3118,"items_purged":["Strike_P","Defend_P","Shame"],"score":733,"play_id":"d161ca2f-f1a8-42a4-91e7-6c0d9e4a42a7","local_time":"20210202113841","is_ascension_mode":false,"campfire_choices":[{"data":"SashWhip","floor":7,"key":"SMITH"},{"floor":13,"key":"REST"},{"data":"Vigilance","floor":15,"key":"SMITH"},{"floor":27,"key":"REST"},{"floor":30,"key":"REST"},{"floor":32,"key":"REST"},{"data":"Devotion","floor":41,"key":"SMITH"},{"data":"FlyingSleeves","floor":44,"key":"SMITH"},{"floor":49,"key":"REST"}],"circlet_count":0,"master_deck":["Defend_P","Defend_P+1","Eruption+1","Vigilance+1","FearNoEvil","ThirdEye","SashWhip+1","EmptyMind+1","EmptyBody+1","FlyingSleeves+1","ThirdEye+1","Tantrum+1","CutThroughFate","DevaForm","Tantrum+1","LessonLearned","WindmillStrike+1","CrushJoints+1","Worship","Wallop","Devotion+1","Swivel","EmptyFist+1","Vault+1","Pray+1","Vigilance+1","Protect"],"relics":["PureWater","Mercury Hourglass","Shuriken","Ancient Tea Set","Snecko Eye","War Paint","Strawberry","Pen Nib","SlaversCollar","DollysMirror","Bottled Lightning","Centennial Puzzle","Toy Ornithopter","Red Mask"],"acts_visited":["Exordium","TheCity","TheBeyond"],"potions_floor_usage":[12,16,23,23,33,39,50],"damage_taken":[{"damage":0,"enemies":"Cultist","floor":1,"turns":5},{"damage":0,"enemies":"2 Louse","floor":3,"turns":3},{"damage":50,"enemies":"3 Sentries","floor":6,"turns":11},{"damage":0,"enemies":"Jaw Worm","floor":8,"turns":2},{"damage":5,"enemies":"Exordium Thugs","floor":10,"turns":5},{"damage":2,"enemies":"Looter","floor":11,"turns":2},{"damage":3,"enemies":"Lagavulin","floor":12,"turns":5},{"damage":0,"enemies":"Lots of Slimes","floor":14,"turns":2},{"damage":0,"enemies":"Slime Boss","floor":16,"turns":6},{"damage":4,"enemies":"Shell Parasite","floor":18,"turns":5},{"damage":8,"enemies":"2 Thieves","floor":19,"turns":2},{"damage":0,"enemies":"Snecko","floor":22,"turns":4},{"damage":51,"enemies":"Slavers","floor":23,"turns":6},{"damage":15,"enemies":"Sentry and Sphere","floor":25,"turns":4},{"damage":6,"enemies":"Centurion and Healer","floor":28,"turns":3},{"damage":17,"enemies":"Chosen and Byrds","floor":29,"turns":3},{"damage":11,"enemies":"Collector","floor":33,"turns":6},{"damage":0,"enemies":"3 Darklings","floor":35,"turns":4},{"damage":1,"enemies":"Orb Walker","floor":36,"turns":3},{"damage":9,"enemies":"Writhing Mass","floor":39,"turns":4},{"damage":2,"enemies":"3 Darklings","floor":40,"turns":4},{"damage":11,"enemies":"Jaw Worm Horde","floor":42,"turns":5},{"damage":9,"enemies":"Sphere and 2 Shapes","floor":45,"turns":3},{"damage":0,"enemies":"Maw","floor":46,"turns":4},{"damage":7,"enemies":"Awakened One","floor":50,"turns":6}],"seed_played":"-3217473533478161447","potions_obtained":[{"floor":11,"key":"Strength Potion"},{"floor":12,"key":"StancePotion"},{"floor":14,"key":"SneckoOil"},{"floor":22,"key":"ColorlessPotion"},{"floor":23,"key":"SkillPotion"},{"floor":29,"key":"Explosive Potion"},{"floor":33,"key":"Fire Potion"},{"floor":36,"key":"LiquidBronze"},{"floor":40,"key":"EntropicBrew"},{"floor":45,"key":"Energy Potion"}],"is_trial":false,"path_per_floor":["M","$","M","?","?","E","R","M","T","M","M","E","R","M","R","B",null,"M","M","$","?","M","E","?","M","T","R","M","M","R","?","R","B",null,"M","M","$","?","M","M","R","M","T","R","M","M","$","?","R","B",null],"character_chosen":"WATCHER","items_purchased":["ThirdEye","LessonLearned","WindmillStrike","DollysMirror","Centennial Puzzle","Toy Ornithopter"],"campfire_rested":5,"item_purchase_floors":[2,20,20,37,47,47],"current_hp_per_floor":[79,79,79,73,73,23,23,23,23,18,16,13,34,34,34,34,73,69,61,61,61,61,17,17,2,2,26,20,3,27,27,51,40,80,80,79,79,79,70,68,68,57,57,57,48,48,48,48,72,70],"gold":0,"neow_bonus":"TEN_PERCENT_HP_BONUS","is_daily":false,"chose_seed":false,"campfire_upgraded":4,"win_rate":0.0,"timestamp":1612287521,"path_taken":["M","$","M","?","?","E","R","M","T","M","M","E","R","M","R","BOSS","M","M","$","?","M","E","?","M","T","R","?","M","R","?","R","BOSS","M","M","?","?","M","M","R","M","T","R","?","M","$","?","R","BOSS"],"items_purchased_type":["Card","Card","Card","Relic","Relic","Relic"],"build_version":"2020-12-22","purchased_purges":3,"victory":true,"max_hp_per_floor":[79,79,79,73,73,73,73,73,73,73,73,73,73,73,73,73,73,73,73,73,73,73,80,80,80,80,80,80,80,80,80,80,80,80,80,80,80,80,80,80,80,80,80,80,80,80,80,80,80,80],"card_choices":[{"not_picked":["FlurryOfBlows","ClearTheMind"],"picked":"FearNoEvil","floor":1},{"not_picked":["Halt","FlurryOfBlows"],"picked":"SashWhip","floor":3},{"not_picked":["SignatureMove","Swivel"],"picked":"EmptyMind","floor":6},{"not_picked":["Prostrate","JustLucky"],"picked":"EmptyBody","floor":8},{"not_picked":["Perseverance","DeceiveReality"],"picked":"FlyingSleeves","floor":10},{"not_picked":["EmptyBody","Protect"],"picked":"ThirdEye","floor":11},{"not_picked":["DevaForm","Vengeance"],"picked":"Tantrum","floor":12},{"not_picked":["BowlingBash","Fasting2"],"picked":"CutThroughFate","floor":14},{"not_picked":["ConjureBlade","Brilliance"],"picked":"DevaForm","floor":16},{"not_picked":["EmptyFist","FlurryOfBlows+1"],"picked":"Tantrum+1","floor":18},{"not_picked":["EmptyBody","Halt","Consecrate"],"picked":"SKIP","floor":19},{"not_picked":["Evaluate","Prostrate"],"picked":"CrushJoints+1","floor":22},{"not_picked":["ClearTheMind","PathToVictory","Worship"],"picked":"SKIP","floor":23},{"not_picked":["ClearTheMind","PathToVictory"],"picked":"Worship","floor":23},{"not_picked":["Weave","Evaluate","CutThroughFate"],"picked":"SKIP","floor":25},{"not_picked":["BowlingBash","Crescendo"],"picked":"Swivel","floor":28},{"not_picked":["ClearTheMind","Weave"],"picked":"EmptyFist","floor":29},{"not_picked":["Devotion","Brilliance"],"picked":"Vault","floor":33},{"not_picked":["ClearTheMind","Sanctity"],"picked":"Pray+1","floor":35},{"not_picked":["FearNoEvil","JustLucky+1","BowlingBash"],"picked":"SKIP","floor":36},{"not_picked":["Prostrate+1","DeceiveReality","FearNoEvil"],"picked":"SKIP","floor":39},{"not_picked":["PathToVictory+1","Sanctity","FlurryOfBlows"],"picked":"SKIP","floor":40},{"not_picked":["CutThroughFate","Consecrate","PathToVictory+1"],"picked":"SKIP","floor":42},{"not_picked":["WaveOfTheHand","Consecrate"],"picked":"Protect","floor":45},{"not_picked":["FlurryOfBlows+1","Protect","Crescendo+1"],"picked":"SKIP","floor":46}],"player_experience":23681,"relics_obtained":[{"floor":6,"key":"Mercury Hourglass"},{"floor":9,"key":"Shuriken"},{"floor":12,"key":"Ancient Tea Set"},{"floor":23,"key":"Strawberry"},{"floor":26,"key":"Pen Nib"},{"floor":43,"key":"Bottled Lightning"}],"event_choices":[{"damage_healed":0,"gold_gain":0,"player_choice":"Lose Max HP","damage_taken":0,"relics_obtained":["Golden Idol"],"max_hp_gain":0,"max_hp_loss":6,"event_name":"Golden Idol","floor":4,"gold_loss":0},{"cards_removed":["Strike_P"],"damage_healed":0,"gold_gain":0,"player_choice":"Card Removal","damage_taken":0,"max_hp_gain":0,"max_hp_loss":0,"event_name":"The Cleric","floor":5,"gold_loss":50},{"damage_healed":0,"gold_gain":0,"player_choice":"Stole Relic","damage_taken":0,"relics_obtained":["War Paint"],"max_hp_gain":0,"max_hp_loss":0,"event_name":"Addict","floor":21,"gold_loss":0,"cards_obtained":["Shame"]},{"damage_healed":0,"gold_gain":0,"cards_transformed":["Strike_P","Defend_P"],"player_choice":"Became Test Subject","damage_taken":0,"max_hp_gain":0,"max_hp_loss":0,"event_name":"Drug Dealer","floor":24,"gold_loss":0,"cards_obtained":["Wallop","Devotion"]},{"cards_removed":["Strike_P"],"damage_healed":0,"gold_gain":0,"player_choice":"Upgrade and Remove","damage_taken":0,"max_hp_gain":0,"max_hp_loss":0,"event_name":"Designer","floor":31,"gold_loss":90,"cards_upgraded":["EmptyFist"]},{"damage_healed":0,"gold_gain":333,"player_choice":"Gave Idol","damage_taken":0,"max_hp_gain":0,"max_hp_loss":0,"event_name":"The Moai Head","floor":38,"relics_lost":["Golden Idol"],"gold_loss":0},{"damage_healed":0,"gold_gain":0,"player_choice":"Paid","damage_taken":0,"relics_obtained":["Red Mask"],"max_hp_gain":0,"max_hp_loss":0,"event_name":"Tomb of Lord Red Mask","floor":48,"gold_loss":8}],"is_beta":false,"boss_relics":[{"not_picked":["Coffee Dripper","Ectoplasm"],"picked":"Snecko Eye"},{"not_picked":["Runic Pyramid","Philosopher\u0027s Stone"],"picked":"SlaversCollar"}],"items_purged_floors":[20,37,47],"is_endless":false,"potions_floor_spawned":[11,12,14,22,23,29,33,36,40,45],"ascension_level":0}}