{"host":"2ty4h143nj8vwezc","time":1612235171,"event":{"mods":["BaseMod","Colored Map","Googly Eyes","Highlight Path","Minty Spire (QoL Compilation)","Quick Restart","StSLib"],"gold_per_floor":[109,64,64,81,0,32,50,50,50,94,94,135,135,153,153,246,246,269,287,287,287,307,333,333,333],"floor_reached":24,"language":"ENG","playtime":1150,"items_purged":[],"score":492,"play_id":"866d089b-57c9-4dc8-b53b-d121f543dcff","local_time":"20210201220611","is_ascension_mode":true,"campfire_choices":[{"data":"Accuracy","floor":11.0,"key":"SMITH"},{"floor":15.0,"key":"REST"}],"circlet_count":0,"master_deck":["AscendersBane","Strike_G","Strike_G","Strike_G","Strike_G","Strike_G","Defend_G","Defend_G","Defend_G","Defend_G","Defend_G","Survivor","Neutralize","Blade Dance","Accuracy+1","Heel Hook","Burst","Glass Knife","Blade Dance","Terror","Backstab","PiercingWail","After Image","Accuracy","Caltrops","Cloak And Dagger","Infinite Blades","Storm of Steel"],"relics":["Ring of the Snake","NeowsBlessing","Question Card","Bloody Idol","Ornamental Fan","Paper Crane","Bag of Preparation","Black Star","TungstenRod","Letter Opener"],"acts_visited":["Exordium","TheCity"],"potions_floor_usage":[],"damage_taken":[{"damage":0.0,"enemies":"Small Slimes","floor":1.0,"turns":1.0},{"damage":0.0,"enemies":"2 Louse","floor":4.0,"turns":1.0},{"damage":0.0,"enemies":"3 Sentries","floor":6.0,"turns":2.0},{"damage":1.0,"enemies":"Cultist","floor":7.0,"turns":3.0},{"damage":11.0,"enemies":"Lagavulin","floor":10.0,"turns":7.0},{"damage":17.0,"enemies":"3 Sentries","floor":12.0,"turns":4.0},{"damage":2.0,"enemies":"2 Fungi Beasts","floor":14.0,"turns":3.0},{"damage":13.0,"enemies":"Slime Boss","floor":16.0,"turns":11.0},{"damage":0.0,"enemies":"Spheric Guardian","floor":18.0,"turns":1.0},{"damage":11.0,"enemies":"3 Byrds","floor":19.0,"turns":5.0},{"damage":25.0,"enemies":"Snake Plant","floor":22.0,"turns":5.0},{"damage":32.0,"enemies":"Slavers","floor":23.0,"turns":8.0},{"damage":7,"enemies":"Cultist and Chosen","floor":24,"turns":3}],"seed_played":"-4825172127979119468","potions_obtained":[{"floor":1.0,"key":"Fire Potion"},{"floor":4.0,"key":"Fruit Juice"},{"floor":10.0,"key":"CultistPotion"},{"floor":16.0,"key":"BlessingOfTheForge"},{"floor":18.0,"key":"ColorlessPotion"},{"floor":22.0,"key":"LiquidMemories"}],"is_trial":false,"path_per_floor":["M","$","?","M","$","E","M","?","T","E","R","E","?","M","R","B",null,"M","M","?","?","M","E","M"],"character_chosen":"THE_SILENT","items_purchased":["Accuracy","Burst"],"campfire_rested":1,"item_purchase_floors":[2,5],"current_hp_per_floor":[59,59,59,59,59,64,63,63,63,52,52,35,35,33,54,41,64,64,53,53,53,33,6,0,0],"gold":333,"neow_bonus":"THREE_ENEMY_KILL","is_daily":false,"chose_seed":false,"campfire_upgraded":1,"win_rate":0.0,"timestamp":1612235171,"path_taken":["M","$","?","M","$","E","M","?","T","E","R","E","?","M","R","BOSS","M","?","?","?","M","E","M"],"items_purchased_type":["Card","Card"],"build_version":"2020-12-22","purchased_purges":0,"victory":false,"max_hp_per_floor":[66,66,66,66,66,71,71,71,71,71,71,71,71,71,71,71,71,71,71,71,71,71,71,71,71],"card_choices":[{"not_picked":["Infinite Blades","Underhanded Strike"],"picked":"Blade Dance","floor":1.0},{"not_picked":["Bane","Slice"],"picked":"Heel Hook","floor":4.0},{"not_picked":["Setup","Quick Slash"],"picked":"Glass Knife","floor":6.0},{"not_picked":["Underhanded Strike","Quick Slash","Dagger Throw"],"picked":"Blade Dance","floor":7.0},{"not_picked":["Bane","Flying Knee","Distraction"],"picked":"Terror","floor":10.0},{"not_picked":["Slice","Quick Slash","Deadly Poison"],"picked":"Backstab","floor":12.0},{"not_picked":["Predator","Deadly Poison","Reflex"],"picked":"PiercingWail","floor":14.0},{"not_picked":["Envenom","Unload","Phantasmal Killer"],"picked":"After Image","floor":16.0},{"not_picked":["Crippling Poison","Deflect","Sucker Punch"],"picked":"Accuracy","floor":18.0},{"not_picked":["Poisoned Stab","Dagger Throw","Acrobatics"],"picked":"Caltrops","floor":19.0},{"not_picked":["Acrobatics+1","Setup","Flechettes+1"],"picked":"Infinite Blades","floor":22.0},{"not_picked":["Calculated Gamble","Poisoned Stab","Dagger Spray"],"picked":"Storm of Steel","floor":23.0}],"player_experience":323729,"relics_obtained":[{"floor":6.0,"key":"Question Card"},{"floor":9.0,"key":"Ornamental Fan"},{"floor":10.0,"key":"Paper Crane"},{"floor":12.0,"key":"Bag of Preparation"},{"floor":23.0,"key":"TungstenRod"},{"floor":23.0,"key":"Letter Opener"}],"event_choices":[{"damage_healed":0.0,"max_hp_gain":0.0,"max_hp_loss":0.0,"gold_gain":0.0,"event_name":"Scrap Ooze","player_choice":"Fled","floor":3.0,"gold_loss":0.0,"damage_taken":0.0},{"damage_healed":0.0,"max_hp_gain":0.0,"max_hp_loss":0.0,"gold_gain":0.0,"event_name":"Golden Idol","player_choice":"Take Wound","floor":8.0,"gold_loss":0.0,"damage_taken":0.0,"relics_obtained":["Golden Idol"],"cards_obtained":["Injury"]},{"cards_removed":["Injury"],"damage_healed":0.0,"max_hp_gain":0.0,"max_hp_loss":0.0,"gold_gain":0.0,"event_name":"Purifier","player_choice":"Purged","floor":13.0,"gold_loss":0.0,"damage_taken":0.0},{"damage_healed":0.0,"max_hp_gain":0.0,"max_hp_loss":0.0,"gold_gain":0.0,"event_name":"Forgotten Altar","player_choice":"Gave Idol","floor":20.0,"relics_lost":["Golden Idol"],"gold_loss":0.0,"damage_taken":0.0,"relics_obtained":["Bloody Idol"]},{"damage_healed":0.0,"max_hp_gain":0.0,"max_hp_loss":0.0,"gold_gain":0.0,"event_name":"The Library","player_choice":"Read","floor":21.0,"gold_loss":0.0,"damage_taken":0.0,"cards_obtained":["Cloak And Dagger"]}],"is_beta":false,"boss_relics":[{"not_picked":["Sozu","Ectoplasm"],"picked":"Black Star"}],"items_purged_floors":[],"is_endless":false,"potions_floor_spawned":[1,4,10,16,18,22],"killed_by":"Cultist and Chosen","ascension_level":18}}