{"host":"wuernuywc9gl215o","time":1612258628,"event":{"mods":["AchievementEnabler","BaseMod","Block Reminder","Highlight Path","Key Reminder","Minty Spire (QoL Compilation)","Permanent Neow","Potion Indicator Mod","Quick Restart","Relic Stats"],"gold_per_floor":[165,165,184,204,217,258,258,299,299,312,356,356,356,390,390,390,390],"floor_reached":16,"language":"ENG","playtime":745,"items_purged":[],"score":260,"play_id":"2cd7c3c4-9105-4100-a62f-f4a4ea0d4718","local_time":"20210202093708","is_ascension_mode":true,"campfire_choices":[{"floor":7.0,"key":"REST"},{"floor":13.0,"key":"REST"},{"floor":15,"key":"REST"}],"circlet_count":0,"master_deck":["AscendersBane","Strike_R","Strike_R+1","Strike_R","Strike_R","Strike_R","Defend_R","Defend_R","Defend_R","Defend_R","Bash","Anger","Disarm","Twin Strike","Shrug It Off","Reaper","Rupture","Metallicize","Carnage","Feel No Pain"],"relics":["Tiny House","Golden Idol","InkBottle","Toy Ornithopter","Strawberry","Shuriken","Potion Belt"],"acts_visited":["Exordium"],"potions_floor_usage":[14],"damage_taken":[{"damage":2.0,"enemies":"Small Slimes","floor":1.0,"turns":3.0},{"damage":2.0,"enemies":"2 Louse","floor":3.0,"turns":3.0},{"damage":1.0,"enemies":"Cultist","floor":4.0,"turns":3.0},{"damage":6.0,"enemies":"Looter","floor":5.0,"turns":2.0},{"damage":56.0,"enemies":"Gremlin Nob","floor":6.0,"turns":5.0},{"damage":37.0,"enemies":"3 Sentries","floor":8.0,"turns":9.0},{"damage":9.0,"enemies":"Exordium Wildlife","floor":10.0,"turns":6.0},{"damage":38.0,"enemies":"Lagavulin","floor":11.0,"turns":10.0},{"damage":24,"enemies":"Gremlin Nob","floor":14,"turns":4},{"damage":35,"enemies":"Hexaghost","floor":16,"turns":9}],"seed_played":"-4216350173808830842","potions_obtained":[{"floor":0.0,"key":"SpeedPotion"},{"floor":4.0,"key":"Strength Potion"},{"floor":6.0,"key":"DuplicationPotion"},{"floor":10.0,"key":"FairyPotion"},{"floor":11.0,"key":"BlessingOfTheForge"}],"is_trial":false,"path_per_floor":["M","?","M","M","M","E","R","E","T","M","E","?","R","E","R","B"],"character_chosen":"IRONCLAD","items_purchased":[],"campfire_rested":3,"item_purchase_floors":[],"current_hp_per_floor":[71,71,69,68,62,6,27,14,21,16,5,5,28,9,32,0,0],"gold":390,"neow_bonus":"BOSS_RELIC","is_daily":false,"chose_seed":false,"campfire_upgraded":0,"win_rate":0.0,"timestamp":1612258628,"path_taken":["M","?","M","M","M","E","R","E","T","M","E","?","R","E","R","BOSS"],"items_purchased_type":[],"build_version":"2020-12-22","purchased_purges":0,"victory":false,"max_hp_per_floor":[80,72,72,72,72,72,72,72,79,79,79,79,79,79,79,79,79],"relic_stats":{"counters":[10,54],"Golden Idol":46,"Shuriken":[4],"obtain_stats":[{"Potion Belt":14,"Tiny House":0,"Golden Idol":2,"Shuriken":11,"Strawberry":9,"Burning Blood":0,"InkBottle":6,"Toy Ornithopter":8},{"Potion Belt":9,"Tiny House":0,"Golden Idol":1,"Shuriken":8,"Strawberry":6,"Burning Blood":0,"InkBottle":5,"Toy Ornithopter":6},{"Potion Belt":45,"Tiny House":0,"Golden Idol":3,"Shuriken":41,"Strawberry":25,"Burning Blood":0,"InkBottle":16,"Toy Ornithopter":25}],"InkBottle":[9],"Toy Ornithopter":5},"card_choices":[{"not_picked":["Wild Strike","Entrench"],"picked":"Anger","floor":0.0},{"not_picked":["Ghostly Armor","Flex"],"picked":"Disarm","floor":1.0},{"not_picked":["Headbutt","Pommel Strike"],"picked":"Twin Strike","floor":3.0},{"not_picked":["Pummel","Clothesline","Flex"],"picked":"SKIP","floor":4.0},{"not_picked":["Anger","Pummel"],"picked":"Shrug It Off","floor":5.0},{"not_picked":["Armaments","Uppercut"],"picked":"Reaper","floor":6.0},{"not_picked":["Entrench","Hemokinesis"],"picked":"Rupture","floor":8.0},{"not_picked":["Reckless Charge","Rupture"],"picked":"Metallicize","floor":10.0},{"not_picked":["Thunderclap","Seeing Red"],"picked":"Carnage","floor":11.0},{"not_picked":["Heavy Blade","Anger"],"picked":"Feel No Pain","floor":14}],"player_experience":763343,"relics_obtained":[{"floor":6.0,"key":"InkBottle"},{"floor":8.0,"key":"Toy Ornithopter"},{"floor":9.0,"key":"Strawberry"},{"floor":11.0,"key":"Shuriken"},{"floor":14,"key":"Potion Belt"}],"event_choices":[{"damage_healed":0.0,"max_hp_gain":0.0,"max_hp_loss":8.0,"gold_gain":0.0,"event_name":"Golden Idol","player_choice":"Lose Max HP","floor":2.0,"gold_loss":0.0,"damage_taken":0.0,"relics_obtained":["Golden Idol"]},{"damage_healed":0.0,"max_hp_gain":0.0,"max_hp_loss":0.0,"gold_gain":0.0,"event_name":"Liars Game","player_choice":"Ignored","floor":12.0,"gold_loss":0.0,"damage_taken":0.0}],"is_beta":false,"boss_relics":[],"items_purged_floors":[],"is_endless":false,"potions_floor_spawned":[4,6,10,11],"killed_by":"Hexaghost","ascension_level":20}}