{"host":"j4nfyhit1dl35m08","time":1612301602,"event":{"mods":["BaseMod","Downfall","Highlight Path","Minty Spire (QoL Compilation)","StSLib"],"gold_per_floor":[99,112,123,123,137,167,167,167,185,197,208,222,244,244,263,363,363,363,363,374,387,387,53,53,105,105,120,120,120,120],"floor_reached":28,"language":"ENG","playtime":2234,"items_purged":[],"score":272,"play_id":"0a9a679a-078c-41e8-a4ea-efdce4e3f088","local_time":"20210202153322","is_ascension_mode":false,"campfire_choices":[{"data":"bronze:Goto","floor":1,"key":"SMITH"},{"floor":8,"key":"REST"},{"floor":18,"key":"RECALL"}],"circlet_count":0,"master_deck":["bronze:Strike","bronze:Strike+1","bronze:Strike","bronze:Strike+1","bronze:Defend","bronze:Defend","bronze:Defend","bronze:Defend","bronze:Replicate","bronze:Goto+1","bronze:ChosenStrike","bronze:Return","bronze:Frontload","bronze:Shell","bronze:Overload","bronze:Fortify","bronze:Flail","bronze:WhirlingStrike","bronze:Verify","bronze:AlphaBuild","bronze:Boost+1","bronze:Deprecate","Necronomicurse","bronze:DigitalCarnage","bronze:MaxOutput+1"],"relics":["Snecko Eye","Pantograph","Juzu Bracelet","Odd Mushroom","Fusion Hammer","Necronomicon","InkBottle","Art of War","downfall:RedIOU"],"acts_visited":["Exordium","TheCity"],"potions_floor_usage":[10,15,16,28,28],"damage_taken":[{"damage":6,"enemies":"2 Louse","floor":2,"turns":3},{"damage":9,"enemies":"Jaw Worm","floor":3,"turns":4},{"damage":0,"enemies":"Small Slimes","floor":5,"turns":3},{"damage":42,"enemies":"3 Sentries","floor":6,"turns":11},{"damage":0,"enemies":"Blue Slaver","floor":9,"turns":6},{"damage":10,"enemies":"Exordium Thugs","floor":10,"turns":5},{"damage":6,"enemies":"2 Fungi Beasts","floor":11,"turns":4},{"damage":0,"enemies":"Blue Slaver","floor":12,"turns":3},{"damage":9,"enemies":"The Mushroom Lair","floor":13,"turns":3},{"damage":17,"enemies":"Large Slime","floor":15,"turns":4},{"damage":0,"enemies":"DF_ARCHETYPE_STREAMLINE","floor":16,"turns":8},{"damage":0,"enemies":"Chosen","floor":19,"turns":1},{"damage":29,"enemies":"Shelled Parasite and Fungi","floor":20,"turns":6},{"damage":21,"enemies":"Snake Plant","floor":21,"turns":6},{"damage":0,"enemies":"downfall:FleeingMerchant","floor":23,"turns":4},{"damage":0,"enemies":"Sentry and Sphere","floor":27,"turns":3},{"damage":10,"enemies":"Shelled Parasite and Fungi","floor":28,"turns":2}],"seed_played":"7993340197622432520","potions_obtained":[{"floor":5,"key":"Strength Potion"},{"floor":6,"key":"Fire Potion"},{"floor":10,"key":"Weak Potion"},{"floor":13,"key":"LiquidMemories"},{"floor":27,"key":"champ:CounterPotion"}],"is_trial":false,"path_per_floor":["R","M","M","?","M","E","T","R","M","M","M","M","?","?","M","B",null,"R","M","M","M","?","$","T","T","?","M","M"],"character_chosen":"THE_AUTOMATON","items_purchased":["InkBottle","Guardian:BlockOnCardUsePotion"],"campfire_rested":1,"item_purchase_floors":[23,23],"current_hp_per_floor":[70,64,55,55,55,13,13,34,34,24,18,18,9,32,15,40,70,70,70,41,20,4,4,4,4,4,4,0,0,0],"gold":120,"neow_bonus":"BOSS_RELIC","is_daily":false,"chose_seed":false,"campfire_upgraded":1,"win_rate":0.0,"timestamp":1612301602,"path_taken":["R","M","M","?","M","E","T","R","M","M","M","M","?","?","M","BOSS","R","M","M","M","?","$","T","?","?","M","M"],"items_purchased_type":["Relic","Potion"],"build_version":"2020-12-22","purchased_purges":0,"victory":false,"max_hp_per_floor":[70,70,70,70,70,70,70,70,70,70,70,70,70,70,70,70,70,70,70,70,70,70,70,70,70,70,70,70,70,70],"card_choices":[{"not_picked":["bronze:FineTuning","bronze:BuggyMess"],"picked":"bronze:ChosenStrike","floor":2},{"not_picked":["bronze:FineTuning","bronze:Shield"],"picked":"bronze:Return","floor":3},{"not_picked":["bronze:Separator","bronze:DelayedGuard","bronze:BugBarrage"],"picked":"SKIP","floor":5},{"not_picked":["bronze:Safeguard","bronze:Break"],"picked":"bronze:Frontload","floor":6},{"not_picked":["bronze:BitShift","bronze:Deprecate"],"picked":"bronze:Shell","floor":9},{"not_picked":["bronze:Separator","bronze:OilSpill"],"picked":"bronze:Overload","floor":10},{"not_picked":["bronze:Boost","bronze:Turbo"],"picked":"bronze:Fortify","floor":11},{"not_picked":["bronze:OilSpill","bronze:CutThrough"],"picked":"bronze:Flail","floor":12},{"not_picked":["bronze:DelayedSlice","bronze:BronzeArmor"],"picked":"bronze:WhirlingStrike","floor":13},{"not_picked":["bronze:Shield","bronze:WildBeam"],"picked":"bronze:Verify","floor":15},{"not_picked":["bronze:HyperBeam","bronze:RecursiveStrike"],"picked":"bronze:AlphaBuild","floor":16},{"not_picked":["bronze:Frontload","bronze:WildBeam"],"picked":"bronze:Boost+1","floor":19},{"not_picked":["bronze:OilSpill","bronze:BronzeArmor+1","bronze:BuggyMess"],"picked":"SKIP","floor":20},{"not_picked":["bronze:Invalidate","bronze:Backtrace+1"],"picked":"bronze:Deprecate","floor":21},{"not_picked":["bronze:BitShift","bronze:ForLoop"],"picked":"bronze:DigitalCarnage","floor":23},{"not_picked":["bronze:BurnOut","bronze:Backtrace"],"picked":"bronze:MaxOutput+1","floor":27}],"player_experience":362658,"relics_obtained":[{"floor":6,"key":"Pantograph"},{"floor":7,"key":"Juzu Bracelet"},{"floor":13,"key":"Odd Mushroom"},{"floor":22,"key":"Necronomicon"},{"floor":24,"key":"Whetstone"},{"floor":25,"key":"Art of War"}],"event_choices":[{"damage_healed":0,"gold_gain":0,"player_choice":"Fought Mushrooms","damage_taken":0,"max_hp_gain":0,"max_hp_loss":0,"event_name":"Mushrooms","floor":13,"gold_loss":0},{"damage_healed":23,"gold_gain":0,"player_choice":"Banana","damage_taken":0,"max_hp_gain":0,"max_hp_loss":0,"event_name":"Big Fish","floor":14,"gold_loss":0}],"is_beta":false,"boss_relics":[{"not_picked":["Sozu","Tiny House"],"picked":"Fusion Hammer"}],"items_purged_floors":[],"is_endless":false,"potions_floor_spawned":[5,6,10,13,27],"killed_by":"Shelled Parasite and Fungi","ascension_level":0}}