{"host":"ul3z8ex5o8l5j7mh","time":1612280191,"event":{"mods":["AchievementEnabler","BaseMod","Colored Map","Colored Powertips","DeckTracker","Minty Spire (QoL Compilation)","SuperFastMode"],"gold_per_floor":[215,29,29,41,5,31,46,46,46,19,19,19,19,37,37,137,137,154,165,90,90,90,90],"floor_reached":22,"language":"ENG","playtime":820,"items_purged":[],"score":182,"play_id":"87a8d663-d6a2-475a-846a-9794ca93d31b","local_time":"20210202163631","is_ascension_mode":false,"campfire_choices":[{"floor":8,"key":"REST"},{"floor":12,"key":"REST"},{"floor":15,"key":"REST"}],"circlet_count":0,"master_deck":["Strike_R+1","Strike_R+1","Strike_R+1","Strike_R+1","Defend_R+1","Defend_R+1","Defend_R+1","Defend_R+1","Dark Embrace","Fire Breathing","Rampage","Seeing Red","Headbutt","Fire Breathing","Thunderclap","Iron Wave","Anger","Corruption+1","Wild Strike","Power Through+1"],"relics":["Black Blood","Frozen Egg 2","Red Skull"],"acts_visited":["Exordium","TheCity"],"potions_floor_usage":[6,6,22,22],"damage_taken":[{"damage":7,"enemies":"Small Slimes","floor":1,"turns":3},{"damage":10,"enemies":"Cultist","floor":4,"turns":4},{"damage":80,"enemies":"Lagavulin","floor":6,"turns":7},{"damage":10,"enemies":"2 Louse","floor":7,"turns":3},{"damage":20,"enemies":"Red Slaver","floor":14,"turns":4},{"damage":35,"enemies":"Slime Boss","floor":16,"turns":6},{"damage":39,"enemies":"Shell Parasite","floor":18,"turns":7},{"damage":29,"enemies":"Spheric Guardian","floor":19,"turns":5},{"damage":36,"enemies":"Cultist and Chosen","floor":22,"turns":6}],"seed_played":"-8038099136791640842","potions_obtained":[{"floor":1,"key":"BloodPotion"},{"floor":4,"key":"Fire Potion"},{"floor":18,"key":"Swift Potion"},{"floor":19,"key":"BlessingOfTheForge"}],"is_trial":false,"path_per_floor":["M","$","?","M","$","E","M","R","T","?","?","R","$","M","R","B",null,"M","M","?","?","M"],"character_chosen":"IRONCLAD","items_purchased":["Fire Breathing","Rampage","Seeing Red","Fire Breathing"],"campfire_rested":3,"item_purchase_floors":[2,2,2,5],"current_hp_per_floor":[79,79,79,75,75,17,13,37,37,37,37,61,61,47,71,42,80,53,36,36,36,0,0],"gold":90,"neow_bonus":"HUNDRED_GOLD","is_daily":false,"chose_seed":false,"campfire_upgraded":0,"win_rate":0.0,"timestamp":1612280191,"path_taken":["M","$","?","M","?","E","M","R","T","?","?","R","?","M","R","BOSS","M","M","?","?","M"],"items_purchased_type":["Card","Card","Card","Card"],"build_version":"2020-12-22","purchased_purges":0,"victory":false,"max_hp_per_floor":[80,80,80,80,80,80,80,80,80,80,80,80,80,80,80,80,80,80,80,80,80,80,80],"card_choices":[{"not_picked":["Sword Boomerang","Carnage"],"picked":"Dark Embrace","floor":1},{"not_picked":["Metallicize","Hemokinesis"],"picked":"Headbutt","floor":4},{"not_picked":["Power Through","Disarm"],"picked":"Thunderclap","floor":6},{"not_picked":["Burning Pact","Sentinel"],"picked":"Iron Wave","floor":7},{"not_picked":["Rupture+1","Flex"],"picked":"Anger","floor":14},{"not_picked":["Immolate","Barricade+1"],"picked":"Corruption+1","floor":16},{"not_picked":["Fire Breathing+1","Whirlwind"],"picked":"Wild Strike","floor":18},{"not_picked":["Wild Strike","Perfected Strike"],"picked":"Power Through+1","floor":19}],"player_experience":299783,"relics_obtained":[{"floor":6,"key":"Frozen Egg 2"},{"floor":9,"key":"Red Skull"}],"event_choices":[{"cards_removed":["Bash"],"damage_healed":0,"gold_gain":0,"player_choice":"Offered Basic","damage_taken":0,"max_hp_gain":0,"max_hp_loss":0,"event_name":"Bonfire Elementals","floor":3,"gold_loss":0},{"damage_healed":0,"gold_gain":0,"player_choice":"Left Gold","damage_taken":0,"max_hp_gain":0,"max_hp_loss":0,"event_name":"World of Goop","floor":10,"gold_loss":27},{"damage_healed":0,"gold_gain":0,"player_choice":"Ignored","damage_taken":0,"max_hp_gain":0,"max_hp_loss":0,"event_name":"Golden Wing","floor":11,"gold_loss":0},{"cards_removed":["Strike_R"],"damage_healed":0,"gold_gain":0,"player_choice":"Gave Gold","damage_taken":0,"max_hp_gain":0,"max_hp_loss":0,"event_name":"Beggar","floor":20,"gold_loss":75},{"damage_healed":0,"gold_gain":0,"player_choice":"Simplicity","damage_taken":0,"max_hp_gain":0,"max_hp_loss":0,"event_name":"Back to Basics","floor":21,"gold_loss":0,"cards_upgraded":["Strike_R","Strike_R","Strike_R","Strike_R","Defend_R","Defend_R","Defend_R","Defend_R"]}],"is_beta":false,"boss_relics":[{"not_picked":["Tiny House","Cursed Key"],"picked":"Black Blood"}],"items_purged_floors":[],"is_endless":false,"potions_floor_spawned":[1,4,18,19],"killed_by":"Cultist and Chosen","ascension_level":0}}