{"host":"am0cr9xwekqmrere","time":1612296913,"event":{"mods":["AchievementEnabler","Act Like it!","BaseMod","Better Altar","Better Match","Better Note","Better Sensory Stone","Better Skull","Better Third Choice","BetterRewards","Conspire","Downfall","Hubris","Infinite Spire","Minty Spire (QoL Compilation)","Rare Cards Sparkle","Spicy Shops","StSLib","Unceasing Turn Reminder"],"gold_per_floor":[99,114,133,148,168,168,168,168,168,168],"floor_reached":8,"language":"ENG","playtime":194,"items_purged":[],"score":48,"play_id":"dedf3f47-fb40-4f0c-966e-2a4d0bc863bd","local_time":"20210202141513","is_ascension_mode":false,"campfire_choices":[{"data":"champ:Taunt","floor":1,"key":"SMITH"}],"circlet_count":0,"master_deck":["champ:Strike","champ:Strike","champ:Strike","champ:Strike","champ:Defend","champ:Defend","champ:Defend","champ:Defend","champ:Execute","champ:Taunt+1","champ:Haymaker","champ:Encircle","champ:PreciseThrust","champ:Shatter"],"relics":["champ:ChampionCrown","Ancient Tea Set"],"acts_visited":["Exordium"],"potions_floor_usage":[8],"damage_taken":[{"damage":32,"enemies":"Cultist","floor":2,"turns":4},{"damage":15,"enemies":"2 Louse","floor":3,"turns":2},{"damage":18,"enemies":"Jaw Worm","floor":4,"turns":2},{"damage":31,"enemies":"Blue Slaver","floor":5,"turns":5},{"damage":43,"enemies":"Gremlin Nob","floor":8,"turns":5}],"seed_played":"-9161737780419908640","potions_obtained":[{"floor":4,"key":"Dexterity Potion"}],"is_trial":false,"path_per_floor":["R","M","M","M","M","?","T","E"],"character_chosen":"THE_CHAMP","items_purchased":[],"campfire_rested":0,"item_purchase_floors":[],"current_hp_per_floor":[99,87,82,74,53,31,31,0,0,0],"gold":168,"neow_bonus":"TEN_PERCENT_HP_BONUS","is_daily":false,"chose_seed":false,"campfire_upgraded":1,"win_rate":0.0,"timestamp":1612296913,"path_taken":["R","M","M","?","M","?","T","E"],"items_purchased_type":[],"build_version":"2020-12-22","purchased_purges":0,"victory":false,"max_hp_per_floor":[99,99,99,99,99,99,99,99,99,99],"card_choices":[{"not_picked":["champ:RageSigil","champ:CrownThrow"],"picked":"champ:Haymaker","floor":2},{"not_picked":["champ:BringItOn","champ:PerfectedStrike"],"picked":"champ:Encircle","floor":3},{"not_picked":["champ:DeathBlow","champ:GutPunch"],"picked":"champ:PreciseThrust","floor":4},{"not_picked":["champ:SwordSigil","champ:TornadoPunch"],"picked":"champ:Shatter","floor":5}],"player_experience":2714419,"relics_obtained":[],"event_choices":[{"damage_healed":0,"gold_gain":0,"player_choice":"RE ","damage_taken":24,"relics_obtained":["Ancient Tea Set"],"max_hp_gain":0,"max_hp_loss":0,"event_name":"betterSkull:BetterSkull","floor":6,"gold_loss":0,"cards_upgraded":[]}],"is_beta":false,"boss_relics":[],"items_purged_floors":[],"is_endless":false,"potions_floor_spawned":[4],"killed_by":"Gremlin Nob","ascension_level":0}}