{"host":"wfkvcf4y4vkrpwe0","time":1612279113,"event":{"mods":["BaseMod","Conspire","Downfall","Hermit","Minty Spire (QoL Compilation)","StSLib","The Construct","The Cursed","The Disciple","The Hierophant","The Necromancer"],"gold_per_floor":[112,126,126,51,71,71,71,81,81,81,81],"floor_reached":10,"language":"ENG","playtime":378,"items_purged":["TheCursedMod:CursedWand"],"score":58,"play_id":"85985a5e-d192-4675-a2a4-7e39ffa3168b","local_time":"20210202151833","is_ascension_mode":false,"campfire_choices":[{"floor":6,"key":"REST"}],"circlet_count":0,"master_deck":["TheCursedMod:Strike_TheCursed+1","TheCursedMod:Strike_TheCursed","TheCursedMod:Strike_TheCursed","TheCursedMod:Defend_TheCursed","TheCursedMod:Defend_TheCursed","TheCursedMod:Defend_TheCursed","TheCursedMod:Defend_TheCursed+1","TheCursedMod:CleanUpWorkshop","TheCursedMod:Dregs"],"relics":["TheCursedMod:BlackMagic101","Regal Pillow"],"acts_visited":["Exordium"],"potions_floor_usage":[],"damage_taken":[{"damage":9,"enemies":"2 Louse","floor":1,"turns":2},{"damage":10,"enemies":"Jaw Worm","floor":2,"turns":4},{"damage":7,"enemies":"Cultist","floor":5,"turns":4},{"damage":0,"enemies":"Blue Slaver","floor":8,"turns":7},{"damage":76,"enemies":"Lagavulin","floor":10,"turns":12}],"seed_played":"2960728104210557059","potions_obtained":[{"floor":2,"key":"LiquidBronze"}],"is_trial":false,"path_per_floor":["M","M","?","$","M","R","?","M","T","E"],"character_chosen":"THE_CURSED","items_purchased":[],"campfire_rested":1,"item_purchase_floors":[],"current_hp_per_floor":[66,56,41,41,34,71,71,71,71,0,0],"gold":81,"neow_bonus":"RANDOM_COMMON_RELIC","is_daily":false,"chose_seed":false,"campfire_upgraded":0,"win_rate":0.0,"timestamp":1612279113,"path_taken":["M","M","?","$","M","R","?","M","T","E"],"items_purchased_type":[],"build_version":"2020-12-22","purchased_purges":1,"victory":false,"max_hp_per_floor":[75,75,75,75,75,75,75,75,75,75,75],"card_choices":[{"not_picked":["TheCursedMod:CursedMace","TheCursedMod:TacticalStrike","TheCursedMod:SpitefulStrike"],"picked":"SKIP","floor":1},{"not_picked":["TheCursedMod:AshesToAshes","TheCursedMod:CursedShiv","TheCursedMod:VitalStrike"],"picked":"SKIP","floor":2},{"not_picked":["TheCursedMod:Stretching","TheCursedMod:Obscuration","TheCursedMod:CursedShiv"],"picked":"SKIP","floor":5},{"not_picked":["TheCursedMod:Obscuration","TheCursedMod:RapidMovement","TheCursedMod:CursedBlade"],"picked":"SKIP","floor":8}],"player_experience":585122,"relics_obtained":[],"event_choices":[{"damage_healed":0,"gold_gain":0,"player_choice":"Entered Light","damage_taken":15,"max_hp_gain":0,"max_hp_loss":0,"event_name":"Shining Light","floor":3,"gold_loss":0,"cards_upgraded":["TheCursedMod:Strike_TheCursed","TheCursedMod:Defend_TheCursed"]},{"cards_removed":["TheCursedMod:Strike_TheCursed"],"damage_healed":0,"gold_gain":0,"player_choice":"Offered Basic","damage_taken":0,"max_hp_gain":0,"max_hp_loss":0,"event_name":"Bonfire Elementals","floor":7,"gold_loss":0}],"is_beta":false,"boss_relics":[],"items_purged_floors":[4],"is_endless":false,"potions_floor_spawned":[2],"killed_by":"Lagavulin","ascension_level":0}}