{"host":"126yiuos2nq86se7","time":1612247708,"event":{"mods":["AchievementEnabler","Act Like it!","BaseMod","Colored Map","Colored Powertips","Friendly Minions","Highlight Path","Minty Spire (QoL Compilation)","Reimu??????","StSLib","SuperFastMode"],"gold_per_floor":[111,186,203,203,218,218,251,251,302,43,59,59,72,72,72,175,475,489,502,72,122,132,132,146,162,162,162,212,279,279,53,53,148,148,164,214,224,243,0,0,62,112,112],"floor_reached":42,"language":"ENG","playtime":1518,"items_purged":["Strike_G","Strike_G","Neutralize","Slice"],"score":423,"play_id":"fe0bdeb0-38bb-44c9-bbcc-3b35631dba6d","local_time":"20210202173508","is_ascension_mode":false,"campfire_choices":[{"floor":6,"key":"REST"},{"data":"Apotheosis","floor":8,"key":"SMITH"},{"floor":15,"key":"REST"},{"data":"Adrenaline","floor":23,"key":"SMITH"},{"data":"Thinking Ahead","floor":27,"key":"SMITH"},{"data":"A Thousand Cuts","floor":30,"key":"SMITH"},{"data":"Noxious Fumes","floor":32,"key":"SMITH"},{"data":"Well Laid Plans","floor":40,"key":"SMITH"}],"circlet_count":0,"master_deck":["Strike_G+1","Strike_G+1","Defend_G","Defend_G","Defend_G","Defend_G","Defend_G","Survivor","Apotheosis+1","Flechettes","Adrenaline+1","Thinking Ahead+1","Escape Plan","A Thousand Cuts+1","CurseOfTheBell","Noxious Fumes+1","Well Laid Plans+1","PiercingWail+1","Caltrops","Adrenaline+1","Storm of Steel+1","Bandage Up+1","Escape Plan+1","Parasite","Adrenaline+1"],"relics":["Ring of the Snake","Whetstone","Bag of Marbles","SsserpentHead","Calling Bell","Orichalcum","Toxic Egg 2","Old Coin","Oddly Smooth Stone","TheAbacus","ZunR:ReiMu","The Courier","Pear","TentaclePot:ReiMu","Velvet Choker","Strange Spoon"],"acts_visited":["Exordium","TheCity","TheBeyond"],"potions_floor_usage":[7,16],"damage_taken":[{"damage":0,"enemies":"2 Louse","floor":1,"turns":4},{"damage":0,"enemies":"Small Slimes","floor":3,"turns":3},{"damage":6,"enemies":"Cultist","floor":5,"turns":3},{"damage":24,"enemies":"Gremlin Nob","floor":7,"turns":4},{"damage":0,"enemies":"Looter","floor":11,"turns":2},{"damage":0,"enemies":"Large Slime","floor":13,"turns":3},{"damage":46,"enemies":"Slime Boss","floor":16,"turns":22},{"damage":0,"enemies":"3 Byrds","floor":18,"turns":7},{"damage":0,"enemies":"Shell Parasite","floor":19,"turns":7},{"damage":0,"enemies":"Centurion and Healer","floor":24,"turns":9},{"damage":7,"enemies":"Snecko","floor":25,"turns":7},{"damage":0,"enemies":"Chosen and Byrds","floor":29,"turns":8},{"damage":34,"enemies":"Champ","floor":33,"turns":19},{"damage":0,"enemies":"3 Shapes","floor":35,"turns":4},{"damage":21,"enemies":"Orb Walker","floor":37,"turns":3},{"damage":0,"enemies":"Sphere and 2 Shapes","floor":38,"turns":4},{"damage":24,"enemies":"Writhing Mass","floor":41,"turns":9},{"damage":54,"enemies":"Transient","floor":42,"turns":4}],"seed_played":"2601591218143841588","potions_obtained":[{"floor":1,"key":"Regen Potion"},{"floor":7,"key":"Swift Potion"},{"floor":18,"key":"SpeedPotion"},{"floor":33,"key":"Block Potion"},{"floor":38,"key":"Swift Potion"},{"floor":41,"key":"Block Potion"}],"is_trial":false,"path_per_floor":["M","?","M","?","M","R","E","R","T","$","M","?","M","?","R","B",null,"M","M","$","?","?","R","M","M","T","R","?","M","R","$","R","B",null,"M","?","M","M","$","R","M","M"],"character_chosen":"THE_SILENT","items_purchased":["Thinking Ahead","Well Laid Plans","Oddly Smooth Stone","TheAbacus","TentaclePot:ReiMu","Strange Spoon"],"campfire_rested":2,"item_purchase_floors":[10,20,20,20,31,39],"current_hp_per_floor":[63,52,52,45,39,57,38,38,38,38,38,38,38,38,56,10,63,63,63,63,63,63,63,63,56,56,56,66,66,66,66,66,32,73,73,73,52,58,58,58,46,0,0],"gold":112,"neow_bonus":"RANDOM_COLORLESS_2","is_daily":false,"chose_seed":false,"campfire_upgraded":6,"win_rate":0.0,"timestamp":1612247708,"path_taken":["M","?","M","?","M","R","E","R","T","$","M","?","M","?","R","BOSS","M","M","$","?","?","R","M","M","T","R","?","?","R","$","R","BOSS","M","?","M","M","$","R","?","?"],"items_purchased_type":["Card","Card","Relic","Relic","Relic","Relic"],"build_version":"2020-12-22","purchased_purges":4,"victory":false,"max_hp_per_floor":[63,63,63,63,63,63,63,63,63,63,63,63,63,63,63,63,63,63,63,63,63,63,63,63,63,63,63,73,73,73,73,73,73,73,73,73,73,73,73,73,73,73,73],"card_choices":[{"not_picked":["Chrysalis","Master of Strategy"],"picked":"Apotheosis","floor":0},{"not_picked":["Deflect","Acrobatics"],"picked":"Flechettes","floor":1},{"not_picked":["Deadly Poison","Slice","Cloak And Dagger"],"picked":"SKIP","floor":3},{"not_picked":["Deadly Poison","Poisoned Stab","Masterful Stab"],"picked":"SKIP","floor":5},{"not_picked":["Bane","Terror"],"picked":"Adrenaline","floor":7},{"not_picked":["Deflect","Dodge and Roll"],"picked":"Escape Plan","floor":11},{"not_picked":["Bane","Accuracy","Acrobatics"],"picked":"SKIP","floor":13},{"not_picked":["Malaise","Unload"],"picked":"A Thousand Cuts","floor":16},{"not_picked":["Bouncing Flask+1","Dodge and Roll+1"],"picked":"Noxious Fumes","floor":18},{"not_picked":["Outmaneuver+1","Poisoned Stab","Dagger Throw"],"picked":"SKIP","floor":19},{"not_picked":["Dagger Throw","Dodge and Roll+1","Bane"],"picked":"SKIP","floor":24},{"not_picked":["Acrobatics+1","Outmaneuver+1"],"picked":"PiercingWail+1","floor":25},{"not_picked":["Flying Knee","Deadly Poison+1"],"picked":"Caltrops","floor":29},{"not_picked":["Grand Finale","Envenom"],"picked":"Adrenaline+1","floor":33},{"not_picked":["Blade Dance+1","Dagger Throw+1","Outmaneuver+1"],"picked":"SKIP","floor":35},{"not_picked":["Expertise+1","Dagger Throw+1"],"picked":"Escape Plan+1","floor":37},{"not_picked":["Dagger Throw+1","Sucker Punch+1","Reflex+1"],"picked":"SKIP","floor":38},{"not_picked":["Quick Slash+1","Escape Plan+1"],"picked":"Adrenaline+1","floor":41}],"player_experience":1475291,"relics_obtained":[{"floor":7,"key":"Whetstone"},{"floor":9,"key":"Bag of Marbles"},{"floor":17,"key":"Orichalcum"},{"floor":17,"key":"Toxic Egg 2"},{"floor":17,"key":"Old Coin"},{"floor":26,"key":"The Courier"}],"event_choices":[{"damage_healed":0,"gold_gain":75,"player_choice":"Gather Gold","damage_taken":11,"max_hp_gain":0,"max_hp_loss":0,"event_name":"World of Goop","floor":2,"gold_loss":0},{"cards_removed":["Strike_G"],"damage_healed":0,"gold_gain":0,"player_choice":"Card Removal","damage_taken":7,"max_hp_gain":0,"max_hp_loss":0,"event_name":"Golden Wing","floor":4,"gold_loss":0},{"damage_healed":0,"gold_gain":0,"player_choice":"Searched \u00270\u0027 times","damage_taken":0,"max_hp_gain":0,"max_hp_loss":0,"event_name":"Dead Adventurer","floor":12,"gold_loss":0},{"damage_healed":0,"gold_gain":0,"player_choice":"Trade","damage_taken":0,"relics_obtained":["SsserpentHead"],"max_hp_gain":0,"max_hp_loss":0,"event_name":"FaceTrader","floor":14,"gold_loss":0},{"damage_healed":0,"gold_gain":0,"player_choice":"Ignored","damage_taken":0,"max_hp_gain":0,"max_hp_loss":0,"event_name":"Vampires","floor":21,"gold_loss":0},{"damage_healed":0,"gold_gain":0,"player_choice":"Keep O-miki","damage_taken":0,"relics_obtained":["ZunR:ReiMu"],"max_hp_gain":0,"max_hp_loss":0,"event_name":"ZunEvent","floor":22,"gold_loss":40},{"damage_healed":0,"gold_gain":0,"player_choice":"Gave Potion","damage_taken":0,"relics_obtained":["Pear"],"max_hp_gain":0,"max_hp_loss":0,"event_name":"WeMeetAgain","floor":28,"gold_loss":0},{"damage_healed":0,"gold_gain":0,"player_choice":"3 cards matched","damage_taken":0,"max_hp_gain":0,"max_hp_loss":0,"event_name":"Match and Keep!","floor":36,"gold_loss":0,"cards_obtained":["Slice","Storm of Steel","Bandage Up"]}],"is_beta":false,"boss_relics":[{"not_picked":["Runic Dome","Black Star"],"picked":"Calling Bell"},{"not_picked":["SacredBark","Pandora\u0027s Box"],"picked":"Velvet Choker"}],"items_purged_floors":[10,20,31,39],"is_endless":false,"potions_floor_spawned":[1,7,18,33,38,41],"killed_by":"Transient","ascension_level":0}}