{"host":"o26sfx8ce29lcfco","time":1612300673,"event":{"mods":["2.2 Compatiblity","Bard","BaseMod","Colored Map","Dark Map","Downfall","GifTheSpireLib","Hermit","Hubris","Jorbs\u0027s Wanderer Trilogy","Marisa????????","Minty Spire (QoL Compilation)","Permanent Neow","Quick Restart","Random Character Mod","Rare Cards Sparkle","Replay The Spire","Shop Mod","StSLib","The Bug Knight","The Disciple","The Jungle","The Poker Player","The Runesmith","The Servant 0.9.4"],"gold_per_floor":[116,116,134,153,153,186,186,216,216,229,304,332,347,364,364,459,459,473,473,10,38,48,48,79,92,92,109,109,127,144,44,44,149,149,167,167,184,202,216,248,248,268,294,294,516,516,107,121,121,121],"floor_reached":51,"language":"ENG","playtime":10766,"items_purged":["champ:Execute","champ:Strike"],"score":786,"play_id":"86e4033e-b31d-494d-8f0d-9f59a1bfe2c7","local_time":"20210202211753","is_ascension_mode":false,"campfire_choices":[{"data":"champ:LastStand","floor":7.0,"key":"SMITH"},{"data":"champ:Encircle","floor":15.0,"key":"SMITH"},{"data":"champ:CheapShot","floor":23.0,"key":"SMITH"},{"data":"champ:BerserkersShout","floor":23.0,"key":"SMITH"},{"data":"champ:RecklessLeap","floor":28,"key":"SMITH"},{"data":"champ:FanOfKnives","floor":28,"key":"SMITH"},{"data":"champ:EnragedBash","floor":32,"key":"SMITH"},{"data":"champ:Backstep","floor":32,"key":"SMITH"},{"data":"Madness","floor":41,"key":"SMITH"},{"data":"Madness","floor":41,"key":"SMITH"},{"data":"champ:ArenaPreparation","floor":44,"key":"SMITH"},{"data":"champ:RecklessLeap","floor":44,"key":"SMITH"},{"data":"champ:EnGarde","floor":46,"key":"SMITH"},{"data":"champ:Endure","floor":46,"key":"SMITH"},{"data":"champ:Endure","floor":49,"key":"SMITH"},{"data":"champ:FocusedBerserking","floor":49,"key":"SMITH"}],"circlet_count":0,"master_deck":["champ:Defend","champ:Defend","champ:Defend","champ:Defend","champ:Taunt+1","champ:FanOfKnives+1","champ:StanceDance","champ:Endure+1","champ:Encircle+1","champ:LastStand+1","champ:BerserkersShout+1","champ:Endure+1","champ:CheapShot+1","champ:Shatter+1","Flash of Steel","champ:DeathBlow+1","champ:RecklessLeap+1","champ:EnGarde+1","champ:FocusedBerserking+1","champ:EnragedBash+1","champ:Backstep+1","champ:VampiricStrike","champ:ArenaPreparation+1","Madness+1","Madness+1","champ:BerserkersShout+1","champ:AdrenalArmor+1","champ:RecklessLeap+1","champ:LastStand+1"],"relics":["champ:ChampionCrown","Replay:Towering Pillar of Hats","Peace Pipe","hubris:ToyBattleship","Mango","Odd Mushroom","hubris:RunicObelisk","Replay:Arrowhead","Red Mask","Replay:Wax Seal","Meat on the Bone","Empty Cage","Nunchaku","Vajra","Replay:Accelerometer","DollysMirror"],"acts_visited":["Exordium","TheCity","TheBeyond"],"potions_floor_usage":[50,50],"damage_taken":[{"damage":6.0,"enemies":"Jaw Worm","floor":1.0,"turns":7.0},{"damage":10.0,"enemies":"Cultist","floor":3.0,"turns":4.0},{"damage":10.0,"enemies":"Small Slimes","floor":4.0,"turns":4.0},{"damage":48.0,"enemies":"Gremlin Nob","floor":6.0,"turns":5.0},{"damage":29.0,"enemies":"3 Sentries","floor":8.0,"turns":6.0},{"damage":2.0,"enemies":"Blue Slaver","floor":10.0,"turns":4.0},{"damage":20.0,"enemies":"The Mushroom Lair","floor":12.0,"turns":2.0},{"damage":10.0,"enemies":"2 Fungi Beasts","floor":13.0,"turns":2.0},{"damage":20.0,"enemies":"3 Louse","floor":14.0,"turns":4.0},{"damage":18.0,"enemies":"Slime Boss","floor":16.0,"turns":4.0},{"damage":42.0,"enemies":"3 Byrds","floor":18.0,"turns":6.0},{"damage":54.0,"enemies":"Masked Bandits","floor":21.0,"turns":3.0},{"damage":27.0,"enemies":"2 Thieves","floor":22.0,"turns":3.0},{"damage":30.0,"enemies":"Replay:Snechameleon","floor":24.0,"turns":4.0},{"damage":25.0,"enemies":"Sentry and Sphere","floor":25.0,"turns":3.0},{"damage":43,"enemies":"Snecko","floor":27,"turns":5},{"damage":45,"enemies":"Shelled Parasite and Fungi","floor":29,"turns":3},{"damage":58,"enemies":"Snake Plant","floor":30,"turns":3},{"damage":97,"enemies":"Automaton","floor":33,"turns":6},{"damage":53,"enemies":"3 Darklings","floor":35,"turns":5},{"damage":42,"enemies":"3 Shapes","floor":37,"turns":4},{"damage":95,"enemies":"Maw","floor":38,"turns":6},{"damage":93,"enemies":"Spire Growth","floor":39,"turns":6},{"damage":129,"enemies":"Giant Head","floor":40,"turns":10},{"damage":70,"enemies":"3 Darklings","floor":42,"turns":4},{"damage":75,"enemies":"Spire Growth","floor":48,"turns":3},{"damage":187,"enemies":"Awakened One","floor":50,"turns":8}],"seed_played":"-864820017913204230","potions_obtained":[{"floor":3.0,"key":"Languid Potion"},{"floor":8.0,"key":"FearPotion"},{"floor":10.0,"key":"Flashbang"},{"floor":13.0,"key":"FearPotion"},{"floor":16.0,"key":"bronze:BurnAndBuffPotion"},{"floor":18.0,"key":"PowerPotion"},{"floor":27,"key":"Dexterity Potion"},{"floor":29,"key":"Regen Potion"},{"floor":33,"key":"sneckomod:MuddlingPotion"},{"floor":37,"key":"LifebloodPotion"}],"is_trial":false,"path_per_floor":["M","?","M","M","?","E","R","E","T","M","?","?","M","M","R","B",null,"M","?","$","?","M","R","E","M","T","M","R","M","M","$","R","B",null,"M","?","M","M","M","E","R","M","T","R","?","R","$","M","R","B",null],"character_chosen":"THE_CHAMP","items_purchased":["Replay:Arrowhead","Flash of Steel","Replay:Accelerometer","DollysMirror"],"campfire_rested":0,"item_purchase_floors":[20,20,47,47],"current_hp_per_floor":[62,62,62,62,62,29,29,15,29,27,16,16,16,10,10,10,104,97,76,76,57,50,50,50,50,50,59,59,71,58,58,58,48,109,91,77,82,94,84,77,77,89,89,89,89,89,89,101,101,109],"gold":121,"neow_bonus":"ONE_RARE_RELIC","is_daily":false,"chose_seed":false,"campfire_upgraded":16,"win_rate":0.0,"timestamp":1612300673,"path_taken":["M","?","M","?","?","E","R","E","T","M","?","?","M","M","R","BOSS","M","?","$","?","M","R","E","M","T","M","R","M","M","$","R","BOSS","M","?","M","M","?","E","R","M","T","R","?","R","?","M","R","BOSS"],"items_purchased_type":["Relic","Card","Relic","Relic"],"build_version":"2020-12-22","purchased_purges":2,"victory":true,"max_hp_per_floor":[90,90,90,90,90,90,90,90,104,104,104,104,104,104,104,104,104,104,109,109,109,109,109,109,109,109,109,109,109,109,109,109,109,109,109,109,109,109,109,109,109,109,109,109,109,109,109,109,109,109],"card_choices":[{"not_picked":["champ:CrownThrow","champ:BringItOn"],"picked":"champ:FanOfKnives","floor":1.0},{"not_picked":["champ:Backstep","champ:Circumvent"],"picked":"champ:Endure","floor":3.0},{"not_picked":["champ:PerfectedStrike","champ:PreciseThrust"],"picked":"champ:Encircle","floor":4.0},{"not_picked":["champ:FocusedDefense","champ:StanceDance"],"picked":"champ:LastStand","floor":6.0},{"not_picked":["champ:CrownThrow","champ:AdrenalArmor"],"picked":"champ:BerserkersShout","floor":8.0},{"not_picked":["champ:GladiatorStyle","champ:SkillfulDodge"],"picked":"champ:Endure","floor":10.0},{"not_picked":["champ:FocusedDefense","champ:DefensiveShout","champ:PerfectedStrike"],"picked":"SKIP","floor":13.0},{"not_picked":["champ:TornadoPunch","champ:GutPunch","champ:FalseCounter"],"picked":"SKIP","floor":14.0},{"not_picked":["champ:StrikeOfGenius","champ:DancingMaster"],"picked":"champ:CheapShot","floor":16.0},{"not_picked":["champ:PreemptiveStrike","champ:BladeFlurry"],"picked":"champ:Shatter+1","floor":18.0},{"not_picked":["champ:EnGarde+1","champ:PerfectedStrike"],"picked":"champ:DeathBlow+1","floor":21.0},{"not_picked":["champ:DeathBlow","champ:CrownThrow","champ:PreciseThrust"],"picked":"SKIP","floor":22.0},{"not_picked":["champ:EndlessRage+1","champ:BerserkersShout"],"picked":"champ:RecklessLeap","floor":24.0},{"not_picked":["champ:PreciseThrust+1","champ:IronFortress"],"picked":"champ:EnGarde","floor":25.0},{"not_picked":["champ:BringItOn+1","champ:BladeFlurry+1"],"picked":"champ:FocusedBerserking","floor":27},{"not_picked":["champ:Backstep+1","champ:PreciseThrust"],"picked":"champ:EnragedBash","floor":29},{"not_picked":["champ:GladiatorStyle","champ:DeathBlow"],"picked":"champ:Backstep","floor":30},{"not_picked":["champ:LastStand","champ:HoldFirm"],"picked":"champ:VampiricStrike","floor":33},{"not_picked":["champ:BringItOn","champ:DefensiveShout+1"],"picked":"champ:ArenaPreparation","floor":35},{"not_picked":["champ:DeathBlow+1","champ:FalseCounter+1","champ:Circumvent"],"picked":"SKIP","floor":37},{"not_picked":["champ:CrownThrow+1","champ:FlashCut"],"picked":"champ:BerserkersShout+1","floor":38},{"not_picked":["champ:PreciseThrust","champ:BladeFlurry+1","champ:FocusedBerserking"],"picked":"SKIP","floor":39},{"not_picked":["champ:EnragedBash","champ:FaceSlap"],"picked":"champ:AdrenalArmor+1","floor":40},{"not_picked":["champ:CrownThrow+1","champ:GutPunch"],"picked":"champ:RecklessLeap","floor":42},{"not_picked":["champ:TornadoPunch","champ:BringItOn+1","champ:ShieldWall+1"],"picked":"SKIP","floor":48}],"player_experience":311316,"relics_obtained":[{"floor":6.0,"key":"Peace Pipe"},{"floor":8.0,"key":"hubris:ToyBattleship"},{"floor":9.0,"key":"Mango"},{"floor":12.0,"key":"Odd Mushroom"},{"floor":21.0,"key":"Red Mask"},{"floor":24.0,"key":"Replay:Wax Seal"},{"floor":26.0,"key":"Meat on the Bone"},{"floor":40,"key":"Nunchaku"},{"floor":43,"key":"Vajra"}],"event_choices":[{"damage_healed":0.0,"max_hp_gain":0.0,"max_hp_loss":0.0,"gold_gain":0.0,"cards_transformed":["champ:Strike"],"event_name":"Transmorgrifier","player_choice":"Transformed","floor":2.0,"gold_loss":0.0,"damage_taken":0.0,"cards_obtained":["champ:StanceDance"]},{"damage_healed":0.0,"max_hp_gain":0.0,"max_hp_loss":0.0,"gold_gain":75.0,"event_name":"World of Goop","player_choice":"Gather Gold","floor":11.0,"gold_loss":0.0,"damage_taken":11.0},{"damage_healed":0.0,"max_hp_gain":0.0,"max_hp_loss":0.0,"gold_gain":0.0,"event_name":"Mushrooms","player_choice":"Fought Mushrooms","floor":12.0,"gold_loss":0.0,"damage_taken":0.0},{"damage_healed":0.0,"max_hp_gain":5.0,"max_hp_loss":0.0,"gold_gain":0.0,"event_name":"Forgotten Altar","player_choice":"Shed Blood","floor":19.0,"gold_loss":0.0,"damage_taken":26.0},{"damage_healed":0.0,"max_hp_gain":0.0,"max_hp_loss":0.0,"gold_gain":0.0,"event_name":"Masked Bandits","player_choice":"Fought Bandits","floor":21.0,"gold_loss":0.0,"damage_taken":0.0},{"damage_healed":0,"gold_gain":0,"player_choice":"Embrace Madness","damage_taken":14,"max_hp_gain":0,"max_hp_loss":0,"event_name":"Winding Halls","floor":36,"gold_loss":0,"cards_obtained":["Madness","Madness"]},{"damage_healed":0,"gold_gain":222,"player_choice":"Wore Mask","damage_taken":0,"max_hp_gain":0,"max_hp_loss":0,"event_name":"Tomb of Lord Red Mask","floor":45,"gold_loss":0}],"is_beta":false,"boss_relics":[{"not_picked":["Replay:Ancient Bell","Philosopher\u0027s Stone"],"picked":"hubris:RunicObelisk"},{"not_picked":["Black Star","Replay:Fungal Core"],"picked":"Empty Cage"}],"items_purged_floors":[20,31],"is_endless":false,"potions_floor_spawned":[3,8,10,13,16,18,27,29,33,35,37,38,48],"ascension_level":0}}