{"host":"kmq7aw60w430zvtx","time":1612281084,"event":{"mods":["BaseMod","Downfall","GifTheSpireLib","Hermit","Hubris","Minty Spire (QoL Compilation)","Reliquary","Replay The Spire","StSLib","The Construct","The Cursed","The Hierophant","The Jungle","The Necromancer","The Runesmith"],"gold_per_floor":[111,124,141,141,141,174,26,26,26,54,67,96,96,114,114,211,311,324,556,570,588,588,598,598,618,663,675,675],"floor_reached":27,"language":"ENG","playtime":1199,"items_purged":[],"score":247,"play_id":"212813d4-8ca4-4a7e-8e86-eb32ba5ac2f9","local_time":"20210202165124","is_ascension_mode":true,"campfire_choices":[{"data":"Summon_Vampire_Lady","floor":8,"key":"SMITH"},{"data":"Summon_Undead_Army","floor":13,"key":"SMITH"},{"floor":15,"key":"RECALL"},{"data":"Skeleton_Dragon","floor":24,"key":"SMITH"}],"circlet_count":0,"master_deck":["Strike_W+1","Strike_W","Strike_W","Strike_W","Defend_W","Defend_W","Defend_W","Negative_Energy_Arrows+1","Bone_Wall","Stop_Heart","Summon_Undead_Army+1","Stop_Heart","Vampiric_Strike","Summon_Vampire_Lady+1","Negative_Energy_Burst","Bone_Armor","Negative_Energy_Shield","Death_March_Dance","Bone_Shift","Skeleton_Dragon+1","Slay_Living","Summon_Lich+1","Scare","Exploit","Negative_Energy_Javelin","Bone_Armory"],"relics":["Vampire_Amulet","Whetstone","hubris:AstralHammer","Matryoshka","Question Card","Snack Pack","Replay:Wanted Poster","Runesmith:Nanobots","Tiny Chest","Replay:Bandana"],"acts_visited":["Exordium","TheCity"],"potions_floor_usage":[6,12,16,18,23,27],"damage_taken":[{"damage":0,"enemies":"Cultist","floor":1,"turns":3},{"damage":1,"enemies":"Jaw Worm","floor":2,"turns":4},{"damage":5,"enemies":"Small Slimes","floor":3,"turns":4},{"damage":9,"enemies":"3 Sentries","floor":6,"turns":5},{"damage":6,"enemies":"Replay:BlueRogue","floor":10,"turns":5},{"damage":24,"enemies":"Exordium Thugs","floor":11,"turns":4},{"damage":15,"enemies":"Gremlin Nob","floor":12,"turns":4},{"damage":10,"enemies":"Large Slime","floor":14,"turns":3},{"damage":45,"enemies":"Slime Boss","floor":16,"turns":9},{"damage":5,"enemies":"3 Byrds","floor":18,"turns":4},{"damage":26,"enemies":"Spheric Guardian","floor":20,"turns":6},{"damage":22,"enemies":"Shelled Parasite and Fungi","floor":21,"turns":5},{"damage":4,"enemies":"Snecko","floor":23,"turns":4},{"damage":7,"enemies":"Cultist and Chosen","floor":25,"turns":4},{"damage":76,"enemies":"Slavers","floor":27,"turns":4}],"seed_played":"-3845372797255050181","potions_obtained":[{"floor":1,"key":"Weak Potion"},{"floor":3,"key":"PowerPotion"},{"floor":10,"key":"Weak Potion"},{"floor":16,"key":"DistilledChaos"},{"floor":19,"key":"Swift Potion"},{"floor":20,"key":"Fire Potion"}],"is_trial":false,"path_per_floor":["M","M","M","?","T","E","$","R","T","E","M","E","R","M","R","B",null,"M","?","M","M","?","M","R","M","T","E"],"character_chosen":"NECROMANCER","items_purchased":["Summon_Vampire_Lady","Negative_Energy_Burst"],"campfire_rested":0,"item_purchase_floors":[7,7],"current_hp_per_floor":[75,75,72,72,72,69,69,69,69,75,61,48,48,53,53,49,75,75,57,49,40,40,50,50,58,58,0,0],"gold":675,"neow_bonus":"RANDOM_COMMON_RELIC","is_daily":false,"chose_seed":false,"campfire_upgraded":3,"win_rate":0.0,"timestamp":1612281084,"path_taken":["M","?","M","?","?","E","?","R","T","E","M","E","R","M","R","BOSS","M","?","M","M","?","M","R","?","T","E"],"items_purchased_type":["Card","Card"],"build_version":"2020-12-22","purchased_purges":0,"victory":false,"max_hp_per_floor":[75,75,75,75,75,75,75,75,75,75,75,75,75,75,75,75,75,75,75,75,75,75,75,75,75,75,75,75],"card_choices":[{"not_picked":["Death_Coil","Negative_Energy_Sphere"],"picked":"Stop_Heart","floor":1},{"not_picked":["Finger_Of_Death","Negative_Energy_Sphere"],"picked":"Summon_Undead_Army","floor":2},{"not_picked":["Bone_Armory","Blood_Shield"],"picked":"Stop_Heart","floor":3},{"not_picked":["Exploit","Bones_to_Steel"],"picked":"Vampiric_Strike","floor":6},{"not_picked":["Bones_to_Steel","Stop_Heart"],"picked":"Bone_Armor","floor":10},{"not_picked":["Scare","Blood_Whip","Blood_Magic"],"picked":"Negative_Energy_Shield","floor":11},{"not_picked":["Bone_Armor","Negative_Energy_Shield","Necromantic_Selection"],"picked":"Death_March_Dance","floor":12},{"not_picked":["Stop_Heart","Blood_Curse","Toxic_Smoke_Screen"],"picked":"Bone_Shift","floor":14},{"not_picked":["Summon_Death_Knight","Cloudkill","Requiem"],"picked":"Skeleton_Dragon","floor":16},{"not_picked":["Negative_Energy_Shield","Negative_Energy_Burst","Death_March_Dance"],"picked":"Slay_Living","floor":18},{"not_picked":["Negative_Energy_Sphere","Summon_Undead+1","Life_Tap"],"picked":"Summon_Lich+1","floor":19},{"not_picked":["Bone_Spikes","Chill_Blood","Vampiric_Strike"],"picked":"Scare","floor":20},{"not_picked":["Whirlwind_of_Bones","Flesh_Made_Foul","Reap_The_Weak"],"picked":"Exploit","floor":21},{"not_picked":["Death_March_Dance","Whirlwind_of_Bones","Exploit"],"picked":"Negative_Energy_Javelin","floor":23},{"not_picked":["Bones_to_Steel","Blood_Shield","Blood_Is_Power"],"picked":"Bone_Armory","floor":25}],"player_experience":329126,"relics_obtained":[{"floor":6,"key":"hubris:AstralHammer"},{"floor":9,"key":"Matryoshka"},{"floor":10,"key":"Question Card"},{"floor":12,"key":"Snack Pack"},{"floor":19,"key":"Runesmith:Nanobots"},{"floor":26,"key":"Tiny Chest"},{"floor":26,"key":"Replay:Bandana"}],"event_choices":[{"cards_removed":["Defend_W"],"damage_healed":0,"gold_gain":0,"player_choice":"Purged","damage_taken":0,"max_hp_gain":0,"max_hp_loss":0,"event_name":"Purifier","floor":22,"gold_loss":0}],"is_beta":false,"boss_relics":[{"not_picked":["hubris:BlackHole","hubris:CrackedHourglass"],"picked":"Replay:Wanted Poster"}],"items_purged_floors":[],"is_endless":false,"potions_floor_spawned":[1,3,10,16,20],"killed_by":"Slavers","ascension_level":1}}