{"host":"vhvubw4jk4f204qs","time":1612291242,"event":{"mods":["AchievementEnabler","BaseMod","DeckTracker","GifTheSpireLib","Minty Spire (QoL Compilation)","Permanent Neow","Quick Restart","StSLib","SuperFastMode","The IronCluck","slay the spire mod where everything is the same but ironclad has a cowboy hat"],"gold_per_floor":[114,39,139,152,167,167,202,214,262,262,60,60,115,130,130,130,130],"floor_reached":16,"language":"ENG","playtime":1031,"items_purged":["Clumsy"],"score":200,"play_id":"9661cabc-f77f-4f7a-9a49-79c29518257f","local_time":"20210202134042","is_ascension_mode":true,"campfire_choices":[{"data":"Sucker Punch","floor":6,"key":"SMITH"},{"data":"Skewer","floor":10,"key":"SMITH"},{"data":"Footwork","floor":15,"key":"SMITH"}],"circlet_count":0,"master_deck":["AscendersBane","Strike_G","Strike_G","Strike_G","Strike_G","Strike_G","Defend_G","Defend_G","Defend_G","Defend_G","Defend_G+1","Survivor","Neutralize","Flying Knee","Acrobatics+1","Sucker Punch+1","Footwork+1","Skewer+1","Crippling Poison","Dagger Spray"],"relics":["Ring of the Snake","FossilizedHelix","White Beast Statue","War Paint","Chemical X","Gremlin Horn","Boot"],"acts_visited":["Exordium"],"potions_floor_usage":[7,13,13,16,16],"damage_taken":[{"damage":0,"enemies":"Small Slimes","floor":1,"turns":5},{"damage":0,"enemies":"Cultist","floor":4,"turns":4},{"damage":0,"enemies":"Jaw Worm","floor":5,"turns":4},{"damage":27,"enemies":"Lagavulin","floor":7,"turns":7},{"damage":0,"enemies":"Red Slaver","floor":8,"turns":6},{"damage":0,"enemies":"3 Sentries","floor":13,"turns":7},{"damage":0,"enemies":"Exordium Thugs","floor":14,"turns":3},{"damage":34,"enemies":"Hexaghost","floor":16,"turns":11}],"seed_played":"-4486124520277149177","potions_obtained":[{"floor":1,"key":"Energy Potion"},{"floor":7,"key":"SteroidPotion"},{"floor":8,"key":"LiquidBronze"},{"floor":13,"key":"Swift Potion"},{"floor":14,"key":"BlessingOfTheForge"}],"is_trial":false,"path_per_floor":["M","$","?","M","M","R","E","M","T","R","$","T","?","M","R","B"],"character_chosen":"THE_SILENT","items_purchased":["Chemical X","Crippling Poison"],"campfire_rested":0,"item_purchase_floors":[11,11],"current_hp_per_floor":[59,59,59,59,59,59,32,32,32,32,32,32,32,32,32,0,0],"gold":130,"neow_bonus":"ONE_RARE_RELIC","is_daily":false,"chose_seed":false,"campfire_upgraded":3,"win_rate":0.0,"timestamp":1612291242,"path_taken":["M","$","?","M","M","R","E","M","T","R","$","?","?","M","R","BOSS"],"items_purchased_type":["Relic","Card"],"build_version":"2020-12-22","purchased_purges":1,"victory":false,"max_hp_per_floor":[66,66,66,66,66,66,66,66,66,66,66,66,66,66,66,66,66],"card_choices":[{"not_picked":["Choke","Deadly Poison"],"picked":"Flying Knee","floor":1},{"not_picked":["Deadly Poison","Dodge and Roll"],"picked":"Acrobatics","floor":4},{"not_picked":["Deadly Poison","Bane"],"picked":"Sucker Punch","floor":5},{"not_picked":["Sucker Punch","Cloak And Dagger"],"picked":"Footwork","floor":7},{"not_picked":["Bane","Deflect"],"picked":"Skewer","floor":8},{"not_picked":["Poisoned Stab","Bouncing Flask"],"picked":"Dagger Spray","floor":14}],"player_experience":759234,"relics_obtained":[{"floor":7,"key":"White Beast Statue"},{"floor":9,"key":"War Paint"},{"floor":12,"key":"Gremlin Horn"},{"floor":13,"key":"Boot"}],"event_choices":[{"damage_healed":0,"gold_gain":100,"player_choice":"Gold","damage_taken":0,"max_hp_gain":0,"max_hp_loss":0,"event_name":"Wheel of Change","floor":3,"gold_loss":0},{"damage_healed":0,"gold_gain":30,"player_choice":"Searched \u00272\u0027 times","damage_taken":0,"max_hp_gain":0,"max_hp_loss":0,"event_name":"Dead Adventurer","floor":13,"gold_loss":0}],"is_beta":false,"boss_relics":[],"items_purged_floors":[2],"is_endless":false,"potions_floor_spawned":[1,7,8,13,14],"killed_by":"Hexaghost","ascension_level":20}}