{"host":"sav7uxregyirlf69","time":1614144155,"event":{"mods":["AchievementEnabler","BaseMod","Colored Map","DeckTracker","Keyboard Shortcuts","Minty Spire (QoL Compilation)","READ ME - Guardian Mod","StSLib","SuperFastMode"],"gold_per_floor":[119,119,119,130,148,148,176,176,199,499,526,541,560,585,585,585,585],"floor_reached":16,"language":"KOR","playtime":233,"items_purged":[],"score":220,"play_id":"502949d4-8573-424b-a50b-6c051b88e9de","local_time":"20210224142235","is_ascension_mode":true,"campfire_choices":[{"data":"Carnage","floor":6.0,"key":"SMITH"},{"data":"Rage","floor":8.0,"key":"SMITH"},{"floor":15.0,"key":"DIG"}],"circlet_count":0,"master_deck":["AscendersBane","Strike_R","Strike_R","Strike_R","Strike_R","Defend_R","Defend_R","Defend_R","Defend_R","Bash","Rage+1","Pommel Strike","Carnage+1","Anger"],"relics":["Burning Blood","Toy Ornithopter","Oddly Smooth Stone","Shovel","PreservedInsect","Old Coin","Odd Mushroom","Letter Opener","CeramicFish"],"acts_visited":["Exordium"],"potions_floor_usage":[16],"damage_taken":[{"damage":4.0,"enemies":"Small Slimes","floor":1.0,"turns":4.0},{"damage":0.0,"enemies":"2 Louse","floor":4.0,"turns":3.0},{"damage":5.0,"enemies":"Cultist","floor":5.0,"turns":4.0},{"damage":22.0,"enemies":"Lagavulin","floor":7.0,"turns":5.0},{"damage":7.0,"enemies":"The Mushroom Lair","floor":11.0,"turns":4.0},{"damage":7.0,"enemies":"Large Slime","floor":12.0,"turns":6.0},{"damage":0.0,"enemies":"2 Fungi Beasts","floor":13.0,"turns":2.0},{"damage":19.0,"enemies":"Gremlin Nob","floor":14.0,"turns":4.0},{"damage":40,"enemies":"Slime Boss","floor":16,"turns":6}],"seed_played":"9186445826748865464","potions_obtained":[{"floor":1.0,"key":"BloodPotion"},{"floor":11.0,"key":"Energy Potion"},{"floor":12.0,"key":"Ancient Potion"}],"is_trial":false,"path_per_floor":["M","?","?","M","M","R","E","R","T","?","?","M","M","E","R","B"],"character_chosen":"IRONCLAD","items_purchased":[],"campfire_rested":0,"item_purchase_floors":[],"current_hp_per_floor":[70,63,63,69,70,70,54,54,54,36,35,34,45,32,32,0,0],"gold":585,"neow_bonus":"RANDOM_COMMON_RELIC","is_daily":false,"chose_seed":false,"campfire_upgraded":2,"win_rate":0.0,"timestamp":1614144155,"path_taken":["M","?","?","M","?","R","E","R","T","?","?","M","M","E","R","BOSS"],"items_purchased_type":[],"build_version":"2020-12-22","purchased_purges":0,"victory":false,"max_hp_per_floor":[75,75,75,75,75,75,75,75,75,75,75,75,75,75,75,75,75],"card_choices":[{"not_picked":["Ghostly Armor","Sentinel"],"picked":"Rage","floor":1.0},{"not_picked":["Bloodletting","Iron Wave"],"picked":"Pommel Strike","floor":4.0},{"not_picked":["Thunderclap","Fire Breathing"],"picked":"Carnage","floor":5.0},{"not_picked":["Demon Form","Flex","Dark Embrace"],"picked":"SKIP","floor":7.0},{"not_picked":["Pummel","Heavy Blade","Body Slam"],"picked":"SKIP","floor":12.0},{"not_picked":["Reckless Charge","Havoc","Entrench"],"picked":"SKIP","floor":13.0},{"not_picked":["Wild Strike","Rupture"],"picked":"Anger","floor":14.0}],"player_experience":1683579,"relics_obtained":[{"floor":7.0,"key":"Shovel"},{"floor":9.0,"key":"PreservedInsect"},{"floor":11.0,"key":"Odd Mushroom"},{"floor":14.0,"key":"Letter Opener"},{"floor":15.0,"key":"CeramicFish"}],"event_choices":[{"cards_removed":["Strike_R"],"damage_healed":0.0,"max_hp_gain":0.0,"max_hp_loss":0.0,"gold_gain":0.0,"event_name":"Golden Wing","player_choice":"Card Removal","floor":2.0,"gold_loss":0.0,"damage_taken":7.0},{"damage_healed":0.0,"max_hp_gain":0.0,"max_hp_loss":0.0,"gold_gain":0.0,"event_name":"WeMeetAgain","player_choice":"Gave Potion","floor":3.0,"gold_loss":0.0,"damage_taken":0.0,"relics_obtained":["Oddly Smooth Stone"]},{"damage_healed":0.0,"max_hp_gain":0.0,"max_hp_loss":0.0,"gold_gain":0.0,"event_name":"Scrap Ooze","player_choice":"Success","floor":10.0,"gold_loss":0.0,"damage_taken":18.0,"relics_obtained":["Old Coin"]},{"damage_healed":0.0,"max_hp_gain":0.0,"max_hp_loss":0.0,"gold_gain":0.0,"event_name":"Mushrooms","player_choice":"Fought Mushrooms","floor":11.0,"gold_loss":0.0,"damage_taken":0.0}],"is_beta":false,"boss_relics":[],"items_purged_floors":[],"is_endless":false,"potions_floor_spawned":[1,11,12],"killed_by":"Slime Boss","ascension_level":20}}