{"host":"92108ef2q9tm8rod","time":1614138312,"event":{"mods":["BaseMod","Defuse TimeMaze Blight","Minty Spire (QoL Compilation)","StSLib","The Jungle"],"gold_per_floor":[118,136,147,147,147,147,147,3,3,3,3,36,63,82,82,180,230,230,249,269,288,303,303,303,320,392,140,173,173,208,208,208,304,304,314,331,342,342,354,354,119,119,142,157,190,208,239,289,289,289],"floor_reached":51,"language":"ENG","playtime":2078,"items_purged":[],"score":1032,"play_id":"e6bb5f9c-4210-4cbc-b4fa-cec4fed0d4dd","local_time":"20210224034512","daily_mods":["SealedDeck","Colorless Cards","Heirloom","Flight"],"is_ascension_mode":false,"campfire_choices":[{"data":"Enlightenment","floor":6.0,"key":"SMITH"},{"data":"Blind","floor":7.0,"key":"SMITH"},{"data":"Noxious Fumes","floor":10.0,"key":"SMITH"},{"data":"Deadly Poison","floor":11.0,"key":"SMITH"},{"data":"Blur","floor":15.0,"key":"SMITH"},{"data":"Madness","floor":23.0,"key":"SMITH"},{"data":"Choke","floor":24.0,"key":"SMITH"},{"data":"Bane","floor":29.0,"key":"SMITH"},{"floor":32.0,"key":"REST"},{"data":"Good Instincts","floor":40.0,"key":"SMITH"},{"data":"Swift Strike","floor":42,"key":"SMITH"},{"floor":49,"key":"REST"}],"circlet_count":0,"master_deck":["Choke+1","Bane+1","Bouncing Flask+1","Deadly Poison+1","Blind+1","Slice+1","Noxious Fumes+1","Deflect+1","Blur+1","Swift Strike+1","After Image+1","Madness+1","Good Instincts+1","Sadistic Nature+1"],"relics":["Ring of the Snake","Unceasing Top","War Paint","Frozen Egg 2","Pen Nib","Ice Cream","Tiny House","Pear","Mummified Hand","Vajra","Happy Flower","Empty Cage","Membership Card","Dream Catcher","Whetstone","Ancient Tea Set","Incense Burner"],"acts_visited":["Exordium","Exordium","TheBeyond"],"potions_floor_usage":[48,50,50,50],"damage_taken":[{"damage":11.0,"enemies":"Jaw Worm","floor":1.0,"turns":2.0},{"damage":0.0,"enemies":"2 Louse","floor":2.0,"turns":1.0},{"damage":1.0,"enemies":"Small Slimes","floor":3.0,"turns":3.0},{"damage":10.0,"enemies":"3 Sentries","floor":12.0,"turns":5.0},{"damage":0.0,"enemies":"Gremlin Nob","floor":13.0,"turns":3.0},{"damage":0.0,"enemies":"3 Louse","floor":14.0,"turns":1.0},{"damage":6.0,"enemies":"The Guardian","floor":16.0,"turns":5.0},{"damage":0.0,"enemies":"theJungle:MUSHROOMGANG","floor":18.0,"turns":1.0},{"damage":3.0,"enemies":"theJungle:5_Spyders","floor":19.0,"turns":5.0},{"damage":5.0,"enemies":"theJungle:JungleHuntersEncounter","floor":20.0,"turns":4.0},{"damage":4.0,"enemies":"theJungle:Lyon","floor":21.0,"turns":4.0},{"damage":0.0,"enemies":"theJungle:2_Flameangoes","floor":22.0,"turns":4.0},{"damage":4.0,"enemies":"theJungle:2_Snecko_Cultists","floor":25.0,"turns":4.0},{"damage":0.0,"enemies":"theJungle:2_Phrogs","floor":28.0,"turns":4.0},{"damage":0.0,"enemies":"theJungle:Cassacara","floor":30.0,"turns":4.0},{"damage":0.0,"enemies":"theJungle:FunGuy","floor":33.0,"turns":5.0},{"damage":0.0,"enemies":"3 Darklings","floor":35.0,"turns":3.0},{"damage":1.0,"enemies":"3 Shapes","floor":36.0,"turns":4.0},{"damage":0.0,"enemies":"Writhing Mass","floor":37.0,"turns":3.0},{"damage":0.0,"enemies":"Transient","floor":39.0,"turns":5.0},{"damage":0,"enemies":"4 Shapes","floor":44,"turns":2},{"damage":0,"enemies":"Giant Head","floor":45,"turns":5},{"damage":0,"enemies":"Sphere and 2 Shapes","floor":46,"turns":3},{"damage":6,"enemies":"Nemesis","floor":47,"turns":4},{"damage":0,"enemies":"Mind Bloom Boss Battle","floor":48,"turns":2},{"damage":15,"enemies":"Time Eater","floor":50,"turns":4}],"seed_played":"4238849191665153765","potions_obtained":[{"floor":1.0,"key":"BlessingOfTheForge"},{"floor":3.0,"key":"CultistPotion"},{"floor":13.0,"key":"AttackPotion"},{"floor":16.0,"key":"SmokeBomb"},{"floor":17.0,"key":"SpyderVenomPotion"},{"floor":20.0,"key":"Dexterity Potion"},{"floor":21.0,"key":"Dexterity Potion"},{"floor":36.0,"key":"GamblersBrew"},{"floor":37.0,"key":"CultistPotion"},{"floor":48,"key":"LiquidBronze"}],"is_trial":true,"path_per_floor":["M","M","M","?","$","R","R","$","T","R","R","E","E","M","R","B",null,"M","M","M","M","M","R","R","M","T","$","E","R","E","$","R","B",null,"M","M","M","?","M","R","$","R","T","M","E","M","E","?","R","B",null],"character_chosen":"THE_SILENT","items_purchased":["War Paint","Mummified Hand","Membership Card","Sadistic Nature+1"],"campfire_rested":2,"item_purchase_floors":[8,27,41,41],"current_hp_per_floor":[59,59,58,63,63,63,63,63,63,63,63,53,53,53,53,47,80,80,77,72,68,68,68,68,64,74,74,74,74,74,74,90,90,90,90,89,89,89,89,89,89,89,89,89,89,89,83,83,90,75],"gold":289,"neow_bonus":"","is_daily":false,"chose_seed":false,"campfire_upgraded":10,"win_rate":0.0,"timestamp":1614138312,"path_taken":["M","M","M","?","$","R","R","$","T","R","R","E","E","M","R","BOSS","M","M","M","M","M","R","R","M","T","$","E","R","E","$","R","BOSS","M","M","M","?","M","R","$","R","T","M","E","M","E","?","R","BOSS"],"items_purchased_type":["Relic","Relic","Relic","Card"],"build_version":"2020-12-22","purchased_purges":0,"victory":true,"max_hp_per_floor":[70,70,70,75,75,75,75,75,75,75,75,75,75,75,75,75,80,80,80,80,80,80,80,80,80,90,90,90,90,90,90,90,90,90,90,90,90,90,90,90,90,90,90,90,90,90,90,90,90,90],"card_choices":[{"not_picked":["Discovery","Underhanded Strike"],"picked":"Blur","floor":1.0},{"not_picked":["Enlightenment","Tactician","Footwork"],"picked":"SKIP","floor":2.0},{"not_picked":["Endless Agony","Caltrops","Prepared"],"picked":"SKIP","floor":3.0},{"not_picked":["Dagger Throw","Quick Slash"],"picked":"Swift Strike","floor":12.0},{"not_picked":["Backflip","Bane","Finisher"],"picked":"SKIP","floor":13.0},{"not_picked":["Violence","Slice","Skewer"],"picked":"SKIP","floor":14.0},{"not_picked":["HandOfGreed","Magnetism+1"],"picked":"After Image+1","floor":16.0},{"not_picked":["Cloak And Dagger","Blind"],"picked":"Madness","floor":17.0},{"not_picked":["Endless Agony","Backflip","Slice"],"picked":"SKIP","floor":19.0},{"not_picked":["Blur","Flying Knee","Jack Of All Trades"],"picked":"SKIP","floor":20.0},{"not_picked":["Dagger Throw","Flechettes+1","Masterful Stab"],"picked":"SKIP","floor":21.0},{"not_picked":["Sucker Punch","Dagger Throw","Jack Of All Trades"],"picked":"SKIP","floor":22.0},{"not_picked":["Wraith Form v2+1","Slice","Bane"],"picked":"SKIP","floor":25.0},{"not_picked":["Dagger Spray","Dodge and Roll","Eviscerate"],"picked":"SKIP","floor":28.0},{"not_picked":["Acrobatics","Bullet Time","Accuracy+1"],"picked":"SKIP","floor":30.0},{"not_picked":["Distraction+1","Bouncing Flask","Deadly Poison+1"],"picked":"SKIP","floor":35.0},{"not_picked":["Bane+1","Outmaneuver","Bandage Up+1"],"picked":"SKIP","floor":36.0},{"not_picked":["Underhanded Strike+1","Deflect+1","Trip"],"picked":"SKIP","floor":37.0},{"not_picked":["Blind","Trip"],"picked":"Good Instincts","floor":38.0},{"not_picked":["Bane","Quick Slash","Sucker Punch"],"picked":"SKIP","floor":39.0},{"not_picked":["Calculated Gamble+1","Dagger Throw","Dagger Spray"],"picked":"SKIP","floor":44},{"not_picked":["Swift Strike+1","PiercingWail","Dash+1"],"picked":"SKIP","floor":45},{"not_picked":["Underhanded Strike","Enlightenment+1","Bane"],"picked":"SKIP","floor":46},{"not_picked":["Secret Technique","Blade Dance+1","Sucker Punch"],"picked":"SKIP","floor":47}],"player_experience":3450783,"relics_obtained":[{"floor":9.0,"key":"Frozen Egg 2"},{"floor":12.0,"key":"Pen Nib"},{"floor":13.0,"key":"Ice Cream"},{"floor":26.0,"key":"Pear"},{"floor":28.0,"key":"Vajra"},{"floor":30.0,"key":"Happy Flower"},{"floor":43,"key":"Dream Catcher"},{"floor":45,"key":"Whetstone"},{"floor":47,"key":"Ancient Tea Set"},{"floor":48,"key":"Incense Burner"}],"event_choices":[{"damage_healed":0.0,"max_hp_gain":5.0,"max_hp_loss":0.0,"gold_gain":0.0,"event_name":"Big Fish","player_choice":"Donut","floor":4.0,"gold_loss":0.0,"damage_taken":0.0},{"damage_healed":0.0,"max_hp_gain":0.0,"max_hp_loss":0.0,"gold_gain":0.0,"event_name":"SensoryStone","player_choice":"Memory 1","floor":38.0,"gold_loss":0.0,"damage_taken":0.0},{"damage_healed":0,"gold_gain":0,"player_choice":"Fight","damage_taken":0,"max_hp_gain":0,"max_hp_loss":0,"event_name":"MindBloom","floor":48,"gold_loss":0}],"is_beta":false,"boss_relics":[{"not_picked":["Astrolabe","Ectoplasm"],"picked":"Tiny House"},{"not_picked":["SlaversCollar","Busted Crown"],"picked":"Empty Cage"}],"items_purged_floors":[],"is_endless":false,"potions_floor_spawned":[1,3,13,16,18,20,21,36,37,46,48],"ascension_level":0}}