{"host":"ie50qk0ts9eskyyo","time":1614129390,"event":{"mods":["BaseMod","BetterRewards","Colored Map","Curses Come First","Downfall","Highlight Path","Hubris","Infinite Spire","Minty Spire (QoL Compilation)","Quick Restart","Reliquary","Replay The Spire","Shop Mod","StSLib","SuperFastMode","The Jungle"],"gold_per_floor":[115,134,34,49,49,77,96,113,113,113,140,140,156,187,187,288,288,303,98,98,98,98,98,122,122,148,199,199,199,248,248,248,357,357,384,406,459,488,488,488,523,286,286,310,334,102,102,128,128,138],"floor_reached":51,"language":"ENG","playtime":3259,"items_purged":["Strike_R","Strike_R","Strike_R","Strike_R","Entrench","Thunderclap"],"score":841,"play_id":"6ce65ee0-f331-4a34-a14f-f73ddbf4eebc","local_time":"20210223201630","is_ascension_mode":true,"campfire_choices":[{"data":"Flame Barrier","floor":12.0,"key":"SMITH"},{"data":"Uppercut","floor":15.0,"key":"SMITH"},{"data":"Shockwave","floor":23,"key":"SMITH"},{"data":"True Grit","floor":25,"key":"SMITH"},{"data":"Body Slam","floor":32,"key":"SMITH"},{"data":"Inflame","floor":40,"key":"SMITH"},{"data":"Sword Boomerang","floor":49,"key":"SMITH"}],"circlet_count":0,"master_deck":["Defend_R","Defend_R","Defend_R","Defend_R","Inflame+1","Uppercut+1","True Grit+1","Rage","Body Slam+1","Flame Barrier+1","Sword Boomerang+1","Battle Trance","Shockwave+1","Trip+1","Inflame+1"],"relics":["Burning Blood","BargainBundle","Omamori","Lizard Tail","Tiny Chest","hubris:FunFungus","hubris:ChampionShield","Matryoshka","Darkstone Periapt","Pantograph","Busted Crown","MutagenicStrength","Replay:Bandana","hubris:DeckOfHolding","infinitespire:Lucky Rock","FossilizedHelix","reliquary:CitrusReamer","reliquary:ThirdArm","Bag of Marbles","hubris:Towel","Strawberry","reliquary:SharkskinSheath","Anchor"],"acts_visited":["Exordium","TheCity","TheBeyond"],"potions_floor_usage":[30],"damage_taken":[{"damage":1.0,"enemies":"Cultist","floor":1.0,"turns":3.0},{"damage":1.0,"enemies":"2 Louse","floor":2.0,"turns":4.0},{"damage":4.0,"enemies":"Small Slimes","floor":4.0,"turns":4.0},{"damage":28.0,"enemies":"Gremlin Nob","floor":6.0,"turns":5.0},{"damage":21.0,"enemies":"Red Slaver","floor":7.0,"turns":5.0},{"damage":6.0,"enemies":"2 Fungi Beasts","floor":8.0,"turns":3.0},{"damage":32.0,"enemies":"Lagavulin","floor":11.0,"turns":9.0},{"damage":0.0,"enemies":"3 Louse","floor":13.0,"turns":3.0},{"damage":37.0,"enemies":"3 Sentries","floor":14.0,"turns":13.0},{"damage":51.0,"enemies":"Fading Forest","floor":16.0,"turns":11.0},{"damage":19.0,"enemies":"2 Thieves","floor":18.0,"turns":4.0},{"damage":3,"enemies":"Chosen","floor":24,"turns":5},{"damage":37,"enemies":"Slavers","floor":27,"turns":6},{"damage":61,"enemies":"Gremlin Leader","floor":30,"turns":6},{"damage":59,"enemies":"Collector","floor":33,"turns":12},{"damage":25,"enemies":"3 Shapes","floor":35,"turns":5},{"damage":18,"enemies":"3 Darklings","floor":36,"turns":5},{"damage":14,"enemies":"Maw","floor":38,"turns":9},{"damage":0,"enemies":"Jaw Worm Horde","floor":41,"turns":5},{"damage":6,"enemies":"Writhing Mass","floor":44,"turns":5},{"damage":35,"enemies":"Time Eater","floor":50,"turns":11}],"seed_played":"2153706081790817577","potions_obtained":[{"floor":13.0,"key":"bronze:BurnAndBuffPotion"},{"floor":14.0,"key":"AttackPotion"},{"floor":24,"key":"Ancient Potion"},{"floor":27,"key":"Swift Potion"},{"floor":35,"key":"Swift Potion"},{"floor":41,"key":"SteroidPotion"}],"is_trial":false,"path_per_floor":["M","M","$","M","?","E","M","M","T","T","E","R","M","E","R","B",null,"M","$","?","?","T","R","M","R","T","E","?","?","E","AVR","R","B",null,"M","M","T","M","?","R","M","$","T","M","T","$","?","T","R","B",null],"character_chosen":"IRONCLAD","items_purchased":["BargainBundle","Omamori","Inflame","Uppercut","GamblersBrew","BloodPotion","Weak Potion","True Grit","Entrench","Shockwave","Trip","Inflame+1"],"campfire_rested":0,"item_purchase_floors":[0,0,0,0,0,0,0,0,0,19,42,46],"current_hp_per_floor":[49,54,54,56,56,34,19,19,19,19,14,14,20,59,59,37,80,71,71,71,71,71,71,75,75,75,44,44,93,39,39,39,15,93,76,64,64,60,60,60,68,68,75,76,76,76,76,76,76,78],"gold":138,"neow_bonus":"","is_daily":false,"chose_seed":false,"campfire_upgraded":7,"win_rate":0.0,"timestamp":1614129390,"path_taken":["M","?","$","M","?","E","?","M","T","?","E","R","?","E","R","BOSS","M","$","?","?","?","R","?","R","T","E","?","?","E","AVR","R","BOSS","M","M","?","M","?","R","M","$","T","M","?","$","?","?","R","BOSS"],"items_purchased_type":["Relic","Relic","Card","Card","Potion","Potion","Potion","Card","Card","Card","Card","Card"],"build_version":"2020-12-22","purchased_purges":6,"victory":true,"max_hp_per_floor":[80,80,80,80,80,80,80,80,80,80,80,80,80,80,80,80,80,83,83,83,83,83,83,83,83,83,83,83,93,93,93,93,93,93,93,93,93,93,93,93,93,93,100,100,100,100,100,100,100,100],"card_choices":[{"not_picked":["Blood for Blood","Fire Breathing"],"picked":"Rage","floor":1.0},{"not_picked":["Sword Boomerang","Infernal Blade","Entrench"],"picked":"SKIP","floor":2.0},{"not_picked":["Replay:Undeath\u0027s Touch","Anger"],"picked":"Thunderclap","floor":4.0},{"not_picked":["Twin Strike","Replay:Undeath\u0027s Touch"],"picked":"Body Slam","floor":6.0},{"not_picked":["Bloodletting","Twin Strike","Hemokinesis"],"picked":"SKIP","floor":7.0},{"not_picked":["Run Through","Metallicize","Iron Wave"],"picked":"SKIP","floor":8.0},{"not_picked":["Perfected Strike","Life Link"],"picked":"Flame Barrier","floor":11.0},{"not_picked":["Corruption","Intimidate"],"picked":"Sword Boomerang","floor":13.0},{"not_picked":["Abandon","Flex"],"picked":"Battle Trance","floor":14.0},{"not_picked":["Demonic Infusion","Double Tap"],"picked":"Feed","floor":16.0},{"not_picked":["Twin Strike"],"picked":"SKIP","floor":18.0},{"not_picked":["ReplayTheSpireMod:Strike From Hell"],"picked":"SKIP","floor":24},{"not_picked":["Metallicize"],"picked":"SKIP","floor":27},{"not_picked":["Defy Death"],"picked":"SKIP","floor":30},{"not_picked":["hubris:ReadiedAction"],"picked":"SKIP","floor":35},{"not_picked":["Clothesline+1"],"picked":"SKIP","floor":36},{"not_picked":["True Grit"],"picked":"SKIP","floor":38},{"not_picked":["hubris:ReadiedAction"],"picked":"SKIP","floor":41},{"not_picked":["Disarm+1"],"picked":"SKIP","floor":44}],"player_experience":123018,"relics_obtained":[{"floor":6.0,"key":"hubris:FunFungus"},{"floor":9.0,"key":"hubris:ChampionShield"},{"floor":10.0,"key":"Matryoshka"},{"floor":11.0,"key":"Darkstone Periapt"},{"floor":14.0,"key":"Pantograph"},{"floor":22,"key":"Replay:Bandana"},{"floor":22,"key":"hubris:DeckOfHolding"},{"floor":26,"key":"infinitespire:Lucky Rock"},{"floor":27,"key":"FossilizedHelix"},{"floor":37,"key":"Bag of Marbles"},{"floor":43,"key":"Strawberry"},{"floor":45,"key":"reliquary:SharkskinSheath"},{"floor":48,"key":"Anchor"}],"event_choices":[{"cards_removed":["Bash"],"damage_healed":0.0,"max_hp_gain":0.0,"max_hp_loss":0.0,"gold_gain":0.0,"event_name":"Purifier","player_choice":"Purged","floor":5.0,"gold_loss":0.0,"damage_taken":0.0},{"damage_healed":0,"gold_gain":0,"player_choice":"Inject Mutagens","damage_taken":0,"relics_obtained":["MutagenicStrength"],"max_hp_gain":0,"max_hp_loss":0,"event_name":"Drug Dealer","floor":21,"gold_loss":0},{"cards_removed":["Strike_R"],"damage_healed":0,"gold_gain":0,"player_choice":"Elegance","damage_taken":0,"max_hp_gain":0,"max_hp_loss":0,"event_name":"Back to Basics","floor":28,"gold_loss":0},{"cards_removed":["Feed"],"damage_healed":39,"gold_gain":0,"player_choice":"Offered Rare","damage_taken":0,"max_hp_gain":10,"max_hp_loss":0,"event_name":"Bonfire Elementals","floor":29,"gold_loss":0}],"is_beta":false,"boss_relics":[{"not_picked":["infinitespire:Cupcake","Velvet Choker"],"picked":"Busted Crown"},{"not_picked":["SlaversCollar","Replay:Drink Me"],"picked":"reliquary:ThirdArm"}],"items_purged_floors":[0,3,19,31,42,46],"is_endless":false,"potions_floor_spawned":[1,4,13,14,24,27,35,41,44],"ascension_level":2}}