{"host":"r4aerl4ckfvw1dw3","time":1614150935,"event":{"mods":["BaseMod","BetterRewards","Minty Spire (QoL Compilation)","Quick Restart","StSLib"],"gold_per_floor":[117,5,5,21,21,52,52,84,133,14,31,31,31,42,42,140,140,156,168,186,276,288,319,319,30,30,46,76,76,76,76,76,173,173,193,193,213,32,51,51,51],"floor_reached":40,"language":"ENG","playtime":2008,"items_purged":["Strike_B"],"score":629,"play_id":"8e6c5edd-8b5d-446b-af01-c768bdfe70f7","local_time":"20210223231535","is_ascension_mode":true,"campfire_choices":[{"data":"Sweeping Beam","floor":7,"key":"SMITH"},{"floor":13,"key":"REST"},{"floor":15,"key":"REST"},{"floor":24,"key":"REST"},{"data":"Fission","floor":29,"key":"SMITH"},{"data":"Loop","floor":32,"key":"SMITH"}],"circlet_count":0,"master_deck":["Defend_B","Defend_B","Defend_B","Defend_B+1","Zap","Dualcast+1","Cold Snap","Defragment","Genetic Algorithm","Consume+1","Sweeping Beam+1","Ball Lightning","Loop+1","Ball Lightning","Coolheaded","Electrodynamics","Fission+1","Hologram+1","Conserve Battery+1","Seek","Stack","Cold Snap+1","Decay","Streamline","Heatsinks","Biased Cognition","CurseOfTheBell","Turbo+1","Recycle+1"],"relics":["Cracked Core","Blood Vial","War Paint","Bronze Scales","DataDisk","Cursed Key","Strawberry","Gambling Chip","Dream Catcher","Blue Candle","Calling Bell","Pen Nib","Darkstone Periapt","Torii","Membership Card"],"acts_visited":["Exordium","TheCity","TheBeyond"],"potions_floor_usage":[6,20,22,37,39],"damage_taken":[{"damage":6,"enemies":"Small Slimes","floor":1,"turns":4},{"damage":1,"enemies":"Cultist","floor":4,"turns":4},{"damage":21,"enemies":"Lagavulin","floor":6,"turns":7},{"damage":35,"enemies":"3 Sentries","floor":8,"turns":6},{"damage":3,"enemies":"2 Louse","floor":11,"turns":2},{"damage":12,"enemies":"Exordium Wildlife","floor":14,"turns":2},{"damage":41,"enemies":"The Guardian","floor":16,"turns":9},{"damage":0,"enemies":"Spheric Guardian","floor":18,"turns":3},{"damage":1,"enemies":"Chosen","floor":19,"turns":4},{"damage":8,"enemies":"Snecko","floor":20,"turns":4},{"damage":4,"enemies":"Centurion and Healer","floor":22,"turns":5},{"damage":13,"enemies":"Gremlin Leader","floor":23,"turns":5},{"damage":7,"enemies":"Snake Plant","floor":27,"turns":3},{"damage":8,"enemies":"Slavers","floor":28,"turns":3},{"damage":26,"enemies":"Collector","floor":33,"turns":11},{"damage":10,"enemies":"3 Shapes","floor":35,"turns":2},{"damage":7,"enemies":"3 Darklings","floor":37,"turns":3},{"damage":20,"enemies":"Writhing Mass","floor":39,"turns":7},{"damage":82,"enemies":"Giant Head","floor":40,"turns":10}],"seed_played":"8033963360728061961","potions_obtained":[{"floor":4,"key":"SteroidPotion"},{"floor":16,"key":"Regen Potion"},{"floor":19,"key":"Block Potion"},{"floor":23,"key":"LiquidBronze"},{"floor":28,"key":"ColorlessPotion"},{"floor":33,"key":"SmokeBomb"},{"floor":35,"key":"Block Potion"},{"floor":39,"key":"Ancient Potion"}],"is_trial":false,"path_per_floor":["M","$","?","M","?","E","R","E","T","$","M","?","R","M","R","B",null,"M","M","M","?","M","E","R","$","T","M","E","R","T","?","R","B",null,"M","?","M","$","M","E"],"character_chosen":"DEFECT","items_purchased":["Defragment","Genetic Algorithm","Loop","Ball Lightning","Gambling Chip","Membership Card"],"campfire_rested":3,"item_purchase_floors":[2,2,10,10,25,38],"current_hp_per_floor":[64,64,64,65,65,46,46,13,13,13,12,12,34,24,46,7,58,60,61,64,52,50,46,70,70,70,65,59,59,59,59,59,35,70,62,62,57,57,39,0,0],"gold":51,"neow_bonus":"RANDOM_COMMON_RELIC","is_daily":false,"chose_seed":false,"campfire_upgraded":3,"win_rate":0.0,"timestamp":1614150935,"path_taken":["M","$","?","?","?","E","R","E","T","?","M","?","R","M","R","BOSS","M","M","?","?","M","E","R","?","T","M","E","R","?","?","R","BOSS","M","?","M","$","?","E"],"items_purchased_type":["Card","Card","Card","Card","Relic","Relic"],"build_version":"2020-12-22","purchased_purges":1,"victory":false,"max_hp_per_floor":[75,75,75,75,75,75,75,75,75,75,75,75,75,75,75,75,75,75,75,75,75,75,82,82,82,82,82,82,82,82,82,82,82,82,82,82,82,82,82,82,82],"card_choices":[{"not_picked":["Reinforced Body","Steam"],"picked":"Cold Snap","floor":1},{"not_picked":["Compile Driver","Conserve Battery"],"picked":"Consume","floor":4},{"not_picked":["Machine Learning","Streamline"],"picked":"Sweeping Beam","floor":6},{"not_picked":["Streamline","Beam Cell"],"picked":"Ball Lightning","floor":8},{"not_picked":["Leap","Sweeping Beam"],"picked":"Coolheaded","floor":11},{"not_picked":["Reinforced Body","Compile Driver"],"picked":"Electrodynamics","floor":14},{"not_picked":["Thunder Strike","Biased Cognition"],"picked":"Fission","floor":16},{"not_picked":["Ball Lightning+1","Glacier"],"picked":"Hologram+1","floor":18},{"not_picked":["Streamline","Redo"],"picked":"Conserve Battery+1","floor":19},{"not_picked":["Barrage","Consume","Rebound"],"picked":"SKIP","floor":20},{"not_picked":["Fusion","Rebound+1"],"picked":"Seek","floor":22},{"not_picked":["Compile Driver","White Noise"],"picked":"Stack","floor":23},{"not_picked":["Fusion","Fission","Hologram"],"picked":"SKIP","floor":27},{"not_picked":["Fusion","Steam"],"picked":"Cold Snap+1","floor":28},{"not_picked":["All For One","Creative AI"],"picked":"Biased Cognition","floor":33},{"not_picked":["Sweeping Beam+1","Rebound"],"picked":"Turbo+1","floor":35},{"not_picked":["Static Discharge","Cold Snap","Turbo"],"picked":"SKIP","floor":37},{"not_picked":["Beam Cell","Ball Lightning"],"picked":"Recycle+1","floor":39}],"player_experience":694313,"relics_obtained":[{"floor":6,"key":"War Paint"},{"floor":8,"key":"Bronze Scales"},{"floor":9,"key":"DataDisk"},{"floor":23,"key":"Strawberry"},{"floor":28,"key":"Dream Catcher"},{"floor":30,"key":"Blue Candle"},{"floor":34,"key":"Pen Nib"},{"floor":34,"key":"Darkstone Periapt"},{"floor":34,"key":"Torii"}],"event_choices":[{"damage_healed":0,"gold_gain":0,"player_choice":"Forge","damage_taken":0,"max_hp_gain":0,"max_hp_loss":0,"event_name":"Accursed Blacksmith","floor":3,"gold_loss":0,"cards_upgraded":["Dualcast"]},{"damage_healed":0,"gold_gain":0,"player_choice":"Ignored","damage_taken":0,"max_hp_gain":0,"max_hp_loss":0,"event_name":"Liars Game","floor":5,"gold_loss":0},{"damage_healed":0,"gold_gain":0,"player_choice":"0 cards matched","damage_taken":0,"max_hp_gain":0,"max_hp_loss":0,"event_name":"Match and Keep!","floor":12,"gold_loss":0,"cards_obtained":[]},{"damage_healed":0,"gold_gain":90,"player_choice":"GOLD ","damage_taken":12,"max_hp_gain":0,"max_hp_loss":0,"event_name":"Knowing Skull","floor":21,"potions_obtained":[],"gold_loss":0,"cards_obtained":[]},{"damage_healed":0,"gold_gain":0,"cards_transformed":["Strike_B","Strike_B"],"player_choice":"Became Test Subject","damage_taken":0,"max_hp_gain":0,"max_hp_loss":0,"event_name":"Drug Dealer","floor":31,"gold_loss":0,"cards_obtained":["Streamline","Heatsinks"]},{"cards_removed":["Strike_B"],"damage_healed":0,"gold_gain":0,"player_choice":"Purged","damage_taken":0,"max_hp_gain":0,"max_hp_loss":0,"event_name":"Purifier","floor":36,"gold_loss":0}],"is_beta":false,"boss_relics":[{"not_picked":["Fusion Hammer","Runic Dome"],"picked":"Cursed Key"},{"not_picked":["Tiny House","Coffee Dripper"],"picked":"Calling Bell"}],"items_purged_floors":[38],"is_endless":false,"potions_floor_spawned":[4,16,19,23,28,33,35,39],"killed_by":"Giant Head","ascension_level":9}}