{"host":"xkmvu47k9fdstweo","time":1614143428,"event":{"mods":["BaseMod","Colored Map","Conspire","Hubris","Minty Spire (QoL Compilation)","Quick Restart","Shop Mod","StSLib"],"gold_per_floor":[115,48,48,65,15,45,64,79,106,140,152,183,206,68,68,172,172,191,191,9,20,20,46,46,77,101,121,138,167,194,48,48,149,149,169,187,187,187,287,312,148,166,240,257,289,289,300,153,153,153],"floor_reached":51,"language":"ENG","playtime":1351,"items_purged":["Strike_B+1"],"score":1604,"play_id":"4aec51f6-c957-4bf8-a5ba-6c73d5fd931a","local_time":"20210224001028","is_ascension_mode":true,"campfire_choices":[{"data":"Zap","floor":11.0,"key":"SMITH"},{"data":"hubris:PowerSurge","floor":15.0,"key":"SMITH"},{"data":"Buffer","floor":24.0,"key":"SMITH"},{"data":"Capacitor","floor":32.0,"key":"SMITH"},{"data":"Conserve Battery","floor":46,"key":"SMITH"},{"data":"Storm","floor":49,"key":"SMITH"}],"circlet_count":0,"master_deck":["AscendersBane","Strike_B+1","Defend_B+1","Defend_B+1","Defend_B+1","Defend_B+1","Zap+1","Dualcast+1","hubris:PowerSurge+1","hubris:PowerSurge+1","Hologram+1","Steam+1","Ball Lightning+1","Doom and Gloom+1","Capacitor+1","Machine Learning+1","Sweeping Beam+1","Leap+1","Electrodynamics+1","hubris:PowerSurge+1","BootSequence+1","Conserve Battery+1","Buffer+1","Hologram+1","Beam Cell+1","Lockon+1","Chill+1","hubris:Ukulele+1","Thunder Strike+1","Hello World+1","Barrage+1","Conserve Battery+1","Finesse+1","Conserve Battery+1","Conserve Battery+1","Skim+1","hubris:DoWhile+1","Storm+1"],"relics":["Cracked Core","NeowsBlessing","conspire:Flyswatter","MealTicket","MawBank","ClockworkSouvenir","SlaversCollar","DollysMirror","Bottled Flame","hubris:BallOfYels","Strawberry","Red Mask","Lantern","Blood Vial","hubris:Backtick","Mummified Hand","Mark of the Bloom","Toxic Egg 2","conspire:DeflatedDodgeball","Singing Bowl"],"acts_visited":["Exordium","TheCity","TheBeyond"],"potions_floor_usage":[50],"damage_taken":[{"damage":0.0,"enemies":"Jaw Worm","floor":1.0,"turns":1.0},{"damage":0.0,"enemies":"conspire:RoseBush","floor":4.0,"turns":1.0},{"damage":0.0,"enemies":"Gremlin Nob","floor":6.0,"turns":1.0},{"damage":0.0,"enemies":"2 Louse","floor":7.0,"turns":2.0},{"damage":5.0,"enemies":"conspire:2 RoseBushes","floor":8.0,"turns":5.0},{"damage":23.0,"enemies":"conspire:MimicChest","floor":10.0,"turns":6.0},{"damage":6.0,"enemies":"Exordium Wildlife","floor":12.0,"turns":2.0},{"damage":0.0,"enemies":"Lots of Slimes","floor":13.0,"turns":2.0},{"damage":0.0,"enemies":"Slime Boss","floor":16.0,"turns":7.0},{"damage":0.0,"enemies":"Spheric Guardian","floor":18.0,"turns":2.0},{"damage":0.0,"enemies":"3 Byrds","floor":21.0,"turns":2.0},{"damage":14.0,"enemies":"Book of Stabbing","floor":23.0,"turns":4.0},{"damage":0.0,"enemies":"Gremlin Leader","floor":25.0,"turns":4.0},{"damage":11.0,"enemies":"conspire:HollyBat","floor":27.0,"turns":6.0},{"damage":0.0,"enemies":"Snake Plant","floor":28.0,"turns":1.0},{"damage":0.0,"enemies":"Masked Bandits","floor":29.0,"turns":2.0},{"damage":0.0,"enemies":"conspire:SneckoGhost","floor":30.0,"turns":3.0},{"damage":54.0,"enemies":"Automaton","floor":33.0,"turns":8.0},{"damage":0.0,"enemies":"3 Shapes","floor":35.0,"turns":3.0},{"damage":16.0,"enemies":"3 Darklings","floor":36.0,"turns":3.0},{"damage":0.0,"enemies":"Nemesis","floor":40.0,"turns":5.0},{"damage":0.0,"enemies":"Spire Growth","floor":42.0,"turns":4.0},{"damage":9,"enemies":"Maw","floor":44,"turns":5},{"damage":0,"enemies":"Giant Head","floor":45,"turns":5},{"damage":0,"enemies":"Transient","floor":47,"turns":5},{"damage":0,"enemies":"Time Eater","floor":50,"turns":4}],"seed_played":"-5102463180770077938","potions_obtained":[{"floor":1.0,"key":"PowerPotion"},{"floor":6.0,"key":"Strength Potion"},{"floor":21.0,"key":"Swift Potion"},{"floor":28.0,"key":"SkillPotion"},{"floor":29.0,"key":"SteroidPotion"},{"floor":36.0,"key":"Fire Potion"},{"floor":45,"key":"DuplicationPotion"}],"is_trial":false,"path_per_floor":["M","$","?","M","$","E","M","M","T","?","R","M","M","$","R","B",null,"M","?","$","M","$","E","R","E","T","M","M","?","E","$","R","B",null,"M","M","?","?","?","E","$","M","T","M","E","R","M","$","R","B",null],"character_chosen":"DEFECT","items_purchased":["hubris:PowerSurge","Steam","ClockworkSouvenir","DollysMirror","BootSequence","Blood Vial","Finesse+1","hubris:DoWhile+1","Storm"],"campfire_rested":0,"item_purchase_floors":[2,5,14,20,20,31,41,48,48],"current_hp_per_floor":[68,68,68,68,68,68,68,63,63,40,40,34,34,49,49,49,69,69,69,75,75,75,61,61,61,68,57,57,57,57,72,72,20,67,69,55,55,55,55,55,55,55,55,46,46,46,46,46,46,46],"gold":153,"neow_bonus":"THREE_ENEMY_KILL","is_daily":false,"chose_seed":false,"campfire_upgraded":6,"win_rate":0.0,"timestamp":1614143428,"path_taken":["M","$","?","M","$","E","M","?","T","?","R","?","M","$","R","BOSS","M","?","$","M","$","E","R","E","T","?","M","?","E","?","R","BOSS","M","M","?","?","?","E","$","M","T","?","E","R","M","?","R","BOSS"],"items_purchased_type":["Card","Card","Relic","Relic","Card","Relic","Card","Card","Card"],"build_version":"2020-12-22","purchased_purges":1,"victory":true,"max_hp_per_floor":[75,75,75,75,75,75,75,75,75,75,75,75,75,75,75,75,75,75,75,75,75,75,75,75,75,82,82,82,82,82,82,82,82,82,82,82,82,82,82,82,82,82,82,82,84,84,84,84,84,84],"card_choices":[{"not_picked":["Undo","Turbo"],"picked":"hubris:PowerSurge","floor":1.0},{"not_picked":["Compile Driver","Go for the Eyes"],"picked":"Hologram","floor":4.0},{"not_picked":["BootSequence","Rebound"],"picked":"Ball Lightning","floor":6.0},{"not_picked":["Redo","Stack"],"picked":"Doom and Gloom","floor":7.0},{"not_picked":["Coolheaded","Blizzard"],"picked":"Capacitor","floor":8.0},{"not_picked":["Reinforced Body","Ball Lightning"],"picked":"Machine Learning","floor":10.0},{"not_picked":["Turbo","Ball Lightning"],"picked":"Sweeping Beam","floor":12.0},{"not_picked":["Steam","Auto Shields"],"picked":"Leap","floor":13.0},{"not_picked":["Hyperbeam","Seek"],"picked":"Electrodynamics","floor":16.0},{"not_picked":["Stack","Sweeping Beam","Rebound"],"picked":"SKIP","floor":18.0},{"not_picked":["Coolheaded+1","Ball Lightning+1"],"picked":"Conserve Battery","floor":21.0},{"not_picked":["Beam Cell+1","Streamline"],"picked":"Buffer","floor":23.0},{"not_picked":["Rip and Tear","Reinforced Body"],"picked":"Hologram","floor":25.0},{"not_picked":["Streamline","Stack"],"picked":"Beam Cell","floor":27.0},{"not_picked":["Ball Lightning","Coolheaded+1"],"picked":"Lockon","floor":28.0},{"not_picked":["Recycle","Glacier"],"picked":"Chill","floor":29.0},{"not_picked":["Reinforced Body","Go for the Eyes"],"picked":"hubris:Ukulele","floor":30.0},{"not_picked":["All For One","Amplify"],"picked":"Thunder Strike","floor":33.0},{"not_picked":["Leap","Genetic Algorithm"],"picked":"Hello World+1","floor":35.0},{"not_picked":["conspire:SharedLibrary","Beam Cell"],"picked":"Barrage","floor":36.0},{"not_picked":["Darkness+1","Rebound","Chaos+1"],"picked":"SKIP","floor":40.0},{"not_picked":["Reinforced Body+1","Leap+1"],"picked":"Conserve Battery+1","floor":42.0},{"not_picked":["Rebound","Self Repair"],"picked":"Conserve Battery+1","floor":44},{"not_picked":["Turbo+1","Rebound","Stack+1"],"picked":"Singing Bowl","floor":45},{"not_picked":["Double Energy+1","Steam+1"],"picked":"Skim+1","floor":47}],"player_experience":338409,"relics_obtained":[{"floor":6.0,"key":"conspire:Flyswatter"},{"floor":9.0,"key":"MealTicket"},{"floor":10.0,"key":"MawBank"},{"floor":23.0,"key":"Bottled Flame"},{"floor":25.0,"key":"hubris:BallOfYels"},{"floor":26.0,"key":"Strawberry"},{"floor":29.0,"key":"Red Mask"},{"floor":30.0,"key":"Lantern"},{"floor":40.0,"key":"Toxic Egg 2"},{"floor":43.0,"key":"conspire:DeflatedDodgeball"},{"floor":45,"key":"Singing Bowl"}],"event_choices":[{"cards_removed":["Strike_B"],"damage_healed":0.0,"max_hp_gain":0.0,"max_hp_loss":0.0,"gold_gain":0.0,"event_name":"Wheel of Change","player_choice":"Card Removal","floor":3.0,"gold_loss":0.0,"damage_taken":0.0},{"cards_removed":["Strike_B"],"damage_healed":0.0,"max_hp_gain":0.0,"max_hp_loss":0.0,"gold_gain":0.0,"event_name":"Bonfire Elementals","player_choice":"Offered Basic","floor":19.0,"gold_loss":0.0,"damage_taken":0.0},{"damage_healed":0.0,"max_hp_gain":0.0,"max_hp_loss":0.0,"gold_gain":0.0,"event_name":"Masked Bandits","player_choice":"Fought Bandits","floor":29.0,"gold_loss":0.0,"damage_taken":0.0},{"damage_healed":0.0,"max_hp_gain":0.0,"max_hp_loss":0.0,"gold_gain":0.0,"event_name":"MindBloom","player_choice":"Upgrade","floor":37.0,"gold_loss":0.0,"damage_taken":0.0,"cards_upgraded":["Strike_B","Strike_B","Defend_B","Defend_B","Defend_B","Defend_B","Dualcast","hubris:PowerSurge","Hologram","Steam","Ball Lightning","Doom and Gloom","Machine Learning","Sweeping Beam","Leap","Electrodynamics","BootSequence","Conserve Battery","Hologram","Beam Cell","Lockon","Chill","hubris:Ukulele","Thunder Strike","Barrage"],"relics_obtained":["Mark of the Bloom"]},{"damage_healed":0.0,"max_hp_gain":0.0,"max_hp_loss":0.0,"gold_gain":100.0,"event_name":"Golden Shrine","player_choice":"Pray","floor":39.0,"gold_loss":0.0,"damage_taken":0.0}],"is_beta":false,"boss_relics":[{"not_picked":["hubris:ScarierMask","Runic Dome"],"picked":"SlaversCollar"},{"not_picked":["hubris:TerracottaHorce","hubris:BlackHole"],"picked":"hubris:Backtick"}],"items_purged_floors":[41],"is_endless":false,"potions_floor_spawned":[1,6,8,12,21,28,29,36,42,45],"ascension_level":12}}