{"host":"lsar2779b552p7jm","time":1614126790,"event":{"mods":["Act Like it!","BaseMod","Colored Powertips","Conspire","Curses Come First","Downfall","Friendly Minions","Infinite Spire","Lobotomy","MarisaÅiñ∂âJÅ@ñÇóùçπÅj","Minty Spire (QoL Compilation)","Reliquary","Replay The Spire","Robot Space Explorer","StSLib","The Construct","The Cursed","The Disciple","The Marked","The Mystic","The Servant 0.9.4"],"gold_per_floor":[109,109,122,132,142,142,153,179,179,209,209,155,170,188,188,293,293,313,327,337,351,351,351,386,386,386],"floor_reached":25,"language":"ENG","playtime":1809,"items_purged":[],"score":262,"play_id":"c345670f-3d8c-4577-b153-5f0afe892980","local_time":"20210224013310","is_ascension_mode":false,"campfire_choices":[{"floor":6,"key":"REST"},{"floor":11,"key":"REST"},{"floor":15,"key":"REST"},{"floor":23,"key":"REST"}],"circlet_count":0,"master_deck":["Strike_MRS","Strike_MRS","Strike_MRS","Strike_MRS","Defend_MRS","Defend_MRS","Defend_MRS","Defend_MRS","MasterSpark+1","UpSweep","DoubleSpark","AlicesGift","FairyDestructionRay","PowerUp","DarkMatter","GasGiant","MysteriousBeam","PowerUp","EnergyFlow","GasGiant","ManaRampage","SuperPerseids","PowerUp","ChargeUpSpray","Replay:Fractal Strike","ShootingEcho"],"relics":["BewitchedHakkero","Mirror","Replay:Bottled Flurry","infinitespire:Lucky Rock","Replay:Grab Bag","RampagingMagicTools","Fusion Hammer","Gambling Chip"],"acts_visited":["Exordium","TheCity"],"potions_floor_usage":[16,24,25,25],"damage_taken":[{"damage":0,"enemies":"2 Louse","floor":1,"turns":2},{"damage":1,"enemies":"Cultist","floor":3,"turns":3},{"damage":6,"enemies":"Jaw Worm","floor":4,"turns":2},{"damage":0,"enemies":"Large Slime","floor":5,"turns":4},{"damage":9,"enemies":"2 Fungi Beasts","floor":7,"turns":2},{"damage":13,"enemies":"3 Sentries","floor":8,"turns":6},{"damage":16,"enemies":"Lagavulin","floor":10,"turns":5},{"damage":0,"enemies":"Looter","floor":13,"turns":2},{"damage":11,"enemies":"Large Slime","floor":14,"turns":3},{"damage":44,"enemies":"Hexaghost","floor":16,"turns":5},{"damage":17,"enemies":"3 Byrds","floor":18,"turns":4},{"damage":17,"enemies":"Shell Parasite","floor":19,"turns":4},{"damage":30,"enemies":"Snecko","floor":20,"turns":4},{"damage":17,"enemies":"conspire:HollyBat","floor":21,"turns":9},{"damage":11,"enemies":"Book of Stabbing","floor":24,"turns":4},{"damage":24,"enemies":"Shelled Parasite and Fungi","floor":25,"turns":3}],"seed_played":"5539734738931725138","potions_obtained":[{"floor":4,"key":"infinitespire:BlackPotion"},{"floor":7,"key":"hexamod:SoulburnPotion"},{"floor":13,"key":"BottledSpark"},{"floor":14,"key":"conspire:TimeTravelPotion"},{"floor":16,"key":"BottledSpark"}],"is_trial":false,"path_per_floor":["M","?","M","M","M","R","M","E","T","E","R","$","M","M","R","B",null,"M","M","M","M","AVR","R","E","M"],"character_chosen":"MARISA","items_purchased":["PowerUp"],"campfire_rested":4,"item_purchase_floors":[12],"current_hp_per_floor":[82,82,81,75,75,82,73,60,60,44,68,68,68,57,81,37,82,65,48,18,1,1,25,14,0,0],"gold":386,"neow_bonus":"TEN_PERCENT_HP_BONUS","is_daily":false,"chose_seed":false,"campfire_upgraded":0,"win_rate":0.0,"timestamp":1614126790,"path_taken":["M","?","M","M","M","R","M","E","T","E","R","$","M","?","R","BOSS","M","M","M","M","AVR","R","E","M"],"items_purchased_type":["Card"],"build_version":"2020-12-22","purchased_purges":0,"victory":false,"max_hp_per_floor":[82,82,82,82,82,82,82,82,82,82,82,82,82,82,82,82,82,82,82,82,82,82,82,82,82,82],"card_choices":[{"not_picked":["ManaConvection","MilkyWay"],"picked":"DoubleSpark","floor":1},{"not_picked":["GravityBeat","DoubleSpark"],"picked":"AlicesGift","floor":3},{"not_picked":["MilkyWay","PropBag"],"picked":"FairyDestructionRay","floor":4},{"not_picked":["LuminesStrike","OneTimeOff"],"picked":"PowerUp","floor":5},{"not_picked":["ShootingEcho","MilkyWay"],"picked":"DarkMatter","floor":7},{"not_picked":["MaximisePower","OpenUniverse"],"picked":"GasGiant","floor":8},{"not_picked":["AsteroidBelt","Acceleration"],"picked":"MysteriousBeam","floor":10},{"not_picked":["MagicAbsorber","IllusionStar"],"picked":"EnergyFlow","floor":13},{"not_picked":["WitchOfGreed","MeteoricShower"],"picked":"GasGiant","floor":14},{"not_picked":["CollectingQuirk","StarDustReverie"],"picked":"ManaRampage","floor":16},{"not_picked":["GalacticHalo","SporeBomb"],"picked":"SuperPerseids","floor":18},{"not_picked":["GravityBeat","NonDirectionalLaser+1"],"picked":"PowerUp","floor":19},{"not_picked":["PropBag","Acceleration"],"picked":"ChargeUpSpray","floor":20},{"not_picked":["DeepEcoloBomb","GasGiant","ShootTheMoon"],"picked":"SKIP","floor":21},{"not_picked":["WitchLeyline","6A+1"],"picked":"ShootingEcho","floor":24}],"player_experience":3670,"relics_obtained":[{"floor":8,"key":"Mirror"},{"floor":9,"key":"Replay:Bottled Flurry"},{"floor":10,"key":"infinitespire:Lucky Rock"},{"floor":24,"key":"Gambling Chip"}],"event_choices":[{"damage_healed":0,"gold_gain":0,"player_choice":"Forge","damage_taken":0,"max_hp_gain":0,"max_hp_loss":0,"event_name":"Accursed Blacksmith","floor":2,"gold_loss":0,"cards_upgraded":["MasterSpark"]}],"is_beta":false,"boss_relics":[{"not_picked":["Replay:Wanted Poster","Cursed Key"],"picked":"Replay:Grab Bag"},{"not_picked":["reliquary:RedCape","infinitespire:Cupcake"],"picked":"RampagingMagicTools"},{"not_picked":["Busted Crown","reliquary:KinkedSpring"],"picked":"Fusion Hammer"},{"not_picked":["construct:WeddingRing","Replay:Drink Me"],"picked":"BewitchedHakkero"}],"items_purged_floors":[],"is_endless":false,"potions_floor_spawned":[4,7,13,14,16,19,20,21],"killed_by":"Shelled Parasite and Fungi","ascension_level":0}}