{"host":"tr0r177cvmpvg89h","time":1614177361,"event":{"mods":["BaseMod","Colored Map","DeckTracker","Minty Spire (QoL Compilation)","StSLib","SuperFastMode"],"gold_per_floor":[114,124,124,49,124,156,166,193,219,219,238,262,90,106,106,211,211,227,241,116,133,133,133,144,144,144,177,177,177],"floor_reached":28,"language":"KOR","playtime":1649,"items_purged":["Strike_B","Strike_B","Leap"],"score":273,"play_id":"0d276b81-610f-455a-bd39-edcf086d64a3","local_time":"20210224233601","is_ascension_mode":false,"campfire_choices":[{"data":"Redo","floor":10,"key":"SMITH"},{"floor":15,"key":"REST"},{"data":"Defragment","floor":23,"key":"SMITH"}],"circlet_count":0,"master_deck":["Defend_B","Defend_B","Defend_B","Zap","Dualcast","Streamline","Cold Snap","Redo+1","Conserve Battery","Sweeping Beam","Defragment+1","Amplify","Amplify","Gash+1","Loop+1","Undo+1","Ball Lightning","Coolheaded","Self Repair"],"relics":["Cracked Core","NeowsBlessing","Bag of Marbles","Orichalcum","Happy Flower","Odd Mushroom","Astrolabe","Meat on the Bone","Gremlin Horn"],"acts_visited":["Exordium","TheCity"],"potions_floor_usage":[16,16,27],"damage_taken":[{"damage":0,"enemies":"Small Slimes","floor":1,"turns":1},{"damage":0,"enemies":"Cultist","floor":2,"turns":1},{"damage":0,"enemies":"Lagavulin","floor":6,"turns":1},{"damage":0,"enemies":"2 Louse","floor":7,"turns":2},{"damage":27,"enemies":"Gremlin Nob","floor":8,"turns":4},{"damage":4,"enemies":"Gremlin Gang","floor":11,"turns":5},{"damage":18,"enemies":"The Mushroom Lair","floor":12,"turns":5},{"damage":0,"enemies":"3 Louse","floor":14,"turns":3},{"damage":10,"enemies":"Hexaghost","floor":16,"turns":15},{"damage":15,"enemies":"2 Thieves","floor":18,"turns":4},{"damage":4,"enemies":"Chosen","floor":19,"turns":4},{"damage":27,"enemies":"3 Cultists","floor":21,"turns":5},{"damage":27,"enemies":"Snake Plant","floor":24,"turns":3},{"damage":19,"enemies":"Book of Stabbing","floor":27,"turns":7},{"damage":20,"enemies":"Cultist and Chosen","floor":28,"turns":4}],"seed_played":"-2937464013649977","potions_obtained":[{"floor":11,"key":"DistilledChaos"},{"floor":14,"key":"Block Potion"},{"floor":16,"key":"ColorlessPotion"},{"floor":21,"key":"Fire Potion"}],"is_trial":false,"path_per_floor":["M","M","?","$","?","E","M","E","T","R","M","?","$","M","R","B",null,"M","M","$","M","?","R","M","?","T","E","M"],"character_chosen":"DEFECT","items_purchased":["Defragment"],"campfire_rested":1,"item_purchase_floors":[13],"current_hp_per_floor":[75,75,75,75,68,68,68,41,41,41,37,19,19,19,41,31,75,60,56,56,29,29,29,2,27,27,20,0,0],"gold":177,"neow_bonus":"THREE_ENEMY_KILL","is_daily":false,"chose_seed":false,"campfire_upgraded":2,"win_rate":0.0,"timestamp":1614177361,"path_taken":["M","M","?","$","?","E","M","E","T","R","?","?","$","M","R","BOSS","M","M","$","M","?","R","?","?","T","E","M"],"items_purchased_type":["Card"],"build_version":"2020-12-22","purchased_purges":3,"victory":false,"max_hp_per_floor":[75,75,75,75,75,75,75,75,75,75,75,75,75,75,75,75,75,75,75,75,75,75,75,75,75,75,75,75,75],"card_choices":[{"not_picked":["Go for the Eyes","Redo"],"picked":"Streamline","floor":1},{"not_picked":["Sweeping Beam","Scrape"],"picked":"Cold Snap","floor":2},{"not_picked":["Streamline","Genetic Algorithm"],"picked":"Redo","floor":6},{"not_picked":["Cold Snap","Streamline"],"picked":"Redo","floor":7},{"not_picked":["Blizzard","Scrape"],"picked":"Conserve Battery","floor":8},{"not_picked":["Undo","Conserve Battery"],"picked":"Leap","floor":11},{"not_picked":["Skim","Stack"],"picked":"Sweeping Beam","floor":12},{"not_picked":["Stack","Undo"],"picked":"Amplify","floor":14},{"not_picked":["Multi-Cast","Rainbow"],"picked":"Amplify","floor":16},{"not_picked":["Cold Snap","BootSequence","Barrage+1"],"picked":"SKIP","floor":18},{"not_picked":["Redo","Leap"],"picked":"Ball Lightning","floor":19},{"not_picked":["Stack","Heatsinks","Go for the Eyes"],"picked":"SKIP","floor":21},{"not_picked":["Fusion","Scrape"],"picked":"Coolheaded","floor":24},{"not_picked":["Rip and Tear","Compile Driver"],"picked":"Self Repair","floor":27}],"player_experience":133426,"relics_obtained":[{"floor":6,"key":"Bag of Marbles"},{"floor":8,"key":"Orichalcum"},{"floor":9,"key":"Happy Flower"},{"floor":12,"key":"Odd Mushroom"},{"floor":26,"key":"Meat on the Bone"},{"floor":27,"key":"Gremlin Horn"}],"event_choices":[{"cards_removed":["Strike_B"],"damage_healed":0,"gold_gain":0,"player_choice":"Forget","damage_taken":0,"max_hp_gain":0,"max_hp_loss":0,"event_name":"Living Wall","floor":3,"gold_loss":0},{"damage_healed":0,"gold_gain":75,"player_choice":"Touch","damage_taken":7,"max_hp_gain":0,"max_hp_loss":0,"event_name":"FaceTrader","floor":5,"gold_loss":0},{"damage_healed":0,"gold_gain":0,"player_choice":"Fought Mushrooms","damage_taken":0,"max_hp_gain":0,"max_hp_loss":0,"event_name":"Mushrooms","floor":12,"gold_loss":0},{"damage_healed":0,"gold_gain":0,"player_choice":"Ignored","damage_taken":0,"max_hp_gain":0,"max_hp_loss":0,"event_name":"NoteForYourself","floor":22,"gold_loss":0},{"damage_healed":25,"gold_gain":0,"player_choice":"Heal","damage_taken":0,"max_hp_gain":0,"max_hp_loss":0,"event_name":"The Library","floor":25,"gold_loss":0}],"is_beta":false,"boss_relics":[{"not_picked":["Black Star","Ectoplasm"],"picked":"Astrolabe"}],"items_purged_floors":[4,13,20],"is_endless":false,"potions_floor_spawned":[11,14,16,21],"killed_by":"Cultist and Chosen","ascension_level":0}}