{"host":"7fyy23rucerupe6i","time":1614141837,"event":{"mods":["AchievementEnabler","Act Like it!","Aspiration","BaseMod","Better Note","BetterRewards","Colored Map","Colored Powertips","Conspire","Curses Come First","Custom Start","Downfall","Googly Eyes","Marisa£®ÏF”Í°°ƒß¿Ì…≥£©","Minty Spire (QoL Compilation)","Quick Restart","Relic Stats","Shop Mod","ShortenTheSpire","Spicy Shops","StSLib","SuperFastMode","The Blackbeard","The Construct","The Cursed","The Senshi","The Servant 0.9.4"],"gold_per_floor":[112,128,143,143,143,143,143],"floor_reached":6,"language":"ZHS","playtime":182,"items_purged":[],"score":72,"play_id":"1857cf66-1b57-4647-8de2-e51f150c32bd","local_time":"20210224124357","is_ascension_mode":true,"campfire_choices":[],"circlet_count":0,"master_deck":["AscendersBane","Strike_R","Strike_R","Strike_R","Strike_R","Defend_R","Defend_R","Defend_R","Defend_R","Bash","Armaments+1","Pummel","Twin Strike"],"relics":["Burning Blood","Toxic Egg 2","ClockworkSouvenir","Omamori","Shovel","Mummified Hand"],"acts_visited":["Exordium"],"potions_floor_usage":[],"damage_taken":[{"damage":12,"enemies":"Cultist","floor":1,"turns":4},{"damage":14,"enemies":"Jaw Worm","floor":2,"turns":4},{"damage":3,"enemies":"2 Louse","floor":3,"turns":3},{"damage":0,"enemies":"Lagavulin","floor":6,"turns":4}],"seed_played":"7721895826471231219","potions_obtained":[],"is_trial":false,"path_per_floor":["M","M","M","?","?","E"],"character_chosen":"IRONCLAD","items_purchased":["Toxic Egg 2","ClockworkSouvenir","Omamori","Shovel"],"campfire_rested":0,"item_purchase_floors":[0,0,0,0],"current_hp_per_floor":[27,19,22,22,22,22,22],"gold":143,"neow_bonus":"","is_daily":false,"chose_seed":false,"campfire_upgraded":0,"win_rate":0.0,"timestamp":1614141837,"path_taken":["M","M","?","?","?","E"],"items_purchased_type":["Relic","Relic","Relic","Relic"],"build_version":"2020-12-22","purchased_purges":0,"victory":false,"max_hp_per_floor":[75,75,75,75,75,75,75],"relic_stats":{"Shovel":0,"counters":[45,144],"Mummified Hand":[0],"obtain_stats":[{"Ice Cream":0,"Vajra":0,"Sling":0,"Blood Vial":0,"Centennial Puzzle":0,"DollysMirror":0,"conspire:DecoderRing":13,"MealTicket":9,"Kunai":0,"Toxic Egg 2":0,"conspire:Dentures":10,"MerchantsRug":0,"Girya":0,"Happy Flower":0,"Oddly Smooth Stone":0,"WarpedTongs":11,"conspire:GiftBox":0,"Shuriken":0,"Brimstone":0,"Bird Faced Urn":0,"Molten Egg 2":9,"Meat on the Bone":9,"Pocketwatch":0,"Lantern":0,"Incense Burner":0,"Juzu Bracelet":0,"PrismaticShard":0,"Smiling Mask":7,"Burning Blood":0,"ClockworkSouvenir":0,"Matryoshka":0,"Shovel":0,"Mummified Hand":0,"Slimebound:StickyStick":0,"Gambling Chip":0,"Tiny Chest":0,"Lee\u0027s Waffle":0,"Golden Idol":2,"Self Forming Clay":0,"hexamod:Sixitude":0,"aspiration:HummingbirdHeart":7,"Omamori":0,"Frozen Egg 2":0,"Mercury Hourglass":0,"Peace Pipe":0,"sneckomod:BabySnecko":0,"Bag of Marbles":0,"Gatherer:AlchemyBag":0,"Toy Ornithopter":0},{"Ice Cream":37,"Vajra":32,"Sling":37,"Blood Vial":32,"Centennial Puzzle":37,"DollysMirror":32,"conspire:DecoderRing":30,"MealTicket":20,"Kunai":11,"Toxic Egg 2":16,"conspire:Dentures":21,"MerchantsRug":0,"Girya":24,"Happy Flower":24,"Oddly Smooth Stone":16,"WarpedTongs":21,"conspire:GiftBox":6,"Shuriken":11,"Brimstone":32,"Bird Faced Urn":7,"Molten Egg 2":5,"Meat on the Bone":5,"Pocketwatch":11,"Lantern":32,"Incense Burner":6,"Juzu Bracelet":7,"PrismaticShard":24,"Smiling Mask":28,"Burning Blood":0,"ClockworkSouvenir":0,"Matryoshka":0,"Shovel":41,"Mummified Hand":7,"Slimebound:StickyStick":24,"Gambling Chip":24,"Tiny Chest":16,"Lee\u0027s Waffle":6,"Golden Idol":1,"Self Forming Clay":24,"hexamod:Sixitude":32,"aspiration:HummingbirdHeart":15,"Omamori":36,"Frozen Egg 2":24,"Mercury Hourglass":0,"Peace Pipe":36,"sneckomod:BabySnecko":16,"Bag of Marbles":32,"Gatherer:AlchemyBag":0,"Toy Ornithopter":16},{"Ice Cream":118,"Vajra":104,"Sling":118,"Blood Vial":104,"Centennial Puzzle":118,"DollysMirror":104,"conspire:DecoderRing":96,"MealTicket":61,"Kunai":36,"Toxic Egg 2":51,"conspire:Dentures":63,"MerchantsRug":0,"Girya":75,"Happy Flower":75,"Oddly Smooth Stone":51,"WarpedTongs":63,"conspire:GiftBox":17,"Shuriken":36,"Brimstone":104,"Bird Faced Urn":19,"Molten Egg 2":15,"Meat on the Bone":15,"Pocketwatch":36,"Lantern":104,"Incense Burner":17,"Juzu Bracelet":19,"PrismaticShard":75,"Smiling Mask":86,"Burning Blood":0,"ClockworkSouvenir":0,"Matryoshka":0,"Shovel":130,"Mummified Hand":19,"Slimebound:StickyStick":75,"Gambling Chip":75,"Tiny Chest":51,"Lee\u0027s Waffle":17,"Golden Idol":3,"Self Forming Clay":75,"hexamod:Sixitude":104,"aspiration:HummingbirdHeart":48,"Omamori":117,"Frozen Egg 2":75,"Mercury Hourglass":0,"Peace Pipe":117,"sneckomod:BabySnecko":51,"Bag of Marbles":104,"Gatherer:AlchemyBag":0,"Toy Ornithopter":51}],"Burning Blood":96},"card_choices":[{"not_picked":["Blood for Blood","Body Slam","True Grit+1"],"picked":"SKIP","floor":1},{"not_picked":["Warcry+1","Anger"],"picked":"Armaments+1","floor":2},{"not_picked":["Wild Strike","Twin Strike"],"picked":"Pummel","floor":3}],"player_experience":603649,"relics_obtained":[],"event_choices":[{"damage_healed":0,"gold_gain":0,"cards_transformed":["Strike_R"],"player_choice":"Change","damage_taken":0,"max_hp_gain":0,"max_hp_loss":0,"event_name":"Living Wall","floor":4,"gold_loss":0,"cards_obtained":["Twin Strike"]},{"damage_healed":0,"gold_gain":0,"player_choice":"Box","damage_taken":0,"relics_obtained":["Mummified Hand"],"max_hp_gain":0,"max_hp_loss":0,"event_name":"Big Fish","floor":5,"gold_loss":0,"cards_obtained":["Regret"]}],"is_beta":false,"boss_relics":[],"items_purged_floors":[],"is_endless":false,"potions_floor_spawned":[],"killed_by":"Lagavulin","ascension_level":20}}