{"host":"fnlf8nl5agtxb8g8","time":1614203126,"event":{"mods":["Act Like it!","BaseMod","Better Altar","Better Match","Better Note","Better Sensory Stone","Better Skull","Better Third Choice","Better Vampires","Downfall","Minty Spire (QoL Compilation)","Quick Restart","Rare Cards Sparkle","StSLib"],"gold_per_floor":[99,112,112,112,123,154,154,154,173,190,25,56,56,90,108,211,211,211,230,246,265,281,310,336,336,361,91,102,102,102,89,99,203,203,203,218,268,268,285,319,343,43,43,43,77,77,77,105,120,120,120,120],"floor_reached":50,"language":"ENG","playtime":5227,"items_purged":["downfall:Malfunctioning","downfall:Bewildered","Slimebound:Defend_Slimebound"],"score":770,"play_id":"8d157496-117d-4f7d-9b94-6092a729055e","local_time":"20210224154526","is_ascension_mode":true,"campfire_choices":[{"data":"Slimebound:Split","floor":1.0,"key":"SMITH"},{"data":"Slimebound:TagTeam","floor":13.0,"key":"SMITH"},{"data":"Slimebound:MassRepurpose","floor":18.0,"key":"SMITH"},{"floor":35,"key":"RECALL"},{"data":"Slimebound:WasteNot","floor":42,"key":"SMITH"},{"data":"Slimebound:TagTeam","floor":44,"key":"SMITH"},{"data":"Slimebound:TagTeam","floor":47,"key":"SMITH"}],"circlet_count":0,"master_deck":["Slimebound:Strike_Slimebound+1","Slimebound:Strike_Slimebound+1","Slimebound:Strike_Slimebound","Slimebound:Tackle+1","Slimebound:Defend_Slimebound","Slimebound:Defend_Slimebound","Slimebound:Defend_Slimebound","Slimebound:Split+1","Slimebound:CorrosiveSpit","Slimebound:Prepare","Slimebound:GoopSpray","Slimebound:Repurpose+1","Slimebound:TagTeam+1","Slimebound:TagTeam+1","Slimebound:Replication","Slimebound:Equalize","Slimebound:MassRepurpose+1","Slimebound:Equalize","Slimebound:SplitSpecialist+1","Slimebound:Equalize","Slimebound:TagTeam+1","Slimebound:Nibble","Slimebound:Nibble","Slimebound:WasteNot+1"],"relics":["Slimebound:AbsorbEndCombat","Slimebound:SlimedTailRelic","Pear","Boot","Potion Belt","White Beast Statue","Black Star","Frozen Egg 2","Darkstone Periapt","Juzu Bracelet","TungstenRod","Gremlin Horn","Toolbox","Enchiridion","MutagenicStrength","Medical Kit","bronze:MakeshiftBattery","FossilizedHelix","War Paint","Guardian:PocketSentry","downfall:HeartBlessingRed","downfall:HeartBlessingGreen","downfall:HeartBlessingBlue","Bag of Marbles","Dream Catcher","Bottled Lightning","Smiling Mask","InkBottle"],"acts_visited":["Exordium","TheCity","TheBeyond"],"potions_floor_usage":[23,23,26,27,37,40,50],"damage_taken":[{"damage":11.0,"enemies":"2 Louse","floor":2.0,"turns":4.0},{"damage":8.0,"enemies":"Small Slimes","floor":5.0,"turns":3.0},{"damage":35.0,"enemies":"Gremlin Nob","floor":6.0,"turns":4.0},{"damage":3.0,"enemies":"Cultist","floor":9.0,"turns":3.0},{"damage":0.0,"enemies":"Exordium Wildlife","floor":10.0,"turns":3.0},{"damage":2.0,"enemies":"downfall:FleeingMerchant","floor":11.0,"turns":4.0},{"damage":12.0,"enemies":"3 Sentries","floor":12.0,"turns":6.0},{"damage":3.0,"enemies":"Lagavulin","floor":14.0,"turns":5.0},{"damage":6.0,"enemies":"2 Fungi Beasts","floor":15.0,"turns":3.0},{"damage":36.0,"enemies":"WA_ARCHETYPE_RETAIN","floor":16.0,"turns":6.0},{"damage":1.0,"enemies":"Shell Parasite","floor":19.0,"turns":4.0},{"damage":27.0,"enemies":"Spheric Guardian","floor":20.0,"turns":5.0},{"damage":5.0,"enemies":"Centurion and Healer","floor":21.0,"turns":6.0},{"damage":40.0,"enemies":"Sentry and Sphere","floor":22.0,"turns":5.0},{"damage":22,"enemies":"Slavers","floor":23,"turns":3},{"damage":18,"enemies":"Book of Stabbing","floor":26,"turns":5},{"damage":5,"enemies":"downfall:FleeingMerchant","floor":27,"turns":4},{"damage":7,"enemies":"Chosen and Byrds","floor":28,"turns":4},{"damage":8,"enemies":"downfall:FleeingMerchant","floor":31,"turns":4},{"damage":28,"enemies":"Shelled Parasite and Fungi","floor":32,"turns":3},{"damage":29,"enemies":"IC_MUSHROOM_ARCHETYPE","floor":33,"turns":5},{"damage":0,"enemies":"3 Shapes","floor":36,"turns":2},{"damage":33,"enemies":"2 Orb Walkers","floor":37,"turns":5},{"damage":12,"enemies":"3 Darklings","floor":39,"turns":3},{"damage":12,"enemies":"Reptomancer","floor":40,"turns":6},{"damage":0,"enemies":"Giant Head","floor":45,"turns":6},{"damage":0,"enemies":"Nemesis","floor":48,"turns":3},{"damage":0,"enemies":"Maw","floor":49,"turns":5},{"damage":134,"enemies":"SI_POISON_ARCHETYPE","floor":50,"turns":5}],"seed_played":"-8430342398234287182","potions_obtained":[{"floor":5.0,"key":"SkillPotion"},{"floor":10.0,"key":"FearPotion"},{"floor":15.0,"key":"bronze:BurnAndBuffPotion"},{"floor":16.0,"key":"PowerPotion"},{"floor":19.0,"key":"Slimebound:SlimyTonguePotion"},{"floor":20.0,"key":"SteroidPotion"},{"floor":21.0,"key":"Slimebound:SlimedPotion"},{"floor":23,"key":"BlessingOfTheForge"},{"floor":26,"key":"Fire Potion"},{"floor":27,"key":"Dexterity Potion"},{"floor":28,"key":"Slimebound:SlimedPotion"},{"floor":31,"key":"LiquidBronze"},{"floor":37,"key":"DistilledChaos"},{"floor":39,"key":"Regen Potion"},{"floor":40,"key":"Weak Potion"}],"is_trial":false,"path_per_floor":["R","M","?","?","M","E","T","?","M","M","$","E","R","E","M","B",null,"R","M","M","M","M","E","T","?","E","$","M","?","?","$","M","B",null,"R","M","?","?","M","E","T","R","?","R","E","T","R","E","M","B"],"character_chosen":"SLIMEBOUND","items_purchased":["Slimebound:TagTeam","Toolbox","Medical Kit","Slimebound:Nibble"],"campfire_rested":0,"item_purchase_floors":[11,27,31,31],"current_hp_per_floor":[65,56,61,61,57,38,38,38,39,41,47,41,41,44,40,20,80,80,80,61,66,44,53,53,53,49,52,67,52,52,74,58,43,80,80,80,61,61,80,72,72,82,82,82,90,90,90,90,90,0,0,0],"gold":120,"neow_bonus":"ONE_RARE_RELIC","is_daily":false,"chose_seed":false,"campfire_upgraded":6,"win_rate":0.0,"timestamp":1614203126,"path_taken":["R","M","?","?","M","E","T","?","M","M","?","E","R","E","M","BOSS","R","M","M","M","M","E","T","?","E","$","M","?","?","?","M","BOSS","R","M","?","?","M","E","T","R","?","R","E","?","R","E","M","BOSS"],"items_purchased_type":["Card","Relic","Relic","Card"],"build_version":"2020-12-22","purchased_purges":3,"victory":false,"max_hp_per_floor":[65,65,70,70,70,80,80,80,80,80,80,80,80,80,80,80,80,80,80,80,80,80,80,80,80,80,80,80,80,80,80,80,80,80,80,80,80,80,80,80,80,90,90,90,90,90,90,90,90,90,90,90],"card_choices":[{"not_picked":["Slimebound:Grow","Slimebound:Chomp","Slimebound:GoopTackle"],"picked":"SKIP","floor":2.0},{"not_picked":["Slimebound:RollThrough","Slimebound:GoopTackle"],"picked":"Slimebound:Prepare","floor":5.0},{"not_picked":["Slimebound:HauntingLick","Slimebound:LeechEnergy","Slimebound:Schlurp"],"picked":"SKIP","floor":6.0},{"not_picked":["Slimebound:SplitAcid","Slimebound:SamplingLick"],"picked":"Slimebound:GoopSpray","floor":9.0},{"not_picked":["Slimebound:Recollect","Slimebound:RainOfGoop"],"picked":"Slimebound:Repurpose","floor":10.0},{"not_picked":["Slimebound:ServeAndProtect","Slimebound:MegaLick","Slimebound:ItLooksTasty"],"picked":"SKIP","floor":11.0},{"not_picked":["Slimebound:SamplingLick","Slimebound:ComboTackle"],"picked":"Slimebound:TagTeam","floor":12.0},{"not_picked":["Slimebound:LivingWall","Slimebound:SlimeBrawl"],"picked":"Slimebound:Replication","floor":14.0},{"not_picked":["Slimebound:RollThrough","Slimebound:GoopSpray"],"picked":"Slimebound:Equalize","floor":15.0},{"not_picked":["Slimebound:SelfFormingGoo","Slimebound:PrepareCrush"],"picked":"Slimebound:MassRepurpose","floor":16.0},{"not_picked":["Slimebound:GoopSpray","Slimebound:RollThrough+1","Slimebound:SplitMire"],"picked":"SKIP","floor":19.0},{"not_picked":["Slimebound:DisruptingSlam","Slimebound:SamplingLick","Slimebound:Recollect"],"picked":"SKIP","floor":20.0},{"not_picked":["Slimebound:SlimeSpikes+1","Slimebound:HauntingLick"],"picked":"Slimebound:Equalize","floor":21.0},{"not_picked":["Slimebound:FinishingTackle","Slimebound:Schlurp"],"picked":"Slimebound:SplitSpecialist","floor":22.0},{"not_picked":["Slimebound:ServeAndProtect","Slimebound:ViciousTackle+1"],"picked":"Slimebound:Equalize","floor":23},{"not_picked":["Slimebound:SplitBruiser","Slimebound:GrowthPunch+1","Slimebound:GoopSpray"],"picked":"SKIP","floor":26},{"not_picked":["Slimebound:SplitLeeching+1","Slimebound:LeadByExample+1"],"picked":"Slimebound:TagTeam","floor":27},{"not_picked":["Slimebound:SplitMire","Slimebound:SplitAcid"],"picked":"Slimebound:Nibble","floor":28},{"not_picked":["Slimebound:SpikyOuterGoop+1","Slimebound:PrepareCrush","Slimebound:ItLooksTasty"],"picked":"SKIP","floor":31},{"not_picked":["Slimebound:SplitLeeching","Slimebound:DivideAndConquer","Slimebound:TongueLash+1"],"picked":"SKIP","floor":32},{"not_picked":["Slimebound:PrepareCrush","Slimebound:SlimeSlap"],"picked":"Slimebound:WasteNot","floor":33},{"not_picked":["Slimebound:TongueLash","Slimebound:SplitBruiser","Slimebound:FinishingTackle"],"picked":"SKIP","floor":36},{"not_picked":["Slimebound:GoopSpray+1","Slimebound:Dissolve+1","Slimebound:SamplingLick"],"picked":"SKIP","floor":39},{"not_picked":["Slimebound:SplitAcid+1","Slimebound:FinishingTackle+1","Slimebound:SlimeSlap"],"picked":"SKIP","floor":40},{"not_picked":["Slimebound:Grow+1","Slimebound:LeechEnergy+1","Slimebound:ItLooksTasty"],"picked":"SKIP","floor":45},{"not_picked":["Slimebound:ServeAndProtect+1","Slimebound:WasteNot","Slimebound:SlimeBarrage"],"picked":"SKIP","floor":48},{"not_picked":["Slimebound:LeechEnergy","Slimebound:SplitAcid","Slimebound:HauntingLick+1"],"picked":"SKIP","floor":49}],"player_experience":902084,"relics_obtained":[{"floor":6.0,"key":"Pear"},{"floor":7.0,"key":"Boot"},{"floor":12.0,"key":"Potion Belt"},{"floor":14.0,"key":"White Beast Statue"},{"floor":23,"key":"Frozen Egg 2"},{"floor":23,"key":"Darkstone Periapt"},{"floor":24,"key":"Juzu Bracelet"},{"floor":26,"key":"TungstenRod"},{"floor":26,"key":"Gremlin Horn"},{"floor":29,"key":"Enchiridion"},{"floor":37,"key":"FossilizedHelix"},{"floor":40,"key":"War Paint"},{"floor":40,"key":"Guardian:PocketSentry"},{"floor":45,"key":"Bag of Marbles"},{"floor":45,"key":"Dream Catcher"},{"floor":46,"key":"Bottled Lightning"},{"floor":48,"key":"Smiling Mask"},{"floor":48,"key":"InkBottle"}],"event_choices":[{"damage_healed":0.0,"max_hp_gain":5.0,"max_hp_loss":0.0,"gold_gain":0.0,"event_name":"Big Fish","player_choice":"Donut","floor":3.0,"gold_loss":0.0,"damage_taken":0.0},{"cards_removed":["Slimebound:TagTeam"],"damage_healed":0,"gold_gain":0,"player_choice":"Give","damage_taken":0,"max_hp_gain":0,"max_hp_loss":0,"event_name":"betterNote:BetterNote","floor":25,"gold_loss":0,"cards_obtained":["None"]},{"damage_healed":0,"gold_gain":0,"player_choice":"Inject Mutagens","damage_taken":0,"relics_obtained":["MutagenicStrength"],"max_hp_gain":0,"max_hp_loss":0,"event_name":"Drug Dealer","floor":30,"gold_loss":0},{"damage_healed":0,"gold_gain":0,"player_choice":"Fight","damage_taken":0,"max_hp_gain":0,"max_hp_loss":0,"event_name":"Mysterious Sphere","floor":37,"gold_loss":0}],"is_beta":false,"boss_relics":[{"not_picked":["Fusion Hammer","Cursed Key"],"picked":"Black Star"},{"not_picked":["Calling Bell","SacredBark"],"picked":"bronze:MakeshiftBattery"}],"items_purged_floors":[11,27,31],"is_endless":false,"potions_floor_spawned":[5,10,15,16,19,20,21,22,23,26,27,28,31,32,33,36,37,39,40,45,48,49],"killed_by":"SI_POISON_ARCHETYPE","ascension_level":1}}