{"host":"m0xu04lznsue37gd","time":1614171085,"event":{"mods":["2.2 Compatiblity","AchievementEnabler","Act Like it!","BaseMod","Better Third Choice","Colored Map","Colored Powertips","Hallownest","Minty Spire (QoL Compilation)","Quick Restart","Random Character Button","StSLib","Synergy Search"],"gold_per_floor":[110,110,181,202,202,202,245,261,261,284,284,299,299,29,29,29,29],"floor_reached":16,"language":"ENG","playtime":471,"items_purged":[],"score":195,"play_id":"2fb8708d-5f0f-4139-b0f0-0773dee77691","local_time":"20210224135125","is_ascension_mode":true,"campfire_choices":[{"data":"Whirlwind","floor":6.0,"key":"SMITH"},{"floor":13.0,"key":"REST"},{"floor":15.0,"key":"REST"}],"circlet_count":0,"master_deck":["AscendersBane","Strike_R","Strike_R","Strike_R","Strike_R","Strike_R","Defend_R","Defend_R","Defend_R","Defend_R","Bash","Clash","Whirlwind+1","Burn+1","Havoc+1","Metallicize","Rampage+1","True Grit+1","Secret Weapon+1","Shrug It Off+1"],"relics":["Velvet Choker","Golden Idol","Toxic Egg 2","Shuriken"],"acts_visited":["Exordium"],"potions_floor_usage":[],"damage_taken":[{"damage":7.0,"enemies":"Small Slimes","floor":1.0,"turns":4.0},{"damage":2.0,"enemies":"2 Louse","floor":4.0,"turns":2.0},{"damage":37.0,"enemies":"Gremlin Nob","floor":7.0,"turns":4.0},{"damage":12.0,"enemies":"Jaw Worm","floor":8.0,"turns":2.0},{"damage":0.0,"enemies":"3 Louse","floor":10.0,"turns":1.0},{"damage":0.0,"enemies":"Looter","floor":12.0,"turns":1.0},{"damage":44,"enemies":"Hexaghost","floor":16,"turns":9}],"seed_played":"-8767768530117076693","potions_obtained":[{"floor":1.0,"key":"PowerPotion"},{"floor":10.0,"key":"LiquidMemories"}],"is_trial":false,"path_per_floor":["M","?","?","M","?","R","E","M","T","M","?","M","R","$","R","B"],"character_chosen":"IRONCLAD","items_purchased":["Secret Weapon+1","Shrug It Off+1"],"campfire_rested":2,"item_purchase_floors":[14,14],"current_hp_per_floor":[61,61,61,59,59,59,22,10,10,10,10,10,30,30,50,6,6],"gold":29,"neow_bonus":"BOSS_RELIC","is_daily":false,"chose_seed":false,"campfire_upgraded":1,"win_rate":0.0,"timestamp":1614171085,"path_taken":["M","?","?","M","?","R","E","M","T","?","?","M","R","$","R","BOSS"],"items_purchased_type":["Card","Card"],"build_version":"2020-12-22","purchased_purges":0,"victory":false,"max_hp_per_floor":[75,68,68,68,68,68,68,68,68,68,68,68,68,68,68,68,68],"card_choices":[{"not_picked":["Ghostly Armor","Twin Strike"],"picked":"Clash","floor":1.0},{"not_picked":["Anger","Body Slam"],"picked":"Whirlwind","floor":4.0},{"not_picked":["Berserk","Iron Wave"],"picked":"Havoc+1","floor":7.0},{"not_picked":["Body Slam","Intimidate+1"],"picked":"Metallicize","floor":8.0},{"not_picked":["Body Slam","Anger"],"picked":"Rampage","floor":10.0},{"not_picked":["Bloodletting+1","Cleave"],"picked":"True Grit+1","floor":12.0}],"player_experience":675626,"relics_obtained":[{"floor":7.0,"key":"Toxic Egg 2"},{"floor":9.0,"key":"Shuriken"}],"event_choices":[{"damage_healed":0.0,"max_hp_gain":0.0,"max_hp_loss":7.0,"gold_gain":0.0,"event_name":"Golden Idol","player_choice":"Lose Max HP","floor":2.0,"gold_loss":0.0,"damage_taken":0.0,"relics_obtained":["Golden Idol"]},{"damage_healed":0.0,"max_hp_gain":0.0,"max_hp_loss":0.0,"gold_gain":71.0,"event_name":"Golden Wing","player_choice":"Gained Gold","floor":3.0,"gold_loss":0.0,"damage_taken":0.0},{"damage_healed":59.0,"max_hp_gain":0.0,"max_hp_loss":68.0,"gold_gain":0.0,"event_name":"betterThird:BetterShining","player_choice":"Embrace Burn","floor":5.0,"gold_loss":0.0,"damage_taken":0.0},{"damage_healed":0.0,"max_hp_gain":0.0,"max_hp_loss":0.0,"gold_gain":0.0,"event_name":"Living Wall","player_choice":"Grow","floor":11.0,"gold_loss":0.0,"damage_taken":0.0,"cards_upgraded":["Rampage"]}],"is_beta":false,"boss_relics":[],"items_purged_floors":[],"is_endless":false,"potions_floor_spawned":[1,10],"killed_by":"Hexaghost","ascension_level":19}}