{"host":"ajzb762wgznenkzt","time":1614179192,"event":{"mods":["Act Like it!","Arknights","BaseMod","CapriCore","Gensokyo","Hallownest","HololiveMod","Koishi","Library of Ruina","Library of Ruina Extra","Minty Spire (QoL Compilation)","Quick Restart","Remilia£®¿Ÿ√◊¿Ú—«£©","Replay The Spire","Shop Mod","StSLib","The Bug Knight","The Immortal"],"gold_per_floor":[112,112,62,62,82,107,107,133,180,180,180,193,118,132,132,230,230,246,284,303,203,203,233,76,111,137,150,150,162,176,176,176,279,279,297,310,321,165,165,165,185,185,208,225,225,225,225,243,243,243],"floor_reached":51,"language":"ZHS","playtime":3438,"items_purged":["LightAttack","LightAttack+1"],"score":820,"play_id":"47a36e57-b1cc-4573-ae3c-467057954ad4","local_time":"20210224230632","is_ascension_mode":false,"campfire_choices":[{"data":"Reload","floor":7.0,"key":"SMITH"},{"floor":15.0,"key":"REST"},{"floor":28.0,"key":"REST"},{"data":"TheRedNotes","floor":32.0,"key":"SMITH"},{"data":"Reload","floor":40.0,"key":"SMITH"},{"data":"Gensokyo:UnhurriedMind","floor":46,"key":"SMITH"}],"circlet_count":0,"master_deck":["ChargeAndCover+1","Reload+1","Reload+1","TimeForALittleTest+1","Reload+1","CleanUp","Punishment+1","Track+1","SummaryJudgment","TheRedNotes+1","Unlock1","FocusFire+1","EnergyCycle+1","CleanUp","Castigation","UnavoidableGaze+1","Gensokyo:UnhurriedMind+1","HandlingWork"],"relics":["PageOfLibrarian","War Paint","Replay:Bottled Steam","Nunchaku","Astrolabe","White Beast Statue","Blood Vial","PreservedInsect","PageOfSingingMachine","Dream Catcher","Chameleon Ring","Empty Cage","PageOfBloodbath","Lantern","Gensokyo:EmptyGrave","PageOfWayBackHome"],"acts_visited":["Exordium","TheCity","Gensokyo:Gensokyoest"],"potions_floor_usage":[42,50,50,50],"damage_taken":[{"damage":0.0,"enemies":"ats:Genji","floor":1.0,"turns":5.0},{"damage":0.0,"enemies":"2 Louse","floor":5.0,"turns":2.0},{"damage":19.0,"enemies":"3 Sentries","floor":6.0,"turns":7.0},{"damage":0.0,"enemies":"HollowMod:MossKnight","floor":8.0,"turns":4.0},{"damage":0.0,"enemies":"Small Slimes","floor":12.0,"turns":1.0},{"damage":0.0,"enemies":"2 Fungi Beasts","floor":14.0,"turns":2.0},{"damage":0.0,"enemies":"Hexaghost","floor":16.0,"turns":5.0},{"damage":2.0,"enemies":"Chosen","floor":18.0,"turns":2.0},{"damage":0.0,"enemies":"Centurion and Healer","floor":20.0,"turns":3.0},{"damage":33.0,"enemies":"Slavers","floor":23.0,"turns":4.0},{"damage":8.0,"enemies":"HollowMod:Nosk","floor":25.0,"turns":3.0},{"damage":0.0,"enemies":"Snake Plant","floor":27.0,"turns":2.0},{"damage":2.0,"enemies":"Chosen and Byrds","floor":29.0,"turns":2.0},{"damage":4.0,"enemies":"Cultist and Chosen","floor":30.0,"turns":3.0},{"damage":26.0,"enemies":"Collector","floor":33.0,"turns":6.0},{"damage":4.0,"enemies":"Gensokyo:3_Boulders","floor":35.0,"turns":4.0},{"damage":0.0,"enemies":"Gensokyo:3_Bats","floor":36.0,"turns":2.0},{"damage":12.0,"enemies":"Gensokyo:Sharpion","floor":37.0,"turns":2.0},{"damage":5.0,"enemies":"Gensokyo:Dusk_and_Dawn","floor":41.0,"turns":2.0},{"damage":53,"enemies":"Gensokyo:Dusk_and_Dawn","floor":42,"turns":4},{"damage":0,"enemies":"Gensokyo:3_Boulders","floor":44,"turns":2},{"damage":0,"enemies":"Gensokyo:SeedOfUnknown","floor":48,"turns":1},{"damage":28,"enemies":"Gensokyo:Yuyuko","floor":50,"turns":5}],"seed_played":"-5563722816008066774","potions_obtained":[{"floor":6.0,"key":"FairyPotion"},{"floor":8.0,"key":"Dexterity Potion"},{"floor":12.0,"key":"SkillPotion"},{"floor":16.0,"key":"PowerPotion"},{"floor":23.0,"key":"Block Potion"},{"floor":27.0,"key":"Reflective Coating"},{"floor":33.0,"key":"Strength Potion"},{"floor":35.0,"key":"Energy Potion"},{"floor":36.0,"key":"Swift Potion"},{"floor":41.0,"key":"Venom Potion"},{"floor":44,"key":"Languid Potion"},{"floor":48,"key":"Venom Potion"}],"is_trial":false,"path_per_floor":["M","?","?","?","M","E","R","E","T","?","?","M","$","M","R","B",null,"M","?","M","$","?","E","$","E","T","M","R","M","M","T","R","B",null,"M","M","M","$","?","R","M","?","T","M","?","R","T","M","R","B",null],"character_chosen":"Librarian","items_purchased":["PreservedInsect","PageOfBloodbath"],"campfire_rested":2,"item_purchase_floors":[24,38],"current_hp_per_floor":[60,60,60,65,65,46,46,46,46,27,18,18,18,18,47,62,97,95,57,57,57,57,25,25,19,19,21,50,50,48,48,48,25,97,93,95,85,85,85,85,82,82,82,84,84,84,84,90,90,90],"gold":243,"neow_bonus":"RANDOM_EVENT","is_daily":false,"chose_seed":false,"campfire_upgraded":4,"win_rate":0.0,"timestamp":1614179192,"path_taken":["M","?","?","?","M","E","R","E","T","?","?","?","?","M","R","BOSS","BOSS","M","?","M","$","?","E","$","E","T","M","R","M","M","?","R","BOSS","M","?","?","$","?","R","M","?","T","M","?","R","?","M","R","BOSS"],"items_purchased_type":["Relic","Relic"],"build_version":"2020-12-22","purchased_purges":2,"victory":true,"max_hp_per_floor":[63,63,63,68,74,74,74,97,97,97,97,97,97,97,97,97,97,97,97,97,97,97,97,97,97,97,97,97,97,97,97,97,97,97,97,97,97,97,97,97,97,97,97,97,90,90,90,90,90,90],"card_choices":[{"not_picked":["EnergyShield","ShrineToMusic","QuickAttack","FieryWaltz","ViolentFlame","Creak","DesperateStruggle","Gigigig"],"picked":"Reload","floor":1.0},{"not_picked":["NonstopAssault","EnergyShield","DeepDrag","Quickness","GuardingStance","ConcentratedFire","Leap_lor","GrazeTheGrass"],"picked":"Reload","floor":5.0},{"not_picked":["QuickSuppression","SunsetBlade","DesperateStruggle","ElectricShock","Punishment","Diversion","Decapitation","BindingArms","WrathOfTorment"],"picked":"SKIP","floor":6.0},{"not_picked":["Standoff","NonstopAssault","GrazeTheGrass","SuppressingShot","StrongStrike","StartinOutLightly","Reload","FlashingStrike"],"picked":"TimeForALittleTest","floor":8.0},{"not_picked":["Mutilate","EnergyCycle","SpearedSweep","EnergyShield","FendThisOffIfYouCan","AGoldenOpportunity","Gigigig","MultiHit","Rewind"],"picked":"SKIP","floor":12.0},{"not_picked":["Overcharge","WillOfThePrescript","Overpower","ClassAndRespect","ExtractFuel","TendonChords","FleetFootsteps","SinglePointStab"],"picked":"Reload","floor":14.0},{"not_picked":["EnergyBeam","RagingStormLove"],"picked":"CleanUp","floor":16.0},{"not_picked":["Execute_lor","OpportunitySpotted","InkOver+1","EnergyStrike","GuidanceOfTheGears","Pound+1","BulkyImpact+1","ReadyUp+1"],"picked":"SummaryJudgment","floor":18.0},{"not_picked":["Reload+1","FleetEdge","FlashingStrike","Parry","BindingArms+1","Suppress","DarkCloud+1","UpbeatPerformance"],"picked":"TheRedNotes","floor":19.0},{"not_picked":["Quickness","AsThePrescriptOrders","UpbeatPerformance","SkitterAway","Thrust","Ripple+1","SpearedSweep","WillBeTasty","TendonChords"],"picked":"SKIP","floor":20.0},{"not_picked":["FlashingStrike+1","Diversion","FierceOnslaught","Concentration+1","MindPrepared","BlazingStrike","Parry+1","SummaryJudgment","ViolentFlame"],"picked":"SKIP","floor":23.0},{"not_picked":["StrikeDown","EnergyShield","DirtyBlow","SturdyDefense+1","SuppressingShot","PreemptiveStrike+1","ClassAndRespect","SerpentSwordTechnique"],"picked":"Unlock1","floor":25.0},{"not_picked":["StrongStrike","CombatPreparation","Thirst","Riposte","QuickSuppression+1","FleetEdge","GutHarvesting","Thrust+1"],"picked":"FocusFire+1","floor":27.0},{"not_picked":["EnergyShield+1","HandleRequest","PreemptiveStrike","SnakesPrey","Thirst","WillOfThePrescript","SpearedSweep","EnergyStrike"],"picked":"EnergyCycle+1","floor":28.0},{"not_picked":["StrikeDown","EnergyBeam","BiXi+1","HighKick","CutIn","EnergyCycle+1","Standoff","FierceCharge","GuidanceOfTheGears"],"picked":"SKIP","floor":29.0},{"not_picked":["Diversion","TimeForALittleTest","DefenseOrder","SpearedSweep","HighKick","StrongStrike+1","HandlingWork","FierceCharge+1"],"picked":"CleanUp","floor":30.0},{"not_picked":["SuanNi","BoundaryOfDeath"],"picked":"Castigation","floor":33.0},{"not_picked":["EnergyShield","Guardian_lor+1","TasteMyFlamingBat+1","StructuralAnalysis+1","Outburst+1","FocusFire","FleetEdge","FleetFootsteps","ToOvercomeCrisis"],"picked":"SKIP","floor":35.0},{"not_picked":["QuickAttack+1","GuardingStance","PreemptiveStrike+1","WaitUp+1","FleetFootsteps+1","SuppressingShot","PinpointShot+1","HighKick+1","DefenseOrder+1"],"picked":"SKIP","floor":36.0},{"not_picked":["QuickAttack+1","EnergyBeam","PinpointShot+1","FleetFootsteps+1","EnergyCycle+1","StrongStrike","RatsGuideToSurvival","Pound+1","Outburst+1"],"picked":"SKIP","floor":37.0},{"not_picked":["YoureAHindrance+1","SerpentSwordTechnique","StrongStrike","Eliminate+1","CoordinatedAssault","ElectricShock","SharpenedBlade","LeRegole"],"picked":"UnavoidableGaze+1","floor":41.0},{"not_picked":["Gensokyo:RisingWorld","Gensokyo:UnlikelyAid"],"picked":"Gensokyo:UnhurriedMind","floor":42},{"not_picked":["MultiHit+1","MultiBlock+1","UndertakePrescript+1","RulesOfTheBackstreets","MindCrush","FleetEdge+1","Outburst","EnergyCycle","EnergyShield+1"],"picked":"SKIP","floor":44},{"not_picked":["Multislash+1","FlashingStrike","SnakesPrey+1","NightInTheBackstreets","EnergyBeam","PinpointShot","ViolentFlame","Thrust+1","Cruelty"],"picked":"SKIP","floor":48}],"player_experience":786625,"relics_obtained":[{"floor":6.0,"key":"War Paint"},{"floor":8.0,"key":"Replay:Bottled Steam"},{"floor":9.0,"key":"Nunchaku"},{"floor":19.0,"key":"White Beast Statue"},{"floor":23.0,"key":"Blood Vial"},{"floor":25.0,"key":"PageOfSingingMachine"},{"floor":26.0,"key":"Dream Catcher"},{"floor":31.0,"key":"Chameleon Ring"},{"floor":43,"key":"Lantern"},{"floor":47,"key":"PageOfWayBackHome"}],"event_choices":[{"cards_removed":["LightDefense"],"damage_healed":0.0,"max_hp_gain":0.0,"max_hp_loss":0.0,"gold_gain":0.0,"event_name":"Living Wall","player_choice":"Forget","floor":0.0,"gold_loss":0.0,"damage_taken":0.0},{"cards_removed":["FocusedStrikes"],"damage_healed":0.0,"max_hp_gain":0.0,"max_hp_loss":0.0,"gold_gain":0.0,"event_name":"The Cleric","player_choice":"Card Removal","floor":3.0,"gold_loss":50.0,"damage_taken":0.0},{"damage_healed":0.0,"max_hp_gain":5.0,"max_hp_loss":0.0,"gold_gain":0.0,"event_name":"Big Fish","player_choice":"Donut","floor":4.0,"gold_loss":0.0,"damage_taken":0.0},{"damage_healed":0.0,"max_hp_gain":0.0,"max_hp_loss":0.0,"gold_gain":0.0,"event_name":"Shining Light","player_choice":"Entered Light","floor":10.0,"gold_loss":0.0,"damage_taken":19.0,"cards_upgraded":["TimeForALittleTest","LightAttack"]},{"damage_healed":0.0,"max_hp_gain":0.0,"max_hp_loss":0.0,"gold_gain":0.0,"event_name":"Wheel of Change","player_choice":"Damaged","floor":11.0,"gold_loss":0.0,"damage_taken":9.0},{"damage_healed":0.0,"max_hp_gain":0.0,"max_hp_loss":0.0,"gold_gain":0.0,"event_name":"Vampires","player_choice":"Ignored","floor":22.0,"gold_loss":0.0,"damage_taken":0.0}],"is_beta":false,"boss_relics":[{"not_picked":["Busted Crown","Runic Pyramid"],"picked":"Astrolabe"},{"not_picked":["ChewingGum","Sozu"],"picked":"Empty Cage"}],"items_purged_floors":[13,21],"is_endless":false,"potions_floor_spawned":[6,8,12,16,20,23,25,27,29,30,33,35,36,37,41,44,48],"ascension_level":0}}