{"host":"ztme5fio60r7om62","time":1614142325,"event":{"mods":["BaseMod","Highlight Path","Minty Spire (QoL Compilation)","Permanent Neow","everything is the same but u backflip on backflip"],"gold_per_floor":[111,130,141,24,36,36,48,67,67,45,45,73,51,70,70,171,171,183,183,183,183],"floor_reached":20,"language":"KOR","playtime":1441,"items_purged":[],"score":251,"play_id":"09ef986a-219c-4a7f-8cd0-e17138dd03e4","local_time":"20210224135205","is_ascension_mode":false,"campfire_choices":[{"data":"Bludgeon","floor":6.0,"key":"SMITH"},{"data":"Clash","floor":11.0,"key":"SMITH"},{"data":"Intimidate","floor":15.0,"key":"SMITH"}],"circlet_count":0,"master_deck":["Barricade+1","Apotheosis+1","Shrug It Off+1","Shrug It Off+1","Shrug It Off+1","Shrug It Off+1","Shrug It Off+1","Body Slam+1","Body Slam+1","Body Slam+1","Impervious","Entrench+1","Entrench+1"],"relics":["Burning Blood","NeowsBlessing","Bag of Preparation","Art of War","Whetstone","Mark of Pain"],"acts_visited":["TheCity"],"potions_floor_usage":[],"damage_taken":[{"damage":0.0,"enemies":"Cultist","floor":1.0,"turns":1.0},{"damage":0.0,"enemies":"Small Slimes","floor":2.0,"turns":1.0},{"damage":0.0,"enemies":"Jaw Worm","floor":3.0,"turns":1.0},{"damage":7.0,"enemies":"Blue Slaver","floor":5.0,"turns":2.0},{"damage":8.0,"enemies":"Large Slime","floor":7.0,"turns":3.0},{"damage":0.0,"enemies":"2 Fungi Beasts","floor":8.0,"turns":2.0},{"damage":22.0,"enemies":"3 Sentries","floor":12.0,"turns":5.0},{"damage":0.0,"enemies":"Red Slaver","floor":14.0,"turns":1.0},{"damage":0.0,"enemies":"Slime Boss","floor":16.0,"turns":5.0},{"damage":0,"enemies":"Shell Parasite","floor":18,"turns":3},{"damage":0,"enemies":"3 Byrds","floor":20,"turns":1}],"seed_played":"8078792838790443762","potions_obtained":[{"floor":5.0,"key":"Swift Potion"},{"floor":7.0,"key":"DistilledChaos"},{"floor":14.0,"key":"SkillPotion"}],"is_trial":false,"path_per_floor":["M","M","M","?","M","R","M","M","T","$","R","E","$","M","R","B",null,"M","?","M"],"character_chosen":"IRONCLAD","items_purchased":["Thunderclap","Flex"],"campfire_rested":0,"item_purchase_floors":[10,13],"current_hp_per_floor":[80,80,80,80,79,79,77,80,80,80,80,64,64,70,70,76,80,80,80,80,80],"gold":183,"neow_bonus":"THREE_ENEMY_KILL","is_daily":false,"chose_seed":false,"campfire_upgraded":3,"win_rate":0.0,"timestamp":1614142325,"path_taken":["M","?","M","?","M","R","M","M","T","$","R","E","$","M","R","BOSS","M","?","M"],"items_purchased_type":["Card","Card"],"build_version":"2020-12-22","purchased_purges":0,"victory":false,"max_hp_per_floor":[80,80,80,80,80,80,80,80,80,80,80,80,80,80,80,80,80,80,80,80,80],"card_choices":[{"not_picked":["Clothesline","Sword Boomerang"],"picked":"Clash","floor":1.0},{"not_picked":["Body Slam","Evolve"],"picked":"Anger","floor":2.0},{"not_picked":["Shrug It Off","Warcry"],"picked":"Bludgeon","floor":3.0},{"not_picked":["Fire Breathing","Ghostly Armor"],"picked":"Headbutt","floor":5.0},{"not_picked":["Heavy Blade","Headbutt"],"picked":"Clothesline","floor":7.0},{"not_picked":["Second Wind","Twin Strike","Warcry"],"picked":"SKIP","floor":8.0},{"not_picked":["Heavy Blade","Thunderclap"],"picked":"Metallicize","floor":12.0},{"not_picked":["Uppercut","Bloodletting"],"picked":"Intimidate","floor":14.0},{"not_picked":["Brutality","Impervious"],"picked":"Immolate","floor":16.0},{"not_picked":["Twin Strike+1","Burning Pact","Headbutt"],"picked":"SKIP","floor":18}],"player_experience":619569,"relics_obtained":[{"floor":9.0,"key":"Art of War"},{"floor":12.0,"key":"Whetstone"}],"event_choices":[{"damage_healed":0.0,"max_hp_gain":0.0,"max_hp_loss":0.0,"gold_gain":0.0,"event_name":"WeMeetAgain","player_choice":"Paid Gold","floor":4.0,"gold_loss":117.0,"damage_taken":0.0,"relics_obtained":["Bag of Preparation"]},{"damage_healed":0,"gold_gain":0,"player_choice":"Simplicity","damage_taken":0,"max_hp_gain":0,"max_hp_loss":0,"event_name":"Back to Basics","floor":19,"gold_loss":0,"cards_upgraded":[]}],"is_beta":false,"boss_relics":[{"not_picked":["SlaversCollar","Tiny House"],"picked":"Mark of Pain"}],"items_purged_floors":[],"is_endless":false,"potions_floor_spawned":[5,7,14,16],"killed_by":"3 Byrds","ascension_level":0}}