{"host":"m0bekkrd201b63ug","time":1614179221,"event":{"mods":["AchievementEnabler","BaseMod","Colored Powertips","Highlight Path","Minty Spire (QoL Compilation)","Rare Cards Sparkle","StSLib","SuperFastMode","everything is the same but u backflip on backflip","slay the spire mod where everything is the same but ironclad has a cowboy hat"],"gold_per_floor":[13,13,13,28,42,42,67,86,86,86,101,101,131,156,156,255,255,267,280,295,220,233,233,264,276,276,289,24,55,68,68,68,172,172,182,182,182,202,252,252,269,269,269,269,269],"floor_reached":44,"language":"ENG","playtime":1681,"items_purged":["Strike_B"],"score":690,"play_id":"381c3a2a-3bb2-4db9-9f8e-9c060b94d1cc","local_time":"20210224120701","is_ascension_mode":true,"campfire_choices":[{"data":"Go for the Eyes","floor":6.0,"key":"SMITH"},{"floor":10.0,"key":"REST"},{"floor":12.0,"key":"REST"},{"data":"Zap","floor":15.0,"key":"SMITH"},{"data":"Fission","floor":23.0,"key":"SMITH"},{"data":"Doom and Gloom","floor":32,"key":"SMITH"},{"data":"Strike_B","floor":40,"key":"PURGE"},{"floor":42,"key":"REST"}],"circlet_count":0,"master_deck":["AscendersBane","Strike_B","Defend_B","Defend_B","Defend_B","Defend_B","Zap+1","Dualcast","Streamline+1","Electrodynamics","Go for the Eyes+1","Fission+1","Leap","Leap","Echo Form","Doom and Gloom+1"],"relics":["FrozenCore","StoneCalendar","Torii","Calipers","Lizard Tail","Snecko Eye","Bronze Scales","Girya","Lee\u0027s Waffle","Orichalcum","Peace Pipe","Strawberry"],"acts_visited":["Exordium","TheCity","TheBeyond"],"potions_floor_usage":[44],"damage_taken":[{"damage":5.0,"enemies":"Small Slimes","floor":1.0,"turns":3.0},{"damage":7.0,"enemies":"Jaw Worm","floor":4.0,"turns":3.0},{"damage":0.0,"enemies":"Cultist","floor":5.0,"turns":2.0},{"damage":15.0,"enemies":"3 Sentries","floor":7.0,"turns":3.0},{"damage":27.0,"enemies":"Large Slime","floor":8.0,"turns":5.0},{"damage":0.0,"enemies":"3 Louse","floor":11.0,"turns":3.0},{"damage":34.0,"enemies":"Gremlin Nob","floor":14.0,"turns":4.0},{"damage":5.0,"enemies":"The Guardian","floor":16.0,"turns":11.0},{"damage":2.0,"enemies":"Shell Parasite","floor":18.0,"turns":4.0},{"damage":1.0,"enemies":"Spheric Guardian","floor":19.0,"turns":4.0},{"damage":24.0,"enemies":"3 Cultists","floor":20.0,"turns":4.0},{"damage":1.0,"enemies":"Cultist and Chosen","floor":22.0,"turns":4.0},{"damage":27.0,"enemies":"Book of Stabbing","floor":24.0,"turns":7.0},{"damage":9.0,"enemies":"Snake Plant","floor":25.0,"turns":3.0},{"damage":2.0,"enemies":"Snecko","floor":27.0,"turns":5.0},{"damage":38.0,"enemies":"Slavers","floor":29.0,"turns":4.0},{"damage":1.0,"enemies":"Cultist and Chosen","floor":30.0,"turns":3.0},{"damage":39,"enemies":"Automaton","floor":33,"turns":7},{"damage":12,"enemies":"3 Darklings","floor":35,"turns":3},{"damage":3,"enemies":"Orb Walker","floor":38,"turns":4},{"damage":1,"enemies":"Mind Bloom Boss Battle","floor":39,"turns":7},{"damage":23,"enemies":"4 Shapes","floor":41,"turns":3},{"damage":65,"enemies":"Giant Head","floor":44,"turns":8}],"seed_played":"8097387211814790517","potions_obtained":[{"floor":1.0,"key":"SneckoOil"},{"floor":4.0,"key":"PowerPotion"},{"floor":5.0,"key":"LiquidMemories"},{"floor":14.0,"key":"Fire Potion"},{"floor":22.0,"key":"PowerPotion"},{"floor":24.0,"key":"PowerPotion"},{"floor":27.0,"key":"Energy Potion"},{"floor":29.0,"key":"Dexterity Potion"},{"floor":30,"key":"Ancient Potion"},{"floor":38,"key":"AttackPotion"}],"is_trial":false,"path_per_floor":["M","?","?","M","M","R","E","M","T","R","M","R","?","E","R","B",null,"M","M","M","?","M","R","E","M","T","M","$","E","M","?","R","B",null,"M","?","?","M","?","R","M","R","T","E"],"character_chosen":"DEFECT","items_purchased":["Doom and Gloom","Lee\u0027s Waffle"],"campfire_rested":3,"item_purchase_floors":[28,28],"current_hp_per_floor":[63,63,63,56,56,56,41,14,14,36,36,58,58,24,24,19,61,59,58,34,34,33,33,6,37,37,35,82,44,43,70,70,31,69,57,57,57,54,53,53,30,53,60,0,0],"gold":269,"neow_bonus":"ONE_RARE_RELIC","is_daily":false,"chose_seed":false,"campfire_upgraded":4,"win_rate":0.0,"timestamp":1614179221,"path_taken":["M","?","?","?","M","R","E","M","T","R","M","R","?","E","R","BOSS","M","M","M","?","M","R","E","M","T","M","$","E","M","?","R","BOSS","M","?","?","M","?","R","?","R","T","E"],"items_purchased_type":["Card","Relic"],"build_version":"2020-12-22","purchased_purges":1,"victory":false,"max_hp_per_floor":[75,75,75,75,75,75,75,75,75,75,75,75,75,75,75,75,75,75,75,75,75,75,75,75,75,75,75,82,82,82,82,82,82,82,82,82,78,78,78,78,78,78,85,85,85],"card_choices":[{"not_picked":["BootSequence","Cold Snap"],"picked":"Streamline","floor":1.0},{"not_picked":["Barrage","Steam","Scrape"],"picked":"SKIP","floor":4.0},{"not_picked":["Barrage","Doom and Gloom"],"picked":"Go for the Eyes","floor":5.0},{"not_picked":["Sweeping Beam","Ball Lightning"],"picked":"Fission","floor":7.0},{"not_picked":["Coolheaded","Melter"],"picked":"Leap","floor":8.0},{"not_picked":["Coolheaded","Compile Driver"],"picked":"Leap","floor":11.0},{"not_picked":["Streamline","Doom and Gloom","Redo"],"picked":"SKIP","floor":14.0},{"not_picked":["All For One","Multi-Cast"],"picked":"Echo Form","floor":16.0},{"not_picked":["Ball Lightning","Steam+1","Rebound+1"],"picked":"SKIP","floor":18.0},{"not_picked":["Reprogram","Cold Snap","Compile Driver+1"],"picked":"SKIP","floor":19.0},{"not_picked":["Reprogram","Cold Snap","Compile Driver+1"],"picked":"SKIP","floor":19.0},{"not_picked":["FTL","Ball Lightning","Hologram"],"picked":"SKIP","floor":20.0},{"not_picked":["Streamline","Steam","Go for the Eyes"],"picked":"SKIP","floor":22.0},{"not_picked":["Loop+1","Ball Lightning","Hello World"],"picked":"SKIP","floor":24.0},{"not_picked":["Hello World","Storm","Consume"],"picked":"SKIP","floor":25.0},{"not_picked":["Blizzard","Defragment+1","Static Discharge"],"picked":"SKIP","floor":27.0},{"not_picked":["Cold Snap","Lockon","Beam Cell"],"picked":"SKIP","floor":29.0},{"not_picked":["Redo+1","Creative AI","Gash"],"picked":"SKIP","floor":30},{"not_picked":["Turbo+1","Consume+1","Chaos+1"],"picked":"SKIP","floor":35},{"not_picked":["Redo+1","Turbo","Consume+1"],"picked":"SKIP","floor":38},{"not_picked":["Doom and Gloom+1","Leap+1","Compile Driver"],"picked":"SKIP","floor":41},{"not_picked":["Doom and Gloom+1","Leap+1","Compile Driver"],"picked":"SKIP","floor":41}],"player_experience":295586,"relics_obtained":[{"floor":7.0,"key":"Torii"},{"floor":9.0,"key":"Calipers"},{"floor":14.0,"key":"Lizard Tail"},{"floor":24.0,"key":"Bronze Scales"},{"floor":26.0,"key":"Girya"},{"floor":29.0,"key":"Orichalcum"},{"floor":39,"key":"Peace Pipe"},{"floor":43,"key":"Strawberry"}],"event_choices":[{"damage_healed":0.0,"max_hp_gain":0.0,"max_hp_loss":0.0,"gold_gain":0.0,"event_name":"Living Wall","player_choice":"Grow","floor":2.0,"gold_loss":0.0,"damage_taken":0.0,"cards_upgraded":["Streamline"]},{"damage_healed":0.0,"max_hp_gain":0.0,"max_hp_loss":0.0,"gold_gain":0.0,"event_name":"Match and Keep!","player_choice":"1 cards matched","floor":3.0,"gold_loss":0.0,"damage_taken":0.0,"cards_obtained":["Electrodynamics"]},{"damage_healed":0.0,"max_hp_gain":0.0,"max_hp_loss":0.0,"gold_gain":30.0,"event_name":"Dead Adventurer","player_choice":"Searched \u00271\u0027 times","floor":13.0,"gold_loss":0.0,"damage_taken":0.0},{"cards_removed":["Strike_B"],"damage_healed":0.0,"max_hp_gain":0.0,"max_hp_loss":0.0,"gold_gain":0.0,"event_name":"Beggar","player_choice":"Gave Gold","floor":21.0,"gold_loss":75.0,"damage_taken":0.0},{"damage_healed":27,"gold_gain":0,"player_choice":"Heal","damage_taken":0,"max_hp_gain":0,"max_hp_loss":0,"event_name":"The Library","floor":31,"gold_loss":0},{"damage_healed":0,"gold_gain":0,"player_choice":"Memory 1","damage_taken":0,"max_hp_gain":0,"max_hp_loss":0,"event_name":"SensoryStone","floor":36,"gold_loss":0},{"damage_healed":0,"gold_gain":0,"player_choice":"Max HP","damage_taken":0,"max_hp_gain":0,"max_hp_loss":4,"event_name":"Winding Halls","floor":37,"gold_loss":0},{"damage_healed":0,"gold_gain":0,"player_choice":"Fight","damage_taken":0,"max_hp_gain":0,"max_hp_loss":0,"event_name":"MindBloom","floor":39,"gold_loss":0}],"is_beta":false,"boss_relics":[{"not_picked":["SlaversCollar","Cursed Key"],"picked":"Snecko Eye"},{"not_picked":["Calling Bell","Runic Dome"],"picked":"FrozenCore"}],"items_purged_floors":[28],"is_endless":false,"potions_floor_spawned":[1,4,5,14,16,22,24,27,29,30,38,41],"killed_by":"Giant Head","ascension_level":10}}