{"host":"e4wnmsyty9uvvtwf","time":1614172187,"event":{"mods":["BaseMod","Colored Map","Colored Powertips","Hermit","Minty Spire (QoL Compilation)","StSLib"],"gold_per_floor":[110,110,110,34,34,60,60,70,70,84,117,133,133,165,165,270,270,287,287,287,307,317,317,334,1,1,1,26,64,64,81,81,187,187,208,129,159,229,229,229,296,315,315,346,346,382,382,415,415,420],"floor_reached":51,"language":"ZHS","playtime":3135,"items_purged":["hermit:Strike_Hermit"],"score":931,"play_id":"5c384be2-935e-4323-8cdc-648906a16891","local_time":"20210224210947","is_ascension_mode":true,"campfire_choices":[{"data":"hermit:Brawl","floor":7,"key":"SMITH"},{"data":"hermit:BigShot","floor":13,"key":"SMITH"},{"data":"hermit:Reprieve","floor":15,"key":"SMITH"},{"floor":23,"key":"REST"},{"data":"hermit:Coalescence","floor":27,"key":"SMITH"},{"data":"hermit:DeadOrAlive","floor":32,"key":"SMITH"},{"data":"hermit:Adapt","floor":40,"key":"SMITH"},{"data":"hermit:EyeOfTheStorm","floor":47,"key":"SMITH"},{"data":"hermit:EyeOfTheStorm","floor":49,"key":"SMITH"}],"circlet_count":0,"master_deck":["hermit:Defend_Hermit","hermit:Defend_Hermit","hermit:Defend_Hermit+1","hermit:Defend_Hermit+1","hermit:Snapshot+1","hermit:Covet","hermit:Brawl+1","hermit:BigShot+1","hermit:Glare","hermit:HoleUp","hermit:Enervate","hermit:Determination","hermit:HoleUp","hermit:Reprieve+1","hermit:RoundhouseKick+1","hermit:Feint+1","hermit:RoundhouseKick","hermit:EyeOfTheStorm+1","hermit:Cheat","hermit:Coalescence+1","hermit:HighCaliber+1","hermit:Desperado","hermit:Scavenge","hermit:GhostlyPresence","Bandage Up","hermit:DeadOrAlive+1","hermit:GhostlyPresence+1","hermit:Adapt+1","hermit:EyeOfTheStorm+1","hermit:Determination+1","hermit:HoleUp+1","hermit:Gestalt+1","hermit:Cheat+1","hermit:Combo+1","hermit:DeadMansHand"],"relics":["hermit:ClaspedLocket","NeowsBlessing","Boot","InkBottle","Dead Branch","Regal Pillow","Philosopher\u0027s Stone","Letter Opener","Whetstone","Bird Faced Urn","Art of War","Bottled Flame","Darkstone Periapt","Smiling Mask","StrikeDummy"],"acts_visited":["Exordium","TheCity","TheBeyond"],"potions_floor_usage":[50,50,50],"damage_taken":[{"damage":0,"enemies":"Jaw Worm","floor":1,"turns":1},{"damage":0,"enemies":"Lagavulin","floor":6,"turns":1},{"damage":0,"enemies":"Small Slimes","floor":8,"turns":1},{"damage":0,"enemies":"2 Louse","floor":10,"turns":3},{"damage":2,"enemies":"3 Sentries","floor":11,"turns":8},{"damage":7,"enemies":"Exordium Wildlife","floor":12,"turns":4},{"damage":12,"enemies":"Lagavulin","floor":14,"turns":6},{"damage":7,"enemies":"Slime Boss","floor":16,"turns":12},{"damage":19,"enemies":"Shell Parasite","floor":18,"turns":6},{"damage":17,"enemies":"3 Byrds","floor":21,"turns":7},{"damage":22,"enemies":"Shelled Parasite and Fungi","floor":22,"turns":6},{"damage":6,"enemies":"Centurion and Healer","floor":24,"turns":5},{"damage":0,"enemies":"Cultist and Chosen","floor":28,"turns":5},{"damage":16,"enemies":"Book of Stabbing","floor":29,"turns":7},{"damage":12,"enemies":"Shelled Parasite and Fungi","floor":31,"turns":6},{"damage":5,"enemies":"Collector","floor":33,"turns":7},{"damage":2,"enemies":"Orb Walker","floor":35,"turns":4},{"damage":0,"enemies":"3 Shapes","floor":37,"turns":3},{"damage":21,"enemies":"Mind Bloom Boss Battle","floor":38,"turns":6},{"damage":3,"enemies":"Giant Head","floor":41,"turns":11},{"damage":0,"enemies":"Sphere and 2 Shapes","floor":42,"turns":5},{"damage":18,"enemies":"Reptomancer","floor":44,"turns":6},{"damage":3,"enemies":"Giant Head","floor":46,"turns":9},{"damage":15,"enemies":"Nemesis","floor":48,"turns":10},{"damage":46,"enemies":"Donu and Deca","floor":50,"turns":13}],"seed_played":"3726060330419483040","potions_obtained":[{"floor":1,"key":"Swift Potion"},{"floor":11,"key":"CultistPotion"},{"floor":14,"key":"Ancient Potion"},{"floor":29,"key":"ColorlessPotion"}],"is_trial":false,"path_per_floor":["M","?","?","$","?","E","R","M","T","M","E","M","R","E","R","B",null,"M","?","?","M","M","R","M","$","T","R","M","E","?","M","R","B",null,"M","$","M","?","?","R","E","M","T","E","?","E","R","E","R","B",null],"character_chosen":"HERMIT","items_purchased":["hermit:BigShot","hermit:Desperado","hermit:Scavenge","hermit:GhostlyPresence","Bandage Up","hermit:EyeOfTheStorm"],"campfire_rested":1,"item_purchase_floors":[4,25,25,25,25,36],"current_hp_per_floor":[75,75,60,60,53,53,53,53,53,53,51,44,44,32,32,25,75,56,56,56,43,21,58,60,60,60,60,68,60,60,52,52,51,75,75,75,75,58,58,58,75,75,75,67,67,73,73,72,72,41],"gold":420,"neow_bonus":"THREE_ENEMY_KILL","is_daily":false,"chose_seed":false,"campfire_upgraded":8,"win_rate":0.0,"timestamp":1614172187,"path_taken":["M","?","?","$","?","E","R","M","T","M","E","M","R","E","R","BOSS","M","?","?","?","M","R","M","$","T","R","M","E","?","M","R","BOSS","M","$","M","?","?","R","E","?","T","E","?","E","R","E","R","BOSS"],"items_purchased_type":["Card","Card","Card","Card","Card","Card"],"build_version":"2020-12-22","purchased_purges":1,"victory":true,"max_hp_per_floor":[75,75,75,75,75,75,75,75,75,75,75,75,75,75,75,75,75,75,75,75,75,75,75,75,75,75,75,75,75,75,75,75,75,75,75,75,75,75,75,75,75,75,75,75,75,75,75,75,75,75],"card_choices":[{"not_picked":["hermit:Dive","hermit:Misfire"],"picked":"hermit:Brawl","floor":1},{"not_picked":["hermit:SprayPray","hermit:Dive"],"picked":"hermit:Glare","floor":6},{"not_picked":["hermit:Spite","hermit:Ricochet"],"picked":"hermit:HoleUp","floor":8},{"not_picked":["hermit:LowProfile","hermit:Misfire"],"picked":"hermit:Enervate","floor":10},{"not_picked":["hermit:Desperado","hermit:Roulette"],"picked":"hermit:Determination","floor":11},{"not_picked":["hermit:Horror","hermit:Cheat"],"picked":"hermit:HoleUp","floor":12},{"not_picked":["hermit:GhostlyPresence","hermit:LoneWolf"],"picked":"hermit:Reprieve","floor":14},{"not_picked":["hermit:EternalForm","hermit:OverwhelmingPower"],"picked":"hermit:RoundhouseKick","floor":16},{"not_picked":["hermit:Shortfuse","hermit:PistolWhip"],"picked":"hermit:Feint+1","floor":18},{"not_picked":["hermit:ItchyTrigger","hermit:WideOpen+1"],"picked":"hermit:Cheat","floor":21},{"not_picked":["hermit:Enervate","hermit:CalledShot"],"picked":"hermit:Coalescence","floor":22},{"not_picked":["hermit:BodyArmor","hermit:HoleUp"],"picked":"hermit:HighCaliber+1","floor":24},{"not_picked":["hermit:Spite","hermit:GhostlyPresence","hermit:HoleUp"],"picked":"SKIP","floor":28},{"not_picked":["hermit:Feint","hermit:WideOpen"],"picked":"hermit:DeadOrAlive","floor":29},{"not_picked":["hermit:Feint","hermit:Roulette"],"picked":"hermit:GhostlyPresence+1","floor":31},{"not_picked":["hermit:FatalDesire","hermit:OverwhelmingPower"],"picked":"hermit:Adapt","floor":33},{"not_picked":["hermit:Headshot+1","hermit:LowProfile+1","hermit:ItchyTrigger+1"],"picked":"SKIP","floor":35},{"not_picked":["hermit:TrackingShot+1","hermit:BigShot"],"picked":"hermit:Determination+1","floor":37},{"not_picked":["hermit:Grudge+1","hermit:Desperado+1"],"picked":"hermit:HoleUp+1","floor":38},{"not_picked":["hermit:FullyLoaded+1","hermit:FlashPowder"],"picked":"hermit:Gestalt+1","floor":41},{"not_picked":["hermit:CursedWeapon","hermit:Dive"],"picked":"hermit:Cheat+1","floor":42},{"not_picked":["hermit:Horror+1","hermit:Roulette+1"],"picked":"hermit:Combo+1","floor":44},{"not_picked":["hermit:GoldenBullet","hermit:Purgatory","hermit:Ricochet"],"picked":"SKIP","floor":46},{"not_picked":["hermit:HoleUp","hermit:Determination"],"picked":"hermit:DeadMansHand","floor":48}],"player_experience":529436,"relics_obtained":[{"floor":6,"key":"InkBottle"},{"floor":11,"key":"Dead Branch"},{"floor":14,"key":"Regal Pillow"},{"floor":26,"key":"Letter Opener"},{"floor":29,"key":"Whetstone"},{"floor":38,"key":"Bird Faced Urn"},{"floor":41,"key":"Art of War"},{"floor":43,"key":"Bottled Flame"},{"floor":44,"key":"Darkstone Periapt"},{"floor":46,"key":"Smiling Mask"},{"floor":48,"key":"StrikeDummy"}],"event_choices":[{"damage_healed":0,"gold_gain":0,"player_choice":"Leave","damage_taken":0,"max_hp_gain":0,"max_hp_loss":0,"event_name":"The Cleric","floor":2,"gold_loss":0},{"damage_healed":0,"gold_gain":0,"player_choice":"Entered Light","damage_taken":15,"max_hp_gain":0,"max_hp_loss":0,"event_name":"Shining Light","floor":3,"gold_loss":0,"cards_upgraded":["hermit:Defend_Hermit","hermit:Defend_Hermit"]},{"damage_healed":0,"gold_gain":0,"player_choice":"Success","damage_taken":7,"relics_obtained":["Boot"],"max_hp_gain":0,"max_hp_loss":0,"event_name":"Scrap Ooze","floor":5,"gold_loss":0},{"damage_healed":0,"gold_gain":0,"cards_transformed":["hermit:Strike_Hermit","hermit:Strike_Hermit"],"player_choice":"Became Test Subject","damage_taken":0,"max_hp_gain":0,"max_hp_loss":0,"event_name":"Drug Dealer","floor":19,"gold_loss":0,"cards_obtained":["hermit:LoneWolf","hermit:RoundhouseKick"]},{"damage_healed":0,"gold_gain":0,"player_choice":"Read","damage_taken":0,"max_hp_gain":0,"max_hp_loss":0,"event_name":"The Library","floor":20,"gold_loss":0,"cards_obtained":["hermit:EyeOfTheStorm"]},{"cards_removed":["hermit:Strike_Hermit"],"damage_healed":0,"gold_gain":0,"player_choice":"Elegance","damage_taken":0,"max_hp_gain":0,"max_hp_loss":0,"event_name":"Back to Basics","floor":30,"gold_loss":0},{"damage_healed":0,"gold_gain":0,"player_choice":"Fight","damage_taken":0,"max_hp_gain":0,"max_hp_loss":0,"event_name":"MindBloom","floor":38,"gold_loss":0},{"cards_removed":["hermit:LoneWolf"],"damage_healed":0,"gold_gain":0,"player_choice":"Purged","damage_taken":0,"max_hp_gain":0,"max_hp_loss":0,"event_name":"Purifier","floor":39,"gold_loss":0},{"damage_healed":0,"gold_gain":0,"player_choice":"Ignored","damage_taken":0,"max_hp_gain":0,"max_hp_loss":0,"event_name":"Tomb of Lord Red Mask","floor":45,"gold_loss":0}],"is_beta":false,"boss_relics":[{"not_picked":["hermit:DentedPlate","Pandora\u0027s Box"],"picked":"Philosopher\u0027s Stone"},{"not_picked":["SlaversCollar","SacredBark"],"picked":"hermit:ClaspedLocket"}],"items_purged_floors":[25],"is_endless":false,"potions_floor_spawned":[1,11,14,24,28,29,33,35,44],"ascension_level":2}}