{"host":"ad59wuc8ynh8u2z6","time":1614187561,"event":{"mods":["AchievementEnabler","BaseMod","Colored Powertips","DeckTracker","Highlight Path","Minty Spire (QoL Compilation)","Permanent Neow"],"gold_per_floor":[109,128,19,19,35,35,93,93,93,93,111,111,111,145,145,248,248,265,265,282,301,318,344,344,372,372,397,397,397,417,428,428,527,527,547,547,564,369,381,381,407,407,407,407,432,432,432,449,449,449],"floor_reached":51,"language":"ENG","playtime":1679,"items_purged":["Strike_R","Defend_R"],"score":1188,"play_id":"bcc3fe54-8882-49cd-9caa-514a8d3f04c0","local_time":"20210224182601","is_ascension_mode":true,"campfire_choices":[{"data":"Searing Blow","floor":6.0,"key":"SMITH"},{"data":"Searing Blow+1","floor":10.0,"key":"SMITH"},{"data":"Searing Blow+2","floor":12.0,"key":"SMITH"},{"data":"Searing Blow+3","floor":15.0,"key":"SMITH"},{"data":"Searing Blow+4","floor":24.0,"key":"SMITH"},{"data":"Searing Blow+5","floor":29.0,"key":"SMITH"},{"data":"Searing Blow+6","floor":32.0,"key":"SMITH"},{"data":"Searing Blow+7","floor":40,"key":"SMITH"},{"data":"Searing Blow+8","floor":42,"key":"SMITH"},{"data":"Searing Blow+9","floor":44,"key":"SMITH"},{"data":"Searing Blow+11","floor":49,"key":"SMITH"}],"circlet_count":0,"master_deck":["Strike_R+1","Defend_R","Defend_R","Defend_R","Bash+1","Pummel","Searing Blow+7","Offering","Headbutt","Reaper","Disarm","Metallicize+1","Burning Pact+1","Shrug It Off+1","Ghostly Armor+1","Armaments+1","Searing Blow+12","Warcry+1","Shockwave+1"],"relics":["Velvet Choker","Oddly Smooth Stone","Mummified Hand","Darkstone Periapt","Smiling Mask","SlaversCollar","Bag of Marbles","Anchor","Toxic Egg 2","Dream Catcher","MutagenicStrength","Sozu","DollysMirror","Happy Flower","The Courier","Ancient Tea Set"],"acts_visited":["Exordium","TheCity","TheBeyond"],"potions_floor_usage":[33,33,50],"damage_taken":[{"damage":0.0,"enemies":"Cultist","floor":1.0,"turns":3.0},{"damage":0.0,"enemies":"Small Slimes","floor":2.0,"turns":3.0},{"damage":2.0,"enemies":"Jaw Worm","floor":5.0,"turns":3.0},{"damage":16.0,"enemies":"Gremlin Nob","floor":7.0,"turns":3.0},{"damage":0.0,"enemies":"3 Louse","floor":11.0,"turns":4.0},{"damage":14.0,"enemies":"3 Sentries","floor":14.0,"turns":7.0},{"damage":0.0,"enemies":"Hexaghost","floor":16.0,"turns":6.0},{"damage":0.0,"enemies":"Chosen","floor":18.0,"turns":3.0},{"damage":5.0,"enemies":"Spheric Guardian","floor":20.0,"turns":3.0},{"damage":12.0,"enemies":"Snake Plant","floor":21.0,"turns":3.0},{"damage":18.0,"enemies":"Cultist and Chosen","floor":22.0,"turns":4.0},{"damage":24.0,"enemies":"Gremlin Leader","floor":23.0,"turns":3.0},{"damage":18.0,"enemies":"Slavers","floor":25.0,"turns":4.0},{"damage":10.0,"enemies":"Gremlin Leader","floor":27.0,"turns":2.0},{"damage":6.0,"enemies":"3 Cultists","floor":30.0,"turns":4.0},{"damage":9.0,"enemies":"Centurion and Healer","floor":31.0,"turns":3.0},{"damage":16,"enemies":"Automaton","floor":33,"turns":4},{"damage":6,"enemies":"3 Shapes","floor":35,"turns":3},{"damage":0,"enemies":"Orb Walker","floor":37,"turns":2},{"damage":7,"enemies":"Jaw Worm Horde","floor":39,"turns":2},{"damage":16,"enemies":"Reptomancer","floor":41,"turns":2},{"damage":0,"enemies":"Giant Head","floor":45,"turns":4},{"damage":6,"enemies":"Spire Growth","floor":48,"turns":2},{"damage":21,"enemies":"Donu and Deca","floor":50,"turns":3}],"seed_played":"-197930647537363428","potions_obtained":[{"floor":7.0,"key":"Fire Potion"},{"floor":14.0,"key":"FearPotion"},{"floor":20.0,"key":"PowerPotion"},{"floor":23.0,"key":"Ancient Potion"},{"floor":27.0,"key":"Strength Potion"},{"floor":31.0,"key":"DuplicationPotion"}],"is_trial":false,"path_per_floor":["M","M","$","?","M","R","?","?","T","R","M","R","?","E","R","B",null,"M","?","M","M","M","E","R","E","T","E","?","R","M","M","R","B",null,"M","?","M","$","M","R","E","R","T","R","E","?","?","M","R","B",null],"character_chosen":"IRONCLAD","items_purchased":["Searing Blow","DollysMirror"],"campfire_rested":0,"item_purchase_floors":[3,38],"current_hp_per_floor":[72,72,72,56,54,54,38,31,31,31,31,31,24,10,10,10,63,69,69,64,52,44,32,32,32,32,22,22,22,23,14,14,12,63,74,74,80,80,79,79,70,70,70,70,75,75,75,74,74,59],"gold":449,"neow_bonus":"BOSS_RELIC","is_daily":false,"chose_seed":false,"campfire_upgraded":11,"win_rate":0.0,"timestamp":1614187561,"path_taken":["M","M","$","?","M","R","?","?","T","R","M","R","?","E","R","BOSS","M","?","?","M","?","E","R","E","T","E","?","R","M","M","R","BOSS","M","?","M","?","M","R","E","R","T","R","E","?","?","?","R","BOSS"],"items_purchased_type":["Card","Relic"],"build_version":"2020-12-22","purchased_purges":2,"victory":true,"max_hp_per_floor":[80,80,80,80,80,80,80,80,80,80,80,80,80,80,80,80,80,80,80,80,80,80,80,80,80,80,80,80,80,80,80,80,80,80,80,80,80,80,80,80,80,80,80,80,80,80,80,80,80,80],"card_choices":[{"not_picked":["Perfected Strike","Warcry","Flex"],"picked":"SKIP","floor":1.0},{"not_picked":["Dual Wield","Heavy Blade"],"picked":"Pummel","floor":2.0},{"not_picked":["True Grit","Havoc","Heavy Blade"],"picked":"SKIP","floor":5.0},{"not_picked":["Flex","Armaments"],"picked":"Offering","floor":7.0},{"not_picked":["Shrug It Off","Pommel Strike"],"picked":"Headbutt","floor":11.0},{"not_picked":["Body Slam","Havoc","Clash"],"picked":"SKIP","floor":14.0},{"not_picked":["Barricade","Offering"],"picked":"Reaper","floor":16.0},{"not_picked":["Anger","Rampage","Ghostly Armor+1"],"picked":"SKIP","floor":18.0},{"not_picked":["Flex+1","Wild Strike+1","Whirlwind"],"picked":"SKIP","floor":20.0},{"not_picked":["Wild Strike+1","Juggernaut","Infernal Blade+1"],"picked":"SKIP","floor":21.0},{"not_picked":["Sword Boomerang","Armaments"],"picked":"Metallicize+1","floor":22.0},{"not_picked":["Clothesline","Clash+1","Pommel Strike"],"picked":"SKIP","floor":23.0},{"not_picked":["Hemokinesis","Iron Wave"],"picked":"Burning Pact+1","floor":25.0},{"not_picked":["Body Slam","Corruption","Dual Wield+1"],"picked":"SKIP","floor":27.0},{"not_picked":["Sentinel+1","Twin Strike","Clash"],"picked":"SKIP","floor":30.0},{"not_picked":["Headbutt+1","Body Slam+1","Cleave"],"picked":"SKIP","floor":31.0},{"not_picked":["Metallicize","Carnage"],"picked":"Shrug It Off+1","floor":35},{"not_picked":["Heavy Blade+1","Perfected Strike+1"],"picked":"Armaments+1","floor":37},{"not_picked":["Warcry+1","Headbutt","Rupture"],"picked":"SKIP","floor":39},{"not_picked":["Headbutt","Rupture"],"picked":"Warcry+1","floor":39},{"not_picked":["Power Through+1","Impervious+1","Rupture+1"],"picked":"SKIP","floor":41},{"not_picked":["Flame Barrier+1","Uppercut"],"picked":"Shockwave+1","floor":45},{"not_picked":["Sword Boomerang","Thunderclap+1","Heavy Blade+1"],"picked":"SKIP","floor":48}],"player_experience":129432,"relics_obtained":[{"floor":7.0,"key":"Oddly Smooth Stone"},{"floor":9.0,"key":"Darkstone Periapt"},{"floor":14.0,"key":"Smiling Mask"},{"floor":23.0,"key":"Bag of Marbles"},{"floor":25.0,"key":"Anchor"},{"floor":26.0,"key":"Toxic Egg 2"},{"floor":27.0,"key":"Dream Catcher"},{"floor":41,"key":"Happy Flower"},{"floor":43,"key":"The Courier"},{"floor":45,"key":"Ancient Tea Set"}],"event_choices":[{"damage_healed":0.0,"max_hp_gain":0.0,"max_hp_loss":0.0,"gold_gain":0.0,"event_name":"Shining Light","player_choice":"Entered Light","floor":4.0,"gold_loss":0.0,"damage_taken":16.0,"cards_upgraded":["Strike_R","Bash"]},{"damage_healed":0.0,"max_hp_gain":0.0,"max_hp_loss":0.0,"gold_gain":0.0,"event_name":"Dead Adventurer","player_choice":"Searched \u00272\u0027 times","floor":7.0,"gold_loss":0.0,"damage_taken":0.0},{"damage_healed":0.0,"max_hp_gain":0.0,"max_hp_loss":0.0,"gold_gain":0.0,"event_name":"Scrap Ooze","player_choice":"Success","floor":8.0,"gold_loss":0.0,"damage_taken":7.0,"relics_obtained":["Mummified Hand"]},{"cards_removed":["Strike_R"],"damage_healed":0.0,"max_hp_gain":0.0,"max_hp_loss":0.0,"gold_gain":0.0,"event_name":"Golden Wing","player_choice":"Card Removal","floor":13.0,"gold_loss":0.0,"damage_taken":7.0},{"damage_healed":0.0,"max_hp_gain":0.0,"max_hp_loss":0.0,"gold_gain":0.0,"cards_transformed":["Strike_R"],"event_name":"Transmorgrifier","player_choice":"Transformed","floor":19.0,"gold_loss":0.0,"damage_taken":0.0,"cards_obtained":["Disarm"]},{"damage_healed":0.0,"max_hp_gain":0.0,"max_hp_loss":0.0,"gold_gain":0.0,"event_name":"Drug Dealer","player_choice":"Inject Mutagens","floor":28.0,"gold_loss":0.0,"damage_taken":0.0,"relics_obtained":["MutagenicStrength"]},{"damage_healed":0,"gold_gain":0,"cards_transformed":["Strike_R"],"player_choice":"Transformed","damage_taken":0,"max_hp_gain":0,"max_hp_loss":0,"event_name":"Transmorgrifier","floor":36,"gold_loss":0,"cards_obtained":["Ghostly Armor"]},{"damage_healed":0,"gold_gain":0,"player_choice":"Ignored","damage_taken":0,"max_hp_gain":0,"max_hp_loss":0,"event_name":"Tomb of Lord Red Mask","floor":46,"gold_loss":0},{"damage_healed":0,"gold_gain":0,"player_choice":"Upgraded","damage_taken":0,"max_hp_gain":0,"max_hp_loss":0,"event_name":"Upgrade Shrine","floor":47,"gold_loss":0,"cards_upgraded":["Searing Blow"]}],"is_beta":false,"boss_relics":[{"not_picked":["Calling Bell","Astrolabe"],"picked":"SlaversCollar"},{"not_picked":["Empty Cage","Black Star"],"picked":"Sozu"}],"items_purged_floors":[3,38],"is_endless":false,"potions_floor_spawned":[7,14,20,23,27,31,35,41,48],"ascension_level":8}}