{"host":"5n1fl7z5i1vf7jan","time":1614160587,"event":{"mods":["BaseMod","Minty Spire (QoL Compilation)","Quick Restart","Relic Stats"],"gold_per_floor":[119,136,151,151,171,171,241,270,322,322,46,85,85,98,98,202,202,226,38,0,0],"floor_reached":20,"language":"ENG","playtime":1243,"items_purged":["Strike_B"],"score":364,"play_id":"4f7f4a4c-9771-4828-b73e-d48a1c1f3d2b","local_time":"20210224015627","is_ascension_mode":true,"campfire_choices":[{"floor":6.0,"key":"REST"},{"floor":10,"key":"REST"},{"floor":15,"key":"REST"}],"circlet_count":0,"master_deck":["AscendersBane","Strike_B","Strike_B","Defend_B","Defend_B","Zap","Dualcast","Reinforced Body+1","Heatsinks+1","Consume+1","Conserve Battery","Go for the Eyes","Genetic Algorithm","Cold Snap","Streamline","Cold Snap","Sweeping Beam","Loop","Compile Driver","Creative AI","Defragment","Sweeping Beam"],"relics":["Astrolabe","Odd Mushroom","Blue Candle","Juzu Bracelet","PreservedInsect","CeramicFish","Golden Idol","Nuclear Battery"],"acts_visited":["Exordium","TheCity"],"potions_floor_usage":[8,16],"damage_taken":[{"damage":12.0,"enemies":"Jaw Worm","floor":1.0,"turns":3.0},{"damage":3.0,"enemies":"Small Slimes","floor":2.0,"turns":5.0},{"damage":7.0,"enemies":"2 Louse","floor":3.0,"turns":3.0},{"damage":12.0,"enemies":"Blue Slaver","floor":5.0,"turns":5.0},{"damage":13.0,"enemies":"The Mushroom Lair","floor":7.0,"turns":6.0},{"damage":26,"enemies":"Gremlin Nob","floor":8,"turns":6},{"damage":13,"enemies":"3 Sentries","floor":12,"turns":6},{"damage":15,"enemies":"Exordium Thugs","floor":14,"turns":6},{"damage":21,"enemies":"Slime Boss","floor":16,"turns":14},{"damage":31,"enemies":"Shell Parasite","floor":18,"turns":44},{"damage":18,"enemies":"2 Thieves","floor":20,"turns":3}],"seed_played":"-936261788577452260","potions_obtained":[{"floor":3.0,"key":"ColorlessPotion"},{"floor":7.0,"key":"Energy Potion"},{"floor":12,"key":"LiquidMemories"},{"floor":18,"key":"FearPotion"}],"is_trial":false,"path_per_floor":["M","M","M","?","M","R","?","E","T","R","$","E","?","M","R","B",null,"M","$","M"],"character_chosen":"DEFECT","items_purchased":["Sweeping Beam","Loop","PreservedInsect","Defragment","Sweeping Beam"],"campfire_rested":3,"item_purchase_floors":[11,11,11,19,19],"current_hp_per_floor":[52,49,42,42,30,51,38,12,12,33,33,20,20,5,24,3,49,18,18,0,0],"gold":0,"neow_bonus":"BOSS_RELIC","is_daily":false,"chose_seed":false,"campfire_upgraded":0,"win_rate":0.0,"timestamp":1614160587,"path_taken":["M","M","M","?","M","R","?","E","T","R","$","E","?","M","R","BOSS","M","$","M"],"items_purchased_type":["Card","Card","Relic","Card","Card"],"build_version":"2020-12-22","purchased_purges":1,"victory":false,"max_hp_per_floor":[71,71,71,71,71,71,71,71,71,71,71,71,64,64,64,64,64,64,64,64,64],"relic_stats":{"counters":[11,101],"Golden Idol":27,"Astrolabe":["Reinforced Body","Heatsinks","Consume"],"Blue Candle":[0],"CeramicFish":36,"PreservedInsect":34,"Juzu Bracelet":0,"obtain_stats":[{"Golden Idol":13,"Astrolabe":0,"Blue Candle":8,"CeramicFish":12,"PreservedInsect":11,"Juzu Bracelet":9,"Odd Mushroom":7,"Cracked Core":0,"Nuclear Battery":17},{"Golden Idol":7,"Astrolabe":0,"Blue Candle":6,"CeramicFish":7,"PreservedInsect":6,"Juzu Bracelet":6,"Odd Mushroom":5,"Cracked Core":0,"Nuclear Battery":9},{"Golden Idol":34,"Astrolabe":0,"Blue Candle":28,"CeramicFish":34,"PreservedInsect":28,"Juzu Bracelet":28,"Odd Mushroom":22,"Cracked Core":0,"Nuclear Battery":54}]},"card_choices":[{"not_picked":["Beam Cell","Reprogram"],"picked":"Conserve Battery","floor":1.0},{"not_picked":["Self Repair","Darkness"],"picked":"Go for the Eyes","floor":2.0},{"not_picked":["Turbo","Self Repair"],"picked":"Genetic Algorithm","floor":3.0},{"not_picked":["Genetic Algorithm","Redo"],"picked":"Cold Snap","floor":5.0},{"not_picked":["Aggregate","Skim"],"picked":"Streamline","floor":7.0},{"not_picked":["Hologram","Coolheaded"],"picked":"Cold Snap","floor":8},{"not_picked":["Loop","Hologram"],"picked":"Compile Driver","floor":12},{"not_picked":["Conserve Battery","Auto Shields","Steam"],"picked":"SKIP","floor":14},{"not_picked":["Rainbow","Meteor Strike"],"picked":"Creative AI","floor":16},{"not_picked":["Conserve Battery","Barrage","Storm"],"picked":"SKIP","floor":18}],"player_experience":392172,"relics_obtained":[{"floor":7.0,"key":"Odd Mushroom"},{"floor":8,"key":"Blue Candle"},{"floor":9,"key":"Juzu Bracelet"},{"floor":12,"key":"CeramicFish"}],"event_choices":[{"damage_healed":0.0,"max_hp_gain":0.0,"max_hp_loss":0.0,"gold_gain":0.0,"event_name":"Liars Game","player_choice":"Ignored","floor":4.0,"gold_loss":0.0,"damage_taken":0.0},{"damage_healed":0.0,"max_hp_gain":0.0,"max_hp_loss":0.0,"gold_gain":0.0,"event_name":"Mushrooms","player_choice":"Fought Mushrooms","floor":7.0,"gold_loss":0.0,"damage_taken":0.0},{"damage_healed":0,"gold_gain":0,"player_choice":"Lose Max HP","damage_taken":0,"relics_obtained":["Golden Idol"],"max_hp_gain":0,"max_hp_loss":7,"event_name":"Golden Idol","floor":13,"gold_loss":0}],"is_beta":false,"boss_relics":[{"not_picked":["Velvet Choker","Sozu"],"picked":"Nuclear Battery"}],"items_purged_floors":[19],"is_endless":false,"potions_floor_spawned":[3,7,12,18],"killed_by":"2 Thieves","ascension_level":20}}