{"host":"ap8nepptd6icxyz7","time":1614140782,"event":{"mods":["2.2 Compatiblity","AchievementEnabler","BaseMod","Bestiary","Better Altar","Better Match","Better Note","Better Sensory Stone","Better Skull","Better Third Choice","Better Vampires","Colored Map","Colored Powertips","Colorless Booster Pack","Displayed Cursed Tome","Energized Spire","Faster Ascension Climbing","Hermit","Highlight Path","Jorbs\u0027s Wanderer Trilogy","Minty Spire (QoL Compilation)","Permanent Neow","Quick Restart","RRrroohrrRGHHhhh!!","Rare Cards Sparkle","Relic Sorter","Relic Stats","SacredBarkPlus","Spicy Shops","Spikes Relics","StSLib","Uncapped"],"gold_per_floor":[116,116,116,137,137,137,137],"floor_reached":6,"language":"ENG","playtime":280,"items_purged":[],"score":41,"play_id":"1bc22fe7-fcca-4724-8d20-56dc836ceb50","local_time":"20210223222622","is_ascension_mode":true,"campfire_choices":[],"circlet_count":0,"master_deck":["Strike_B","Strike_B","Strike_B","Defend_B","Defend_B","Defend_B","Defend_B","Zap","Dualcast","Coolheaded","rorgmod:Hot Sockets"],"relics":["Runic Dome","Vajra","Golden Idol"],"acts_visited":["Exordium"],"potions_floor_usage":[6],"damage_taken":[{"damage":1,"enemies":"Small Slimes","floor":1,"turns":4},{"damage":8,"enemies":"2 Louse","floor":4,"turns":3},{"damage":10,"enemies":"Lagavulin","floor":6,"turns":5}],"seed_played":"7249056210462297246","potions_obtained":[{"floor":4,"key":"SkillPotion"}],"is_trial":false,"path_per_floor":["M","?","?","M","?","E"],"character_chosen":"DEFECT","items_purchased":[],"campfire_rested":0,"item_purchase_floors":[],"current_hp_per_floor":[74,56,56,48,48,38,38],"gold":137,"neow_bonus":"BOSS_RELIC","is_daily":false,"chose_seed":false,"campfire_upgraded":0,"win_rate":0.0,"timestamp":1614140782,"path_taken":["M","?","?","M","?","E"],"items_purchased_type":[],"build_version":"2020-12-22","purchased_purges":0,"victory":false,"max_hp_per_floor":[75,75,69,69,69,69,69],"relic_stats":{"counters":[3,12],"Golden Idol":4,"obtain_stats":[{"Runic Dome":0,"Golden Idol":3,"Vajra":2,"Cracked Core":0},{"Runic Dome":0,"Golden Idol":1,"Vajra":1,"Cracked Core":0},{"Runic Dome":0,"Golden Idol":4,"Vajra":4,"Cracked Core":0}]},"card_choices":[{"not_picked":["FTL","Streamline"],"picked":"Coolheaded","floor":1},{"not_picked":["Streamline","rorgmod:Antivirus"],"picked":"rorgmod:Hot Sockets","floor":4}],"player_experience":28190,"relics_obtained":[],"event_choices":[{"damage_healed":0,"gold_gain":0,"player_choice":"Relic ","damage_taken":18,"max_hp_gain":0,"max_hp_loss":0,"event_name":"betterThird:BetterScrap","floor":2,"gold_loss":0,"cards_obtained":["Disarm"]},{"damage_healed":0,"gold_gain":0,"player_choice":"Lose Max HP","damage_taken":0,"relics_obtained":["Golden Idol"],"max_hp_gain":0,"max_hp_loss":6,"event_name":"Golden Idol","floor":3,"gold_loss":0},{"cards_removed":["Strike_B"],"damage_healed":0,"gold_gain":0,"player_choice":"Purged","damage_taken":0,"max_hp_gain":0,"max_hp_loss":0,"event_name":"Purifier","floor":5,"gold_loss":0}],"is_beta":false,"boss_relics":[],"items_purged_floors":[],"is_endless":false,"potions_floor_spawned":[4],"killed_by":"Lagavulin","ascension_level":4}}