{"host":"w14xfy17z3c5mpoi","time":1614140509,"event":{"mods":["AchievementEnabler","BaseMod","Minty Spire (QoL Compilation)","Relic Stats"],"gold_per_floor":[112,54,54,54,66,96,107,141,141,141,169,169,244,262,262,340,340,358,371,216,231,231,231,257,257,328,346,346,346],"floor_reached":28,"language":"ENG","playtime":1822,"items_purged":["Strike_G"],"score":520,"play_id":"36239ada-af55-4a9d-9c52-401dd45adb1d","local_time":"20210223232149","is_ascension_mode":true,"campfire_choices":[{"data":"Cloak And Dagger","floor":10,"key":"SMITH"},{"data":"Blade Dance","floor":12,"key":"SMITH"},{"data":"Finisher","floor":15,"key":"SMITH"},{"data":"Malaise","floor":23,"key":"SMITH"}],"circlet_count":0,"master_deck":["AscendersBane","Strike_G","Strike_G","Strike_G","Defend_G+1","Defend_G","Defend_G","Defend_G","Defend_G+1","Survivor","Neutralize","Slice","Blade Dance+1","Finisher+1","Endless Agony","PiercingWail","Cloak And Dagger+1","Escape Plan","Accuracy","Malaise+1","Dagger Spray","Crippling Poison","Well Laid Plans","Necronomicurse"],"relics":["Ring of the Snake","NeowsBlessing","Eternal Feather","Vajra","Meat on the Bone","Bird Faced Urn","WristBlade","War Paint","Necronomicon","InkBottle"],"acts_visited":["TheCity"],"potions_floor_usage":[8,11,16,19,21,27],"damage_taken":[{"damage":0,"enemies":"2 Louse","floor":1,"turns":1},{"damage":0,"enemies":"Small Slimes","floor":5,"turns":1},{"damage":0,"enemies":"Gremlin Nob","floor":6,"turns":1},{"damage":4,"enemies":"Cultist","floor":7,"turns":3},{"damage":14,"enemies":"3 Sentries","floor":8,"turns":9},{"damage":13,"enemies":"Gremlin Nob","floor":11,"turns":4},{"damage":4,"enemies":"3 Louse","floor":14,"turns":3},{"damage":40,"enemies":"Slime Boss","floor":16,"turns":7},{"damage":8,"enemies":"2 Thieves","floor":18,"turns":3},{"damage":10,"enemies":"Shell Parasite","floor":19,"turns":4},{"damage":0,"enemies":"Centurion and Healer","floor":21,"turns":5},{"damage":46,"enemies":"Slavers","floor":24,"turns":4},{"damage":0,"enemies":"Snecko","floor":27,"turns":3},{"damage":31,"enemies":"Snake Plant","floor":28,"turns":2}],"seed_played":"1234110279063442149","potions_obtained":[{"floor":6,"key":"BlessingOfTheForge"},{"floor":8,"key":"ColorlessPotion"},{"floor":14,"key":"Fire Potion"},{"floor":16,"key":"Regen Potion"},{"floor":18,"key":"BlessingOfTheForge"},{"floor":19,"key":"FearPotion"},{"floor":21,"key":"Poison Potion"}],"is_trial":false,"path_per_floor":["M","$","?","?","M","E","M","E","T","R","E","R","?","M","R","B",null,"M","M","$","M","?","R","E","?","T","M","M"],"character_chosen":"THE_SILENT","items_purchased":["Blade Dance","DuplicationPotion"],"campfire_rested":0,"item_purchase_floors":[2,20],"current_hp_per_floor":[59,59,59,59,59,59,55,41,41,50,37,46,35,43,55,29,57,49,39,39,53,53,65,33,12,12,26,0,0],"gold":346,"neow_bonus":"THREE_ENEMY_KILL","is_daily":false,"chose_seed":false,"campfire_upgraded":4,"win_rate":0.0,"timestamp":1614140509,"path_taken":["M","$","?","?","M","E","M","E","T","R","E","R","?","M","R","BOSS","M","M","$","M","?","R","E","?","T","M","M"],"items_purchased_type":["Card","Potion"],"build_version":"2020-12-22","purchased_purges":1,"victory":false,"max_hp_per_floor":[66,66,66,66,66,66,66,66,66,66,66,66,66,66,66,66,66,66,66,66,66,66,66,66,66,66,66,66,66],"relic_stats":{"counters":[14,50],"Bird Faced Urn":[10],"Eternal Feather":42,"Necronomicon":[1],"War Paint":["Defend_G","Defend_G"],"obtain_stats":[{"NeowsBlessing":0,"WristBlade":17,"Bird Faced Urn":11,"Vajra":8,"Eternal Feather":6,"Necronomicon":25,"War Paint":24,"InkBottle":26,"Ring of the Snake":0,"Meat on the Bone":9},{"NeowsBlessing":0,"WristBlade":8,"Bird Faced Urn":6,"Vajra":5,"Eternal Feather":3,"Necronomicon":12,"War Paint":12,"InkBottle":12,"Ring of the Snake":0,"Meat on the Bone":5},{"NeowsBlessing":0,"WristBlade":29,"Bird Faced Urn":19,"Vajra":15,"Eternal Feather":3,"Necronomicon":45,"War Paint":45,"InkBottle":45,"Ring of the Snake":0,"Meat on the Bone":15}],"InkBottle":[3],"Ring of the Snake":[29],"Meat on the Bone":48},"card_choices":[{"not_picked":["Outmaneuver","Eviscerate"],"picked":"Slice","floor":1},{"not_picked":["Footwork","Acrobatics"],"picked":"Finisher","floor":5},{"not_picked":["Dagger Spray","Night Terror"],"picked":"Endless Agony","floor":6},{"not_picked":["Skewer","Deflect"],"picked":"PiercingWail","floor":7},{"not_picked":["Bouncing Flask","Expertise"],"picked":"Cloak And Dagger","floor":8},{"not_picked":["Quick Slash","Caltrops"],"picked":"Escape Plan","floor":11},{"not_picked":["All Out Attack","Flying Knee"],"picked":"Accuracy","floor":14},{"not_picked":["Tools of the Trade","Bullet Time"],"picked":"Malaise","floor":16},{"not_picked":["Calculated Gamble","Acrobatics","Bane"],"picked":"SKIP","floor":18},{"not_picked":["Concentrate","Dagger Throw+1"],"picked":"Dagger Spray","floor":19},{"not_picked":["Sucker Punch","Dagger Throw"],"picked":"Crippling Poison","floor":21},{"not_picked":["Blade Dance","Flying Knee"],"picked":"Well Laid Plans","floor":24},{"not_picked":["Dagger Throw","Blur","Outmaneuver"],"picked":"SKIP","floor":27}],"player_experience":797229,"relics_obtained":[{"floor":6,"key":"Eternal Feather"},{"floor":8,"key":"Vajra"},{"floor":9,"key":"Meat on the Bone"},{"floor":11,"key":"Bird Faced Urn"},{"floor":24,"key":"War Paint"},{"floor":25,"key":"Necronomicon"},{"floor":26,"key":"InkBottle"}],"event_choices":[{"cards_removed":["Strike_G"],"damage_healed":0,"gold_gain":0,"player_choice":"Forget","damage_taken":0,"max_hp_gain":0,"max_hp_loss":0,"event_name":"Living Wall","floor":3,"gold_loss":0},{"damage_healed":0,"gold_gain":0,"player_choice":"Ignored","damage_taken":0,"max_hp_gain":0,"max_hp_loss":0,"event_name":"Liars Game","floor":4,"gold_loss":0},{"damage_healed":0,"gold_gain":75,"player_choice":"Gather Gold","damage_taken":11,"max_hp_gain":0,"max_hp_loss":0,"event_name":"World of Goop","floor":13,"gold_loss":0},{"damage_healed":0,"gold_gain":0,"player_choice":"Ignored","damage_taken":0,"max_hp_gain":0,"max_hp_loss":0,"event_name":"Ghosts","floor":22,"gold_loss":0},{"damage_healed":0,"gold_gain":0,"player_choice":"Obtained Book","damage_taken":21,"max_hp_gain":0,"max_hp_loss":0,"event_name":"Cursed Tome","floor":25,"gold_loss":0}],"is_beta":false,"boss_relics":[{"not_picked":["SacredBark","Velvet Choker"],"picked":"WristBlade"}],"items_purged_floors":[20],"is_endless":false,"potions_floor_spawned":[6,8,14,16,18,19,21],"killed_by":"Snake Plant","ascension_level":17}}