{"host":"tgqjap25jvjx3f06","time":1614170925,"event":{"mods":["BaseMod","DeckTracker","Dota2Spire","Minty Spire (QoL Compilation)","Quick Restart","Relic Filter Mod","Replay The Spire","Shop Mod","StSLib","óô»ðÖ¸ÄÏ"],"gold_per_floor":[359,58,70,84,102,102,120,150,225,225,225,239,239,257,257,257,257],"floor_reached":16,"language":"ZHS","playtime":607,"items_purged":[],"score":109,"play_id":"0eeb71a8-cd72-4335-bded-cb04896c2a2b","local_time":"20210224204845","is_ascension_mode":true,"campfire_choices":[{"data":"Noxious Fumes","floor":6.0,"key":"SMITH"},{"data":"Neutralize","floor":10.0,"key":"SMITH"},{"data":"Bane","floor":13.0,"key":"SMITH"},{"floor":15,"key":"DIG"}],"circlet_count":0,"master_deck":["Strike_G","Strike_G","Strike_G","Strike_G","Defend_G","Defend_G","Defend_G","Defend_G","Defend_G","Survivor","Neutralize+1","Noxious Fumes+1","Bane+1","Dagger Spray"],"relics":["Ring of the Snake","Garlic","Vajra","Golden Egg","Byrd Skull"],"acts_visited":["Exordium"],"potions_floor_usage":[16],"damage_taken":[{"damage":0.0,"enemies":"Cultist","floor":1.0,"turns":4.0},{"damage":0.0,"enemies":"2 Louse","floor":3.0,"turns":4.0},{"damage":1.0,"enemies":"Jaw Worm","floor":4.0,"turns":5.0},{"damage":5.0,"enemies":"2 Fungi Beasts","floor":5.0,"turns":6.0},{"damage":0.0,"enemies":"Large Slime","floor":7.0,"turns":6.0},{"damage":36.0,"enemies":"Gremlin Nob","floor":8.0,"turns":6.0},{"damage":0.0,"enemies":"3 Louse","floor":12.0,"turns":3.0},{"damage":2,"enemies":"Exordium Wildlife","floor":14,"turns":5},{"damage":7,"enemies":"Fading Forest","floor":16,"turns":4}],"seed_played":"3539538885380441896","potions_obtained":[{"floor":1.0,"key":"Strength Potion"},{"floor":7.0,"key":"Milkshake"},{"floor":8.0,"key":"SpeedPotion"}],"is_trial":false,"path_per_floor":["M","$","M","M","M","R","M","E","T","R","?","M","R","M","R","B"],"character_chosen":"THE_SILENT","items_purchased":["Garlic","Noxious Fumes"],"campfire_rested":0,"item_purchase_floors":[2,2],"current_hp_per_floor":[49,49,49,48,43,43,43,7,7,7,7,7,7,5,5,0,0],"gold":257,"neow_bonus":"TWO_FIFTY_GOLD","is_daily":false,"chose_seed":false,"campfire_upgraded":3,"win_rate":0.0,"timestamp":1614170925,"path_taken":["M","$","M","M","M","R","M","E","T","R","?","M","R","M","R","BOSS"],"items_purchased_type":["Relic","Card"],"build_version":"2020-12-22","purchased_purges":0,"victory":false,"max_hp_per_floor":[70,70,70,70,70,70,70,70,70,70,70,70,70,70,70,70,70],"card_choices":[{"not_picked":["Outmaneuver","PiercingWail","Blade Dance"],"picked":"SKIP","floor":1.0},{"not_picked":["Blade Dance","Prepared","Toxin Wave"],"picked":"SKIP","floor":3.0},{"not_picked":["Deadly Poison","Dagger Throw","Distraction"],"picked":"SKIP","floor":4.0},{"not_picked":["Underhanded Strike","Poisoned Stab","Bane"],"picked":"SKIP","floor":5.0},{"not_picked":["Outmaneuver","Dagger Throw","Distraction"],"picked":"SKIP","floor":7.0},{"not_picked":["ReplayTheSpireMod:Exploit Weakness","Infinite Blades","Poisoned Stab"],"picked":"SKIP","floor":8.0},{"not_picked":["Dagger Throw","Quick Slash"],"picked":"Bane","floor":12.0},{"not_picked":["Infinite Blades","Backflip"],"picked":"Dagger Spray","floor":14}],"player_experience":364043,"relics_obtained":[{"floor":8.0,"key":"Vajra"},{"floor":9.0,"key":"Golden Egg"},{"floor":15,"key":"Byrd Skull"}],"event_choices":[{"cards_removed":["Strike_G"],"damage_healed":0.0,"max_hp_gain":0.0,"max_hp_loss":0.0,"gold_gain":0.0,"event_name":"Bonfire Elementals","player_choice":"Offered Basic","floor":11.0,"gold_loss":0.0,"damage_taken":0.0}],"is_beta":false,"boss_relics":[],"items_purged_floors":[],"is_endless":false,"potions_floor_spawned":[1,7,8],"killed_by":"Fading Forest","ascension_level":1}}