{"host":"j91vuht9qegouwcc","time":1614202083,"event":{"mods":["Act Like it!","BaseMod","Hallownest","Minty Spire (QoL Compilation)","StSLib","The Bug Knight"],"gold_per_floor":[114,114,128,53,53,82,99,129,155,155,155,55,68,95,95,190,190,203,203,39,55,70,70,405,405,428,448,464,464,480,480,480,575,575,586,101,125,125,125],"floor_reached":38,"language":"ENG","playtime":4284,"items_purged":["Writhe","HollowMod:NailStrikeStart","HollowMod:QuickDashStart"],"score":437,"play_id":"1f086515-cdab-4107-93e5-203bcb6803b1","local_time":"20210224222803","is_ascension_mode":false,"campfire_choices":[{"data":"HollowMod:RecoilStrike","floor":15,"key":"SMITH"},{"data":"HollowMod:VoidDash","floor":23,"key":"SMITH"},{"data":"HollowMod:DoubleDash","floor":25,"key":"SMITH"},{"data":"HollowMod:DashSlash","floor":29,"key":"SMITH"},{"data":"HollowMod:LifebloodCore","floor":32,"key":"SMITH"}],"circlet_count":0,"master_deck":["HollowMod:NailStrikeStart+1","HollowMod:QuickDashStart","HollowMod:QuickDashStart","HollowMod:QuickDashStart","HollowMod:FocusHealStart","HollowMod:PogoStrike","HollowMod:CycloneSlash","HollowMod:VoidDash+1","HollowMod:RecoilStrike+1","HollowMod:CycloneSlash+1","HollowMod:DoubleDash+1","HollowMod:CloakDash","HollowMod:LifebloodCore","HollowMod:LifebloodCore+1","HollowMod:SoulStrike","HollowMod:HornetsHelp","HollowMod:NewJinnsSoul+1","HollowMod:DashSlash+1","HollowMod:VengefulVoid+1","HollowMod:DescendingDark","HollowMod:CornifersMapStart","HollowMod:Hiveblood","HollowMod:DashSlash","HollowMod:WraithStrike","Pain"],"relics":["HollowMod:KingsSoulRelic","NeowsBlessing","Juzu Bracelet","Bronze Scales","Whetstone","Hallownest:DreamNailRelic","Orichalcum","Old Coin","Oddly Smooth Stone","Cursed Key","Pocketwatch","PreservedInsect"],"acts_visited":["Hallownest:Greenpath","TheCity","Hallownest:KingdomsEdge"],"potions_floor_usage":[24],"damage_taken":[{"damage":0,"enemies":"Hallownest:monsterHuskWarrior","floor":1,"turns":1},{"damage":0,"enemies":"Hallownest:2_Baldur","floor":3,"turns":1},{"damage":0,"enemies":"Hallownest:eliteCrystalGuardian","floor":6,"turns":1},{"damage":2,"enemies":"Hallownest:monsterHuskGuard","floor":7,"turns":4},{"damage":10,"enemies":"Hallownest:eliteVengeflyKing","floor":8,"turns":9},{"damage":3,"enemies":"Hallownest:MossCreep_and_Mosskin","floor":13,"turns":5},{"damage":21,"enemies":"Hallownest:eliteMossKnight","floor":14,"turns":8},{"damage":25,"enemies":"Hallownest:BossHornet","floor":16,"turns":15},{"damage":4,"enemies":"HollowMod:HuskSentry","floor":18,"turns":6},{"damage":0,"enemies":"Shell Parasite","floor":21,"turns":8},{"damage":0,"enemies":"Chosen and Byrds","floor":22,"turns":6},{"damage":37,"enemies":"Book of Stabbing","floor":24,"turns":7},{"damage":0,"enemies":"Snecko","floor":27,"turns":7},{"damage":0,"enemies":"Snake Plant","floor":28,"turns":5},{"damage":0,"enemies":"Sentry and Sphere","floor":30,"turns":9},{"damage":17,"enemies":"HollowMod:NKGrimm","floor":33,"turns":17},{"damage":0,"enemies":"Hallownest:Shield_Heavy","floor":35,"turns":8},{"damage":104,"enemies":"Hallownest:3_Siblings","floor":38,"turns":11}],"seed_played":"7919366944766873080","potions_obtained":[{"floor":8,"key":"DuplicationPotion"},{"floor":13,"key":"Swift Potion"},{"floor":24,"key":"EssenceOfSteel"},{"floor":30,"key":"SpeedPotion"},{"floor":33,"key":"AttackPotion"},{"floor":35,"key":"Fire Potion"}],"is_trial":false,"path_per_floor":["M","?","M","$","?","E","M","E","T","?","?","$","M","E","R","B",null,"M","?","$","M","M","R","E","R","T","M","M","R","M","?","R","B",null,"M","$","T","M"],"character_chosen":"THE_BUGKNIGHT","items_purchased":["HollowMod:HornetsHelp","HollowMod:WraithStrike","Pocketwatch"],"campfire_rested":0,"item_purchase_floors":[20,36,36],"current_hp_per_floor":[75,84,84,84,84,84,82,78,78,78,78,78,75,54,54,29,84,80,64,64,64,64,64,33,33,33,33,33,33,33,33,33,22,89,89,89,89,0,0],"gold":125,"neow_bonus":"THREE_ENEMY_KILL","is_daily":false,"chose_seed":false,"campfire_upgraded":5,"win_rate":0.0,"timestamp":1614202083,"path_taken":["M","?","M","$","?","E","M","E","T","?","?","$","M","E","R","BOSS","M","?","$","M","M","R","E","R","T","M","M","R","M","?","R","BOSS","M","$","?","M"],"items_purchased_type":["Card","Card","Relic"],"build_version":"2020-12-22","purchased_purges":3,"victory":false,"max_hp_per_floor":[75,84,84,84,84,84,84,84,84,84,84,84,84,84,84,84,84,84,89,89,89,89,89,89,89,89,89,89,89,89,89,89,89,89,89,89,89,89,89],"card_choices":[{"not_picked":["HollowMod:ShadowDash","HollowMod:SoulVessel"],"picked":"HollowMod:CycloneSlash","floor":1},{"not_picked":["HollowMod:SharpenedNail","HollowMod:GrimmsGift"],"picked":"HollowMod:VoidDash","floor":3},{"not_picked":["HollowMod:NewJinnsSoul","HollowMod:MonarchWings"],"picked":"HollowMod:RecoilStrike","floor":6},{"not_picked":["HollowMod:MothsMistake","HollowMod:SoulSplash"],"picked":"HollowMod:CycloneSlash","floor":7},{"not_picked":["HollowMod:SiblingsShadow","HollowMod:PerfectDash"],"picked":"HollowMod:DoubleDash","floor":8},{"not_picked":["HollowMod:NewLittleFool","HollowMod:CycloneSlash"],"picked":"HollowMod:CloakDash","floor":13},{"not_picked":["HollowMod:HowlingWraiths","HollowMod:LifebloodCocoon"],"picked":"HollowMod:LifebloodCore","floor":14},{"not_picked":["HollowMod:PureVessel","HollowMod:ElderbugsWisdom"],"picked":"HollowMod:LifebloodCore","floor":16},{"not_picked":["HollowMod:AbyssShriek","HollowMod:BaldurShell+1"],"picked":"HollowMod:SoulStrike","floor":18},{"not_picked":["HollowMod:InfectionAssault","HollowMod:PureNailStrike","HollowMod:NewLittleFool"],"picked":"SKIP","floor":21},{"not_picked":["HollowMod:CrystalDash","HollowMod:TaintedHusks+1"],"picked":"HollowMod:NewJinnsSoul+1","floor":22},{"not_picked":["HollowMod:InfectionAssault","HollowMod:ChannelNail","HollowMod:SoulShaman"],"picked":"SKIP","floor":24},{"not_picked":["HollowMod:SoulEater","HollowMod:CornifersMapStart+1"],"picked":"HollowMod:DashSlash","floor":27},{"not_picked":["HollowMod:SiblingsSouls","HollowMod:PureNailStrike"],"picked":"HollowMod:VengefulVoid+1","floor":28},{"not_picked":["HollowMod:FallenFury","HollowMod:CornifersMapStart"],"picked":"HollowMod:DescendingDark","floor":30},{"not_picked":["HollowMod:LifebloodCore","HollowMod:NewInfectedGuardian"],"picked":"HollowMod:Hiveblood","floor":33},{"not_picked":["HollowMod:CycloneSlash","HollowMod:GoodIntentions+1"],"picked":"HollowMod:DashSlash","floor":35}],"player_experience":18652,"relics_obtained":[{"floor":6,"key":"Juzu Bracelet"},{"floor":8,"key":"Bronze Scales"},{"floor":9,"key":"Whetstone"},{"floor":14,"key":"Orichalcum"},{"floor":24,"key":"Old Coin"},{"floor":26,"key":"Oddly Smooth Stone"},{"floor":37,"key":"PreservedInsect"}],"event_choices":[{"damage_healed":0,"gold_gain":0,"player_choice":"Shed Blood","damage_taken":21,"max_hp_gain":5,"max_hp_loss":0,"event_name":"Forgotten Altar","floor":19,"gold_loss":0},{"damage_healed":0,"gold_gain":0,"cards_transformed":["HollowMod:NailStrikeStart"],"player_choice":"Transformed","damage_taken":0,"max_hp_gain":0,"max_hp_loss":0,"event_name":"Transmorgrifier","floor":31,"gold_loss":0,"cards_obtained":["HollowMod:CornifersMapStart"]}],"is_beta":false,"boss_relics":[{"not_picked":["Ectoplasm","SacredBark"],"picked":"HollowMod:KingsSoulRelic"},{"not_picked":["Fusion Hammer","Coffee Dripper"],"picked":"Cursed Key"}],"items_purged_floors":[4,12,36],"is_endless":false,"potions_floor_spawned":[8,13,24,30,33,35],"killed_by":"Hallownest:3_Siblings","ascension_level":0}}