{"host":"vk2xyavtylxbvrfq","time":1614197125,"event":{"mods":["Bard","BaseMod","Bestiary","Better Altar","Better Match","Better Note","Better Sensory Stone","Better Skull","Better Vampires","Block Reminder","Bossed Relics","Colored Map","Curses Come First","Displayed Cursed Tome","Downfall","Extra Virgin Snecko Oil","Fox Events","Hermit","Ironclad Rager","Marked Mod","Minty Spire (QoL Compilation)","Quick Restart","Rare Cards Sparkle","Relic Sorter","Reliquary","Robot Space Explorer","StSLib","The Hayseed","The Runesmith","Unceasing Turn Reminder"],"gold_per_floor":[15,26,26,84,100,100,127,127,127,161,161,86,125,182,182,285,285,324,423,28,28,52,92,92,92,92],"floor_reached":25,"language":"ENG","playtime":1059,"items_purged":["hermit:Strike_Hermit"],"score":318,"play_id":"ce0acfd2-7162-46b4-81f7-3b57d30d4882","local_time":"20210224150525","is_ascension_mode":true,"campfire_choices":[{"data":"hermit:Scavenge","floor":6.0,"key":"SMITH"},{"data":"hermit:LoneWolf","floor":8,"key":"SMITH"},{"floor":11,"key":"REST"},{"floor":15,"key":"REST"},{"floor":24,"key":"REST"}],"circlet_count":0,"master_deck":["hermit:Strike_Hermit","hermit:Strike_Hermit","hermit:Strike_Hermit","hermit:Defend_Hermit","hermit:Defend_Hermit","hermit:Defend_Hermit+1","hermit:Defend_Hermit","hermit:Snapshot","hermit:Covet","hermit:GoldenBullet+1","hermit:Glare","hermit:Scavenge+1","hermit:LoneWolf+1","hermit:Manifest+1","hermit:Enervate+1","hermit:EyeOfTheStorm","hermit:Enervate","hermit:DeadOrAlive","hermit:Gestalt","hermit:GoldenBullet+1","hermit:Maintenance"],"relics":["hermit:Momento","reliquary:OuijaBoard","reliquary:GummyVitamins","reliquary:BallBearing","Centennial Puzzle","reliquary:WeakTea","Pandora\u0027s Box","Incense Burner","foxEvents:EldersFace","Prayer Wheel"],"acts_visited":["Exordium","TheCity"],"potions_floor_usage":[10,13,14],"damage_taken":[{"damage":5.0,"enemies":"2 Louse","floor":1.0,"turns":3.0},{"damage":4.0,"enemies":"Jaw Worm","floor":2.0,"turns":3.0},{"damage":1.0,"enemies":"Cultist","floor":5.0,"turns":3.0},{"damage":0,"enemies":"2 Fungi Beasts","floor":7,"turns":3},{"damage":16,"enemies":"Lagavulin","floor":10,"turns":5},{"damage":15,"enemies":"3 Sentries","floor":13,"turns":8},{"damage":13,"enemies":"Gremlin Nob","floor":14,"turns":3},{"damage":19,"enemies":"Slime Boss","floor":16,"turns":11},{"damage":5,"enemies":"Spheric Guardian","floor":18,"turns":4},{"damage":22,"enemies":"3 Byrds","floor":22,"turns":7},{"damage":4,"enemies":"Slavers","floor":23,"turns":6},{"damage":0,"enemies":"Gremlin Leader","floor":25,"turns":1}],"seed_played":"-3423764308753075630","potions_obtained":[{"floor":2.0,"key":"DistilledChaos"},{"floor":7,"key":"Strength Potion"},{"floor":13,"key":"SteroidPotion"},{"floor":14,"key":"SteroidPotion"}],"is_trial":false,"path_per_floor":["M","M","?","?","M","R","M","R","T","E","R","?","E","?","R","B",null,"M","?","$","?","M","E","R","E"],"character_chosen":"HERMIT","items_purchased":["Incense Burner","hermit:Gestalt"],"campfire_rested":3,"item_purchase_floors":[20,20],"current_hp_per_floor":[63,59,59,59,58,58,58,58,58,42,64,64,49,36,58,39,66,61,61,61,61,39,35,57,57,57],"gold":92,"neow_bonus":"ONE_RARE_RELIC","is_daily":false,"chose_seed":false,"campfire_upgraded":2,"win_rate":0.0,"timestamp":1614197125,"path_taken":["M","M","?","?","M","R","M","R","T","E","R","?","E","?","R","BOSS","M","?","$","?","M","E","R","E"],"items_purchased_type":["Relic","Card"],"build_version":"2020-12-22","purchased_purges":1,"victory":false,"max_hp_per_floor":[75,75,75,75,75,75,75,75,75,75,75,75,75,75,75,75,75,75,75,75,75,75,75,75,75,75],"card_choices":[{"not_picked":["hermit:LowProfile","hermit:Desperado"],"picked":"hermit:GoldenBullet","floor":1.0},{"not_picked":["hermit:Dive","hermit:NoHoldsBarred"],"picked":"hermit:Glare","floor":2.0},{"not_picked":["hermit:Coalescence","hermit:CalledShot"],"picked":"hermit:Scavenge","floor":5.0},{"not_picked":["hermit:Snipe","hermit:Dive"],"picked":"hermit:LoneWolf","floor":7},{"not_picked":["hermit:TrackingShot","hermit:TakeAim","hermit:EternalForm"],"picked":"SKIP","floor":10},{"not_picked":["hermit:Headshot+1","hermit:SprayPray+1"],"picked":"hermit:Manifest+1","floor":12},{"not_picked":["hermit:Horror+1","hermit:LuckOfTheDraw+1"],"picked":"hermit:Enervate+1","floor":12},{"not_picked":["hermit:Ricochet","hermit:Glare"],"picked":"hermit:EyeOfTheStorm","floor":13},{"not_picked":["hermit:Snipe","hermit:Roulette"],"picked":"hermit:Enervate","floor":14},{"not_picked":["hermit:FatalDesire","hermit:FinalCanter"],"picked":"hermit:DeadOrAlive","floor":16},{"not_picked":["hermit:HighCaliber+1","hermit:LowProfile","hermit:Desperado+1"],"picked":"SKIP","floor":18},{"not_picked":["hermit:Coalescence+1","hermit:Desperado+1"],"picked":"hermit:GoldenBullet+1","floor":22},{"not_picked":["hermit:Determination+1","hermit:GhostlyPresence"],"picked":"hermit:Maintenance","floor":23}],"player_experience":1471630,"relics_obtained":[{"floor":9,"key":"reliquary:GummyVitamins"},{"floor":10,"key":"reliquary:BallBearing"},{"floor":13,"key":"Centennial Puzzle"},{"floor":14,"key":"reliquary:WeakTea"},{"floor":23,"key":"Prayer Wheel"}],"event_choices":[{"damage_healed":0.0,"max_hp_gain":0.0,"max_hp_loss":0.0,"gold_gain":0.0,"event_name":"Living Wall","player_choice":"Grow","floor":3.0,"gold_loss":0.0,"damage_taken":0.0,"cards_upgraded":["hermit:GoldenBullet"]},{"damage_healed":0.0,"max_hp_gain":0.0,"max_hp_loss":0.0,"gold_gain":58.0,"event_name":"Golden Wing","player_choice":"Gained Gold","floor":4.0,"gold_loss":0.0,"damage_taken":0.0},{"damage_healed":0,"gold_gain":0,"player_choice":"2","damage_taken":0,"max_hp_gain":0,"max_hp_loss":0,"event_name":"betterMatch:BetterMatch","floor":12,"gold_loss":0,"cards_obtained":["betterMatch:CommonCard","betterMatch:UncommonCard"]},{"damage_healed":0,"gold_gain":0,"player_choice":"Searched \u00272\u0027 times","damage_taken":0,"max_hp_gain":0,"max_hp_loss":0,"event_name":"Dead Adventurer","floor":14,"gold_loss":0},{"damage_healed":0,"gold_gain":99,"player_choice":"Stole From Cult","damage_taken":0,"max_hp_gain":0,"max_hp_loss":0,"event_name":"Nest","floor":19,"gold_loss":0},{"damage_healed":0,"gold_gain":0,"player_choice":"Trade","damage_taken":0,"relics_obtained":["foxEvents:EldersFace"],"max_hp_gain":0,"max_hp_loss":0,"event_name":"FaceTrader","floor":21,"gold_loss":0}],"is_beta":false,"boss_relics":[{"not_picked":["reliquary:Ember","Ectoplasm"],"picked":"Pandora\u0027s Box"}],"items_purged_floors":[20],"is_endless":false,"potions_floor_spawned":[2,7,13,14],"killed_by":"Gremlin Leader","ascension_level":8}}