{"host":"t4bl6qmmsws2mq4o","time":1614185480,"event":{"mods":["AchievementEnabler","Act Like it!","BaseMod","Better Note","Downfall","GifTheSpireLib","Hermit","Koishi","Marisa????????","Minty Spire (QoL Compilation)","Ruina","StSLib","The Alterego","The Death Knight","The Marked","The Necromancer","The Poker Player","The Runesmith","The Servant 0.9.4"],"gold_per_floor":[117,117,67,67,81,81,116,133,188,200,226,226,226,241,241,336,336,354,354,354,454,472,506,524,564,615,39,49,49,58,73,73,182,182,199,199,219,503,524,551,561,599,599,599,620,664,664,723,723,723],"floor_reached":51,"language":"ENG","playtime":3158,"items_purged":["Writhe"],"score":1060,"play_id":"28097b8e-1d9b-4034-8b37-d96e245d066a","local_time":"20210224085120","is_ascension_mode":false,"campfire_choices":[{"data":"Luminosity","floor":6.0,"key":"SMITH"},{"data":"SilverBlades","floor":12.0,"key":"SMITH"},{"data":"Ricochet","floor":15.0,"key":"SMITH"},{"data":"Initiator","floor":29,"key":"SMITH"},{"data":"1","floor":32,"key":"LIFT"},{"data":"2","floor":44,"key":"LIFT"},{"floor":47,"key":"REST"},{"data":"3","floor":49,"key":"LIFT"}],"circlet_count":0,"master_deck":["Strike_S","Defend_S","Defend_S","KidneyShot","Exchange","Luminosity+1","Misdirection","Ricochet+1","Ricochet","SilverBlades+1","TimeWarp","BottledTime","Initiator+1","Moonlight+1","Potential+1","FastForward+1","Defy+1","ForgedInTime+1","CurseOfTheBell","CurseOfTheBell","Doubt","Parasite","Sunlight","InstantArmor+1","RealityMarble","ruina:Lumber","ruina:CobaltScar","Doubt","FlawlessForm","Luminosity+1","Regret","Comet+1","BottledTime+1","Defy+1","Barrier+1","Contraction+1"],"relics":["Uniform","InkBottle","HornCleat","Strawberry","DeathKnight:SindragosasSkull","Astrolabe","downfall:ExtraCursedBell","Potion Belt","The Courier","Du-Vu Doll","MealTicket","CeramicFish","Dream Catcher","Lantern","Ancient Tea Set","Girya","MysterySword","Toxic Egg 2","Runesmith:AutoHammer","Regal Pillow","Sundial","Akabeko","Torii"],"acts_visited":["Exordium","ruina:Briah","TheBeyond"],"potions_floor_usage":[33,46,50,50,50,50,50],"damage_taken":[{"damage":0.0,"enemies":"Jaw Worm","floor":1.0,"turns":5.0},{"damage":0.0,"enemies":"Cultist","floor":5.0,"turns":4.0},{"damage":23.0,"enemies":"Gremlin Nob","floor":7.0,"turns":5.0},{"damage":0.0,"enemies":"Small Slimes","floor":8.0,"turns":4.0},{"damage":0.0,"enemies":"Looter","floor":10.0,"turns":3.0},{"damage":0.0,"enemies":"3 Sentries","floor":11.0,"turns":3.0},{"damage":0.0,"enemies":"2 Fungi Beasts","floor":14.0,"turns":2.0},{"damage":18.0,"enemies":"Slime Boss","floor":16.0,"turns":8.0},{"damage":6.0,"enemies":"ruina:BadWolf","floor":18.0,"turns":3.0},{"damage":0,"enemies":"ruina:3_Bats","floor":22,"turns":3},{"damage":0,"enemies":"ruina:ServantOfWrath","floor":23,"turns":6},{"damage":0,"enemies":"ruina:KingOfGreed","floor":24,"turns":5},{"damage":25,"enemies":"ruina:RoadHome","floor":25,"turns":7},{"damage":11,"enemies":"ruina:KnightOfDespair","floor":28,"turns":4},{"damage":0,"enemies":"ruina:3_Scarecrows","floor":31,"turns":2},{"damage":34,"enemies":"ruina:Red_and_Wolf","floor":33,"turns":7},{"damage":26,"enemies":"3 Darklings","floor":35,"turns":5},{"damage":4,"enemies":"3 Shapes","floor":37,"turns":4},{"damage":0,"enemies":"Writhing Mass","floor":39,"turns":3},{"damage":30,"enemies":"Reptomancer","floor":40,"turns":7},{"damage":0,"enemies":"Maw","floor":41,"turns":5},{"damage":8,"enemies":"Giant Head","floor":42,"turns":7},{"damage":10,"enemies":"3 Darklings","floor":45,"turns":2},{"damage":0,"enemies":"Nemesis","floor":46,"turns":5},{"damage":0,"enemies":"2 Orb Walkers","floor":48,"turns":3},{"damage":52,"enemies":"Awakened One","floor":50,"turns":11}],"seed_played":"1797619871006555349","potions_obtained":[{"floor":1.0,"key":"FairyPotion"},{"floor":5.0,"key":"AttackPotion"},{"floor":7.0,"key":"champ:CounterPotion"},{"floor":24,"key":"Strength Potion"},{"floor":28,"key":"FearPotion"},{"floor":31,"key":"Weak Potion"},{"floor":40,"key":"SteroidPotion"},{"floor":41,"key":"Strength Potion"},{"floor":45,"key":"bronze:BurnAndBuffPotion"},{"floor":46,"key":"GamblersBrew"}],"is_trial":false,"path_per_floor":["M","?","?","T","M","R","E","M","T","M","E","R","?","M","R","B",null,"M","?","?","?","M","E","M","E","T","$","M","R","?","M","R","B",null,"M","T","M","?","M","E","M","E","T","R","M","E","R","?","R","B",null],"character_chosen":"THE_SERVANT","items_purchased":["Lantern","ruina:Lumber","ruina:CobaltScar","Ancient Tea Set"],"campfire_rested":1,"item_purchase_floors":[27,27,27,27],"current_hp_per_floor":[71,71,71,71,71,71,48,48,55,55,55,55,60,60,60,42,83,77,93,84,89,89,89,89,64,64,79,68,68,68,68,68,34,104,78,78,74,74,74,44,44,36,36,36,26,26,72,72,72,20],"gold":723,"neow_bonus":"TEN_PERCENT_HP_BONUS","is_daily":false,"chose_seed":false,"campfire_upgraded":4,"win_rate":0.0,"timestamp":1614185480,"path_taken":["M","?","?","?","?","R","E","M","T","M","E","R","?","M","R","BOSS","M","?","?","?","M","E","M","E","T","$","M","R","?","M","R","BOSS","M","?","?","?","M","E","?","E","T","R","M","E","R","?","R","BOSS"],"items_purchased_type":["Relic","Card","Card","Relic"],"build_version":"2020-12-22","purchased_purges":1,"victory":true,"max_hp_per_floor":[71,71,71,71,71,71,71,71,78,78,78,78,83,83,83,83,83,83,99,99,104,104,104,104,104,104,104,104,104,104,104,104,104,104,104,104,104,104,104,104,104,104,104,104,104,104,104,104,104,104],"card_choices":[{"not_picked":["Rearm","Alleviate"],"picked":"Luminosity","floor":1.0},{"not_picked":["Replace","MurderousAura"],"picked":"Misdirection","floor":5.0},{"not_picked":["Replace","Spin"],"picked":"Ricochet","floor":7.0},{"not_picked":["Misdirection","Replace"],"picked":"Ricochet","floor":8.0},{"not_picked":["Rearm","Defy"],"picked":"SilverBlades","floor":10.0},{"not_picked":["Solidify","Starlight"],"picked":"TimeWarp","floor":11.0},{"not_picked":["Sabotage","Revamp"],"picked":"BottledTime","floor":14.0},{"not_picked":["Dilation","ForgedInTime"],"picked":"Initiator","floor":16.0},{"not_picked":["Rewind+1","Reset"],"picked":"Defy+1","floor":18.0},{"not_picked":["Starlight","TimeWarp+1"],"picked":"InstantArmor+1","floor":22},{"not_picked":["Spin","Hightail","Moonlight"],"picked":"SKIP","floor":23},{"not_picked":["Defy","Moonlight","Snipe"],"picked":"SKIP","floor":24},{"not_picked":["Alleviate","Solidify"],"picked":"RealityMarble","floor":25},{"not_picked":["Alleviate","Rearm","Foresight+1"],"picked":"SKIP","floor":28},{"not_picked":["Rewind+1","FastForward","DoubleEdge"],"picked":"SKIP","floor":31},{"not_picked":["Dilation","Duplication"],"picked":"FlawlessForm","floor":33},{"not_picked":["Ricochet","TimeWarp+1","DoubleEdge+1"],"picked":"SKIP","floor":35},{"not_picked":["DoubleEdge","Gouge+1"],"picked":"Luminosity+1","floor":37},{"not_picked":["Replace+1","Ricochet"],"picked":"Comet+1","floor":39},{"not_picked":["Defy+1","FlawlessForm","Collapse+1"],"picked":"SKIP","floor":40},{"not_picked":["ReturningBlade","TimeWarp+1","Rewind+1"],"picked":"SKIP","floor":41},{"not_picked":["Potential+1","Reset+1"],"picked":"BottledTime+1","floor":42},{"not_picked":["Potential","Gouge"],"picked":"Defy+1","floor":45},{"not_picked":["FanOfKnives","Misdirection+1"],"picked":"Barrier+1","floor":46},{"not_picked":["Revamp+1","GearUp+1"],"picked":"Contraction+1","floor":48}],"player_experience":513971,"relics_obtained":[{"floor":4.0,"key":"InkBottle"},{"floor":7.0,"key":"HornCleat"},{"floor":9.0,"key":"Strawberry"},{"floor":11.0,"key":"DeathKnight:SindragosasSkull"},{"floor":21.0,"key":"Potion Belt"},{"floor":21.0,"key":"The Courier"},{"floor":21.0,"key":"Du-Vu Doll"},{"floor":23,"key":"MealTicket"},{"floor":25,"key":"CeramicFish"},{"floor":26,"key":"Dream Catcher"},{"floor":36,"key":"Toxic Egg 2"},{"floor":40,"key":"Runesmith:AutoHammer"},{"floor":42,"key":"Regal Pillow"},{"floor":43,"key":"Sundial"},{"floor":46,"key":"Akabeko"},{"floor":48,"key":"Torii"}],"event_choices":[{"damage_healed":0.0,"max_hp_gain":0.0,"max_hp_loss":0.0,"gold_gain":0.0,"event_name":"Golden Wing","player_choice":"Ignored","floor":2.0,"gold_loss":0.0,"damage_taken":0.0},{"cards_removed":["Strike_S"],"damage_healed":0.0,"max_hp_gain":0.0,"max_hp_loss":0.0,"gold_gain":0.0,"event_name":"The Cleric","player_choice":"Card Removal","floor":3.0,"gold_loss":50.0,"damage_taken":0.0},{"damage_healed":0.0,"max_hp_gain":5.0,"max_hp_loss":0.0,"gold_gain":0.0,"event_name":"Big Fish","player_choice":"Donut","floor":13.0,"gold_loss":0.0,"damage_taken":0.0},{"damage_healed":0,"gold_gain":275,"player_choice":"Desecrate","damage_taken":0,"max_hp_gain":0,"max_hp_loss":0,"event_name":"Golden Shrine","floor":38,"gold_loss":0,"cards_obtained":["Regret"]},{"damage_healed":0,"gold_gain":0,"player_choice":"Fight","damage_taken":0,"max_hp_gain":0,"max_hp_loss":0,"event_name":"Mysterious Sphere","floor":48,"gold_loss":0}],"is_beta":false,"boss_relics":[{"not_picked":["Philosopher\u0027s Stone","SacredBark"],"picked":"Astrolabe"},{"not_picked":["Sozu","Empty Cage"],"picked":"MysterySword"}],"items_purged_floors":[27],"is_endless":false,"potions_floor_spawned":[1,5,7,24,28,31,40,41,45,46],"ascension_level":0}}