{"host":"5vt7i1s0igmi3yzq","time":1614125552,"event":{"mods":["AchievementEnabler","Act Like it!","Aspiration","BaseMod","Better Altar","Better Match","Better Note","Better Sensory Stone","Better Skull","Better Third Choice","Better Vampires","BetterRewards","Colored Powertips","Fox Events","GifTheSpireLib","Hermit","Highlight Path","Minty Spire (QoL Compilation)","Morshu Shopkeeper","Pale of the Ancients","Permanent Neow","Rare Cards Sparkle","Replay The Spire","Reworked Bosses","Shop Mod","StSLib","Stuff the Spire","Unceasing Turn Reminder","Wandering Minibosses","everything is the same but u backflip on backflip"],"gold_per_floor":[119,119,132,679,697,728,728,746,746,763,340,340,367,387,387,491,491,510,32,32,32,19,19,44,54,133,151,179,195,195,5,5,102,102,117,0,0,23,36,64,114,143,143,173,193,193,222,222,222,222,238,257,310,113,113,123,123,169,169,169],"floor_reached":61,"language":"ENG","playtime":4170,"items_purged":["Strike_B"],"score":1890,"play_id":"b263f94e-da6c-4f51-9fba-52490cf43a8a","local_time":"20210223181232","is_ascension_mode":true,"campfire_choices":[{"floor":7,"key":"REST"},{"data":"StuffTheSpire:Synthwave","floor":12,"key":"SMITH"},{"floor":15,"key":"REST"},{"data":"ReplayTheSpireMod:Brewmster","floor":23,"key":"SMITH"},{"floor":32,"key":"REST"},{"data":"White Noise","floor":46,"key":"SMITH"},{"floor":57,"key":"DIG"}],"circlet_count":0,"master_deck":["Strike_B","Strike_B","Zap","m_Survivalism","ReplayGash","ReplayTheSpireMod:Brewmster+1","Turbo+1","Defragment","Aggregate","StuffTheSpire:Synthwave+1","ReplayGash+1","Reprogram","Turbo","White Noise+1","Thunder Strike","Ball Lightning","Panache+1","Replay:Poison Smokescreen","Caltrops","Deflect","Die Die Die+1","Blur","Flying Knee","Cloak And Dagger+1","Go for the Eyes+1","Tactician","Go for the Eyes","Backstab","Biased Cognition","Quick Slash+1","Lockon","Electrodynamics","Delirium","StuffTheSpire:Injection+1","Glass Knife","Backstab+1","Overencumbered","Slice+1","Reprogram","Go for the Eyes","Riddle With Holes+1","ReplayTheSpireMod:Splinters","Rebound+1","Double Energy","Capacitor","Catalyst","Doom and Gloom","Force Field","Overencumbered"],"relics":["Cracked Core","Replay:PocketPolymizer","Blue Doll","StuffTheSpire:OldFever","PreservedInsect","MerchantsRug","Unceasing Top","aspiration:SilentSkillbook","DataDisk","Lantern","MutagenicStrength","Pet Ghost","Onion Ring","Lizard Tail","Bag of Preparation","aspiration:PoetsPen_weak","Red Mask","StuffTheSpire:Gunfinga","aspiration:AnachronicSnailShell","ReplayTheSpireMod:Ring of Exchange","Ring of Greed","Replay:Wax Seal","Tiny Chest","The Courier","Happy Flower","Replay:Ringing Soul","Replay:Multitool","paleoftheancients:Timepiece","paleoftheancients:KeyRelic","Ice Cream","Spirit Poop","paleoftheancients:SoulOfTheBard","wanderingMiniBosses:CarrionFlame","Shuriken","Guide Book","Replay:Bottled Flurry","Strawberry"],"acts_visited":["Exordium","TheCity","TheBeyond","TheBeyond"],"potions_floor_usage":[6,6,6,8,10,13,14,14,14,14,14,16,16,16,18,24,25,27,28,28,29,30,33,33,40,50,50,50,51,51,51,52,60,60,60,60,60,60,60,60,60,60,60],"damage_taken":[{"damage":2,"enemies":"Small Slimes","floor":1,"turns":3},{"damage":0,"enemies":"2 Louse","floor":3,"turns":3},{"damage":0,"enemies":"Cultist","floor":5,"turns":3},{"damage":1,"enemies":"Replay:BlueRogue","floor":6,"turns":6},{"damage":9,"enemies":"Blue Slaver","floor":8,"turns":4},{"damage":5,"enemies":"3 Louse","floor":10,"turns":3},{"damage":16,"enemies":"Gremlin Nob","floor":13,"turns":3},{"damage":4,"enemies":"Gremlin Gang","floor":14,"turns":5},{"damage":17,"enemies":"Hexaghost","floor":16,"turns":7},{"damage":18,"enemies":"Chosen","floor":18,"turns":4},{"damage":30,"enemies":"Gremlin Leader","floor":24,"turns":4},{"damage":1,"enemies":"Shell Parasite","floor":25,"turns":2},{"damage":1,"enemies":"Cultist and Chosen","floor":27,"turns":2},{"damage":10,"enemies":"Replay:Snechameleon","floor":28,"turns":4},{"damage":3,"enemies":"3 Cultists","floor":29,"turns":3},{"damage":6,"enemies":"Book of Stabbing","floor":30,"turns":2},{"damage":11,"enemies":"bossMod:newChamp","floor":33,"turns":6},{"damage":0,"enemies":"3 Shapes","floor":35,"turns":1},{"damage":12,"enemies":"Orb Walker","floor":39,"turns":2},{"damage":8,"enemies":"R_Hoarder","floor":40,"turns":3},{"damage":1,"enemies":"Giant Head","floor":42,"turns":3},{"damage":0,"enemies":"R_Hoarder","floor":44,"turns":2},{"damage":12,"enemies":"4 Shapes","floor":45,"turns":1},{"damage":0,"enemies":"Nemesis","floor":47,"turns":1},{"damage":10,"enemies":"bossMod:newAwakened","floor":50,"turns":6},{"damage":44,"enemies":"bossMod:newAwakened","floor":51,"turns":2},{"damage":41,"enemies":"bossMod:newAwakened","floor":52,"turns":5},{"damage":70,"enemies":"bossMod:newAwakened","floor":56,"turns":4},{"damage":104,"enemies":"paleoftheancients:N","floor":60,"turns":6}],"seed_played":"-8110009818548889957","potions_obtained":[{"floor":3,"key":"Cursed Concoction"},{"floor":5,"key":"EntropicBrew"},{"floor":8,"key":"AttackPotion"},{"floor":13,"key":"SkillPotion"},{"floor":27,"key":"Dexterity Potion"},{"floor":29,"key":"SteroidPotion"},{"floor":35,"key":"Energy Potion"},{"floor":40,"key":"LiquidBronze"},{"floor":44,"key":"EssenceOfDarkness"}],"is_trial":false,"path_per_floor":["M","?","M","?","M","E","R","M","T","M","$","R","E","M","R","B",null,"M","$","?","?","$","R","E","M","T","M","E","M","E","$","R","B",null,"M","?","$","T","M","E","?","E","T","E","M","R","E","?","R","B","M","M","?","$","R","M","R","T","?","B",null],"character_chosen":"DEFECT","items_purchased":["PreservedInsect","ReplayGash+1","MerchantsRug","DataDisk","Lantern","Panache","StuffTheSpire:Plugnplay","Bag of Preparation","Go for the Eyes","Double Energy","Guide Book","Capacitor"],"campfire_rested":3,"item_purchase_floors":[11,11,11,19,19,19,22,31,31,54,54,54],"current_hp_per_floor":[73,73,73,18,18,17,39,30,30,25,25,25,9,5,27,10,59,41,41,41,41,41,41,11,10,10,9,11,8,2,2,24,13,60,60,60,60,60,48,44,44,43,43,46,37,40,43,43,79,77,60,55,58,61,92,62,65,75,75,83],"gold":169,"neow_bonus":"ONE_RARE_RELIC","is_daily":false,"chose_seed":false,"campfire_upgraded":3,"win_rate":0.0,"timestamp":1614125552,"path_taken":["M","?","M","?","M","E","R","?","T","M","$","R","E","M","R","BOSS","M","$","?","?","$","R","E","?","T","M","E","M","E","?","R","BOSS","M","?","?","?","?","E","?","E","T","E","M","R","E","?","R","BOSS","M","M","?","$","R","M","R","T","?","BOSS"],"items_purchased_type":["Relic","Card","Relic","Relic","Relic","Card","Card","Relic","Card","Card","Relic","Card"],"build_version":"2020-12-22","purchased_purges":1,"victory":true,"max_hp_per_floor":[75,75,75,75,75,75,75,75,75,75,75,75,75,75,75,75,75,75,75,75,75,75,75,75,75,75,75,75,75,75,75,75,75,75,75,75,75,75,75,75,75,75,75,78,81,84,87,87,79,79,82,85,88,91,94,97,100,110,110,110],"card_choices":[{"not_picked":["Compile Driver","Reinforced Body"],"picked":"ReplayGash","floor":1},{"not_picked":["Panache","StuffTheSpire:PlasmaPulse"],"picked":"ReplayTheSpireMod:Brewmster","floor":2},{"not_picked":["Cold Snap","Stack"],"picked":"Turbo","floor":3},{"not_picked":["Compile Driver","Stack"],"picked":"Defragment","floor":5},{"not_picked":["ReplayTheSpireMod:Reroute Power","ReplayTheSpireMod:GoodbyeWorld"],"picked":"Aggregate","floor":6},{"not_picked":["Barrage","Gash"],"picked":"StuffTheSpire:Synthwave","floor":8},{"not_picked":["Go for the Eyes","Scrape"],"picked":"Redo","floor":10},{"not_picked":["Leap","Panic Button"],"picked":"Turbo","floor":13},{"not_picked":["Capacitor","Glacier"],"picked":"Turbo","floor":14},{"not_picked":["StuffTheSpire:LaunchingStrike","StuffTheSpire:Purify"],"picked":"Thunder Strike","floor":16},{"not_picked":["Coolheaded","ReplayTheSpireMod:GoodbyeWorld","BasicCrystalCard"],"picked":"Ball Lightning","floor":18},{"not_picked":["Stack","Expertise","Crippling Poison"],"picked":"Blur","floor":24},{"not_picked":["Reinforced Body","ReplaySolidLightProjector","Blade Dance"],"picked":"Flying Knee","floor":25},{"not_picked":["Time Bomb","BasicCrystalCard+1","StuffTheSpire:LoadUp"],"picked":"Cloak And Dagger+1","floor":27},{"not_picked":["Underhanded Strike","Leg Sweep","StuffTheSpire:Sprint"],"picked":"Go for the Eyes+1","floor":28},{"not_picked":["Beam Cell","Scrape","Compile Driver"],"picked":"Tactician","floor":29},{"not_picked":["Amplify","Glass Knife","ReplayRNGCard"],"picked":"Biased Cognition","floor":33},{"not_picked":["Cold Snap","Tempest+1","Panic Button"],"picked":"Quick Slash+1","floor":35},{"not_picked":["Panic Button+1","Outmaneuver+1","Calculated Gamble"],"picked":"Lockon","floor":39},{"not_picked":["Terror+1","Static Discharge","BasicCrystalCard+1"],"picked":"Electrodynamics","floor":40},{"not_picked":["Underhanded Strike","ReplayTheSpireMod:Exploit Weakness+1","Outmaneuver"],"picked":"StuffTheSpire:Injection+1","floor":42},{"not_picked":["Deflect+1","Sweeping Beam","Sucker Punch"],"picked":"Glass Knife","floor":44},{"not_picked":["StuffTheSpire:Injection+1","Flying Knee+1","ReplayTheSpireMod:Shiv Toss"],"picked":"Backstab+1","floor":45},{"not_picked":["BootSequence","Masterful Stab","Rainbow"],"picked":"Slice+1","floor":47},{"not_picked":["Toxin Wave","Reinforced Body+1","StuffTheSpire:LoadUp"],"picked":"Go for the Eyes","floor":51},{"not_picked":["All Out Attack","StuffTheSpire:Injection+1","Undo"],"picked":"Riddle With Holes+1","floor":52},{"not_picked":["Lockon+1","Doppelganger","Backflip"],"picked":"Rebound+1","floor":53},{"not_picked":["Doom and Gloom","Genetic Algorithm+1","ReplaySolidLightProjector","Glacier"],"picked":"SKIP","floor":56},{"not_picked":["Genetic Algorithm+1","ReplaySolidLightProjector","Glacier"],"picked":"Doom and Gloom","floor":56}],"player_experience":424718,"relics_obtained":[{"floor":6,"key":"StuffTheSpire:OldFever"},{"floor":13,"key":"Unceasing Top"},{"floor":24,"key":"Pet Ghost"},{"floor":26,"key":"Onion Ring"},{"floor":28,"key":"Lizard Tail"},{"floor":38,"key":"StuffTheSpire:Gunfinga"},{"floor":40,"key":"aspiration:AnachronicSnailShell"},{"floor":41,"key":"ReplayTheSpireMod:Ring of Exchange"},{"floor":41,"key":"Ring of Greed"},{"floor":41,"key":"Replay:Wax Seal"},{"floor":41,"key":"Tiny Chest"},{"floor":42,"key":"The Courier"},{"floor":43,"key":"Happy Flower"},{"floor":44,"key":"Replay:Ringing Soul"},{"floor":47,"key":"Replay:Multitool"},{"floor":52,"key":"paleoftheancients:SoulOfTheBard"},{"floor":52,"key":"wanderingMiniBosses:CarrionFlame"},{"floor":53,"key":"Shuriken"},{"floor":57,"key":"Replay:Bottled Flurry"},{"floor":58,"key":"Strawberry"}],"event_choices":[{"damage_healed":0,"gold_gain":1,"player_choice":"1","damage_taken":0,"max_hp_gain":0,"max_hp_loss":0,"event_name":"betterStone:BetterStone","floor":2,"gold_loss":0},{"damage_healed":0,"gold_gain":547,"player_choice":"RE GO GO GO GO GO ","damage_taken":62,"relics_obtained":["Blue Doll"],"max_hp_gain":0,"max_hp_loss":0,"event_name":"betterSkull:BetterSkull","floor":4,"gold_loss":0,"cards_upgraded":[]},{"damage_healed":0,"gold_gain":0,"player_choice":"Inject Mutagens","damage_taken":0,"relics_obtained":["MutagenicStrength"],"max_hp_gain":0,"max_hp_loss":0,"event_name":"Drug Dealer","floor":20,"gold_loss":0},{"damage_healed":0,"gold_gain":0,"player_choice":"Paid","damage_taken":0,"relics_obtained":["Red Mask"],"max_hp_gain":0,"max_hp_loss":0,"event_name":"Tomb of Lord Red Mask","floor":36,"gold_loss":117},{"damage_healed":79,"gold_gain":0,"player_choice":"Heal","damage_taken":0,"max_hp_gain":0,"max_hp_loss":11,"event_name":"The Moai Head","floor":49,"gold_loss":0}],"is_beta":false,"boss_relics":[{"not_picked":["aspiration:BursterCore","Runic Dome"],"picked":"aspiration:SilentSkillbook"},{"not_picked":["ReplayTheSpireMod:DimensionalGlitch","Replay:Ancient Bell"],"picked":"aspiration:PoetsPen_weak"}],"items_purged_floors":[11],"is_endless":false,"potions_floor_spawned":[3,5,6,8,13,14,18,27,29,35,40,44,56],"ascension_level":5}}