{"host":"flm17o2q7bfjyna6","time":1614198373,"event":{"mods":["2.2 Compatiblity","Act Like it!","BaseMod","Better Altar","Better Match","Better Note","Better Sensory Stone","Better Skull","Better Third Choice","Better Vampires","Colored Map","Colored Powertips","DeckTracker","Downfall","Fox Events","Minty Spire (QoL Compilation)","Quick Restart","Reworked Bosses","Spicy Shops","StSLib","TheSwordswoman","Wandering Minibosses"],"gold_per_floor":[99,117,131,131,41,57,57,77,77,62,74,88,88,103,122,122,122,122],"floor_reached":16,"language":"ENG","playtime":478,"items_purged":["Pain"],"score":110,"play_id":"11410259-0fcd-45d7-a5c9-0037a11d15fa","local_time":"20210224152613","is_ascension_mode":true,"campfire_choices":[{"floor":1,"key":"RECALL"},{"floor":13,"key":"REST"}],"circlet_count":0,"master_deck":["bronze:Strike","bronze:Strike","bronze:Strike","bronze:Strike","bronze:Defend","bronze:Defend","bronze:Defend","bronze:Defend","bronze:Replicate","bronze:Goto","bronze:ThunderWave","bronze:ClassDefault","bronze:ItsAFeature","bronze:Overheat","bronze:WhirlingStrike","bronze:WhirlingStrike","bronze:Terminator","bronze:Break","bronze:ChosenStrike","bronze:Optimize"],"relics":["bronze:BronzeCore","WarpedTongs","Singing Bowl"],"acts_visited":["Exordium"],"potions_floor_usage":[3,16,16],"damage_taken":[{"damage":4,"enemies":"Small Slimes","floor":2,"turns":4},{"damage":0,"enemies":"Cultist","floor":3,"turns":4},{"damage":4,"enemies":"downfall:FleeingMerchant","floor":5,"turns":4},{"damage":13,"enemies":"Jaw Worm","floor":6,"turns":4},{"damage":20,"enemies":"Exordium Thugs","floor":8,"turns":4},{"damage":10,"enemies":"downfall:FleeingMerchant","floor":10,"turns":4},{"damage":8,"enemies":"Lots of Slimes","floor":11,"turns":3},{"damage":2,"enemies":"Gremlin Gang","floor":12,"turns":2},{"damage":9,"enemies":"Red Slaver","floor":14,"turns":3},{"damage":13,"enemies":"Blue Slaver","floor":15,"turns":4},{"damage":31,"enemies":"WA_ARCHETYPE_RETAIN","floor":16,"turns":4}],"seed_played":"6727614655209430810","potions_obtained":[{"floor":2,"key":"SneckoOil"},{"floor":6,"key":"Strength Potion"},{"floor":8,"key":"CultistPotion"},{"floor":11,"key":"champ:CounterPotion"}],"is_trial":false,"path_per_floor":["R","M","M","?","$","M","T","M","?","$","M","M","R","M","M","B"],"character_chosen":"THE_AUTOMATON","items_purchased":[],"campfire_rested":1,"item_purchase_floors":[],"current_hp_per_floor":[70,66,66,66,62,49,49,31,31,21,13,11,32,25,12,0,0,0],"gold":122,"neow_bonus":"ONE_RANDOM_RARE_CARD","is_daily":false,"chose_seed":false,"campfire_upgraded":0,"win_rate":0.0,"timestamp":1614198373,"path_taken":["R","M","M","?","$","?","T","M","?","?","M","?","R","M","M","BOSS"],"items_purchased_type":[],"build_version":"2020-12-22","purchased_purges":1,"victory":false,"max_hp_per_floor":[70,70,70,70,70,70,70,72,72,72,72,72,72,74,74,74,74,74],"card_choices":[{"not_picked":["bronze:Iterate","bronze:FineTuning"],"picked":"bronze:ClassDefault","floor":2},{"not_picked":["bronze:DelayedGuard","bronze:WildBeam"],"picked":"bronze:ItsAFeature","floor":3},{"not_picked":["bronze:Turbo","bronze:Deprecate"],"picked":"bronze:Overheat","floor":5},{"not_picked":["bronze:Turbo","bronze:FineTuning"],"picked":"bronze:WhirlingStrike","floor":6},{"not_picked":["bronze:FineTuning","bronze:Frontload","bronze:Overheat"],"picked":"Singing Bowl","floor":8},{"not_picked":["bronze:Shield","bronze:GetLatest"],"picked":"bronze:Terminator","floor":10},{"not_picked":["bronze:WildBeam","bronze:OilSpill"],"picked":"bronze:Break","floor":11},{"not_picked":["bronze:BuggyMess","bronze:Optimize"],"picked":"bronze:ChosenStrike","floor":12},{"not_picked":["bronze:TinkerersToolbox","bronze:OilSpill","bronze:Frontload"],"picked":"Singing Bowl","floor":14},{"not_picked":["bronze:Shield","bronze:FineTuning"],"picked":"bronze:Optimize","floor":15}],"player_experience":2001653,"relics_obtained":[{"floor":7,"key":"Singing Bowl"}],"event_choices":[],"is_beta":false,"boss_relics":[],"items_purged_floors":[5],"is_endless":false,"potions_floor_spawned":[2,6,8,11,12],"killed_by":"WA_ARCHETYPE_RETAIN","ascension_level":3}}