{"host":"raaimkojny05jekw","time":1614181938,"event":{"mods":["AchievementEnabler","BaseMod","Colored Map","Colored Powertips","DeckTracker","Minty Spire (QoL Compilation)","Quick Restart","Rare Cards Sparkle","everything is the same but u backflip on backflip"],"gold_per_floor":[14,25,42,42,42,42,67,92,92,92,111,36,36,54,54,54,54],"floor_reached":16,"language":"KOR","playtime":514,"items_purged":["Strike_R"],"score":185,"play_id":"06094320-9a71-4fa4-9466-3d72dc598b36","local_time":"20210225005218","is_ascension_mode":true,"campfire_choices":[{"data":"Feed","floor":6,"key":"SMITH"},{"data":"Bash","floor":10,"key":"SMITH"},{"data":"Armaments","floor":15,"key":"SMITH"}],"circlet_count":0,"master_deck":["AscendersBane","Strike_R","Strike_R","Strike_R","Defend_R","Defend_R","Defend_R","Defend_R","Bash+1","Feed+1","Seeing Red","Flame Barrier","Twin Strike","Armaments+1","Battle Trance","Shockwave","Spot Weakness"],"relics":["Burning Blood","Odd Mushroom","Blue Candle","Strawberry"],"acts_visited":["Exordium"],"potions_floor_usage":[7,8,16],"damage_taken":[{"damage":0,"enemies":"Small Slimes","floor":1,"turns":3},{"damage":6,"enemies":"2 Louse","floor":2,"turns":3},{"damage":7,"enemies":"Jaw Worm","floor":3,"turns":3},{"damage":24,"enemies":"The Mushroom Lair","floor":7,"turns":5},{"damage":50,"enemies":"3 Sentries","floor":8,"turns":11},{"damage":0,"enemies":"Exordium Wildlife","floor":11,"turns":4},{"damage":5,"enemies":"Blue Slaver","floor":14,"turns":3},{"damage":44,"enemies":"Slime Boss","floor":16,"turns":8}],"seed_played":"3422726013822208527","potions_obtained":[{"floor":1,"key":"BlessingOfTheForge"},{"floor":2,"key":"Energy Potion"},{"floor":14,"key":"SneckoOil"}],"is_trial":false,"path_per_floor":["M","M","M","$","?","R","?","E","T","R","M","$","?","M","R","B"],"character_chosen":"IRONCLAD","items_purchased":[],"campfire_rested":0,"item_purchase_floors":[],"current_hp_per_floor":[81,84,86,86,79,79,65,25,32,32,42,42,42,43,43,0,0],"gold":54,"neow_bonus":"THREE_RARE_CARDS","is_daily":false,"chose_seed":false,"campfire_upgraded":3,"win_rate":0.0,"timestamp":1614181938,"path_taken":["M","M","M","$","?","R","?","E","T","R","M","$","?","M","R","BOSS"],"items_purchased_type":[],"build_version":"2020-12-22","purchased_purges":1,"victory":false,"max_hp_per_floor":[83,86,89,89,89,89,93,97,104,104,108,108,108,108,108,108,108],"card_choices":[{"not_picked":["Exhume","Demon Form"],"picked":"Feed","floor":0},{"not_picked":["Shrug It Off","Burning Pact"],"picked":"Seeing Red","floor":1},{"not_picked":["True Grit","Body Slam"],"picked":"Flame Barrier","floor":2},{"not_picked":["Warcry","Perfected Strike"],"picked":"Twin Strike","floor":3},{"not_picked":["Anger","Pommel Strike"],"picked":"Armaments","floor":7},{"not_picked":["Anger","Pummel"],"picked":"Battle Trance","floor":8},{"not_picked":["Reckless Charge","Havoc"],"picked":"Shockwave","floor":11},{"not_picked":["Anger","Shrug It Off"],"picked":"Spot Weakness","floor":14}],"player_experience":785143,"relics_obtained":[{"floor":7,"key":"Odd Mushroom"},{"floor":8,"key":"Blue Candle"},{"floor":9,"key":"Strawberry"}],"event_choices":[{"cards_removed":["Strike_R"],"damage_healed":0,"gold_gain":0,"player_choice":"Card Removal","damage_taken":7,"max_hp_gain":0,"max_hp_loss":0,"event_name":"Golden Wing","floor":5,"gold_loss":0},{"damage_healed":0,"gold_gain":0,"player_choice":"Fought Mushrooms","damage_taken":0,"max_hp_gain":0,"max_hp_loss":0,"event_name":"Mushrooms","floor":7,"gold_loss":0},{"damage_healed":0,"gold_gain":0,"player_choice":"Ignored","damage_taken":0,"max_hp_gain":0,"max_hp_loss":0,"event_name":"Liars Game","floor":13,"gold_loss":0}],"is_beta":false,"boss_relics":[],"items_purged_floors":[12],"is_endless":false,"potions_floor_spawned":[1,2,14],"killed_by":"Slime Boss","ascension_level":12}}