{"host":"5n1fl7z5i1vf7jan","time":1614163547,"event":{"mods":["BaseMod","Minty Spire (QoL Compilation)","Quick Restart","Relic Stats"],"gold_per_floor":[111,127,127,150,171,171,209,209,257,280,19,19,43,81,81,174,174,189,23,38,38,38,38,38,38,64,64,88,129,179,214,214,310,310,325,39,64,87,87,87,122,138,138,9,30,53,386,396,396,396,396,396,396,89,123,123,123],"floor_reached":56,"language":"ENG","playtime":2740,"items_purged":["Strike_B"],"score":1829,"play_id":"cdf1d7a7-7019-4b0f-bebc-f53ba1b562cf","local_time":"20210224024547","is_ascension_mode":true,"campfire_choices":[{"data":"Defragment","floor":6.0,"key":"SMITH"},{"data":"Rip and Tear","floor":8.0,"key":"SMITH"},{"data":"Hyperbeam","floor":15.0,"key":"SMITH"},{"data":"Defragment","floor":23.0,"key":"SMITH"},{"data":"Biased Cognition","floor":25.0,"key":"SMITH"},{"data":"Coolheaded","floor":27.0,"key":"SMITH"},{"data":"Self Repair","floor":32.0,"key":"SMITH"},{"data":"Barrage","floor":40.0,"key":"SMITH"},{"floor":49.0,"key":"RECALL"},{"data":"Biased Cognition","floor":53.0,"key":"SMITH"}],"circlet_count":0,"master_deck":["AscendersBane","Defend_B","Defend_B","Defend_B","Defend_B","Zap","Dualcast","Glacier","Rip and Tear+1","Defragment+1","Cold Snap","Hyperbeam+1","Defragment+1","Coolheaded+1","Biased Cognition+1","Self Repair+1","Defragment+1","Hologram","Meteor Strike","Cold Snap+1","Skim","Sweeping Beam","BootSequence","Static Discharge","Barrage+1","Barrage","Compile Driver+1","Biased Cognition+1","Go for the Eyes","Apotheosis"],"relics":["Velvet Choker","Matryoshka","Strawberry","Omamori","Runic Capacitor","Juzu Bracelet","Coffee Dripper","DollysMirror","Akabeko","PreservedInsect","Art of War","MealTicket","Inserter","ClockworkSouvenir","Oddly Smooth Stone","Thread and Needle"],"acts_visited":["Exordium","TheCity","TheBeyond","TheEnding"],"potions_floor_usage":[55],"damage_taken":[{"damage":0.0,"enemies":"2 Louse","floor":1.0,"turns":1.0},{"damage":5.0,"enemies":"Jaw Worm","floor":2.0,"turns":4.0},{"damage":0.0,"enemies":"Small Slimes","floor":4.0,"turns":4.0},{"damage":4.0,"enemies":"2 Fungi Beasts","floor":5.0,"turns":4.0},{"damage":8.0,"enemies":"3 Sentries","floor":7.0,"turns":6.0},{"damage":0.0,"enemies":"Looter","floor":10.0,"turns":2.0},{"damage":13.0,"enemies":"Exordium Thugs","floor":13.0,"turns":5.0},{"damage":6.0,"enemies":"Gremlin Nob","floor":14.0,"turns":3.0},{"damage":13.0,"enemies":"Slime Boss","floor":16.0,"turns":6.0},{"damage":0.0,"enemies":"Chosen","floor":18.0,"turns":3.0},{"damage":0.0,"enemies":"Spheric Guardian","floor":20.0,"turns":5.0},{"damage":10.0,"enemies":"Snake Plant","floor":28.0,"turns":4.0},{"damage":14.0,"enemies":"Book of Stabbing","floor":29.0,"turns":6.0},{"damage":16.0,"enemies":"Slavers","floor":31.0,"turns":7.0},{"damage":25.0,"enemies":"Automaton","floor":33.0,"turns":16.0},{"damage":3.0,"enemies":"3 Shapes","floor":35.0,"turns":9.0},{"damage":8.0,"enemies":"Orb Walker","floor":37.0,"turns":5.0},{"damage":7.0,"enemies":"Writhing Mass","floor":38.0,"turns":7.0},{"damage":45.0,"enemies":"Nemesis","floor":41.0,"turns":9.0},{"damage":3.0,"enemies":"Sphere and 2 Shapes","floor":42.0,"turns":7.0},{"damage":1.0,"enemies":"4 Shapes","floor":45.0,"turns":9.0},{"damage":0.0,"enemies":"Maw","floor":46.0,"turns":7.0},{"damage":0.0,"enemies":"Jaw Worm Horde","floor":48.0,"turns":1.0},{"damage":63.0,"enemies":"Donu and Deca","floor":50.0,"turns":12.0},{"damage":11.0,"enemies":"Time Eater","floor":51.0,"turns":19.0},{"damage":58,"enemies":"Shield and Spear","floor":55,"turns":12},{"damage":45,"enemies":"The Heart","floor":56,"turns":2}],"seed_played":"8648296116450088757","potions_obtained":[{"floor":5.0,"key":"PowerPotion"},{"floor":7.0,"key":"SteroidPotion"},{"floor":10.0,"key":"EssenceOfDarkness"},{"floor":18.0,"key":"Weak Potion"},{"floor":28.0,"key":"FocusPotion"},{"floor":35.0,"key":"Explosive Potion"},{"floor":37.0,"key":"SneckoOil"},{"floor":41.0,"key":"LiquidMemories"},{"floor":45.0,"key":"Block Potion"}],"is_trial":false,"path_per_floor":["M","M","?","M","M","R","E","R","T","M","$","?","M","E","R","B",null,"M","$","M","?","?","R","?","R","T","R","M","E","?","E","R","B",null,"M","$","M","M","?","R","E","M","T","$","M","M","?","M","R","B","B",null,"R","$","E","B"],"character_chosen":"DEFECT","items_purchased":["Runic Capacitor","Defragment","DollysMirror","ClockworkSouvenir","BootSequence","Static Discharge","SkillPotion","FocusPotion","Go for the Eyes","Apotheosis"],"campfire_rested":0,"item_purchase_floors":[11,11,19,36,36,36,44,54,54,54],"current_hp_per_floor":[64,59,59,59,55,55,47,47,54,54,54,47,34,28,28,15,57,57,57,64,64,64,64,64,64,64,64,61,54,54,45,45,30,61,68,71,71,71,71,71,36,43,43,58,67,71,71,71,71,18,17,58,58,71,23,0,0],"gold":123,"neow_bonus":"BOSS_RELIC","is_daily":false,"chose_seed":false,"campfire_upgraded":9,"win_rate":0.0,"timestamp":1614163547,"path_taken":["M","M","?","M","M","R","E","R","T","M","$","?","M","E","R","BOSS","M","$","M","?","?","R","?","R","T","R","M","E","?","E","R","BOSS","M","$","M","M","?","R","E","M","T","?","M","M","?","M","R","BOSS","BOSS","R","$","E","BOSS"],"items_purchased_type":["Relic","Card","Relic","Relic","Card","Card","Potion","Potion","Card","Card"],"build_version":"2020-12-22","purchased_purges":1,"victory":false,"max_hp_per_floor":[71,71,64,64,64,64,64,64,71,71,71,71,71,71,71,71,71,71,71,71,71,71,71,71,71,71,71,71,71,71,71,71,71,71,71,71,71,71,71,71,71,71,71,71,71,71,71,71,71,71,71,71,71,71,71,71,71],"relic_stats":{"Inserter":[38],"counters":[27,175],"MealTicket":31,"PreservedInsect":211,"Juzu Bracelet":0,"Art of War":[37],"obtain_stats":[{"Inserter":34,"Golden Idol":3,"Velvet Choker":0,"Oddly Smooth Stone":41,"Thread and Needle":55,"PreservedInsect":26,"Omamori":9,"Runic Capacitor":11,"Juzu Bracelet":14,"Akabeko":26,"ClockworkSouvenir":36,"Matryoshka":7,"DollysMirror":19,"Strawberry":9,"MealTicket":31,"Coffee Dripper":17,"Art of War":29,"Cracked Core":0},{"Inserter":15,"Golden Idol":2,"Velvet Choker":0,"Oddly Smooth Stone":19,"Thread and Needle":26,"PreservedInsect":11,"Omamori":5,"Runic Capacitor":6,"Juzu Bracelet":8,"Akabeko":11,"ClockworkSouvenir":16,"Matryoshka":5,"DollysMirror":10,"Strawberry":5,"MealTicket":14,"Coffee Dripper":9,"Art of War":13,"Cracked Core":0},{"Inserter":76,"Golden Idol":5,"Velvet Choker":0,"Oddly Smooth Stone":106,"Thread and Needle":173,"PreservedInsect":43,"Omamori":19,"Runic Capacitor":21,"Juzu Bracelet":29,"Akabeko":43,"ClockworkSouvenir":85,"Matryoshka":19,"DollysMirror":38,"Strawberry":19,"MealTicket":60,"Coffee Dripper":35,"Art of War":53,"Cracked Core":0}]},"card_choices":[{"not_picked":["Conserve Battery","Sweeping Beam"],"picked":"Glacier","floor":1.0},{"not_picked":["Reinforced Body","Rebound"],"picked":"Rip and Tear","floor":2.0},{"not_picked":["Auto Shields","Go for the Eyes"],"picked":"Rebound","floor":4.0},{"not_picked":["Chaos","Ball Lightning"],"picked":"Defragment","floor":5.0},{"not_picked":["Self Repair","Turbo"],"picked":"Cold Snap","floor":7.0},{"not_picked":["Cold Snap","Hologram"],"picked":"Hyperbeam","floor":10.0},{"not_picked":["Beam Cell","Sweeping Beam","Redo"],"picked":"SKIP","floor":13.0},{"not_picked":["Steam","Lockon"],"picked":"Coolheaded","floor":14.0},{"not_picked":["Creative AI","Buffer"],"picked":"Biased Cognition","floor":16.0},{"not_picked":["Blizzard+1","Streamline+1"],"picked":"Self Repair","floor":18.0},{"not_picked":["Streamline","Leap"],"picked":"Hologram","floor":20.0},{"not_picked":["Compile Driver","Scrape"],"picked":"Cold Snap+1","floor":28.0},{"not_picked":["Sweeping Beam","Reprogram"],"picked":"Skim","floor":29.0},{"not_picked":["Steam","Aggregate"],"picked":"Sweeping Beam","floor":31.0},{"not_picked":["Go for the Eyes","Leap","Turbo+1"],"picked":"SKIP","floor":35.0},{"not_picked":["Hello World","Genetic Algorithm"],"picked":"Barrage","floor":37.0},{"not_picked":["Streamline","Leap"],"picked":"Barrage","floor":38.0},{"not_picked":["Tempest","Self Repair+1"],"picked":"Compile Driver+1","floor":41.0},{"not_picked":["Gash","Conserve Battery","Cold Snap"],"picked":"SKIP","floor":42.0},{"not_picked":["Blizzard","Defragment"],"picked":"Biased Cognition","floor":45.0},{"not_picked":["Double Energy","Redo","Streamline"],"picked":"SKIP","floor":46.0},{"not_picked":["Stack","Reinforced Body","Streamline"],"picked":"SKIP","floor":48.0},{"not_picked":["FTL","Fission","Chill"],"picked":"SKIP","floor":55}],"player_experience":392172,"relics_obtained":[{"floor":7.0,"key":"Matryoshka"},{"floor":9.0,"key":"Strawberry"},{"floor":9.0,"key":"Omamori"},{"floor":14.0,"key":"Juzu Bracelet"},{"floor":26.0,"key":"Akabeko"},{"floor":26.0,"key":"PreservedInsect"},{"floor":29.0,"key":"Art of War"},{"floor":31.0,"key":"MealTicket"},{"floor":41.0,"key":"Oddly Smooth Stone"},{"floor":55,"key":"Thread and Needle"}],"event_choices":[{"damage_healed":0.0,"max_hp_gain":0.0,"max_hp_loss":7.0,"gold_gain":0.0,"event_name":"Golden Idol","player_choice":"Lose Max HP","floor":3.0,"gold_loss":0.0,"damage_taken":0.0,"relics_obtained":["Golden Idol"]},{"cards_removed":["Strike_B"],"damage_healed":0.0,"max_hp_gain":0.0,"max_hp_loss":0.0,"gold_gain":0.0,"event_name":"Golden Wing","player_choice":"Card Removal","floor":12.0,"gold_loss":0.0,"damage_taken":7.0},{"damage_healed":0.0,"max_hp_gain":0.0,"max_hp_loss":0.0,"gold_gain":0.0,"event_name":"Ghosts","player_choice":"Ignored","floor":21.0,"gold_loss":0.0,"damage_taken":0.0},{"damage_healed":0.0,"max_hp_gain":0.0,"max_hp_loss":0.0,"gold_gain":0.0,"cards_transformed":["Strike_B","Strike_B"],"event_name":"Drug Dealer","player_choice":"Became Test Subject","floor":22.0,"gold_loss":0.0,"damage_taken":0.0,"cards_obtained":["Meteor Strike","Reprogram"]},{"cards_removed":["Reprogram"],"damage_healed":0.0,"max_hp_gain":0.0,"max_hp_loss":0.0,"gold_gain":0.0,"event_name":"Back to Basics","player_choice":"Elegance","floor":24.0,"gold_loss":0.0,"damage_taken":0.0},{"damage_healed":0.0,"max_hp_gain":0.0,"max_hp_loss":0.0,"gold_gain":50.0,"event_name":"Nest","player_choice":"Stole From Cult","floor":30.0,"gold_loss":0.0,"damage_taken":0.0},{"cards_removed":["Rebound"],"damage_healed":0.0,"max_hp_gain":0.0,"max_hp_loss":0.0,"gold_gain":0.0,"event_name":"Falling","player_choice":"Removed Attack","floor":39.0,"gold_loss":0.0,"damage_taken":0.0},{"damage_healed":0.0,"max_hp_gain":0.0,"max_hp_loss":0.0,"gold_gain":333.0,"event_name":"The Moai Head","player_choice":"Gave Idol","floor":47.0,"relics_lost":["Golden Idol"],"gold_loss":0.0,"damage_taken":0.0}],"is_beta":false,"boss_relics":[{"not_picked":["Empty Cage","Runic Pyramid"],"picked":"Coffee Dripper"},{"not_picked":["Snecko Eye","Fusion Hammer"],"picked":"Inserter"}],"items_purged_floors":[44],"is_endless":false,"potions_floor_spawned":[5,7,10,14,18,28,35,37,41,45],"killed_by":"The Heart","ascension_level":20}}