{"host":"ekyl8r8j8fco3zlk","time":1614130777,"event":{"mods":["Act Like it!","Arknights","BaseMod","CapriCore","Dota2Spire","Friendly Minions","Gensokyo","GifTheSpireLib","Library of Ruina","Marisa（霧雨　魔理沙）","Minty Spire (QoL Compilation)","READ ME - Guardian Mod","Reimu（博???）","StSLib","The Alterego","The Animator","The Immortal","TheWitcher","Waifu the Spire","WarShipGirlsR/??少女R mod","Yakumo Yukari mod","【?物卡牌】REMEMod"],"gold_per_floor":[213,225,245,260,279,312,323,335,335,335,49,14,29,48,48,147,147,162,178,196,215,215,215,247,247,247,247,162,162,87,116,116,221,221,241,241,255,265,283,315,315,331,331,331,358,358,358],"floor_reached":46,"language":"ZHS","playtime":2277,"items_purged":["LightDefense"],"score":676,"play_id":"76a538df-9f6a-4685-84a1-431239926026","local_time":"20210224093937","is_ascension_mode":false,"campfire_choices":[{"data":"GrazeTheGrass","floor":10,"key":"SMITH"},{"data":"Concentration","floor":15,"key":"SMITH"},{"data":"BulkyImpact","floor":23,"key":"SMITH"},{"data":"BindingChains","floor":25,"key":"SMITH"},{"data":"TheRedNotes","floor":29,"key":"SMITH"},{"data":"PinpointShot","floor":32,"key":"SMITH"},{"data":"RipSpace","floor":41,"key":"SMITH"},{"data":"Slice_lor","floor":44,"key":"SMITH"}],"circlet_count":0,"master_deck":["Dodge","LightAttack","LightAttack","LightAttack","LightDefense","LightDefense","LightDefense","ChargeAndCover","FocusedStrikes","DaringDecision","BindingChains+1","PinpointShot+1","TheRedNotes+1","Concentration+1","Mutilate","GrazeTheGrass+1","EnergyConversion","BulkyImpact+1","Slice_lor+1","AbsorbImpact","SavageMode","RapidGashes+1","QuickSuppression","EndlessBattle+1","RipSpace+1","TendonChords+1","SilentMist+1","TheArtOfRapidSteps+1","Juggling+1","DevastatingThrash"],"relics":["PageOfLibrarian","REME_ComplimentaryCards","Art of War","Kunai","PageOfThreeBirds","Philosopher\u0027s Stone","PreservedInsect","Nunchaku","CaptainsWheel","Black Star","StoneCalendar","PageOfOzma","REME_LimitBreaker","Torii","Strawberry"],"acts_visited":["Exordium","TheCity","TheBeyond"],"potions_floor_usage":[13,16,16,24,31,33],"damage_taken":[{"damage":0,"enemies":"Jaw Worm","floor":1,"turns":3},{"damage":0,"enemies":"2 Louse","floor":2,"turns":3},{"damage":0,"enemies":"Small Slimes","floor":3,"turns":2},{"damage":10,"enemies":"Red Slaver","floor":4,"turns":2},{"damage":19,"enemies":"Exordium Thugs","floor":5,"turns":3},{"damage":17,"enemies":"3 Sentries","floor":6,"turns":6},{"damage":0,"enemies":"Gremlin Gang","floor":7,"turns":2},{"damage":0,"enemies":"Red Slaver","floor":8,"turns":3},{"damage":12,"enemies":"Blue Slaver","floor":13,"turns":3},{"damage":0,"enemies":"Looter","floor":14,"turns":3},{"damage":0,"enemies":"Slime Boss","floor":16,"turns":7},{"damage":10,"enemies":"Spheric Guardian","floor":18,"turns":3},{"damage":10,"enemies":"Chosen","floor":19,"turns":3},{"damage":0,"enemies":"Centurion and Healer","floor":20,"turns":5},{"damage":6,"enemies":"Cultist and Chosen","floor":21,"turns":4},{"damage":15,"enemies":"REME_1_Revenger","floor":24,"turns":4},{"damage":0,"enemies":"Slavers","floor":31,"turns":4},{"damage":26,"enemies":"Collector","floor":33,"turns":5},{"damage":3,"enemies":"3 Darklings","floor":35,"turns":5},{"damage":0,"enemies":"3 Shapes","floor":37,"turns":3},{"damage":0,"enemies":"Sphere and 2 Shapes","floor":38,"turns":3},{"damage":12,"enemies":"Writhing Mass","floor":39,"turns":3},{"damage":55,"enemies":"Giant Head","floor":40,"turns":7},{"damage":0,"enemies":"3 Darklings","floor":42,"turns":4},{"damage":0,"enemies":"Nemesis","floor":45,"turns":5},{"damage":119,"enemies":"Transient","floor":46,"turns":5}],"seed_played":"-2385466559639020216","potions_obtained":[{"floor":4,"key":"EssenceOfSteel"},{"floor":5,"key":"PanachePotion"},{"floor":8,"key":"SkillPotion"},{"floor":13,"key":"LiquidBronze"},{"floor":18,"key":"Ancient Potion"},{"floor":19,"key":"GrandPatriotsElixir:ReiMu"},{"floor":20,"key":"Dota2Spire:Clarity"},{"floor":31,"key":"AttackPotion"},{"floor":38,"key":"DuplicationPotion"},{"floor":39,"key":"GrandPatriotsElixir:ReiMu"}],"is_trial":false,"path_per_floor":["M","M","M","M","M","E","M","M","T","R","$","?","M","M","R","B",null,"M","M","M","M","?","R","E","R","T","?","?","R","$","E","R","B",null,"M","?","M","M","M","E","R","M","T","R","E","M"],"character_chosen":"Librarian","items_purchased":["PageOfThreeBirds"],"campfire_rested":0,"item_purchase_floors":[11],"current_hp_per_floor":[60,60,64,54,39,22,22,28,28,28,28,48,36,36,36,36,91,81,77,83,83,83,83,68,68,68,91,91,91,91,91,91,65,91,88,88,91,91,79,33,33,36,36,36,52,0,0],"gold":358,"neow_bonus":"HUNDRED_GOLD","is_daily":false,"chose_seed":false,"campfire_upgraded":8,"win_rate":0.0,"timestamp":1614130777,"path_taken":["M","M","M","M","M","E","M","M","T","R","$","?","M","M","R","BOSS","M","M","M","M","?","R","E","R","T","?","?","R","$","E","R","BOSS","M","?","M","M","M","E","R","M","T","R","E","?"],"items_purchased_type":["Relic"],"build_version":"2020-12-22","purchased_purges":1,"victory":false,"max_hp_per_floor":[68,68,68,68,81,81,81,81,81,81,81,81,81,81,81,91,91,91,91,91,91,91,91,91,91,91,91,91,91,91,91,91,91,91,91,91,91,91,91,91,91,91,91,91,98,98,98],"card_choices":[{"not_picked":["HeavyPeaks","HandleRequest","Parry2"],"picked":"BindingChains","floor":1},{"not_picked":["ButterflySlash","BackAttack","Multislash"],"picked":"PinpointShot","floor":2},{"not_picked":["RapidGashes","Eject","Leap_lor"],"picked":"TheRedNotes","floor":3},{"not_picked":["HandleRequest","SnakesPrey","Ripple"],"picked":"Concentration","floor":4},{"not_picked":["Standoff","EnergyShield","CrackOfDawn"],"picked":"Mutilate","floor":5},{"not_picked":["EnergyStrike","UpbeatPerformance","GoinFirst"],"picked":"GrazeTheGrass","floor":6},{"not_picked":["RapidGashes","DarkCloud","Rewind"],"picked":"EnergyConversion","floor":7},{"not_picked":["ForcefulGesture","Rewind","UpbeatPerformance"],"picked":"BulkyImpact","floor":8},{"not_picked":["Standoff","Outburst","BindingChains"],"picked":"Slice_lor","floor":13},{"not_picked":["SharpSwipe","Diversion","Mutilate"],"picked":"AbsorbImpact","floor":14},{"not_picked":["Castigation","EnergyBeam"],"picked":"SavageMode","floor":16},{"not_picked":["DesperateStruggle","StayCalm+1","EnergyStrike"],"picked":"RapidGashes+1","floor":18},{"not_picked":["Standoff","Slice_lor","PuppetBlockade","Castigation"],"picked":"SKIP","floor":19},{"not_picked":["Leap_lor","Concentration","SunsetBlade+1"],"picked":"QuickSuppression","floor":20},{"not_picked":["Marionette","Rewind","DarkCloud","MindWhip"],"picked":"SKIP","floor":21},{"not_picked":["TheArtOfRapidSteps","Creak+1","DarkCloud"],"picked":"EndlessBattle+1","floor":24},{"not_picked":["Unlock1","Clone","GrazeTheGrass","WaitUp"],"picked":"SKIP","floor":31},{"not_picked":["ChargeUp","RepressedFlesh"],"picked":"RipSpace","floor":33},{"not_picked":["Multislash","Standoff","HeavyPeaks+1"],"picked":"TendonChords","floor":35},{"not_picked":["Standoff+1","SunsetBlade+1","Diversion","Leap_lor+1"],"picked":"SKIP","floor":37},{"not_picked":["EnergyStrike+1","EnergyCycle","TendonChords+1"],"picked":"SilentMist+1","floor":38},{"not_picked":["QuickSuppression+1","Leap_lor+1","UpbeatPerformance+1","Diversion+1"],"picked":"SKIP","floor":39},{"not_picked":["TendonChords+1","Eliminate","BindingChains+1"],"picked":"TheArtOfRapidSteps+1","floor":40},{"not_picked":["Standoff","Multislash+1","GrazeTheGrass"],"picked":"Juggling+1","floor":42},{"not_picked":["FlyingSword","ReadyUp","TheArtOfRapidSteps+1"],"picked":"DevastatingThrash","floor":45}],"player_experience":738259,"relics_obtained":[{"floor":6,"key":"Art of War"},{"floor":9,"key":"Kunai"},{"floor":24,"key":"PreservedInsect"},{"floor":31,"key":"CaptainsWheel"},{"floor":40,"key":"StoneCalendar"},{"floor":40,"key":"PageOfOzma"},{"floor":43,"key":"REME_LimitBreaker"},{"floor":45,"key":"Torii"},{"floor":45,"key":"Strawberry"}],"event_choices":[{"damage_healed":20,"gold_gain":0,"player_choice":"Healed","damage_taken":0,"max_hp_gain":0,"max_hp_loss":0,"event_name":"The Cleric","floor":12,"gold_loss":35},{"damage_healed":0,"gold_gain":0,"player_choice":"Ignored","damage_taken":0,"max_hp_gain":0,"max_hp_loss":0,"event_name":"Ghosts","floor":22,"gold_loss":0},{"damage_healed":30,"gold_gain":0,"player_choice":"Heal","damage_taken":0,"max_hp_gain":0,"max_hp_loss":0,"event_name":"The Library","floor":27,"gold_loss":0},{"damage_healed":0,"gold_gain":0,"player_choice":"Obtained Relic","damage_taken":0,"relics_obtained":["Nunchaku"],"max_hp_gain":0,"max_hp_loss":0,"event_name":"Addict","floor":28,"gold_loss":85},{"damage_healed":0,"gold_gain":0,"player_choice":"Upgraded","damage_taken":0,"max_hp_gain":0,"max_hp_loss":0,"event_name":"Upgrade Shrine","floor":36,"gold_loss":0,"cards_upgraded":["TendonChords"]}],"is_beta":false,"boss_relics":[{"not_picked":["Velvet Choker","Ectoplasm"],"picked":"Philosopher\u0027s Stone"},{"not_picked":["SlaversCollar","Cursed Key"],"picked":"Black Star"}],"items_purged_floors":[30],"is_endless":false,"potions_floor_spawned":[4,5,8,13,18,19,20,31,38,39,40,45],"killed_by":"Transient","ascension_level":0}}