{"host":"egwexuw5uvnxf11j","time":1614130086,"event":{"mods":["2.2 Compatiblity","Aspiration","BaseMod","Better Note","Better Sensory Stone","Better Third Choice","Displayed Cursed Tome","Downfall","Hermit","Key Reminder","Koishi","Marisa????????","Minty Spire (QoL Compilation)","Quick Restart","Shade Mod","Spicy Shops","StSLib","The Construct","The Cursed","The Runesmith","The Senshi","The Servant 0.9.4","Transform Curses"],"gold_per_floor":[118,131,306,321,396,396,396,425,425,439,473,488,515,122,122,225,225,245,256,104,122,132,132,156,156,156,170,170,170,170,199,199,306,306,317,335,335,335,71,71,90,108,108,108,141,141,13,26,26,33,33],"floor_reached":50,"language":"ENG","playtime":2430,"items_purged":["Wraith"],"score":613,"play_id":"7ee8fdb7-6a25-4694-84a6-f794b085d8b7","local_time":"20210223202806","is_ascension_mode":true,"campfire_choices":[{"floor":6,"key":"REST"},{"floor":15,"key":"REST"},{"floor":23,"key":"REST"},{"floor":25,"key":"REST"},{"floor":29,"key":"REST"},{"floor":32,"key":"REST"},{"floor":40,"key":"REST"},{"floor":46,"key":"REST"},{"floor":49,"key":"REST"}],"circlet_count":0,"master_deck":["hermit:Defend_Hermit","hermit:Defend_Hermit","hermit:Defend_Hermit","hermit:Defend_Hermit","hermit:Snapshot+1","hermit:Covet","hermit:Feint","hermit:Misfire","Doubt","hermit:Scavenge","hermit:BigShot","hermit:Vantage","hermit:Determination","hermit:Desperado","hermit:Grudge","hermit:FatalDesire","hermit:HoleUp","hermit:Manifest","hermit:Snipe","hermit:ItchyTrigger","hermit:Headshot","hermit:Determination+1","hermit:FinalCanter","Slimebound:Tackle+1","Slimebound:Tackle+1","Slimebound:Tackle+1","Insight","hermit:Quickdraw+1","hermit:Magnum","hermit:BigShot+1","hermit:Desperado","hermit:Glare+1","Parasite","hermit:Misfire+1","hermit:LowProfile+1","Writhe","hermit:Snipe+1","hermit:Dive+1","hermit:SprayPray+1"],"relics":["hermit:Momento","Bronze Scales","Mango","Meat on the Bone","Strawberry","keyreminder:keyreminder","Runesmith:Locket","Letter Opener","Blood Vial","construct:ClawGrip","Pantograph","theSenshi:FeatherClipsRelic","Du-Vu Doll","hermit:BartenderGlass","Toxic Egg 2","Kunai","Vajra"],"acts_visited":["Exordium","TheCity","TheBeyond"],"potions_floor_usage":[8,8,11,13,33,33,41,41,42,45,48,48,48,50,50,50,50],"damage_taken":[{"damage":2,"enemies":"Jaw Worm","floor":1,"turns":3},{"damage":0,"enemies":"Small Slimes","floor":2,"turns":3},{"damage":7,"enemies":"2 Louse","floor":4,"turns":3},{"damage":3,"enemies":"Gremlin Nob","floor":8,"turns":3},{"damage":22,"enemies":"Large Slime","floor":10,"turns":6},{"damage":15,"enemies":"3 Sentries","floor":11,"turns":8},{"damage":6,"enemies":"Looter","floor":12,"turns":3},{"damage":17,"enemies":"Gremlin Nob","floor":13,"turns":5},{"damage":51,"enemies":"Slime Boss","floor":16,"turns":13},{"damage":16,"enemies":"Chosen","floor":18,"turns":6},{"damage":17,"enemies":"3 Byrds","floor":19,"turns":4},{"damage":18,"enemies":"Snecko","floor":21,"turns":6},{"damage":33,"enemies":"Snake Plant","floor":22,"turns":6},{"damage":13,"enemies":"Cultist and Chosen","floor":24,"turns":6},{"damage":31,"enemies":"Centurion and Healer","floor":27,"turns":6},{"damage":58,"enemies":"Slavers","floor":31,"turns":5},{"damage":57,"enemies":"Automaton","floor":33,"turns":8},{"damage":13,"enemies":"Orb Walker","floor":35,"turns":4},{"damage":50,"enemies":"3 Darklings","floor":36,"turns":6},{"damage":42,"enemies":"Writhing Mass","floor":41,"turns":5},{"damage":23,"enemies":"Sphere and 2 Shapes","floor":42,"turns":4},{"damage":62,"enemies":"Nemesis","floor":45,"turns":7},{"damage":68,"enemies":"Transient","floor":48,"turns":5},{"damage":91,"enemies":"Awakened One","floor":50,"turns":6}],"seed_played":"7553390706012528869","potions_obtained":[{"floor":1,"key":"GamblersBrew"},{"floor":2,"key":"DistilledChaos"},{"floor":10,"key":"Fire Potion"},{"floor":11,"key":"Block Potion"},{"floor":12,"key":"SpeedPotion"},{"floor":22,"key":"construct:ShiftPotion"},{"floor":27,"key":"SpeedPotion"},{"floor":33,"key":"Regen Potion"},{"floor":35,"key":"Energy Potion"},{"floor":48,"key":"Slimebound:ThreeZeroPotion"}],"is_trial":false,"path_per_floor":["M","M","?","M","?","R","?","E","T","M","E","M","E","$","R","B",null,"M","M","$","M","M","R","M","R","T","M","?","R","?","E","R","B",null,"M","M","?","?","$","R","M","M","T","?","E","R","$","M","R","B"],"character_chosen":"HERMIT","items_purchased":["Letter Opener","Blood Vial","hermit:Snipe","Pantograph","Toxic Egg 2","hermit:Glare+1","hermit:Dive+1"],"campfire_rested":9,"item_purchase_floors":[14,14,20,20,39,39,47],"current_hp_per_floor":[73,73,73,66,55,75,63,74,74,52,56,50,45,45,73,36,96,80,65,65,49,30,58,59,87,87,64,64,92,92,54,82,57,96,89,59,59,59,59,87,62,59,59,83,41,69,69,21,49,0,0],"gold":33,"neow_bonus":"UPGRADE_CARD","is_daily":false,"chose_seed":false,"campfire_upgraded":0,"win_rate":0.0,"timestamp":1614130086,"path_taken":["M","M","?","M","?","R","?","E","T","M","E","M","E","$","R","BOSS","M","M","$","M","M","R","M","R","T","M","?","R","?","E","R","BOSS","M","M","?","?","$","R","M","?","T","?","E","R","$","M","R","BOSS"],"items_purchased_type":["Relic","Relic","Card","Relic","Relic","Card","Card"],"build_version":"2020-12-22","purchased_purges":1,"victory":false,"max_hp_per_floor":[75,75,75,75,75,75,75,89,89,89,96,96,96,96,96,96,96,96,96,96,96,96,96,96,96,96,96,96,96,96,96,96,96,96,96,96,96,96,96,96,96,96,96,96,96,96,96,96,96,96,96],"card_choices":[{"not_picked":["hermit:Quickdraw","hermit:Desperado"],"picked":"hermit:Feint","floor":1},{"not_picked":["hermit:Quickdraw","hermit:Showdown"],"picked":"hermit:Misfire","floor":2},{"not_picked":["hermit:SprayPray","hermit:Dive"],"picked":"hermit:Scavenge","floor":4},{"not_picked":["hermit:BlackWind","hermit:Maintenance"],"picked":"hermit:BigShot","floor":8},{"not_picked":["hermit:Dive","hermit:FlashPowder"],"picked":"hermit:Vantage","floor":10},{"not_picked":["hermit:CalledShot","hermit:EyeOfTheStorm"],"picked":"hermit:Determination","floor":11},{"not_picked":["hermit:ItchyTrigger","hermit:HighCaliber"],"picked":"hermit:Desperado","floor":12},{"not_picked":["hermit:Manifest","hermit:Headshot"],"picked":"hermit:Grudge","floor":13},{"not_picked":["hermit:HeroicBravado","hermit:HighNoon"],"picked":"hermit:FatalDesire","floor":16},{"not_picked":["hermit:Vantage","hermit:FlashPowder+1"],"picked":"hermit:HoleUp","floor":18},{"not_picked":["hermit:TakeAim+1","hermit:WideOpen"],"picked":"hermit:Manifest","floor":19},{"not_picked":["hermit:Vantage+1","hermit:FlashPowder+1"],"picked":"hermit:ItchyTrigger","floor":21},{"not_picked":["hermit:HoleUp","hermit:LuckOfTheDraw+1"],"picked":"hermit:Headshot","floor":22},{"not_picked":["hermit:CursedWeapon+1","hermit:Headshot"],"picked":"hermit:Determination+1","floor":24},{"not_picked":["hermit:Enervate","hermit:CalledShot+1"],"picked":"hermit:FinalCanter","floor":27},{"not_picked":["hermit:Coalescence","hermit:GoldenBullet+1"],"picked":"hermit:Quickdraw+1","floor":31},{"not_picked":["hermit:Adapt","hermit:HighNoon"],"picked":"hermit:Magnum","floor":33},{"not_picked":["hermit:Gestalt+1","hermit:Desperado+1"],"picked":"hermit:BigShot+1","floor":35},{"not_picked":["hermit:Cheat+1","hermit:Manifest"],"picked":"hermit:Desperado","floor":36},{"not_picked":["hermit:HighCaliber+1","hermit:Glare+1"],"picked":"hermit:Misfire+1","floor":41},{"not_picked":["hermit:BlackWind","hermit:ItchyTrigger"],"picked":"hermit:LowProfile+1","floor":42},{"not_picked":["hermit:ItchyTrigger","hermit:Manifest+1"],"picked":"hermit:Snipe+1","floor":45},{"not_picked":["hermit:LowProfile+1","hermit:LoneWolf+1"],"picked":"hermit:SprayPray+1","floor":48}],"player_experience":2132036,"relics_obtained":[{"floor":8,"key":"Mango"},{"floor":9,"key":"Meat on the Bone"},{"floor":11,"key":"Strawberry"},{"floor":13,"key":"Runesmith:Locket"},{"floor":26,"key":"theSenshi:FeatherClipsRelic"},{"floor":31,"key":"Du-Vu Doll"},{"floor":43,"key":"Kunai"},{"floor":45,"key":"Vajra"}],"event_choices":[{"damage_healed":0,"gold_gain":175,"player_choice":"AGREE","damage_taken":131,"max_hp_gain":0,"max_hp_loss":0,"event_name":"betterThird:BetterSerpent","floor":3,"gold_loss":0},{"damage_healed":0,"gold_gain":75,"player_choice":"Gold","damage_taken":11,"max_hp_gain":0,"max_hp_loss":0,"event_name":"betterThird:BetterGoop","floor":5,"gold_loss":0},{"damage_healed":0,"gold_gain":0,"player_choice":"Relic ","damage_taken":12,"max_hp_gain":0,"max_hp_loss":0,"event_name":"betterThird:BetterScrap","floor":7,"gold_loss":0,"cards_obtained":["Storm"]},{"damage_healed":0,"gold_gain":0,"player_choice":"Insight","damage_taken":0,"max_hp_gain":0,"max_hp_loss":0,"event_name":"betterThird:BetterWriting","floor":30,"gold_loss":0,"cards_obtained":["Insight"]},{"damage_healed":0,"gold_gain":0,"player_choice":"Ignored","damage_taken":0,"max_hp_gain":0,"max_hp_loss":0,"event_name":"OrinTheCat","floor":37,"gold_loss":0},{"damage_healed":0,"gold_gain":0,"player_choice":"Ignored","damage_taken":0,"max_hp_gain":0,"max_hp_loss":0,"event_name":"Purifier","floor":38,"gold_loss":0},{"damage_healed":24,"gold_gain":0,"player_choice":"Writhe","damage_taken":0,"max_hp_gain":0,"max_hp_loss":0,"event_name":"Winding Halls","floor":44,"gold_loss":0,"cards_obtained":["Writhe"]}],"is_beta":false,"boss_relics":[{"not_picked":["Coffee Dripper","SacredBark"],"picked":"construct:ClawGrip"},{"not_picked":["Pandora\u0027s Box","theSenshi:MoonKaleidoScopeRelic"],"picked":"hermit:BartenderGlass"}],"items_purged_floors":[47],"is_endless":false,"potions_floor_spawned":[1,2,10,11,12,22,27,33,35,42,48],"killed_by":"Awakened One","ascension_level":2}}