{"host":"w14xfy17z3c5mpoi","time":1614205869,"event":{"mods":["AchievementEnabler","BaseMod","Minty Spire (QoL Compilation)","Relic Stats"],"gold_per_floor":[115,40,56,72,92,127,147,147,147,147,181,181,199,199,199,274,274,292,292,58,69,82,107,107,140,140,140,140],"floor_reached":27,"language":"ENG","playtime":2521,"items_purged":["Defend_G"],"score":487,"play_id":"b3373648-80f9-45df-bbe6-4a078bcb316a","local_time":"20210224173109","is_ascension_mode":true,"campfire_choices":[{"floor":10,"key":"REST"},{"data":"1","floor":12,"key":"LIFT"},{"data":"2","floor":15,"key":"LIFT"},{"floor":24,"key":"REST"}],"circlet_count":0,"master_deck":["AscendersBane","Strike_G","Strike_G","Strike_G","Defend_G","Defend_G","Defend_G","Defend_G","Survivor","Neutralize","Phantasmal Killer","Dagger Spray","Cloak And Dagger","Noxious Fumes","Cloak And Dagger","Poisoned Stab","Predator","Endless Agony","Quick Slash","Malaise","Escape Plan","Leg Sweep","Riddle With Holes","Deflect+1","Riddle With Holes"],"relics":["Ring of the Snake","MealTicket","InkBottle","Girya","SlaversCollar","Bottled Lightning","Question Card","Tough Bandages"],"acts_visited":["TheCity"],"potions_floor_usage":[4,6,18,22,23],"damage_taken":[{"damage":4,"enemies":"Small Slimes","floor":1,"turns":4},{"damage":2,"enemies":"2 Louse","floor":3,"turns":2},{"damage":0,"enemies":"Cultist","floor":4,"turns":3},{"damage":0,"enemies":"Exordium Wildlife","floor":5,"turns":2},{"damage":20,"enemies":"3 Sentries","floor":6,"turns":6},{"damage":6,"enemies":"Looter","floor":7,"turns":4},{"damage":19,"enemies":"Gremlin Nob","floor":11,"turns":4},{"damage":18,"enemies":"Gremlin Gang","floor":13,"turns":5},{"damage":12,"enemies":"Hexaghost","floor":16,"turns":9},{"damage":7,"enemies":"2 Thieves","floor":18,"turns":3},{"damage":18,"enemies":"Shell Parasite","floor":21,"turns":5},{"damage":0,"enemies":"Sentry and Sphere","floor":22,"turns":3},{"damage":30,"enemies":"Slavers","floor":23,"turns":6},{"damage":18,"enemies":"Gremlin Leader","floor":25,"turns":7},{"damage":7,"enemies":"Chosen and Byrds","floor":27,"turns":3}],"seed_played":"5410567072316929445","potions_obtained":[{"floor":3,"key":"Swift Potion"},{"floor":5,"key":"DistilledChaos"},{"floor":16,"key":"ColorlessPotion"},{"floor":18,"key":"Fire Potion"},{"floor":25,"key":"Dexterity Potion"}],"is_trial":false,"path_per_floor":["M","?","M","M","M","E","M","?","T","R","E","R","M","?","R","B",null,"M","?","$","M","M","E","R","E","T","M"],"character_chosen":"THE_SILENT","items_purchased":["Leg Sweep","CunningPotion"],"campfire_rested":2,"item_purchase_floors":[20,20],"current_hp_per_floor":[55,55,53,53,53,33,27,27,27,45,26,26,8,23,23,11,48,41,41,56,38,38,8,25,7,7,0,0],"gold":140,"neow_bonus":"THREE_RARE_CARDS","is_daily":false,"chose_seed":false,"campfire_upgraded":0,"win_rate":0.0,"timestamp":1614205869,"path_taken":["M","?","M","M","M","E","M","?","T","R","E","R","?","?","R","BOSS","M","?","$","M","M","E","R","E","T","M"],"items_purchased_type":["Card","Potion"],"build_version":"2020-12-22","purchased_purges":1,"victory":false,"max_hp_per_floor":[60,60,60,60,60,60,60,60,60,60,60,60,60,60,60,60,60,60,57,57,57,57,57,57,57,57,57,57],"relic_stats":{"Tough Bandages":[0],"counters":[15,66],"MealTicket":15,"Question Card":0,"obtain_stats":[{"Girya":11,"SlaversCollar":17,"Tough Bandages":26,"MealTicket":6,"Bottled Lightning":23,"Question Card":25,"InkBottle":9,"Ring of the Snake":0},{"Girya":7,"SlaversCollar":9,"Tough Bandages":14,"MealTicket":5,"Bottled Lightning":13,"Question Card":14,"InkBottle":6,"Ring of the Snake":0},{"Girya":25,"SlaversCollar":39,"Tough Bandages":63,"MealTicket":17,"Bottled Lightning":56,"Question Card":63,"InkBottle":21,"Ring of the Snake":0}],"InkBottle":[18],"Ring of the Snake":[30]},"card_choices":[{"not_picked":["Die Die Die","Corpse Explosion"],"picked":"Phantasmal Killer","floor":0},{"not_picked":["Deadly Poison","Eviscerate"],"picked":"Dagger Spray","floor":1},{"not_picked":["PiercingWail","Acrobatics"],"picked":"Cloak And Dagger","floor":3},{"not_picked":["Well Laid Plans","Catalyst"],"picked":"Noxious Fumes","floor":4},{"not_picked":["Acrobatics","Envenom"],"picked":"Cloak And Dagger","floor":5},{"not_picked":["A Thousand Cuts","Outmaneuver"],"picked":"Poisoned Stab","floor":6},{"not_picked":["Riddle With Holes","Tactician"],"picked":"Predator","floor":7},{"not_picked":["Sucker Punch","Flechettes"],"picked":"Endless Agony","floor":11},{"not_picked":["Backflip","Deadly Poison"],"picked":"Quick Slash","floor":13},{"not_picked":["Tools of the Trade","Storm of Steel"],"picked":"Malaise","floor":16},{"not_picked":["Bane","Deflect"],"picked":"Escape Plan","floor":18},{"not_picked":["Deflect","Cloak And Dagger","Underhanded Strike"],"picked":"SKIP","floor":21},{"not_picked":["Dash","Eviscerate"],"picked":"Riddle With Holes","floor":22},{"not_picked":["All Out Attack","Bouncing Flask"],"picked":"Deflect+1","floor":23},{"not_picked":["Finisher","Burst"],"picked":"Riddle With Holes","floor":25}],"player_experience":804084,"relics_obtained":[{"floor":6,"key":"MealTicket"},{"floor":9,"key":"InkBottle"},{"floor":11,"key":"Girya"},{"floor":23,"key":"Bottled Lightning"},{"floor":25,"key":"Question Card"},{"floor":26,"key":"Tough Bandages"}],"event_choices":[{"cards_removed":["Strike_G"],"damage_healed":0,"gold_gain":0,"player_choice":"Card Removal","damage_taken":0,"max_hp_gain":0,"max_hp_loss":0,"event_name":"The Cleric","floor":2,"gold_loss":75},{"cards_removed":["Strike_G"],"damage_healed":0,"gold_gain":0,"player_choice":"Purged","damage_taken":0,"max_hp_gain":0,"max_hp_loss":0,"event_name":"Purifier","floor":8,"gold_loss":0},{"damage_healed":15,"gold_gain":0,"player_choice":"Healed and dodged fight","damage_taken":0,"max_hp_gain":0,"max_hp_loss":0,"event_name":"Mushrooms","floor":14,"gold_loss":0,"cards_obtained":["Parasite"]},{"cards_removed":["Parasite"],"damage_healed":0,"gold_gain":0,"player_choice":"Purged","damage_taken":0,"max_hp_gain":0,"max_hp_loss":0,"event_name":"Purifier","floor":19,"gold_loss":0}],"is_beta":false,"boss_relics":[{"not_picked":["Calling Bell","HoveringKite"],"picked":"SlaversCollar"}],"items_purged_floors":[20],"is_endless":false,"potions_floor_spawned":[3,5,16,18,25],"killed_by":"Chosen and Byrds","ascension_level":17}}