{"host":"n5x0e04y88v3omrc","time":1614183011,"event":{"mods":["Aspiration","BaseMod","Colored Powertips","Downfall","Minty Spire (QoL Compilation)","Reimu£®≤©¿ˆ¡È√Œ£©","Remilia£®¿Ÿ√◊¿Ú—«£©","Replay The Spire","Shop Mod","StSLib","UnlockEverythingMod"],"gold_per_floor":[109,109,109,123,139,173,186,186,210,210,210,230,244,277,277,374,374,387,387,347,127,127,156,172,172,227,227,260,14,27,59,59,59,59],"floor_reached":33,"language":"ZHS","playtime":2488,"items_purged":["Defend_P","Wallop"],"score":338,"play_id":"dfb89c87-1fde-4ce1-b066-9c6587e00f91","local_time":"20210225001011","is_ascension_mode":false,"campfire_choices":[{"data":"Eruption","floor":8,"key":"SMITH"},{"data":"BattleHymn","floor":10,"key":"SMITH"},{"floor":15,"key":"REST"},{"data":"Devotion","floor":27,"key":"SMITH"}],"circlet_count":0,"master_deck":["Strike_P","Strike_P","Strike_P","Defend_P","Eruption+1","Vigilance","Consecrate","Replay:ManipulateFuture","Tantrum","Pray","BattleHymn+1","Devotion+1","Pray","Alpha","Brilliance","CarveReality+1","Halt","SandsOfTime","Meditate","Judgement","Pray"],"relics":["PureWater","NeowsBlessing","champ:DeflectingBracers","aspiration:HiddenCompartment","Guardian:PocketSentry","StrikeDummy","Ring of Chaos","ZunR:ReiMu","Replay:Baseball","champ:DuelingGlove","Replay:Rubber Ducky","Letter Opener"],"acts_visited":["Exordium","TheCity"],"potions_floor_usage":[6,7,12,14,23,31,31,31,33,33],"damage_taken":[{"damage":0,"enemies":"Small Slimes","floor":1,"turns":1},{"damage":0,"enemies":"Cultist","floor":4,"turns":1},{"damage":0,"enemies":"2 Louse","floor":5,"turns":2},{"damage":0,"enemies":"Gremlin Nob","floor":6,"turns":2},{"damage":17,"enemies":"Exordium Wildlife","floor":7,"turns":2},{"damage":7,"enemies":"Looter","floor":12,"turns":2},{"damage":11,"enemies":"Exordium Thugs","floor":13,"turns":3},{"damage":18,"enemies":"3 Sentries","floor":14,"turns":3},{"damage":41,"enemies":"Hexaghost","floor":16,"turns":6},{"damage":2,"enemies":"Spheric Guardian","floor":18,"turns":3},{"damage":13,"enemies":"Book of Stabbing","floor":23,"turns":3},{"damage":22,"enemies":"2 Thieves","floor":24,"turns":3},{"damage":15,"enemies":"Replay:Snechameleon","floor":28,"turns":4},{"damage":3,"enemies":"Snecko","floor":30,"turns":3},{"damage":19,"enemies":"Slavers","floor":31,"turns":3},{"damage":21,"enemies":"Champ","floor":33,"turns":2}],"seed_played":"-9222786699734610353","potions_obtained":[{"floor":1,"key":"Fire Potion"},{"floor":4,"key":"LiquidMemories"},{"floor":6,"key":"SmokeBomb"},{"floor":12,"key":"Fruit Juice"},{"floor":13,"key":"Strength Potion"},{"floor":16,"key":"LiquidMemories"},{"floor":18,"key":"Regen Potion"},{"floor":28,"key":"SteroidPotion"},{"floor":30,"key":"GrandPatriotsElixir:ReiMu"},{"floor":31,"key":"FearPotion"},{"floor":32,"key":"Weak Potion"},{"floor":32,"key":"CultistPotion"}],"is_trial":false,"path_per_floor":["M","?","?","M","M","E","M","R","T","R","?","M","M","E","R","B",null,"M","?","?","$","?","E","M","?","T","R","E","$","M","E","R","B"],"character_chosen":"WATCHER","items_purchased":["Replay:Baseball","Judgement"],"campfire_rested":1,"item_purchase_floors":[21,29],"current_hp_per_floor":[72,69,69,69,69,69,52,52,52,52,52,50,39,21,44,3,77,75,75,75,75,75,67,45,45,45,45,30,30,27,8,8,0,0],"gold":59,"neow_bonus":"THREE_ENEMY_KILL","is_daily":false,"chose_seed":false,"campfire_upgraded":3,"win_rate":0.0,"timestamp":1614183011,"path_taken":["M","?","?","M","M","E","?","R","T","R","?","M","M","E","R","BOSS","M","?","?","$","?","E","?","?","T","R","E","?","?","E","R","BOSS"],"items_purchased_type":["Relic","Card"],"build_version":"2020-12-22","purchased_purges":2,"victory":false,"max_hp_per_floor":[72,72,72,72,72,72,72,72,72,72,72,77,77,77,77,77,77,77,77,77,77,77,77,77,77,77,77,77,77,77,77,77,77,77],"card_choices":[{"not_picked":["Adaptation","FollowUp"],"picked":"Consecrate","floor":1},{"not_picked":["InnerPeace","WindmillStrike"],"picked":"Replay:ManipulateFuture","floor":4},{"not_picked":["WreathOfFlame","BowlingBash"],"picked":"Tantrum","floor":5},{"not_picked":["Replay:DivineShield","SashWhip"],"picked":"Pray","floor":6},{"not_picked":["Protect","Replay:ManipulateFuture"],"picked":"BattleHymn","floor":7},{"not_picked":["WindmillStrike","FlurryOfBlows"],"picked":"Devotion","floor":12},{"not_picked":["EmptyFist","Consecrate"],"picked":"Pray","floor":13},{"not_picked":["Pray","Swivel"],"picked":"Alpha","floor":14},{"not_picked":["Scrawl","Omniscience"],"picked":"Brilliance","floor":16},{"not_picked":["Pray","FollowUp"],"picked":"CarveReality+1","floor":18},{"not_picked":["BowlingBash","PathToVictory+1","Nirvana"],"picked":"SKIP","floor":23},{"not_picked":["WindmillStrike+1","FlyingSleeves+1","EmptyFist"],"picked":"SKIP","floor":24},{"not_picked":["Replay:Vibes","SashWhip"],"picked":"Meditate","floor":28},{"not_picked":["Replay:BluntJabs","ForeignInfluence","Protect"],"picked":"SKIP","floor":30},{"not_picked":["EmptyBody","WheelKick"],"picked":"Pray","floor":31}],"player_experience":138840,"relics_obtained":[{"floor":6,"key":"aspiration:HiddenCompartment"},{"floor":9,"key":"Guardian:PocketSentry"},{"floor":14,"key":"StrikeDummy"},{"floor":23,"key":"champ:DuelingGlove"},{"floor":28,"key":"Replay:Rubber Ducky"},{"floor":31,"key":"Letter Opener"}],"event_choices":[{"damage_healed":0,"gold_gain":0,"player_choice":"Success","damage_taken":3,"relics_obtained":["champ:DeflectingBracers"],"max_hp_gain":0,"max_hp_loss":0,"event_name":"Scrap Ooze","floor":2,"gold_loss":0},{"damage_healed":0,"gold_gain":0,"player_choice":"Ignored","damage_taken":0,"max_hp_gain":0,"max_hp_loss":0,"event_name":"WeMeetAgain","floor":3,"gold_loss":0},{"cards_removed":["Defend_P"],"damage_healed":0,"gold_gain":0,"player_choice":"Forget","damage_taken":0,"max_hp_gain":0,"max_hp_loss":0,"event_name":"Living Wall","floor":11,"gold_loss":0},{"damage_healed":0,"gold_gain":0,"player_choice":"Read","damage_taken":0,"max_hp_gain":0,"max_hp_loss":0,"event_name":"The Library","floor":19,"gold_loss":0,"cards_obtained":["Halt"]},{"damage_healed":0,"gold_gain":0,"player_choice":"π∫¬Ú…Òæ∆","damage_taken":0,"relics_obtained":["ZunR:ReiMu"],"max_hp_gain":0,"max_hp_loss":0,"event_name":"ZunEvent","floor":20,"gold_loss":40},{"damage_healed":0,"gold_gain":0,"player_choice":"Ignored","damage_taken":0,"max_hp_gain":0,"max_hp_loss":0,"event_name":"Vampires","floor":22,"gold_loss":0},{"damage_healed":0,"gold_gain":0,"cards_transformed":["Strike_P","Defend_P"],"player_choice":"Became Test Subject","damage_taken":0,"max_hp_gain":0,"max_hp_loss":0,"event_name":"Drug Dealer","floor":25,"gold_loss":0,"cards_obtained":["SandsOfTime","Wallop"]}],"is_beta":false,"boss_relics":[{"not_picked":["RedLine:ReiMu","Black Star"],"picked":"Ring of Chaos"}],"items_purged_floors":[21,29],"is_endless":false,"potions_floor_spawned":[1,4,6,12,13,16,18,28,30,31],"killed_by":"Champ","ascension_level":0}}