{"host":"gyvm9iplrwbfzexe","time":1614190736,"event":{"mods":["BaseMod","Minty Spire (QoL Compilation)","StSLib"],"gold_per_floor":[113,63,63,82,82,122,122,145,168,191,211,231,271,40,40,161,161,186,19,32,32,56,56,56,56],"floor_reached":24,"language":"ENG","playtime":934,"items_purged":["Strike_G"],"score":280,"play_id":"491b5ad7-ef32-4088-92bc-8e2ba5e06cea","local_time":"20210224121856","is_ascension_mode":true,"campfire_choices":[{"data":"Backflip","floor":7,"key":"SMITH"},{"floor":15,"key":"REST"},{"floor":23,"key":"REST"}],"circlet_count":0,"master_deck":["Strike_G","Strike_G","Strike_G","Defend_G","Defend_G","Defend_G","Defend_G","Defend_G","Survivor","Neutralize","Masterful Stab","Dash","Backflip+1","Accuracy","Quick Slash","Accuracy","Phantasmal Killer","Masterful Stab","Well Laid Plans","Burst","Backstab","Infinite Blades","Blur","Backstab"],"relics":["Ring of the Snake","NeowsBlessing","Golden Idol","HornCleat","Shuriken","Pen Nib","Omamori","Membership Card","Snecko Eye","Question Card","Dream Catcher"],"acts_visited":["Exordium","TheCity"],"potions_floor_usage":[13,13,16],"damage_taken":[{"damage":0,"enemies":"Small Slimes","floor":1,"turns":1},{"damage":0,"enemies":"Jaw Worm","floor":4,"turns":1},{"damage":0,"enemies":"3 Sentries","floor":6,"turns":1},{"damage":0,"enemies":"Cultist","floor":8,"turns":2},{"damage":1,"enemies":"Exordium Wildlife","floor":10,"turns":4},{"damage":1,"enemies":"3 Louse","floor":11,"turns":2},{"damage":0,"enemies":"Blue Slaver","floor":12,"turns":3},{"damage":22,"enemies":"Lagavulin","floor":13,"turns":10},{"damage":5,"enemies":"Slime Boss","floor":16,"turns":6},{"damage":25,"enemies":"3 Byrds","floor":18,"turns":7},{"damage":17,"enemies":"Chosen","floor":20,"turns":5},{"damage":19,"enemies":"Snecko","floor":22,"turns":4},{"damage":0,"enemies":"3 Cultists","floor":24,"turns":1}],"seed_played":"680528013441249582","potions_obtained":[{"floor":1,"key":"Dexterity Potion"},{"floor":10,"key":"Fire Potion"},{"floor":11,"key":"SpeedPotion"},{"floor":12,"key":"Strength Potion"},{"floor":18,"key":"Explosive Potion"},{"floor":22,"key":"LiquidBronze"}],"is_trial":false,"path_per_floor":["M","?","?","M","T","E","R","M","T","M","M","M","E","$","R","B",null,"M","$","M","?","M","R","M"],"character_chosen":"THE_SILENT","items_purchased":["Membership Card","Well Laid Plans","Question Card","Infinite Blades"],"campfire_rested":2,"item_purchase_floors":[14,14,19,19],"current_hp_per_floor":[70,70,53,53,53,53,53,53,53,52,51,51,29,29,50,45,70,45,45,28,28,9,30,30,30],"gold":56,"neow_bonus":"THREE_ENEMY_KILL","is_daily":false,"chose_seed":false,"campfire_upgraded":1,"win_rate":0.0,"timestamp":1614190736,"path_taken":["M","?","?","M","?","E","R","M","T","M","M","?","E","$","R","BOSS","M","$","M","?","M","R","M"],"items_purchased_type":["Relic","Card","Relic","Card"],"build_version":"2020-12-22","purchased_purges":1,"victory":false,"max_hp_per_floor":[70,70,70,70,70,70,70,70,70,70,70,70,70,70,70,70,70,70,70,70,70,70,70,70,70],"card_choices":[{"not_picked":["Backflip","Quick Slash"],"picked":"Masterful Stab","floor":1},{"not_picked":["Heel Hook","Poisoned Stab"],"picked":"Dash","floor":4},{"not_picked":["Deadly Poison","Grand Finale"],"picked":"Backflip","floor":6},{"not_picked":["Flying Knee","Deflect"],"picked":"Accuracy","floor":8},{"not_picked":["Dagger Throw","Predator"],"picked":"Quick Slash","floor":10},{"not_picked":["Cloak And Dagger","Riddle With Holes"],"picked":"Accuracy","floor":11},{"not_picked":["Dodge and Roll","Expertise"],"picked":"Phantasmal Killer","floor":12},{"not_picked":["Choke","Skewer"],"picked":"Masterful Stab","floor":13},{"not_picked":["Corpse Explosion","Unload"],"picked":"Burst","floor":16},{"not_picked":["Dash","Outmaneuver"],"picked":"Backstab","floor":18},{"not_picked":["Deadly Poison","Dagger Spray","Caltrops+1"],"picked":"Blur","floor":20},{"not_picked":["Finisher","Endless Agony","Expertise","Choke"],"picked":"SKIP","floor":22},{"not_picked":["Bane","Underhanded Strike","Skewer"],"picked":"Backstab","floor":23}],"player_experience":58744,"relics_obtained":[{"floor":5,"key":"HornCleat"},{"floor":6,"key":"Shuriken"},{"floor":9,"key":"Pen Nib"},{"floor":13,"key":"Omamori"}],"event_choices":[{"cards_removed":["Strike_G"],"damage_healed":0,"gold_gain":0,"player_choice":"Card Removal","damage_taken":0,"max_hp_gain":0,"max_hp_loss":0,"event_name":"The Cleric","floor":2,"gold_loss":50},{"damage_healed":0,"gold_gain":0,"player_choice":"Take Damage","damage_taken":17,"relics_obtained":["Golden Idol"],"max_hp_gain":0,"max_hp_loss":0,"event_name":"Golden Idol","floor":3,"gold_loss":0},{"damage_healed":0,"gold_gain":0,"player_choice":"Stole Relic","damage_taken":0,"relics_obtained":["Dream Catcher"],"max_hp_gain":0,"max_hp_loss":0,"event_name":"Addict","floor":21,"gold_loss":0,"cards_obtained":["Shame"]}],"is_beta":false,"boss_relics":[{"not_picked":["Ectoplasm","Sozu"],"picked":"Snecko Eye"}],"items_purged_floors":[14],"is_endless":false,"potions_floor_spawned":[1,10,11,12,18,22],"killed_by":"3 Cultists","ascension_level":4}}