{"host":"emzatosnsokm6754","time":1614137682,"event":{"mods":["Act Like it!","BaseMod","Bossed Relics","Colored Powertips","Energized Spire","Minty Spire (QoL Compilation)","Rare Cards Sparkle","Replay The Spire","Ruina","StSLib","The Cursed","The Gatherer","The Hierophant","The Servant 0.9.4"],"gold_per_floor":[114,128,203,216,234,234,261,18,42,56,90,90,90,103,103,205,205,215,215,230,247,260,260,118,130,130,162,162,194,208,158,158,256,256,272,322,322,271,281,281,307,307,307,320,200,200,215,250,250,250],"floor_reached":51,"language":"ENG","playtime":3261,"items_purged":["Writhe","Zap+1","Panic Button"],"score":869,"play_id":"39371339-293b-43b0-a5b8-0a5d403870b1","local_time":"20210224163442","is_ascension_mode":true,"campfire_choices":[{"data":"Beam Cell","floor":6,"key":"SMITH"},{"data":"Go for the Eyes","floor":15,"key":"SMITH"},{"floor":28,"key":"REST"},{"data":"ReplayRNGCard+1","floor":32,"key":"PURGE"},{"data":"Capacitor","floor":40,"key":"SMITH"},{"data":"Defragment","floor":42,"key":"SMITH"},{"data":"Defragment","floor":46,"key":"SMITH"},{"floor":49,"key":"REST"}],"circlet_count":0,"master_deck":["Strike_B","Strike_B","Strike_B","Strike_B","Defend_B","Defend_B","Defend_B","Defend_B","Dualcast","Cold Snap","Beam Cell+1","Go for the Eyes+1","White Noise+1","Genetic Algorithm+1","Coolheaded+1","Coolheaded+1","Seek+1","Chill+1","Blizzard","Go for the Eyes+1","Machine Learning","Capacitor+1","Defragment+1","Defragment+1","Defragment+1","Coolheaded+1","Defragment+1","Amplify+1","FTL+1"],"relics":["FrozenCore","Anchor","Toxic Egg 2","Pet Ghost","ReplayFunnel","Replay:WaspNest","ruina:Goodbye","Smiling Mask","Letter Opener","energizedSpire:MagnifyingGlass","Lizard Tail","Golden Egg","HornCleat","Dream Catcher"],"acts_visited":["Exordium","ruina:Briah","TheBeyond"],"potions_floor_usage":[48],"damage_taken":[{"damage":6,"enemies":"Jaw Worm","floor":1,"turns":3},{"damage":0,"enemies":"2 Louse","floor":2,"turns":3},{"damage":0,"enemies":"Cultist","floor":4,"turns":3},{"damage":9,"enemies":"Lots of Slimes","floor":5,"turns":4},{"damage":0,"enemies":"Replay:BlueRogue","floor":7,"turns":5},{"damage":0,"enemies":"Looter","floor":10,"turns":3},{"damage":15,"enemies":"3 Sentries","floor":11,"turns":7},{"damage":0,"enemies":"2 Fungi Beasts","floor":14,"turns":4},{"damage":14,"enemies":"The Guardian","floor":16,"turns":9},{"damage":5,"enemies":"ruina:Nosferatu","floor":18,"turns":7},{"damage":10,"enemies":"ruina:3_Bats","floor":20,"turns":7},{"damage":0,"enemies":"ruina:KnightOfDespair","floor":21,"turns":4},{"damage":19,"enemies":"ruina:3_Scarecrows","floor":22,"turns":7},{"damage":0,"enemies":"ruina:Nos_and_Bat","floor":25,"turns":7},{"damage":23,"enemies":"ruina:RoadHome","floor":27,"turns":7},{"damage":2,"enemies":"ruina:ServantOfWrath","floor":29,"turns":6},{"damage":0,"enemies":"ruina:KingOfGreed","floor":30,"turns":5},{"damage":17,"enemies":"ruina:Red_and_Wolf","floor":33,"turns":12},{"damage":18,"enemies":"3 Shapes","floor":35,"turns":6},{"damage":3,"enemies":"Mind Bloom Boss Battle","floor":36,"turns":10},{"damage":0,"enemies":"3 Darklings","floor":39,"turns":7},{"damage":0,"enemies":"Nemesis","floor":41,"turns":15},{"damage":7,"enemies":"Transient","floor":44,"turns":5},{"damage":0,"enemies":"Maw","floor":47,"turns":11},{"damage":35,"enemies":"Reptomancer","floor":48,"turns":8},{"damage":1,"enemies":"Time Eater","floor":50,"turns":18}],"seed_played":"3793580116126436567","potions_obtained":[{"floor":2,"key":"FearPotion"},{"floor":5,"key":"Elixir"},{"floor":11,"key":"DistilledChaos"},{"floor":16,"key":"BlessingOfTheForge"},{"floor":21,"key":"Energy Potion"},{"floor":35,"key":"Adrenaline Potion"}],"is_trial":false,"path_per_floor":["M","M","?","M","M","R","E","$","T","M","E","?","T","M","R","B",null,"M","?","M","M","M","?","$","M","T","E","R","E","M","$","R","B",null,"M","?","?","$","M","R","E","R","T","M","$","R","M","E","R","B",null],"character_chosen":"DEFECT","items_purchased":["Toxic Egg 2","Chill+1","Defragment","Defragment"],"campfire_rested":2,"item_purchase_floors":[8,24,38,45],"current_hp_per_floor":[76,76,65,65,56,56,56,56,56,56,41,41,41,41,41,27,82,77,77,67,67,48,48,48,48,48,25,49,47,47,47,47,30,82,64,61,61,61,61,61,61,61,61,54,54,54,54,19,42,41],"gold":250,"neow_bonus":"TEN_PERCENT_HP_BONUS","is_daily":false,"chose_seed":false,"campfire_upgraded":5,"win_rate":0.0,"timestamp":1614137682,"path_taken":["M","M","?","M","M","R","E","$","T","M","E","?","?","M","R","BOSS","M","?","M","?","M","?","$","M","T","E","R","E","M","$","R","BOSS","M","?","?","$","M","R","E","R","T","M","$","R","M","E","R","BOSS"],"items_purchased_type":["Relic","Card","Card","Card"],"build_version":"2020-12-22","purchased_purges":3,"victory":true,"max_hp_per_floor":[82,82,82,82,82,82,82,82,82,82,82,82,82,82,82,82,82,82,82,82,82,82,82,82,82,82,82,82,82,82,82,82,82,82,82,82,78,78,78,78,78,78,78,78,78,78,78,78,78,78],"card_choices":[{"not_picked":["Compile Driver","Ball Lightning"],"picked":"Panic Button","floor":1},{"not_picked":["Leap","Panic Button"],"picked":"Cold Snap","floor":2},{"not_picked":["Sweeping Beam","Ball Lightning"],"picked":"Beam Cell","floor":4},{"not_picked":["Turbo","Double Energy","Go for the Eyes"],"picked":"SKIP","floor":5},{"not_picked":["Amplify","Undo"],"picked":"Go for the Eyes","floor":7},{"not_picked":["Self Repair","Doom and Gloom"],"picked":"White Noise+1","floor":10},{"not_picked":["Turbo+1","ReplaySort+1"],"picked":"Genetic Algorithm+1","floor":11},{"not_picked":["ReplayTheSpireMod:Reroute Power+1","Stack+1"],"picked":"Coolheaded+1","floor":14},{"not_picked":["Buffer","Hyperbeam"],"picked":"ReplayRNGCard+1","floor":16},{"not_picked":["Scrape+1","Reinforced Body+1"],"picked":"Coolheaded+1","floor":18},{"not_picked":["Panic Button+1","Stack+1"],"picked":"Seek+1","floor":20},{"not_picked":["Barrage","Panic Button+1","Recycle+1"],"picked":"SKIP","floor":21},{"not_picked":["Turbo+1","Ball Lightning","Hologram+1"],"picked":"SKIP","floor":22},{"not_picked":["Beam Cell","BasicCrystalCard+1","Recycle+1"],"picked":"SKIP","floor":25},{"not_picked":["Barrage","Streamline","Lockon"],"picked":"SKIP","floor":27},{"not_picked":["Stack+1","Cold Snap"],"picked":"Blizzard","floor":29},{"not_picked":["Gash+1","Barrage"],"picked":"Go for the Eyes+1","floor":30},{"not_picked":["Electrodynamics","ReplayRNGCard+1"],"picked":"Machine Learning","floor":33},{"not_picked":["BasicCrystalCard+1","Time Bomb+1","Beam Cell+1"],"picked":"SKIP","floor":35},{"not_picked":["Glacier+1","Compile Driver"],"picked":"Capacitor","floor":36},{"not_picked":["Redo+1","Go for the Eyes"],"picked":"Defragment+1","floor":39},{"not_picked":["ReplaySolidLightProjector+1","Machine Learning","Conserve Battery+1"],"picked":"SKIP","floor":41},{"not_picked":["Conserve Battery+1","Cold Snap"],"picked":"Coolheaded+1","floor":44},{"not_picked":["Hologram+1","Self Repair+1","Gash"],"picked":"SKIP","floor":47},{"not_picked":["BasicCrystalCard+1","Panic Button+1"],"picked":"Amplify+1","floor":48},{"not_picked":["Conserve Battery+1","Reprogram+1"],"picked":"FTL+1","floor":49}],"player_experience":217548,"relics_obtained":[{"floor":7,"key":"Anchor"},{"floor":9,"key":"Pet Ghost"},{"floor":11,"key":"ReplayFunnel"},{"floor":13,"key":"Replay:WaspNest"},{"floor":27,"key":"Smiling Mask"},{"floor":29,"key":"Letter Opener"},{"floor":36,"key":"Lizard Tail"},{"floor":41,"key":"Golden Egg"},{"floor":43,"key":"HornCleat"},{"floor":48,"key":"Dream Catcher"}],"event_choices":[{"damage_healed":0,"gold_gain":75,"player_choice":"Gather Gold","damage_taken":11,"max_hp_gain":0,"max_hp_loss":0,"event_name":"World of Goop","floor":3,"gold_loss":0},{"damage_healed":0,"gold_gain":0,"player_choice":"Fight","damage_taken":0,"max_hp_gain":0,"max_hp_loss":0,"event_name":"MindBloom","floor":36,"gold_loss":0},{"damage_healed":0,"gold_gain":0,"player_choice":"Max HP","damage_taken":0,"max_hp_gain":0,"max_hp_loss":4,"event_name":"Winding Halls","floor":37,"gold_loss":0}],"is_beta":false,"boss_relics":[{"not_picked":["energizedSpire:EnergizedDie","Busted Crown"],"picked":"FrozenCore"},{"not_picked":["SacredBark","Velvet Choker"],"picked":"energizedSpire:MagnifyingGlass"}],"items_purged_floors":[24,31,45],"is_endless":false,"potions_floor_spawned":[2,5,11,16,18,21,27,30,33,35,41,44],"ascension_level":1}}