{"host":"qksa0nge77ubun9a","time":1614208462,"event":{"mods":["AchievementEnabler","BaseMod","Colored Map","Colored Powertips","Googly Eyes","Highlight Path","Minty Spire (QoL Compilation)","Quick Restart","StSLib"],"gold_per_floor":[112,129,146,146,166,199,219,253,253,270,294,294,294,141,141,216,216,227,227,241,1,1,1,1,1,1,16,16,16,46,58,58,132,132,132,132],"floor_reached":35,"language":"ENG","playtime":6063,"items_purged":["Strike_R","Defend_R"],"score":660,"play_id":"57f6735b-ebb5-4ec6-b5b8-765c43f822c3","local_time":"20210224151422","is_ascension_mode":true,"campfire_choices":[{"floor":12.0,"key":"REST"},{"data":"True Grit","floor":15.0,"key":"SMITH"},{"data":"Rampage","floor":23.0,"key":"SMITH"},{"data":"Dark Embrace","floor":25.0,"key":"SMITH"},{"data":"Dark Embrace","floor":29.0,"key":"SMITH"},{"data":"Pommel Strike","floor":32.0,"key":"SMITH"}],"circlet_count":0,"master_deck":["AscendersBane","Strike_R","Strike_R","Strike_R","Strike_R","Defend_R","Defend_R","Bash","Rampage+1","Warcry","Havoc+1","Shrug It Off","Sentinel","Brutality","Pommel Strike+1","True Grit+1","Flex","Dark Embrace+1","Impervious","Writhe","Dark Embrace+1","Pummel","Sever Soul+1","Shrug It Off+1","Offering","CurseOfTheBell"],"relics":["Burning Blood","Du-Vu Doll","Mango","Pen Nib","Bag of Preparation","Odd Mushroom","Busted Crown","Smiling Mask","ClockworkSouvenir","Pear","Molten Egg 2","Calling Bell","Orichalcum","Pantograph","Ice Cream"],"acts_visited":["TheCity","TheBeyond"],"potions_floor_usage":[],"damage_taken":[{"damage":7.0,"enemies":"Small Slimes","floor":1.0,"turns":3.0},{"damage":5.0,"enemies":"Cultist","floor":2.0,"turns":4.0},{"damage":0.0,"enemies":"2 Louse","floor":3.0,"turns":3.0},{"damage":12.0,"enemies":"Looter","floor":5.0,"turns":3.0},{"damage":27.0,"enemies":"3 Sentries","floor":6.0,"turns":8.0},{"damage":23.0,"enemies":"Large Slime","floor":7.0,"turns":7.0},{"damage":28.0,"enemies":"Lagavulin","floor":8.0,"turns":6.0},{"damage":10.0,"enemies":"Exordium Wildlife","floor":10.0,"turns":4.0},{"damage":7.0,"enemies":"The Mushroom Lair","floor":11.0,"turns":4.0},{"damage":34.0,"enemies":"Hexaghost","floor":16.0,"turns":9.0},{"damage":20.0,"enemies":"3 Byrds","floor":18.0,"turns":5.0},{"damage":14.0,"enemies":"2 Thieves","floor":20.0,"turns":4.0},{"damage":18.0,"enemies":"Snake Plant","floor":27.0,"turns":4.0},{"damage":9.0,"enemies":"Book of Stabbing","floor":30.0,"turns":2.0},{"damage":5.0,"enemies":"Snecko","floor":31.0,"turns":3.0},{"damage":40.0,"enemies":"Automaton","floor":33.0,"turns":9.0},{"damage":0,"enemies":"3 Darklings","floor":35,"turns":1}],"seed_played":"8106019176535217918","potions_obtained":[{"floor":2.0,"key":"Weak Potion"},{"floor":3.0,"key":"Fire Potion"},{"floor":6.0,"key":"DuplicationPotion"},{"floor":7.0,"key":"Fire Potion"},{"floor":11.0,"key":"ElixirPotion"},{"floor":16.0,"key":"SteroidPotion"},{"floor":24.0,"key":"EntropicBrew"},{"floor":30.0,"key":"EssenceOfSteel"},{"floor":31.0,"key":"SkillPotion"}],"is_trial":false,"path_per_floor":["M","M","M","?","M","E","M","E","T","M","?","R","?","$","R","B",null,"M","?","M","$","?","R","?","R","T","M","$","R","E","M","R","B",null,"M"],"character_chosen":"IRONCLAD","items_purchased":["Dark Embrace","Dark Embrace","ClockworkSouvenir"],"campfire_rested":1,"item_purchase_floors":[14,21,21],"current_hp_per_floor":[71,72,72,72,66,59,42,20,20,16,15,40,40,40,40,12,68,54,54,46,46,74,74,74,74,84,72,72,72,69,70,70,36,81,81,81],"gold":132,"neow_bonus":"ONE_RARE_RELIC","is_daily":false,"chose_seed":false,"campfire_upgraded":5,"win_rate":0.0,"timestamp":1614208462,"path_taken":["M","M","M","?","M","E","?","E","T","M","?","R","?","$","R","BOSS","M","?","M","$","?","R","?","R","T","M","$","R","E","M","R","BOSS","M"],"items_purchased_type":["Card","Card","Relic"],"build_version":"2020-12-22","purchased_purges":2,"victory":false,"max_hp_per_floor":[72,72,72,72,72,86,86,86,86,86,86,86,86,86,86,86,86,86,86,86,86,86,86,86,86,96,96,96,96,96,96,96,96,96,96,96],"card_choices":[{"not_picked":["Clothesline","Heavy Blade"],"picked":"Rampage","floor":1.0},{"not_picked":["Clothesline","Searing Blow"],"picked":"Warcry","floor":2.0},{"not_picked":["Ghostly Armor","Sever Soul"],"picked":"Havoc","floor":3.0},{"not_picked":["Bloodletting","Havoc"],"picked":"Shrug It Off","floor":5.0},{"not_picked":["Twin Strike","Carnage"],"picked":"Sentinel","floor":6.0},{"not_picked":["Cleave","Disarm"],"picked":"Brutality","floor":7.0},{"not_picked":["Anger","Fire Breathing"],"picked":"Pommel Strike","floor":8.0},{"not_picked":["Clash","Ghostly Armor"],"picked":"True Grit","floor":10.0},{"not_picked":["Shrug It Off","Havoc"],"picked":"Flex","floor":11.0},{"not_picked":["Offering","Exhume"],"picked":"Impervious","floor":16.0},{"not_picked":["Sword Boomerang"],"picked":"SKIP","floor":18.0},{"not_picked":["Shrug It Off"],"picked":"SKIP","floor":20.0},{"not_picked":["Shrug It Off"],"picked":"SKIP","floor":20.0},{"not_picked":[],"picked":"Pummel","floor":27.0},{"not_picked":[],"picked":"Sever Soul+1","floor":30.0},{"not_picked":[],"picked":"Shrug It Off+1","floor":31.0},{"not_picked":[],"picked":"Offering","floor":33.0}],"player_experience":1423893,"relics_obtained":[{"floor":6.0,"key":"Mango"},{"floor":8.0,"key":"Pen Nib"},{"floor":9.0,"key":"Bag of Preparation"},{"floor":11.0,"key":"Odd Mushroom"},{"floor":26.0,"key":"Pear"},{"floor":30.0,"key":"Molten Egg 2"},{"floor":34.0,"key":"Orichalcum"},{"floor":34.0,"key":"Pantograph"},{"floor":34.0,"key":"Ice Cream"}],"event_choices":[{"damage_healed":0.0,"max_hp_gain":0.0,"max_hp_loss":0.0,"gold_gain":0.0,"event_name":"Upgrade Shrine","player_choice":"Upgraded","floor":4.0,"gold_loss":0.0,"damage_taken":0.0,"cards_upgraded":["Havoc"]},{"damage_healed":0.0,"max_hp_gain":0.0,"max_hp_loss":0.0,"gold_gain":0.0,"event_name":"Mushrooms","player_choice":"Fought Mushrooms","floor":11.0,"gold_loss":0.0,"damage_taken":0.0},{"cards_removed":["Defend_R"],"damage_healed":0.0,"max_hp_gain":0.0,"max_hp_loss":0.0,"gold_gain":0.0,"event_name":"Living Wall","player_choice":"Forget","floor":13.0,"gold_loss":0.0,"damage_taken":0.0},{"damage_healed":0.0,"max_hp_gain":0.0,"max_hp_loss":0.0,"gold_gain":0.0,"event_name":"The Mausoleum","player_choice":"Opened","floor":19.0,"gold_loss":0.0,"damage_taken":0.0,"relics_obtained":["Smiling Mask"],"cards_obtained":["Writhe"]},{"damage_healed":28.0,"max_hp_gain":0.0,"max_hp_loss":0.0,"gold_gain":0.0,"event_name":"The Library","player_choice":"Heal","floor":22.0,"gold_loss":0.0,"damage_taken":0.0},{"damage_healed":0.0,"max_hp_gain":0.0,"max_hp_loss":0.0,"gold_gain":0.0,"event_name":"Lab","player_choice":"Got Potions","floor":24.0,"gold_loss":0.0,"damage_taken":0.0}],"is_beta":false,"boss_relics":[{"not_picked":["Runic Dome","Snecko Eye"],"picked":"Busted Crown"},{"not_picked":["Fusion Hammer","Astrolabe"],"picked":"Calling Bell"}],"items_purged_floors":[14,21],"is_endless":false,"potions_floor_spawned":[2,3,6,7,11,16,30,31],"killed_by":"3 Darklings","ascension_level":13}}