{"host":"3y2rtlgteqp2nuo3","time":1614141983,"event":{"mods":["2.2 Compatiblity","AchievementEnabler","BaseMod","Colored Map","DeckTracker","Highlight Path","Keyboard Shortcuts","Minty Spire (QoL Compilation)","Permanent Neow","Quick Restart","StSLib","SuperFastMode","everything is the same but u backflip on backflip"],"gold_per_floor":[10,20,30,30,180,180,180,105,105,138,138,173,173,183,183,183,183],"floor_reached":16,"language":"KOR","playtime":319,"items_purged":["Doubt"],"score":205,"play_id":"ea7aff23-e229-4202-adfc-f4746dfcfa35","local_time":"20210224134623","is_ascension_mode":true,"campfire_choices":[{"data":"Deadly Poison","floor":6,"key":"SMITH"},{"floor":11,"key":"REST"},{"data":"Neutralize","floor":13,"key":"SMITH"},{"data":"Poisoned Stab","floor":15,"key":"SMITH"}],"circlet_count":0,"master_deck":["AscendersBane","Strike_G","Strike_G","Strike_G","Strike_G","Defend_G","Defend_G","Defend_G","Defend_G","Survivor","Neutralize+1","Unload","Heel Hook","Dash","Backflip","Deadly Poison+1","Escape Plan","Venomology","Poisoned Stab+1"],"relics":["Ring of the Snake","Blue Candle","Centennial Puzzle","Juzu Bracelet"],"acts_visited":["Exordium"],"potions_floor_usage":[12,16,16,16],"damage_taken":[{"damage":0,"enemies":"Cultist","floor":1,"turns":4},{"damage":0,"enemies":"Jaw Worm","floor":2,"turns":2},{"damage":0,"enemies":"Small Slimes","floor":3,"turns":3},{"damage":50,"enemies":"3 Sentries","floor":10,"turns":13},{"damage":2,"enemies":"Gremlin Nob","floor":12,"turns":4},{"damage":0,"enemies":"Blue Slaver","floor":14,"turns":2},{"damage":28,"enemies":"Slime Boss","floor":16,"turns":6}],"seed_played":"-3777992898113308304","potions_obtained":[{"floor":1,"key":"GamblersBrew"},{"floor":7,"key":"ColorlessPotion"},{"floor":10,"key":"GhostInAJar"},{"floor":14,"key":"Swift Potion"}],"is_trial":false,"path_per_floor":["M","M","M","$","?","R","?","$","T","E","R","E","R","M","R","B"],"character_chosen":"THE_SILENT","items_purchased":[],"campfire_rested":1,"item_purchase_floors":[],"current_hp_per_floor":[59,59,59,59,59,59,59,59,59,9,28,26,26,26,26,0,0],"gold":183,"neow_bonus":"TRANSFORM_TWO_CARDS","is_daily":false,"chose_seed":false,"campfire_upgraded":3,"win_rate":0.0,"timestamp":1614141983,"path_taken":["M","M","M","?","?","R","?","$","T","E","R","E","R","M","R","BOSS"],"items_purchased_type":[],"build_version":"2020-12-22","purchased_purges":1,"victory":false,"max_hp_per_floor":[66,66,66,66,66,66,66,66,66,66,66,66,66,66,66,66,66],"card_choices":[{"not_picked":["Accuracy","Slice"],"picked":"Dash","floor":1},{"not_picked":["Finisher","Well Laid Plans"],"picked":"Backflip","floor":2},{"not_picked":["Quick Slash","Masterful Stab"],"picked":"Deadly Poison","floor":3},{"not_picked":["Underhanded Strike","Sucker Punch"],"picked":"Escape Plan","floor":10},{"not_picked":["Backflip","Dagger Spray"],"picked":"Venomology","floor":12},{"not_picked":["Quick Slash","Acrobatics"],"picked":"Poisoned Stab","floor":14}],"player_experience":795082,"relics_obtained":[{"floor":9,"key":"Blue Candle"},{"floor":10,"key":"Centennial Puzzle"},{"floor":12,"key":"Juzu Bracelet"}],"event_choices":[{"damage_healed":0,"gold_gain":150,"player_choice":"AGREE","damage_taken":0,"max_hp_gain":0,"max_hp_loss":0,"event_name":"Liars Game","floor":5,"gold_loss":0,"cards_obtained":["Doubt"]},{"damage_healed":0,"gold_gain":0,"player_choice":"Got Potions","damage_taken":0,"max_hp_gain":0,"max_hp_loss":0,"event_name":"Lab","floor":7,"gold_loss":0}],"is_beta":false,"boss_relics":[],"items_purged_floors":[8],"is_endless":false,"potions_floor_spawned":[1,10,14],"killed_by":"Slime Boss","ascension_level":18}}