{"host":"7ue15d6wz1o7m0ar","time":1614179666,"event":{"mods":["BaseMod","Filter the Spire","Hermit","Minty Spire (QoL Compilation)","Replay The Spire","StSLib"],"gold_per_floor":[115,128,128,78,91,129,129,143,167,167,203,203,56,77,77,207,207,226,241,241,117,117,117,35,35,62,86,109,127,127,200,200,200,200],"floor_reached":33,"language":"ENG","playtime":2581,"items_purged":["Strike_G"],"score":308,"play_id":"4f719476-ce84-46a1-bf6a-928d60df4835","local_time":"20210224091426","is_ascension_mode":true,"campfire_choices":[{"floor":7,"key":"REST"},{"floor":10,"key":"REST"},{"floor":15,"key":"REST"},{"floor":23,"key":"REST"},{"floor":30,"key":"REST"},{"floor":32,"key":"REST"}],"circlet_count":0,"master_deck":["Strike_G","Strike_G","Strike_G","Defend_G","Defend_G","Defend_G","Defend_G","Defend_G","Survivor","Neutralize","Cloak And Dagger+1","Heel Hook","Acrobatics","Quick Slash","Flash of Steel","ReplayTheSpireMod:IOU","Backstab","Storm of Steel","Writhe","Clumsy","Acrobatics","Footwork+1","Delirium","Endless Agony","Cloak And Dagger+1","Deflect+1","Outmaneuver+1","Prepared","Flying Knee+1"],"relics":["WristBlade","Golden Idol","Replay:Wax Seal","Art of War","Replay:Mystery Machine","Bronze Scales","Replay:Ancient Bell","ReplayTheSpireMod:TigerMarble","Replay:Bottled Eggs","Basket Of Snakes","Ancient Tea Set","Membership Card","ReplayFunnel","Replay:Accelerometer"],"acts_visited":["Exordium","TheCity"],"potions_floor_usage":[6,6,11],"damage_taken":[{"damage":7,"enemies":"Jaw Worm","floor":1,"turns":5},{"damage":0,"enemies":"2 Louse","floor":2,"turns":3},{"damage":0,"enemies":"Cultist","floor":5,"turns":4},{"damage":39,"enemies":"Replay:BlueRogue","floor":6,"turns":10},{"damage":15,"enemies":"3 Louse","floor":8,"turns":5},{"damage":11,"enemies":"Lagavulin","floor":11,"turns":8},{"damage":3,"enemies":"Exordium Wildlife","floor":14,"turns":5},{"damage":35,"enemies":"The Guardian","floor":16,"turns":13},{"damage":11,"enemies":"3 Byrds","floor":18,"turns":3},{"damage":31,"enemies":"Shell Parasite","floor":19,"turns":4},{"damage":10,"enemies":"Shelled Parasite and Fungi","floor":24,"turns":3},{"damage":15,"enemies":"Sentry and Sphere","floor":27,"turns":4},{"damage":13,"enemies":"Chosen and Byrds","floor":28,"turns":5},{"damage":1,"enemies":"Centurion and Healer","floor":29,"turns":5},{"damage":148,"enemies":"Champ","floor":33,"turns":5}],"seed_played":"4914608165734904594","potions_obtained":[{"floor":1,"key":"Weak Potion"},{"floor":5,"key":"Weak Potion"},{"floor":6,"key":"PowerPotion"},{"floor":16,"key":"SpeedPotion"},{"floor":18,"key":"Doom Potion"},{"floor":27,"key":"Fire Potion"}],"is_trial":false,"path_per_floor":["M","M","?","?","M","E","R","M","T","R","E","?","$","M","R","B",null,"M","M","?","$","?","R","M","?","T","M","M","M","R","T","R","B"],"character_chosen":"THE_SILENT","items_purchased":["Flash of Steel","Bronze Scales","Membership Card","Endless Agony"],"campfire_rested":6,"item_purchase_floors":[13,13,21,21],"current_hp_per_floor":[63,63,46,46,46,7,28,13,13,34,23,23,23,20,41,6,70,59,28,28,28,28,49,39,39,39,24,11,10,31,31,52,0,0],"gold":200,"neow_bonus":"BOSS_RELIC","is_daily":false,"chose_seed":false,"campfire_upgraded":0,"win_rate":0.0,"timestamp":1614179666,"path_taken":["M","M","?","?","M","E","R","M","T","R","E","?","$","?","R","BOSS","M","?","?","$","?","R","M","?","T","M","M","M","R","?","R","BOSS"],"items_purchased_type":["Card","Relic","Relic","Card"],"build_version":"2020-12-22","purchased_purges":1,"victory":false,"max_hp_per_floor":[70,70,70,70,70,70,70,70,70,70,70,70,70,70,70,70,70,70,70,70,70,70,70,70,70,70,70,70,70,70,70,70,70,70],"card_choices":[{"not_picked":["Bane","Skewer","Sucker Punch"],"picked":"SKIP","floor":1},{"not_picked":["Endless Agony","Calculated Gamble"],"picked":"Cloak And Dagger","floor":2},{"not_picked":["Poisoned Stab","Skewer"],"picked":"Heel Hook","floor":5},{"not_picked":["Endless Agony","Prepared"],"picked":"Acrobatics","floor":6},{"not_picked":["Deadly Poison","Dagger Spray"],"picked":"Quick Slash","floor":8},{"not_picked":["Skewer","Dagger Spray","Bane"],"picked":"SKIP","floor":11},{"not_picked":["Bane","Acrobatics"],"picked":"Backstab","floor":14},{"not_picked":["Glass Knife","Unload"],"picked":"Storm of Steel","floor":16},{"not_picked":["CurseOfTheBell","Voices"],"picked":"Writhe","floor":17},{"not_picked":["Amnesia","Overencumbered"],"picked":"Clumsy","floor":17},{"not_picked":["Doubt","Pain"],"picked":"ReplayTheSpireMod:Doomed","floor":17},{"not_picked":["Catalyst+1","Malaise"],"picked":"Acrobatics","floor":18},{"not_picked":["Backflip","Slice"],"picked":"Footwork+1","floor":19},{"not_picked":["Dagger Throw","Leg Sweep"],"picked":"Deflect+1","floor":24},{"not_picked":["Dodge and Roll","ReplayTheSpireMod:Tripwire+1"],"picked":"Outmaneuver+1","floor":27},{"not_picked":["PiercingWail","Dagger Spray"],"picked":"Prepared","floor":28},{"not_picked":["Dagger Spray","Deflect"],"picked":"Flying Knee+1","floor":29}],"player_experience":520729,"relics_obtained":[{"floor":6,"key":"Replay:Wax Seal"},{"floor":9,"key":"Art of War"},{"floor":11,"key":"Replay:Mystery Machine"},{"floor":26,"key":"ReplayFunnel"},{"floor":31,"key":"Replay:Accelerometer"}],"event_choices":[{"damage_healed":0,"gold_gain":0,"player_choice":"Take Damage","damage_taken":17,"relics_obtained":["Golden Idol"],"max_hp_gain":0,"max_hp_loss":0,"event_name":"Golden Idol","floor":3,"gold_loss":0},{"cards_removed":["Strike_G"],"damage_healed":0,"gold_gain":0,"player_choice":"Card Removal","damage_taken":0,"max_hp_gain":0,"max_hp_loss":0,"event_name":"The Cleric","floor":4,"gold_loss":50},{"damage_healed":0,"gold_gain":0,"player_choice":"Ignored","damage_taken":0,"max_hp_gain":0,"max_hp_loss":0,"event_name":"Golden Wing","floor":12,"gold_loss":0},{"damage_healed":0,"gold_gain":0,"player_choice":"Read","damage_taken":0,"max_hp_gain":0,"max_hp_loss":0,"event_name":"The Library","floor":22,"gold_loss":0,"cards_obtained":["Cloak And Dagger"]},{"damage_healed":0,"gold_gain":0,"player_choice":"Ignored","damage_taken":0,"max_hp_gain":0,"max_hp_loss":0,"event_name":"Ghosts","floor":25,"gold_loss":0}],"is_beta":false,"boss_relics":[{"not_picked":["Empty Cage","Snecko Scales"],"picked":"Replay:Ancient Bell"},{"not_picked":["Pet Ghost","Dream Catcher"],"picked":"ReplayTheSpireMod:TigerMarble"},{"not_picked":["Chameleon Ring","Replay:Bottled Flurry"],"picked":"Replay:Bottled Eggs"},{"not_picked":["Thread and Needle","Incense Burner"],"picked":"Basket Of Snakes"}],"items_purged_floors":[21],"is_endless":false,"potions_floor_spawned":[1,5,6,16,18,27,28,29],"killed_by":"Champ","ascension_level":4}}