{"host":"sav7uxregyirlf69","time":1614152964,"event":{"mods":["AchievementEnabler","BaseMod","Colored Map","DeckTracker","Keyboard Shortcuts","Minty Spire (QoL Compilation)","READ ME - Guardian Mod","StSLib","SuperFastMode"],"gold_per_floor":[118,133,150,150,170,170,95,95,145,179,179,198,198,13,13,90,90,107,125,125,125],"floor_reached":20,"language":"KOR","playtime":289,"items_purged":["Strike_R","Pain"],"score":448,"play_id":"8b0913ad-6f86-4a54-a615-d20c348f7ebd","local_time":"20210224164924","is_ascension_mode":true,"campfire_choices":[{"data":"Armaments","floor":6,"key":"SMITH"},{"data":"Blood for Blood","floor":8,"key":"SMITH"},{"data":"Metamorphosis","floor":11,"key":"SMITH"},{"data":"Exhume","floor":15,"key":"SMITH"}],"circlet_count":0,"master_deck":["AscendersBane","Strike_R","Strike_R","Strike_R","Strike_R","Defend_R","Defend_R","Defend_R","Defend_R","Bash","Metamorphosis+1","Blood for Blood+1","Armaments+1","Exhume+1","Second Wind","Intimidate","Evolve"],"relics":["Burning Blood","PreservedInsect","Art of War","WarpedTongs","Coffee Dripper"],"acts_visited":["Exordium","TheCity"],"potions_floor_usage":[10,20],"damage_taken":[{"damage":1,"enemies":"Cultist","floor":1,"turns":3},{"damage":14,"enemies":"Small Slimes","floor":2,"turns":2},{"damage":9,"enemies":"2 Louse","floor":3,"turns":2},{"damage":18,"enemies":"2 Fungi Beasts","floor":5,"turns":5},{"damage":11,"enemies":"Gremlin Nob","floor":10,"turns":3},{"damage":37,"enemies":"Gremlin Gang","floor":12,"turns":4},{"damage":0,"enemies":"Slime Boss","floor":16,"turns":6},{"damage":19,"enemies":"Spheric Guardian","floor":18,"turns":5},{"damage":29,"enemies":"Shell Parasite","floor":19,"turns":4},{"damage":24,"enemies":"Snake Plant","floor":20,"turns":3}],"seed_played":"8273793849287929659","potions_obtained":[{"floor":2,"key":"SteroidPotion"},{"floor":3,"key":"Regen Potion"},{"floor":19,"key":"LiquidMemories"}],"is_trial":false,"path_per_floor":["M","M","M","?","M","R","$","R","T","E","R","M","?","$","R","B",null,"M","M","M"],"character_chosen":"IRONCLAD","items_purchased":["Second Wind"],"campfire_rested":0,"item_purchase_floors":[14],"current_hp_per_floor":[68,60,57,57,45,45,45,45,45,49,49,18,18,18,18,24,57,44,21,0,0],"gold":125,"neow_bonus":"RANDOM_COLORLESS_2","is_daily":false,"chose_seed":false,"campfire_upgraded":4,"win_rate":0.0,"timestamp":1614152964,"path_taken":["M","?","M","?","M","R","?","R","T","E","R","M","?","$","R","BOSS","M","M","?"],"items_purchased_type":["Card"],"build_version":"2020-12-22","purchased_purges":2,"victory":false,"max_hp_per_floor":[68,68,68,68,68,68,68,68,68,68,68,68,68,68,68,68,68,68,68,68,68],"card_choices":[{"not_picked":["Secret Technique","The Bomb"],"picked":"Metamorphosis","floor":0},{"not_picked":["Cleave","Armaments"],"picked":"Blood for Blood","floor":1},{"not_picked":["Warcry","Combust"],"picked":"Armaments","floor":2},{"not_picked":["Havoc","Iron Wave","Body Slam"],"picked":"SKIP","floor":3},{"not_picked":["Metallicize","Thunderclap","Pommel Strike"],"picked":"SKIP","floor":5},{"not_picked":["Metallicize","Thunderclap","Pommel Strike"],"picked":"SKIP","floor":5},{"not_picked":["Wild Strike","Inflame","Thunderclap"],"picked":"SKIP","floor":10},{"not_picked":["Cleave","True Grit","Clash"],"picked":"SKIP","floor":12},{"not_picked":["Dual Wield","Pommel Strike"],"picked":"Intimidate","floor":18},{"not_picked":["Anger","Flex"],"picked":"Evolve","floor":19}],"player_experience":1686475,"relics_obtained":[{"floor":9,"key":"PreservedInsect"},{"floor":10,"key":"Art of War"}],"event_choices":[{"damage_healed":0,"gold_gain":0,"player_choice":"1 cards matched","damage_taken":0,"max_hp_gain":0,"max_hp_loss":0,"event_name":"Match and Keep!","floor":4,"gold_loss":0,"cards_obtained":["Exhume"]},{"damage_healed":0,"gold_gain":0,"player_choice":"Rummage","damage_taken":0,"relics_obtained":["WarpedTongs"],"max_hp_gain":0,"max_hp_loss":0,"event_name":"Accursed Blacksmith","floor":13,"gold_loss":0,"cards_obtained":["Pain"]}],"is_beta":false,"boss_relics":[{"not_picked":["Tiny House","Astrolabe"],"picked":"Coffee Dripper"}],"items_purged_floors":[7,14],"is_endless":false,"potions_floor_spawned":[2,3,19],"killed_by":"Snake Plant","ascension_level":20}}