{"host":"kh6fvhxn285ncg0o","time":1614209831,"event":{"mods":["Act Like it!","BaseMod","Colored Map","Friendly Minions","Keyboard Shortcuts","Minty Spire (QoL Compilation)","Quick Restart","Relic Stats","StSLib","SuperFastMode","UnlockEverythingMod"],"gold_per_floor":[112,112,123,123,138,138,152,25,25,25,25,25,100,110,110,110,110],"floor_reached":16,"language":"KOR","playtime":178,"items_purged":["Strike_R"],"score":184,"play_id":"d0578dfe-e053-46eb-bbb2-637474155744","local_time":"20210225083711","is_ascension_mode":true,"campfire_choices":[{"data":"Bash","floor":6,"key":"SMITH"},{"floor":15,"key":"REST"}],"circlet_count":0,"master_deck":["AscendersBane","Strike_R","Strike_R","Strike_R","Strike_R","Defend_R","Defend_R","Defend_R","Defend_R","Bash+1","Body Slam","Disarm","Shrug It Off"],"relics":["Busted Crown","Question Card","Bird Faced Urn","Happy Flower","Singing Bowl"],"acts_visited":["Exordium"],"potions_floor_usage":[10,16],"damage_taken":[{"damage":8,"enemies":"2 Louse","floor":1,"turns":2},{"damage":5,"enemies":"Small Slimes","floor":3,"turns":3},{"damage":1,"enemies":"Cultist","floor":5,"turns":3},{"damage":8,"enemies":"Red Slaver","floor":7,"turns":3},{"damage":0,"enemies":"Exordium Thugs","floor":10,"turns":1},{"damage":0,"enemies":"Looter","floor":14,"turns":3},{"damage":55,"enemies":"Slime Boss","floor":16,"turns":9}],"seed_played":"-883274100796520420","potions_obtained":[{"floor":1,"key":"SmokeBomb"},{"floor":5,"key":"Fire Potion"}],"is_trial":false,"path_per_floor":["M","?","M","?","M","R","M","$","T","M","$","T","?","M","R","B"],"character_chosen":"IRONCLAD","items_purchased":["Shrug It Off"],"campfire_rested":1,"item_purchase_floors":[8],"current_hp_per_floor":[60,49,44,44,43,43,35,35,35,35,35,35,24,26,49,0,0],"gold":110,"neow_bonus":"BOSS_RELIC","is_daily":false,"chose_seed":false,"campfire_upgraded":1,"win_rate":0.0,"timestamp":1614209831,"path_taken":["M","?","M","?","M","R","M","$","T","?","?","?","?","?","R","BOSS"],"items_purchased_type":["Card"],"build_version":"2020-12-22","purchased_purges":1,"victory":false,"max_hp_per_floor":[75,75,75,75,75,75,75,75,75,75,75,75,75,77,77,77,77],"relic_stats":{"Busted Crown":10,"Happy Flower":[4],"Singing Bowl":2,"counters":[7,24],"Bird Faced Urn":[0],"Question Card":4,"obtain_stats":[{"Busted Crown":0,"Happy Flower":9,"Singing Bowl":12,"Bird Faced Urn":4,"Question Card":2,"Burning Blood":0},{"Busted Crown":0,"Happy Flower":4,"Singing Bowl":5,"Bird Faced Urn":2,"Question Card":1,"Burning Blood":0},{"Busted Crown":0,"Happy Flower":11,"Singing Bowl":12,"Bird Faced Urn":5,"Question Card":2,"Burning Blood":0}]},"card_choices":[{"not_picked":["Twin Strike"],"picked":"Body Slam","floor":3},{"not_picked":["Body Slam"],"picked":"Disarm","floor":7},{"not_picked":["Warcry","Heavy Blade"],"picked":"Singing Bowl","floor":14}],"player_experience":1515178,"relics_obtained":[{"floor":4,"key":"Bird Faced Urn"},{"floor":9,"key":"Happy Flower"},{"floor":12,"key":"Singing Bowl"}],"event_choices":[{"damage_healed":0,"gold_gain":0,"player_choice":"Success","damage_taken":11,"relics_obtained":["Question Card"],"max_hp_gain":0,"max_hp_loss":0,"event_name":"Scrap Ooze","floor":2,"gold_loss":0},{"damage_healed":0,"gold_gain":0,"player_choice":"Relic","damage_taken":0,"max_hp_gain":0,"max_hp_loss":0,"event_name":"Wheel of Change","floor":4,"gold_loss":0},{"damage_healed":0,"gold_gain":75,"player_choice":"Gather Gold","damage_taken":11,"max_hp_gain":0,"max_hp_loss":0,"event_name":"World of Goop","floor":13,"gold_loss":0}],"is_beta":false,"boss_relics":[],"items_purged_floors":[8],"is_endless":false,"potions_floor_spawned":[1,5],"killed_by":"Slime Boss","ascension_level":20}}