{"host":"ovivighfa421z0zp","time":1614181652,"event":{"mods":["BaseMod","Colored Map","DeckTracker","Keyboard Shortcuts","Minty Spire (QoL Compilation)","Permanent Neow","Quick Restart","Replay The Spire","StSLib","SuperFastMode","The Cursed","The Hierophant"],"gold_per_floor":[115,115,134,209,221,221,222,100,100,113,62,62,62],"floor_reached":12,"language":"KOR","playtime":245,"items_purged":["hierophant:Strike_Hierophant"],"score":105,"play_id":"6c6ca45e-be71-4ace-90ee-36e4e658f652","local_time":"20210225004732","is_ascension_mode":true,"campfire_choices":[{"floor":6,"key":"REST"}],"circlet_count":0,"master_deck":["AscendersBane","hierophant:Strike_Hierophant","hierophant:Strike_Hierophant","hierophant:Punish","hierophant:Defend_Hierophant","hierophant:Defend_Hierophant","hierophant:Defend_Hierophant","hierophant:ChurchCoffers","hierophant:Bribe","hierophant:Levitation","hierophant:FlamingChariot","hierophant:Repentance","hierophant:OrnateJavelin","hierophant:DisplayOfPower","hierophant:OrnateBuckler","hierophant:OrnateBuckler","hierophant:Smite"],"relics":["hierophant:PropheticMaskRelic","Ornamental Fan","Pear"],"acts_visited":["Exordium"],"potions_floor_usage":[],"damage_taken":[{"damage":7,"enemies":"Small Slimes","floor":1,"turns":3},{"damage":0,"enemies":"2 Louse","floor":3,"turns":2},{"damage":6,"enemies":"Cultist","floor":5,"turns":4},{"damage":12,"enemies":"Looter","floor":7,"turns":3},{"damage":19,"enemies":"Exordium Thugs","floor":10,"turns":4},{"damage":0,"enemies":"Lagavulin","floor":12,"turns":1}],"seed_played":"7204616970092343488","potions_obtained":[{"floor":1,"key":"Reflective Coating"},{"floor":5,"key":"GamblersBrew"}],"is_trial":false,"path_per_floor":["M","?","M","?","M","R","M","$","T","M","$","E"],"character_chosen":"HIEROPHANT","items_purchased":["hierophant:OrnateBuckler","hierophant:Smite"],"campfire_rested":1,"item_purchase_floors":[8,11],"current_hp_per_floor":[43,31,31,24,18,40,28,28,38,19,19,19,19],"gold":62,"neow_bonus":"TRANSFORM_TWO_CARDS","is_daily":false,"chose_seed":false,"campfire_upgraded":0,"win_rate":0.0,"timestamp":1614181652,"path_taken":["M","?","M","?","M","R","M","$","T","M","$","E"],"items_purchased_type":["Card","Card"],"build_version":"2020-12-22","purchased_purges":1,"victory":false,"max_hp_per_floor":[75,75,75,75,75,75,75,75,85,85,85,85,85],"card_choices":[{"not_picked":["hierophant:CursedGold","hierophant:RecallFunds"],"picked":"hierophant:FlamingChariot","floor":1},{"not_picked":["hierophant:RepressedViolence","hierophant:MorningPrayer"],"picked":"hierophant:Repentance","floor":3},{"not_picked":["hierophant:SolarFlare","hierophant:HammerAndAnvil"],"picked":"hierophant:OrnateJavelin","floor":5},{"not_picked":["hierophant:CoinFling","hierophant:AuricShield"],"picked":"hierophant:DisplayOfPower","floor":7},{"not_picked":["hierophant:Zeal","hierophant:Encroach"],"picked":"hierophant:OrnateBuckler","floor":10}],"player_experience":861493,"relics_obtained":[{"floor":9,"key":"Pear"}],"event_choices":[{"damage_healed":0,"gold_gain":0,"player_choice":"Success","damage_taken":12,"relics_obtained":["Ornamental Fan"],"max_hp_gain":0,"max_hp_loss":0,"event_name":"Scrap Ooze","floor":2,"gold_loss":0},{"damage_healed":0,"gold_gain":75,"player_choice":"Touch","damage_taken":7,"max_hp_gain":0,"max_hp_loss":0,"event_name":"FaceTrader","floor":4,"gold_loss":0}],"is_beta":false,"boss_relics":[],"items_purged_floors":[8],"is_endless":false,"potions_floor_spawned":[1,5],"killed_by":"Lagavulin","ascension_level":10}}