{"host":"czzthkrvfe6r7fjf","time":1614170852,"event":{"mods":["ATMod(∞¢Ë™Mod)","Act Like it!","BaseMod","Downfall","Gensokyo","GungeonMod","Marisa£®ÏF”Í°°ƒß¿Ì…≥£©","Minty Spire (QoL Compilation)","Quick Restart","StSLib","The Servant 0.9.4","Waifu the Spire","°æπ¶ƒ‹Mod°øªÏ„Á÷Æª∑–ﬁ∏¥≤π∂°"],"gold_per_floor":[116,116,139,150,35,68,68,103,151,169,53,78,102,112,112,213,213,231,111,126,137,49,49,49,79,79,79,89,101,118,134,150,150,150,247,247,259,124,124,143,83,111,111,123,146,173,183,183,183,183,183,183],"floor_reached":53,"language":"ZHS","playtime":1465,"items_purged":["Strike_R"],"score":953,"play_id":"d985b36c-261d-4acd-a923-f98034080779","local_time":"20210224204732","is_ascension_mode":true,"campfire_choices":[{"data":"Armaments","floor":7.0,"key":"SMITH"},{"data":"Bludgeon","floor":15.0,"key":"SMITH"},{"data":"Barricade","floor":23.0,"key":"SMITH"},{"data":"Body Slam","floor":27.0,"key":"SMITH"},{"data":"Fire Breathing","floor":33.0,"key":"SMITH"},{"data":"Corruption","floor":43.0,"key":"SMITH"},{"floor":49.0,"key":"REST"},{"floor":51.0,"key":"REST"}],"circlet_count":0,"master_deck":["Strike_R","Strike_R","Strike_R","Strike_R","Defend_R","Defend_R","Bash","AT_Desolate","Armaments+1","Bludgeon+1","Battle Trance","Rampage","Barricade+1","True Grit","Inflame+1","Body Slam+1","Anger+1","Ghostly Armor+1","Body Slam+1","Warcry+1","Fire Breathing+1","Corruption+1","AT_DiedThrough+1","Power Through+1","Battle Trance","Gensokyo:BrilliantDragonBullet"],"relics":["Burning Blood","AT_ATBox","NeowsBlessing","AT_EbonyIvory","Happy Flower","The Courier","DemoMod:JetPack","AT_ArcaneBoots","AT_ChloranthyRing","Centennial Puzzle","Blood Vial","AT_TrinityForce","Gensokyo:LionMask","DemoMod:OrangeGuonStone","DemoMod:WeirdEgg","AT_ForceNature","DemoMod:RatBoots","DemoMod:ResourcefulSack","DemoMod:PartiallyEatenCheese","bronze:MakeshiftBattery","Busted Crown","Gremlin Horn","Juzu Bracelet","Dream Catcher","TungstenRod","AT_RedNoBalance"],"acts_visited":["Exordium","Gensokyo:Gensokyoer","DemoMod:Maze","Gensokyo:Gensokyoest"],"potions_floor_usage":[],"damage_taken":[{"damage":0.0,"enemies":"Jaw Worm","floor":1.0,"turns":1.0},{"damage":0.0,"enemies":"Cultist","floor":4.0,"turns":1.0},{"damage":0.0,"enemies":"Gremlin Nob","floor":6.0,"turns":1.0},{"damage":15.0,"enemies":"3 Sentries","floor":8.0,"turns":5.0},{"damage":1.0,"enemies":"2 Louse","floor":10.0,"turns":2.0},{"damage":6.0,"enemies":"Lagavulin","floor":12.0,"turns":3.0},{"damage":22.0,"enemies":"Gremlin Gang","floor":14.0,"turns":5.0},{"damage":36.0,"enemies":"The Guardian","floor":16.0,"turns":6.0},{"damage":0.0,"enemies":"Gensokyo:AngelMirror","floor":18.0,"turns":1.0},{"damage":0.0,"enemies":"Gensokyo:CosmicMonolith","floor":20.0,"turns":1.0},{"damage":22.0,"enemies":"Gensokyo:Slime_Group","floor":21.0,"turns":3.0},{"damage":34.0,"enemies":"Gensokyo:Tenshi","floor":25.0,"turns":5.0},{"damage":0.0,"enemies":"DemoMod:4_Bullet_Kins_with_one_veteran","floor":28.0,"turns":3.0},{"damage":0.0,"enemies":"DemoMod:Red_and_blue_shotgun_kin","floor":29.0,"turns":1.0},{"damage":9.0,"enemies":"DemoMod:2_Mousers","floor":30.0,"turns":5.0},{"damage":5.0,"enemies":"DemoMod:Veteran_shot_gun_kin_and_blue_shotgun_kin","floor":31.0,"turns":2.0},{"damage":15.0,"enemies":"DemoMod:Veteran_shot_gun_kin_and_blue_shotgun_kin_with_gunsinger","floor":32.0,"turns":3.0},{"damage":28.0,"enemies":"DemoMod:ResourcefulRat","floor":34.0,"turns":9.0},{"damage":21.0,"enemies":"DemoMod:ResourcefulRat","floor":35.0,"turns":6.0},{"damage":0.0,"enemies":"Gensokyo:3_Bats","floor":37.0,"turns":3.0},{"damage":16.0,"enemies":"Gensokyo:3_Boulders","floor":40.0,"turns":4.0},{"damage":0.0,"enemies":"Gensokyo:Kasen","floor":42.0,"turns":7.0},{"damage":0.0,"enemies":"Gensokyo:AtlasGolem","floor":44.0,"turns":2.0},{"damage":9.0,"enemies":"Gensokyo:Marisa","floor":46.0,"turns":3.0},{"damage":22.0,"enemies":"Gensokyo:Rafflesia","floor":47.0,"turns":4.0},{"damage":19,"enemies":"Gensokyo:Yuyuko","floor":52,"turns":5}],"seed_played":"7357861144154861586","potions_obtained":[{"floor":4.0,"key":"Fire Potion"},{"floor":6.0,"key":"bronze:BurnAndBuffPotion"},{"floor":10.0,"key":"champ:CounterPotion"},{"floor":12.0,"key":"SkillPotion"},{"floor":35.0,"key":"Energy Potion"},{"floor":40.0,"key":"GamblersBrew"},{"floor":42.0,"key":"DuplicationPotion"}],"is_trial":false,"path_per_floor":["M","?","T","M","$","E","R","E","T","M","$","E","T","M","R","B",null,"M","?","M","M","COS","R","?","E","T","R","M","M","M","M","M","R","B","B",null,"M","COS","?","M","$","E","R","M","T","E","M","?","R","?","R","B",null],"character_chosen":"IRONCLAD","items_purchased":["DemoMod:GnawedKey","AT_ChloranthyRing"],"campfire_rested":2,"item_purchase_floors":[5,11],"current_hp_per_floor":[78,71,71,77,77,80,80,71,71,76,76,76,76,62,62,34,69,77,77,80,64,64,64,64,38,70,70,78,80,77,80,71,71,57,44,71,79,79,79,70,70,78,78,80,80,77,26,26,50,50,74,74],"gold":183,"neow_bonus":"THREE_ENEMY_KILL","is_daily":false,"chose_seed":false,"campfire_upgraded":6,"win_rate":0.0,"timestamp":1614170852,"path_taken":["M","?","?","M","$","E","R","E","T","M","$","E","?","M","R","BOSS","M","?","?","M","COS","R","?","E","T","R","M","M","M","M","M","R","BOSS","BOSS","M","COS","?","M","$","E","R","?","T","E","M","?","R","?","R","BOSS"],"items_purchased_type":["Relic","Relic"],"build_version":"2020-12-22","purchased_purges":1,"victory":true,"max_hp_per_floor":[80,80,80,80,80,80,80,80,80,80,80,80,80,80,80,80,80,80,80,80,80,80,80,80,80,80,80,80,80,80,80,80,80,80,80,80,80,80,80,80,80,80,80,80,80,80,80,80,80,80,80,80],"card_choices":[{"not_picked":["Body Slam","Rampage"],"picked":"Armaments","floor":1.0},{"not_picked":["Wild Strike","Burning Pact"],"picked":"Bludgeon","floor":4.0},{"not_picked":["Second Wind","AT_BodySlamDance"],"picked":"Battle Trance","floor":6.0},{"not_picked":["AT_CaressingTears","AT_IchimonjiDouble"],"picked":"Rampage","floor":8.0},{"not_picked":["Body Slam","Clothesline","Flame Barrier"],"picked":"SKIP","floor":10.0},{"not_picked":["Impervious","Sword Boomerang","Thunderclap"],"picked":"SKIP","floor":12.0},{"not_picked":["Iron Wave","Second Wind","Headbutt"],"picked":"SKIP","floor":14.0},{"not_picked":["Bludgeon","Impervious"],"picked":"Barricade","floor":16.0},{"not_picked":["Sword Boomerang","Thunderclap"],"picked":"True Grit","floor":18.0},{"not_picked":["Sword Boomerang","Pummel"],"picked":"Inflame+1","floor":20.0},{"not_picked":["Clothesline+1","Dual Wield","AT_ShrugMaster"],"picked":"SKIP","floor":21.0},{"not_picked":["Pommel Strike","Clash"],"picked":"Body Slam","floor":25.0},{"not_picked":["Sword Boomerang","AT_ShrugMaster"],"picked":"Anger+1","floor":28.0},{"not_picked":["Wild Strike+1","Cleave+1"],"picked":"Ghostly Armor+1","floor":29.0},{"not_picked":["Heavy Blade","Warcry"],"picked":"Body Slam+1","floor":30.0},{"not_picked":["Evolve","Wild Strike"],"picked":"Warcry+1","floor":31.0},{"not_picked":["Armaments","Inflame"],"picked":"Fire Breathing","floor":32.0},{"not_picked":["Double Tap","Brutality"],"picked":"Corruption","floor":35.0},{"not_picked":["Battle Trance","Anger+1"],"picked":"AT_DiedThrough+1","floor":36.0},{"not_picked":[],"picked":"Power Through+1","floor":37.0},{"not_picked":["Flex+1"],"picked":"SKIP","floor":40.0},{"not_picked":["Iron Wave+1"],"picked":"SKIP","floor":42.0},{"not_picked":["AT_IchimonjiDouble"],"picked":"SKIP","floor":44.0},{"not_picked":[],"picked":"Battle Trance","floor":46.0},{"not_picked":["Pommel Strike"],"picked":"SKIP","floor":47.0},{"not_picked":["Gensokyo:MorningMist","Gensokyo:SalamanderShield"],"picked":"Gensokyo:BrilliantDragonBullet","floor":50.0}],"player_experience":156261,"relics_obtained":[{"floor":3.0,"key":"Happy Flower"},{"floor":6.0,"key":"The Courier"},{"floor":8.0,"key":"DemoMod:JetPack"},{"floor":9.0,"key":"AT_SpeedBoots"},{"floor":12.0,"key":"Centennial Puzzle"},{"floor":13.0,"key":"Blood Vial"},{"floor":25.0,"key":"DemoMod:OrangeGuonStone"},{"floor":36.0,"key":"DemoMod:RatBoots"},{"floor":36.0,"key":"DemoMod:ResourcefulSack"},{"floor":36.0,"key":"DemoMod:PartiallyEatenCheese"},{"floor":36.0,"key":"bronze:MakeshiftBattery"},{"floor":36.0,"key":"Busted Crown"},{"floor":42.0,"key":"Gremlin Horn"},{"floor":45.0,"key":"Juzu Bracelet"},{"floor":46.0,"key":"AT_SilverBalance"}],"event_choices":[{"damage_healed":0.0,"max_hp_gain":0.0,"max_hp_loss":0.0,"gold_gain":0.0,"event_name":"Scrap Ooze","player_choice":"Success","floor":2.0,"gold_loss":0.0,"damage_taken":7.0,"relics_obtained":["AT_EbonyIvory"]}],"is_beta":false,"boss_relics":[{"not_picked":["Black Blood","Philosopher\u0027s Stone"],"picked":"AT_TrinityForce"},{"not_picked":[]}],"items_purged_floors":[41],"is_endless":false,"potions_floor_spawned":[4,6,10,12,16,21,25,32,34,35,40,42,46,47],"ascension_level":8}}