{"host":"ufhw4cf0hh51lveu","time":1614147587,"event":{"mods":["BaseMod","DeckTracker","Lobotomy","Minty Spire (QoL Compilation)","SuperFastMode"],"gold_per_floor":[209,226,240,17,35,35,54,54,77,27,88,88,98,98,98,200,200,219,219,219,235,0,0,17,37,88,104,115,128,146,162,162,162,162],"floor_reached":33,"language":"KOR","playtime":1003,"items_purged":["Strike_B"],"score":245,"play_id":"65dca2ef-9e1f-4027-a515-3694be51f3ba","local_time":"20210224151947","is_ascension_mode":false,"campfire_choices":[{"data":"Sunder","floor":6,"key":"SMITH"},{"data":"Zap","floor":8,"key":"SMITH"},{"data":"Glacier","floor":12,"key":"SMITH"},{"data":"Dualcast","floor":15,"key":"SMITH"},{"data":"Streamline","floor":23,"key":"SMITH"},{"floor":32,"key":"REST"}],"circlet_count":0,"master_deck":["Strike_B","Strike_B+1","Strike_B","Defend_B","Defend_B","Defend_B","Defend_B","Zap+1","Dualcast+1","Self Repair","Double Energy","Sunder+1","Gash","Gash","Glacier+1","Sweeping Beam","Echo Form","FTL","Streamline+1","Ball Lightning+1","Cold Snap","Redo+1","Clumsy","Capacitor","Coolheaded"],"relics":["Cracked Core","Orrery","Smiling Mask","Anchor","Cursed Key","Nilry\u0027s Codex","Membership Card","Whetstone"],"acts_visited":["Exordium","TheCity"],"potions_floor_usage":[11,11,11,24,27,28,28,29,33],"damage_taken":[{"damage":1,"enemies":"Cultist","floor":1,"turns":3},{"damage":5,"enemies":"Small Slimes","floor":2,"turns":3},{"damage":10,"enemies":"2 Louse","floor":3,"turns":3},{"damage":5,"enemies":"Looter","floor":5,"turns":3},{"damage":4,"enemies":"Gremlin Gang","floor":7,"turns":4},{"damage":0,"enemies":"Gremlin Nob","floor":11,"turns":2},{"damage":6,"enemies":"Lots of Slimes","floor":13,"turns":4},{"damage":31,"enemies":"Slime Boss","floor":16,"turns":12},{"damage":21,"enemies":"Shell Parasite","floor":18,"turns":5},{"damage":0,"enemies":"3 Byrds","floor":21,"turns":4},{"damage":0,"enemies":"Cultist and Chosen","floor":24,"turns":7},{"damage":12,"enemies":"3 Cultists","floor":25,"turns":4},{"damage":17,"enemies":"Snake Plant","floor":27,"turns":3},{"damage":16,"enemies":"Snecko","floor":28,"turns":4},{"damage":9,"enemies":"Shelled Parasite and Fungi","floor":29,"turns":6},{"damage":11,"enemies":"Snake Plant","floor":30,"turns":4},{"damage":24,"enemies":"Cultist and Chosen","floor":31,"turns":6},{"damage":48,"enemies":"Automaton","floor":33,"turns":10}],"seed_played":"4345808571919048764","potions_obtained":[{"floor":1,"key":"Swift Potion"},{"floor":2,"key":"SteroidPotion"},{"floor":7,"key":"Swift Potion"},{"floor":21,"key":"SteroidPotion"},{"floor":25,"key":"DuplicationPotion"},{"floor":27,"key":"DistilledChaos"},{"floor":28,"key":"Swift Potion"},{"floor":31,"key":"DuplicationPotion"}],"is_trial":false,"path_per_floor":["M","M","M","$","M","R","M","R","T","$","?","R","M","?","R","B",null,"M","?","?","M","$","R","M","M","T","M","M","M","M","M","R","B"],"character_chosen":"DEFECT","items_purchased":["Sunder","Orrery","Ball Lightning","Membership Card","Regen Potion"],"campfire_rested":1,"item_purchase_floors":[4,4,22,22,22],"current_hp_per_floor":[74,75,72,72,74,74,75,75,75,75,75,75,75,75,75,51,75,61,45,50,57,57,57,75,63,63,46,37,35,31,14,36,0,0],"gold":162,"neow_bonus":"HUNDRED_GOLD","is_daily":false,"chose_seed":false,"campfire_upgraded":5,"win_rate":0.0,"timestamp":1614147587,"path_taken":["M","M","M","$","M","R","M","R","T","$","?","R","M","?","R","BOSS","M","?","?","M","$","R","M","M","T","M","?","M","?","M","R","BOSS"],"items_purchased_type":["Card","Relic","Card","Relic","Potion"],"build_version":"2020-12-22","purchased_purges":1,"victory":false,"max_hp_per_floor":[75,75,75,75,75,75,75,75,75,75,75,75,75,75,75,75,75,75,75,75,75,75,75,75,75,75,75,75,75,75,75,75,75,75],"card_choices":[{"not_picked":["Static Discharge","Steam"],"picked":"Self Repair","floor":1},{"not_picked":["Stack","Redo","Compile Driver"],"picked":"SKIP","floor":2},{"not_picked":["Gash","Thunder Strike"],"picked":"Double Energy","floor":3},{"not_picked":["Rebound","Blizzard"],"picked":"Compile Driver","floor":4},{"not_picked":["Go for the Eyes","Sweeping Beam"],"picked":"Gash","floor":4},{"not_picked":["Force Field","Auto Shields"],"picked":"Gash","floor":4},{"not_picked":["Conserve Battery","Thunder Strike","Hologram"],"picked":"SKIP","floor":5},{"not_picked":["Steam","Rebound","Scrape"],"picked":"SKIP","floor":7},{"not_picked":["White Noise","Sweeping Beam"],"picked":"Glacier","floor":11},{"not_picked":["Go for the Eyes","Coolheaded"],"picked":"Sweeping Beam","floor":13},{"not_picked":["All For One","Core Surge"],"picked":"Echo Form","floor":16},{"not_picked":["Leap","Redo"],"picked":"FTL","floor":18},{"not_picked":["Scrape+1","Steam+1"],"picked":"Streamline","floor":21},{"not_picked":["Leap","Reboot"],"picked":"Cold Snap","floor":24},{"not_picked":["Chaos","Compile Driver"],"picked":"Redo+1","floor":25},{"not_picked":["Steam+1","Doom and Gloom","Go for the Eyes"],"picked":"SKIP","floor":27},{"not_picked":["Stack","Storm"],"picked":"Capacitor","floor":28},{"not_picked":["Rip and Tear","Redo","Chill+1"],"picked":"SKIP","floor":29},{"not_picked":["Force Field","Go for the Eyes"],"picked":"Coolheaded","floor":30},{"not_picked":["Turbo+1","Conserve Battery+1","Scrape+1"],"picked":"SKIP","floor":31}],"player_experience":76368,"relics_obtained":[{"floor":9,"key":"Smiling Mask"},{"floor":11,"key":"Anchor"},{"floor":19,"key":"Nilry\u0027s Codex"},{"floor":26,"key":"Whetstone"}],"event_choices":[{"damage_healed":0,"gold_gain":0,"player_choice":"Searched \u00272\u0027 times","damage_taken":0,"max_hp_gain":0,"max_hp_loss":0,"event_name":"Dead Adventurer","floor":11,"gold_loss":0},{"damage_healed":0,"gold_gain":0,"player_choice":"Ignored","damage_taken":0,"max_hp_gain":0,"max_hp_loss":0,"event_name":"Liars Game","floor":14,"gold_loss":0},{"damage_healed":0,"gold_gain":0,"player_choice":"Obtained Book","damage_taken":16,"max_hp_gain":0,"max_hp_loss":0,"event_name":"Cursed Tome","floor":19,"gold_loss":0},{"cards_removed":["Compile Driver"],"damage_healed":5,"gold_gain":0,"player_choice":"Offered Common","damage_taken":0,"max_hp_gain":0,"max_hp_loss":0,"event_name":"Bonfire Elementals","floor":20,"gold_loss":0},{"cards_removed":["Compile Driver"],"damage_healed":5,"gold_gain":0,"player_choice":"Offered Special","damage_taken":0,"max_hp_gain":0,"max_hp_loss":0,"event_name":"Bonfire Elementals","floor":20,"gold_loss":0}],"is_beta":false,"boss_relics":[{"not_picked":["Runic Pyramid","Coffee Dripper"],"picked":"Cursed Key"}],"items_purged_floors":[10],"is_endless":false,"potions_floor_spawned":[1,2,7,21,25,27,28,31],"killed_by":"Automaton","ascension_level":0}}