{"host":"1dhlu4qzehvrzpot","time":1614158932,"event":{"mods":["2.2 Compatiblity","AchievementEnabler","BaseMod","Block Reminder","Minty Spire (QoL Compilation)","Permanent Neow","Quick Restart","Rare Cards Sparkle","Relic Stats","Say the Spire","Slay-I","StSLib","SuperFastMode"],"gold_per_floor":[114,74,349,364,364,394,409,439,514,514,539,554,554,569,569,669,669,684,609,624,624,624,624,624],"floor_reached":23,"language":"ENG","playtime":342,"items_purged":[],"score":224,"play_id":"9397b715-2fc9-4764-994b-006e30ab80ec","local_time":"20210224102852","daily_mods":["Heirloom","Colorless Cards","DeadlyEvents"],"is_ascension_mode":false,"campfire_choices":[{"data":"Demon Form","floor":10.0,"key":"SMITH"},{"data":"Spot Weakness","floor":13.0,"key":"SMITH"},{"data":"Heavy Blade","floor":15.0,"key":"SMITH"}],"circlet_count":0,"master_deck":["Strike_R","Strike_R","Strike_R","Strike_R","Strike_R","Defend_R","Defend_R","Defend_R","Defend_R","Bash","Cleave+1","Dark Embrace","Flash of Steel","Anger","Heavy Blade+1","Demon Form+1","Spot Weakness+1","Shrug It Off","Limit Break","Feel No Pain","Heavy Blade"],"relics":["Burning Blood","Magic Flower","Gremlin Horn","Sundial","Bottled Flame","Centennial Puzzle","Black Star","MutagenicStrength","Toy Ornithopter"],"acts_visited":["Exordium","TheCity"],"potions_floor_usage":[],"damage_taken":[{"damage":6.0,"enemies":"Cultist","floor":1.0,"turns":3.0},{"damage":12.0,"enemies":"Jaw Worm","floor":4.0,"turns":4.0},{"damage":48.0,"enemies":"Lagavulin","floor":6.0,"turns":6.0},{"damage":0.0,"enemies":"2 Louse","floor":7.0,"turns":2.0},{"damage":36.0,"enemies":"Gremlin Nob","floor":8.0,"turns":5.0},{"damage":22.0,"enemies":"Blue Slaver","floor":12.0,"turns":3.0},{"damage":4.0,"enemies":"3 Louse","floor":14.0,"turns":2.0},{"damage":35.0,"enemies":"The Guardian","floor":16.0,"turns":6.0},{"damage":26.0,"enemies":"Spheric Guardian","floor":18.0,"turns":4.0},{"damage":15.0,"enemies":"2 Thieves","floor":20.0,"turns":3.0},{"damage":57,"enemies":"Book of Stabbing","floor":23,"turns":5}],"seed_played":"1986488565424594500","potions_obtained":[{"floor":7.0,"key":"BloodPotion"},{"floor":8.0,"key":"Block Potion"},{"floor":14.0,"key":"EssenceOfSteel"},{"floor":18.0,"key":"DistilledChaos"}],"is_trial":false,"path_per_floor":["M","$","?","M","?","E","M","E","T","R","T","M","R","M","R","B",null,"M","?","M","?","T","E"],"character_chosen":"IRONCLAD","items_purchased":["Dark Embrace"],"campfire_rested":0,"item_purchase_floors":[2],"current_hp_per_floor":[80,80,80,77,77,38,47,44,44,44,44,31,31,36,36,10,80,63,63,57,57,57,0,0],"gold":624,"neow_bonus":"","is_daily":true,"chose_seed":false,"campfire_upgraded":3,"win_rate":0.0,"timestamp":1614158932,"path_taken":["M","?","?","?","?","E","?","?","T","R","?","?","R","M","R","BOSS","M","?","M","?","?","E"],"items_purchased_type":["Card"],"build_version":"2020-12-22","purchased_purges":0,"victory":false,"max_hp_per_floor":[80,80,80,80,80,80,80,80,80,80,80,80,80,80,80,80,80,80,80,80,80,80,80,80],"relic_stats":{"Centennial Puzzle":[18],"Gremlin Horn":[4,4],"counters":[11,43],"Sundial":[4],"Magic Flower":[35],"Black Star":0,"obtain_stats":[{"Bottled Flame":9,"Centennial Puzzle":11,"Gremlin Horn":6,"Sundial":8,"MutagenicStrength":21,"Magic Flower":0,"Black Star":17,"Burning Blood":0,"Toy Ornithopter":22},{"Bottled Flame":5,"Centennial Puzzle":5,"Gremlin Horn":3,"Sundial":5,"MutagenicStrength":10,"Magic Flower":0,"Black Star":8,"Burning Blood":0,"Toy Ornithopter":10},{"Bottled Flame":20,"Centennial Puzzle":20,"Gremlin Horn":13,"Sundial":20,"MutagenicStrength":38,"Magic Flower":0,"Black Star":31,"Burning Blood":0,"Toy Ornithopter":38}],"Burning Blood":87,"Toy Ornithopter":0},"card_choices":[{"not_picked":["Flex","Body Slam"],"picked":"Cleave","floor":1.0},{"not_picked":["Inflame","Second Wind"],"picked":"Flash of Steel","floor":4.0},{"not_picked":["Warcry","Flex"],"picked":"Anger","floor":6.0},{"not_picked":["Cleave","Dark Embrace"],"picked":"Heavy Blade","floor":7.0},{"not_picked":["Forethought","Feel No Pain"],"picked":"Demon Form","floor":8.0},{"not_picked":["Thunderclap","Pommel Strike"],"picked":"Spot Weakness","floor":12.0},{"not_picked":["Sword Boomerang","Havoc"],"picked":"Shrug It Off","floor":14.0},{"not_picked":["Chrysalis","Metamorphosis"],"picked":"Limit Break","floor":16.0},{"not_picked":["Pommel Strike","Warcry+1"],"picked":"Feel No Pain","floor":18.0},{"not_picked":["Evolve","Iron Wave"],"picked":"Heavy Blade","floor":20.0}],"player_experience":564861,"relics_obtained":[{"floor":6.0,"key":"Gremlin Horn"},{"floor":8.0,"key":"Sundial"},{"floor":9.0,"key":"Bottled Flame"},{"floor":11.0,"key":"Centennial Puzzle"},{"floor":22.0,"key":"Toy Ornithopter"}],"event_choices":[{"damage_healed":0.0,"max_hp_gain":0.0,"max_hp_loss":0.0,"gold_gain":275.0,"event_name":"Golden Shrine","player_choice":"Desecrate","floor":3.0,"gold_loss":0.0,"damage_taken":0.0,"cards_obtained":["Regret"]},{"damage_healed":0.0,"max_hp_gain":0.0,"max_hp_loss":0.0,"gold_gain":0.0,"event_name":"Living Wall","player_choice":"Grow","floor":5.0,"gold_loss":0.0,"damage_taken":0.0,"cards_upgraded":["Cleave"]},{"cards_removed":["Regret"],"damage_healed":0.0,"max_hp_gain":0.0,"max_hp_loss":0.0,"gold_gain":0.0,"event_name":"Beggar","player_choice":"Gave Gold","floor":19.0,"gold_loss":75.0,"damage_taken":0.0},{"damage_healed":0.0,"max_hp_gain":0.0,"max_hp_loss":0.0,"gold_gain":0.0,"event_name":"Drug Dealer","player_choice":"Inject Mutagens","floor":21.0,"gold_loss":0.0,"damage_taken":0.0,"relics_obtained":["MutagenicStrength"]}],"is_beta":false,"boss_relics":[{"not_picked":["SlaversCollar","Tiny House"],"picked":"Black Star"}],"items_purged_floors":[],"is_endless":false,"potions_floor_spawned":[7,8,14,18],"killed_by":"Book of Stabbing","ascension_level":0}}