{"host":"w7tt687j332gugiq","time":1614157972,"event":{"mods":["BaseMod","Minty Spire (QoL Compilation)","StSLib"],"gold_per_floor":[112,112,87,107,32,32,58,58,58,78,88,88,88,117,117,117,117],"floor_reached":16,"language":"ZHS","playtime":374,"items_purged":["Strike_G"],"score":200,"play_id":"64f8fa5b-2f3c-4020-acd5-4000c57c0bb4","local_time":"20210224171252","is_ascension_mode":true,"campfire_choices":[{"data":"Neutralize","floor":6.0,"key":"SMITH"},{"data":"Cloak And Dagger","floor":8.0,"key":"SMITH"},{"data":"Acrobatics","floor":12.0,"key":"SMITH"},{"data":"Backflip","floor":15.0,"key":"SMITH"}],"circlet_count":0,"master_deck":["AscendersBane","Strike_G","Strike_G","Strike_G","Strike_G","Defend_G","Defend_G","Defend_G","Defend_G","Defend_G","Survivor","Neutralize+1","Acrobatics+1","Cloak And Dagger+1","Backflip+1","Deflect","Deflect"],"relics":["Ring of the Snake","NeowsBlessing","Singing Bowl","Tough Bandages","Shuriken","Turnip"],"acts_visited":["Exordium"],"potions_floor_usage":[16,16],"damage_taken":[{"damage":0.0,"enemies":"2 Louse","floor":1.0,"turns":1.0},{"damage":0.0,"enemies":"Cultist","floor":4.0,"turns":1.0},{"damage":0.0,"enemies":"Gremlin Nob","floor":7.0,"turns":1.0},{"damage":1.0,"enemies":"Small Slimes","floor":10.0,"turns":4.0},{"damage":4.0,"enemies":"Exordium Thugs","floor":11.0,"turns":6.0},{"damage":23.0,"enemies":"3 Sentries","floor":14.0,"turns":12.0},{"damage":47,"enemies":"Slime Boss","floor":16,"turns":15}],"seed_played":"-582007725445732981","potions_obtained":[{"floor":4.0,"key":"Fruit Juice"},{"floor":11.0,"key":"Block Potion"},{"floor":14.0,"key":"Weak Potion"}],"is_trial":false,"path_per_floor":["M","?","$","M","$","R","E","R","T","M","M","R","?","E","R","B"],"character_chosen":"THE_SILENT","items_purchased":["Cloak And Dagger"],"campfire_rested":0,"item_purchase_floors":[3],"current_hp_per_floor":[63,63,63,68,68,68,68,68,68,67,65,65,62,41,41,0,0],"gold":117,"neow_bonus":"THREE_ENEMY_KILL","is_daily":false,"chose_seed":false,"campfire_upgraded":4,"win_rate":0.0,"timestamp":1614157972,"path_taken":["M","?","$","M","$","R","E","R","T","M","?","R","?","E","R","BOSS"],"items_purchased_type":["Card"],"build_version":"2020-12-22","purchased_purges":1,"victory":false,"max_hp_per_floor":[70,70,70,75,75,75,75,75,75,75,77,77,77,79,79,79,79],"card_choices":[{"not_picked":["Bane","Poisoned Stab"],"picked":"Acrobatics","floor":1.0},{"not_picked":["Skewer","Outmaneuver"],"picked":"Backflip","floor":4.0},{"not_picked":["Unload","Riddle With Holes"],"picked":"Deflect","floor":7.0},{"not_picked":["PiercingWail","Eviscerate"],"picked":"Deflect","floor":10.0},{"not_picked":["Bane","Dagger Throw","Reflex"],"picked":"Singing Bowl","floor":11.0},{"not_picked":["Expertise","Riddle With Holes","Poisoned Stab"],"picked":"Singing Bowl","floor":14.0}],"player_experience":167906,"relics_obtained":[{"floor":7.0,"key":"Singing Bowl"},{"floor":9.0,"key":"Tough Bandages"},{"floor":14.0,"key":"Turnip"}],"event_choices":[{"damage_healed":0.0,"max_hp_gain":0.0,"max_hp_loss":0.0,"gold_gain":0.0,"event_name":"The Woman in Blue","player_choice":"Bought 0 Potions","floor":2.0,"gold_loss":0.0,"damage_taken":0.0},{"damage_healed":0.0,"max_hp_gain":0.0,"max_hp_loss":0.0,"gold_gain":0.0,"event_name":"Scrap Ooze","player_choice":"Success","floor":13.0,"gold_loss":0.0,"damage_taken":3.0,"relics_obtained":["Shuriken"]}],"is_beta":false,"boss_relics":[],"items_purged_floors":[5],"is_endless":false,"potions_floor_spawned":[4,11,14],"killed_by":"Slime Boss","ascension_level":10}}