{"host":"2d69zsihwnsihkt1","time":1614133814,"event":{"mods":["AchievementEnabler","Act Like it!","BaseMod","Better Altar","Better Note","Better Skull","Bossed Relics","Colored Map","Colored Powertips","Curses Come First","Displayed Cursed Tome","Googly Eyes","Hermit","Minty Spire (QoL Compilation)","Rare Cards Sparkle","Relic Stats","Replay The Spire","Robot Space Explorer","Shapeshifter Mod","Shop Mod","StSLib","The Forsaken","The Hayseed","The Runesmith"],"gold_per_floor":[119,119,132,132,132,132,146,178,227,238,238,255,315,347,347,448,448,429,354,382,382,393,393,408,108,108,108,124,124,137,137,137,241,241,252,273,117,171,190,190,200,226,275,288,288,304,304,319,319,319],"floor_reached":51,"language":"ENG","playtime":5246,"items_purged":["Pain"],"score":691,"play_id":"f9620b2d-3c42-4101-bc40-3e04c43e4c15","local_time":"20210223203014","is_ascension_mode":true,"campfire_choices":[{"floor":6,"key":"REST"},{"data":"theForsaken:DefensiveStance","floor":11,"key":"SMITH"},{"floor":23,"key":"REST"},{"floor":29,"key":"REST"},{"data":"theForsaken:Mantra","floor":32,"key":"SMITH"},{"data":"theForsaken:WrathOfGod","floor":40,"key":"SMITH"},{"floor":45,"key":"REST"},{"floor":47,"key":"REST"},{"data":"theForsaken:WrathOfGod+1","floor":49,"key":"SMITH"}],"circlet_count":0,"master_deck":["theForsaken:TheForsaken_Strike","theForsaken:TheForsaken_Strike","theForsaken:TheForsaken_Strike","theForsaken:TheForsaken_Strike","theForsaken:TheForsaken_Defend","theForsaken:TheForsaken_Defend","theForsaken:TheForsaken_Defend","theForsaken:Smite+1","theForsaken:Penitence","theForsaken:AncientWords","theForsaken:DefensiveStance+1","theForsaken:SiphonStrike","theForsaken:Bolster","theForsaken:WrathOfGod+2","theForsaken:Mantra+1","theForsaken:DefensiveStance+1","theForsaken:DarkBarrier","theForsaken:Horror","theForsaken:SolarFlare+1","theForsaken:DefensiveStance","theForsaken:StoreUp+1","Parasite"],"relics":["theForsaken:ScalesOfTruth","Bird Faced Urn","theForsaken:Gavel","ReplayTheSpireMod:TigerMarble","Bottled Flame","ReplayTheSpireMod:DimensionalGlitch","Red Mask","DollysMirror","Replay:Rubber Ducky","ReplayTheSpireMod:Shallot","Bloody Idol","WarpedTongs","Durian","Lizard Tail","MealTicket","ReplayTheSpireMod:Lightbulb"],"acts_visited":["Exordium","TheCity","TheBeyond"],"potions_floor_usage":[8,14,14,16,16,20,28,46,50,50,50],"damage_taken":[{"damage":2,"enemies":"2 Louse","floor":1,"turns":4},{"damage":7,"enemies":"Jaw Worm","floor":3,"turns":6},{"damage":3,"enemies":"Cultist","floor":7,"turns":5},{"damage":22,"enemies":"Gremlin Nob","floor":8,"turns":7},{"damage":0,"enemies":"Large Slime","floor":10,"turns":5},{"damage":0,"enemies":"Exordium Wildlife","floor":12,"turns":3},{"damage":22,"enemies":"3 Sentries","floor":14,"turns":9},{"damage":13,"enemies":"Slime Boss","floor":16,"turns":14},{"damage":12,"enemies":"2 Thieves","floor":18,"turns":4},{"damage":62,"enemies":"Masked Bandits","floor":20,"turns":8},{"damage":9,"enemies":"Shell Parasite","floor":22,"turns":9},{"damage":17,"enemies":"Centurion and Healer","floor":24,"turns":9},{"damage":0,"enemies":"Snecko","floor":28,"turns":9},{"damage":0,"enemies":"3 Cultists","floor":30,"turns":9},{"damage":59,"enemies":"Automaton","floor":33,"turns":18},{"damage":2,"enemies":"Orb Walker","floor":35,"turns":6},{"damage":9,"enemies":"2 Orb Walkers","floor":38,"turns":9},{"damage":20,"enemies":"3 Shapes","floor":39,"turns":5},{"damage":0,"enemies":"Spire Growth","floor":41,"turns":9},{"damage":0,"enemies":"Nemesis","floor":42,"turns":17},{"damage":59,"enemies":"4 Shapes","floor":44,"turns":8},{"damage":8,"enemies":"Transient","floor":46,"turns":5},{"damage":0,"enemies":"Writhing Mass","floor":48,"turns":9},{"damage":16,"enemies":"Replay:Hell Engine","floor":50,"turns":17}],"seed_played":"157152580957227617","potions_obtained":[{"floor":1,"key":"LiquidBronze"},{"floor":3,"key":"Weak Potion"},{"floor":7,"key":"Ancient Potion"},{"floor":12,"key":"ColorlessPotion"},{"floor":15,"key":"DistilledChaos"},{"floor":15,"key":"PowerPotion"},{"floor":18,"key":"Energy Potion"},{"floor":22,"key":"Ancient Potion"},{"floor":30,"key":"Energy Potion"},{"floor":39,"key":"Elixir"},{"floor":46,"key":"Weak Potion"}],"is_trial":false,"path_per_floor":["M","$","M","?","?","R","M","E","T","M","R","M","?","E","R_BF","B",null,"M","?","?","?","M","R","M","$","T","?","M","R","M","?","R","B",null,"M","?","$","?","M","R","M","E","T","M","R","M","R","M","R","B",null],"character_chosen":"THE_FORSAKEN","items_purchased":["DollysMirror","Replay:Rubber Ducky","theForsaken:DefensiveStance"],"campfire_rested":5,"item_purchase_floors":[25,25,37],"current_hp_per_floor":[45,45,45,45,45,64,62,56,56,65,65,65,65,65,65,65,65,56,56,9,9,21,40,45,45,45,12,32,51,65,65,65,65,65,65,59,59,64,54,54,70,70,70,19,40,47,68,70,70,70],"gold":319,"neow_bonus":"ONE_RARE_RELIC","is_daily":false,"chose_seed":false,"campfire_upgraded":4,"win_rate":0.0,"timestamp":1614133814,"path_taken":["M","$","M","?","?","R","?","E","T","?","R","M","?","E","R_BF","BOSS","M","?","?","?","M","R","M","$","T","?","M","R","M","?","R","BOSS","M","?","$","?","M","R","M","E","T","M","R","M","R","M","R","BOSS"],"items_purchased_type":["Relic","Relic","Card"],"build_version":"2020-12-22","purchased_purges":1,"victory":true,"max_hp_per_floor":[65,65,65,65,65,65,65,65,65,65,65,65,65,65,65,65,65,65,65,65,65,65,65,65,65,65,65,65,65,65,65,65,65,65,65,70,70,70,70,70,70,70,70,70,70,70,70,70,70,70],"relic_stats":{"Lizard Tail":0,"counters":[24,204],"Bird Faced Urn":[63],"Bloody Idol":33,"MealTicket":0,"obtain_stats":[{"theForsaken:ScalesOfTruth":34,"theForsaken:Gavel":8,"Replay:Rubber Ducky":25,"WarpedTongs":31,"Bottled Flame":14,"Lizard Tail":38,"ReplayTheSpireMod:Shallot":26,"DollysMirror":25,"Bird Faced Urn":0,"Bloody Idol":27,"MealTicket":42,"ReplayTheSpireMod:TigerMarble":9,"Red Mask":20,"Durian":36,"theForsaken:JudgementScales":0,"ReplayTheSpireMod:DimensionalGlitch":17,"ReplayTheSpireMod:Lightbulb":43},{"theForsaken:ScalesOfTruth":15,"theForsaken:Gavel":4,"Replay:Rubber Ducky":12,"WarpedTongs":14,"Bottled Flame":7,"Lizard Tail":17,"ReplayTheSpireMod:Shallot":12,"DollysMirror":12,"Bird Faced Urn":0,"Bloody Idol":12,"MealTicket":20,"ReplayTheSpireMod:TigerMarble":4,"Red Mask":10,"Durian":16,"theForsaken:JudgementScales":0,"ReplayTheSpireMod:DimensionalGlitch":8,"ReplayTheSpireMod:Lightbulb":20},{"theForsaken:ScalesOfTruth":119,"theForsaken:Gavel":22,"Replay:Rubber Ducky":83,"WarpedTongs":101,"Bottled Flame":39,"Lizard Tail":134,"ReplayTheSpireMod:Shallot":83,"DollysMirror":83,"Bird Faced Urn":0,"Bloody Idol":83,"MealTicket":165,"ReplayTheSpireMod:TigerMarble":22,"Red Mask":65,"Durian":125,"theForsaken:JudgementScales":0,"ReplayTheSpireMod:DimensionalGlitch":53,"ReplayTheSpireMod:Lightbulb":165}],"WarpedTongs":[91]},"card_choices":[{"not_picked":["theForsaken:WordsOfPestilence","theForsaken:FuryStrikes"],"picked":"theForsaken:AncientWords","floor":1},{"not_picked":["theForsaken:ChargeAttack","theForsaken:BlightOfFamine"],"picked":"theForsaken:DefensiveStance","floor":3},{"not_picked":["theForsaken:Enfeeble","theForsaken:QuickAttack"],"picked":"theForsaken:SiphonStrike","floor":7},{"not_picked":["theForsaken:HymnOfRest","theForsaken:ChargeAttack"],"picked":"theForsaken:Bolster","floor":8},{"not_picked":["theForsaken:HorrifyingStrike","theForsaken:LightRoll","theForsaken:PreciseStrike"],"picked":"SKIP","floor":10},{"not_picked":["theForsaken:PanicDive","theForsaken:CreepingInfection","theForsaken:ScorchingSunlight"],"picked":"SKIP","floor":12},{"not_picked":["theForsaken:SacredOath","theForsaken:DesperatePlea"],"picked":"theForsaken:WrathOfGod","floor":14},{"not_picked":["theForsaken:SacrificeSoul","theForsaken:SacredOath"],"picked":"theForsaken:Mantra","floor":16},{"not_picked":["theForsaken:BlindFaith","theForsaken:NobleSacrifice","theForsaken:PanicDive+1"],"picked":"SKIP","floor":18},{"not_picked":["theForsaken:PreciseStrike","theForsaken:Preservation","theForsaken:QuickAttack"],"picked":"SKIP","floor":22},{"not_picked":["theForsaken:Preservation","theForsaken:ChargeAttack","theForsaken:BottledPlague+1"],"picked":"SKIP","floor":24},{"not_picked":["theForsaken:PowerUp","theForsaken:WrathOfGod+1"],"picked":"theForsaken:DarkBarrier","floor":28},{"not_picked":["theForsaken:CorruptDeck","theForsaken:CowardsBrand","theForsaken:FatRoll"],"picked":"SKIP","floor":30},{"not_picked":["theForsaken:FountainOfLife","theForsaken:SacredOath"],"picked":"theForsaken:Horror","floor":33},{"not_picked":["theForsaken:Parry","theForsaken:WrathOfGod","theForsaken:FatRoll"],"picked":"SKIP","floor":35},{"not_picked":["theForsaken:PowerUp","theForsaken:BlightOfFamine"],"picked":"theForsaken:SolarFlare+1","floor":36},{"not_picked":["theForsaken:FatRoll","theForsaken:WordsOfPestilence+1"],"picked":"theForsaken:StoreUp+1","floor":39},{"not_picked":["theForsaken:BlindFaith","theForsaken:BattleHymn+1","theForsaken:PreciseStrike"],"picked":"SKIP","floor":41},{"not_picked":["theForsaken:PanicDive+1","theForsaken:CowardsBrand","theForsaken:Tranquility+1"],"picked":"SKIP","floor":42},{"not_picked":["theForsaken:Devotion+1","theForsaken:WordsOfPestilence+1","theForsaken:PanicDive+1"],"picked":"SKIP","floor":44},{"not_picked":["theForsaken:PanicDive+1","theForsaken:CreepingInfection+1","theForsaken:Bolster"],"picked":"SKIP","floor":46},{"not_picked":["theForsaken:ShieldCharge","theForsaken:SiphonStrike","theForsaken:BindingThorns+1"],"picked":"SKIP","floor":48}],"player_experience":1891708,"relics_obtained":[{"floor":8,"key":"theForsaken:Gavel"},{"floor":9,"key":"ReplayTheSpireMod:TigerMarble"},{"floor":14,"key":"Bottled Flame"},{"floor":20,"key":"Red Mask"},{"floor":26,"key":"ReplayTheSpireMod:Shallot"},{"floor":36,"key":"Durian"},{"floor":38,"key":"Lizard Tail"},{"floor":42,"key":"MealTicket"},{"floor":43,"key":"ReplayTheSpireMod:Lightbulb"}],"event_choices":[{"damage_healed":0,"gold_gain":0,"player_choice":"Grow","damage_taken":0,"max_hp_gain":0,"max_hp_loss":0,"event_name":"Living Wall","floor":4,"gold_loss":0,"cards_upgraded":["theForsaken:Smite"]},{"damage_healed":0,"gold_gain":60,"player_choice":"Gained Gold","damage_taken":0,"max_hp_gain":0,"max_hp_loss":0,"event_name":"Golden Wing","floor":13,"gold_loss":0},{"cards_removed":["theForsaken:TheForsaken_Defend"],"damage_healed":0,"gold_gain":0,"player_choice":"Gave Gold","damage_taken":0,"max_hp_gain":0,"max_hp_loss":0,"event_name":"Beggar","floor":19,"gold_loss":75},{"damage_healed":0,"gold_gain":0,"player_choice":"Fought Bandits","damage_taken":0,"max_hp_gain":0,"max_hp_loss":0,"event_name":"Masked Bandits","floor":20,"gold_loss":0},{"damage_healed":0,"gold_gain":0,"player_choice":"Ignored","damage_taken":0,"max_hp_gain":0,"max_hp_loss":0,"event_name":"Vampires","floor":21,"gold_loss":0},{"damage_healed":0,"gold_gain":0,"player_choice":" Idol ","damage_taken":33,"relics_obtained":["Bloody Idol"],"max_hp_gain":45,"max_hp_loss":12,"event_name":"betterAltar:BetterAltar","floor":27,"potions_obtained":[],"relics_lost":[],"gold_loss":0},{"damage_healed":0,"gold_gain":0,"player_choice":"Rummage","damage_taken":0,"relics_obtained":["WarpedTongs"],"max_hp_gain":0,"max_hp_loss":0,"event_name":"Accursed Blacksmith","floor":31,"gold_loss":0,"cards_obtained":["Pain"]},{"damage_healed":0,"gold_gain":0,"player_choice":"Fight","damage_taken":0,"max_hp_gain":0,"max_hp_loss":0,"event_name":"Mysterious Sphere","floor":38,"gold_loss":0}],"is_beta":false,"boss_relics":[{"not_picked":["theForsaken:ArmorOfThorns","Ectoplasm"],"picked":"ReplayTheSpireMod:DimensionalGlitch"},{"not_picked":["Fusion Hammer","Runic Dome"],"picked":"theForsaken:ScalesOfTruth"}],"items_purged_floors":[37],"is_endless":false,"potions_floor_spawned":[1,3,7,12,18,22,30,39,42,46],"ascension_level":7}}