{"host":"qdazo2n9x18zu9dk","time":1614171263,"event":{"mods":["BaseMod","Colored Map","Minty Spire (QoL Compilation)","Relic Stats","StSLib"],"gold_per_floor":[114,126,145,17,17,44,44,77,104,104,54,54,115,134,134,232,232,252,269,42,42,62,62,88,88,88],"floor_reached":25,"language":"ENG","playtime":1243,"items_purged":["Strike_P","Strike_P"],"score":419,"play_id":"6ceb7f43-8ece-4f08-96ef-afbff0afa807","local_time":"20210224135423","is_ascension_mode":true,"campfire_choices":[{"data":"TalkToTheHand","floor":7.0,"key":"SMITH"},{"floor":12.0,"key":"REST"},{"data":"BowlingBash","floor":15.0,"key":"SMITH"},{"floor":23.0,"key":"REST"}],"circlet_count":0,"master_deck":["AscendersBane","Strike_P","Defend_P","Defend_P","Defend_P","Defend_P+1","Eruption","Vigilance","BowlingBash+1","FollowUp+1","EmptyMind","InnerPeace","TalkToTheHand+1","Conclude","LessonLearned","Evaluate+1","DevaForm+1","ClearTheMind","EmptyMind","Worship","BattleHymn","FearNoEvil","EmptyBody","Fasting2"],"relics":["HolyWater","Smiling Mask","Juzu Bracelet","Centennial Puzzle","Happy Flower","Regal Pillow","Damaru","HornCleat"],"acts_visited":["Exordium","TheCity"],"potions_floor_usage":[24],"damage_taken":[{"damage":0.0,"enemies":"Cultist","floor":1.0,"turns":3.0},{"damage":2.0,"enemies":"Jaw Worm","floor":2.0,"turns":4.0},{"damage":0.0,"enemies":"Small Slimes","floor":3.0,"turns":2.0},{"damage":24.0,"enemies":"Lagavulin","floor":6.0,"turns":7.0},{"damage":3.0,"enemies":"Gremlin Nob","floor":8.0,"turns":3.0},{"damage":6.0,"enemies":"Lagavulin Event","floor":13.0,"turns":5.0},{"damage":0.0,"enemies":"2 Fungi Beasts","floor":14.0,"turns":3.0},{"damage":0.0,"enemies":"Slime Boss","floor":16.0,"turns":7.0},{"damage":11.0,"enemies":"3 Byrds","floor":18.0,"turns":5.0},{"damage":0.0,"enemies":"Spheric Guardian","floor":19.0,"turns":2.0},{"damage":25.0,"enemies":"Centurion and Healer","floor":22.0,"turns":5.0},{"damage":38,"enemies":"Book of Stabbing","floor":24,"turns":6},{"damage":28,"enemies":"Shelled Parasite and Fungi","floor":25,"turns":1}],"seed_played":"-282430570194890449","potions_obtained":[{"floor":1.0,"key":"Ancient Potion"},{"floor":3.0,"key":"SpeedPotion"},{"floor":6.0,"key":"SteroidPotion"},{"floor":14.0,"key":"Dexterity Potion"},{"floor":16.0,"key":"Explosive Potion"}],"is_trial":false,"path_per_floor":["M","M","M","$","?","E","R","E","T","?","?","R","?","M","R","B",null,"M","M","$","?","M","R","E","M"],"character_chosen":"WATCHER","items_purchased":["InnerPeace","Worship","BattleHymn","FearNoEvil"],"campfire_rested":2,"item_purchase_floors":[4,20,20,20],"current_hp_per_floor":[65,63,63,63,63,39,39,36,36,11,11,47,41,41,41,41,64,53,53,53,40,15,53,15,0,0],"gold":88,"neow_bonus":"RANDOM_COMMON_RELIC","is_daily":false,"chose_seed":false,"campfire_upgraded":2,"win_rate":0.0,"timestamp":1614171263,"path_taken":["M","M","?","$","?","E","R","E","T","?","?","R","?","M","R","BOSS","M","M","$","?","M","R","E","M"],"items_purchased_type":["Card","Card","Card","Card"],"build_version":"2020-12-22","purchased_purges":2,"victory":false,"max_hp_per_floor":[72,72,72,72,72,72,72,72,72,72,72,72,72,72,72,72,72,72,72,72,77,77,77,77,77,77],"relic_stats":{"Centennial Puzzle":[12],"Regal Pillow":30,"Happy Flower":[11],"counters":[13,53],"Juzu Bracelet":0,"Smiling Mask":75,"obtain_stats":[{"Centennial Puzzle":8,"Regal Pillow":10,"HornCleat":24,"Happy Flower":9,"Damaru":13,"HolyWater":17,"Juzu Bracelet":6,"PureWater":0,"Smiling Mask":0},{"Centennial Puzzle":5,"Regal Pillow":5,"HornCleat":12,"Happy Flower":5,"Damaru":6,"HolyWater":8,"Juzu Bracelet":4,"PureWater":0,"Smiling Mask":0},{"Centennial Puzzle":19,"Regal Pillow":19,"HornCleat":52,"Happy Flower":19,"Damaru":24,"HolyWater":34,"Juzu Bracelet":16,"PureWater":0,"Smiling Mask":0}]},"card_choices":[{"not_picked":["Adaptation","SashWhip"],"picked":"BowlingBash","floor":1.0},{"not_picked":["WindmillStrike","EmptyBody"],"picked":"FollowUp","floor":2.0},{"not_picked":["Pray","FollowUp"],"picked":"EmptyMind","floor":3.0},{"not_picked":["Study","Prostrate"],"picked":"TalkToTheHand","floor":6.0},{"not_picked":["Weave","FollowUp"],"picked":"Conclude","floor":8.0},{"not_picked":["Prostrate","ReachHeaven"],"picked":"LessonLearned","floor":13.0},{"not_picked":["Conclude","Consecrate"],"picked":"Evaluate","floor":14.0},{"not_picked":["Establishment","Ragnarok"],"picked":"DevaForm","floor":16.0},{"not_picked":["Nirvana","FollowUp"],"picked":"ClearTheMind","floor":18.0},{"not_picked":["Conclude","Protect"],"picked":"EmptyMind","floor":19.0},{"not_picked":["FlyingSleeves+1","ReachHeaven"],"picked":"EmptyBody","floor":22.0},{"not_picked":["CarveReality","FlyingSleeves"],"picked":"Fasting2","floor":24}],"player_experience":1196557,"relics_obtained":[{"floor":6.0,"key":"Juzu Bracelet"},{"floor":8.0,"key":"Centennial Puzzle"},{"floor":9.0,"key":"Happy Flower"},{"floor":13.0,"key":"Damaru"},{"floor":24,"key":"HornCleat"}],"event_choices":[{"damage_healed":0.0,"max_hp_gain":0.0,"max_hp_loss":0.0,"gold_gain":0.0,"event_name":"Liars Game","player_choice":"Ignored","floor":5.0,"gold_loss":0.0,"damage_taken":0.0},{"damage_healed":0.0,"max_hp_gain":0.0,"max_hp_loss":0.0,"gold_gain":0.0,"event_name":"Scrap Ooze","player_choice":"Success","floor":10.0,"gold_loss":0.0,"damage_taken":25.0,"relics_obtained":["Regal Pillow"]},{"cards_removed":["Strike_P"],"damage_healed":0.0,"max_hp_gain":0.0,"max_hp_loss":0.0,"gold_gain":0.0,"event_name":"The Cleric","player_choice":"Card Removal","floor":11.0,"gold_loss":50.0,"damage_taken":0.0},{"damage_healed":0.0,"max_hp_gain":0.0,"max_hp_loss":0.0,"gold_gain":0.0,"event_name":"Dead Adventurer","player_choice":"Searched \u00271\u0027 times","floor":13.0,"gold_loss":0.0,"damage_taken":0.0},{"damage_healed":0.0,"max_hp_gain":5.0,"max_hp_loss":0.0,"gold_gain":0.0,"event_name":"Forgotten Altar","player_choice":"Shed Blood","floor":21.0,"gold_loss":0.0,"damage_taken":18.0}],"is_beta":false,"boss_relics":[{"not_picked":["Philosopher\u0027s Stone","Astrolabe"],"picked":"HolyWater"}],"items_purged_floors":[4,20],"is_endless":false,"potions_floor_spawned":[1,3,6,14,16,19,22],"killed_by":"Shelled Parasite and Fungi","ascension_level":10}}