{"host":"5tzvto3beate6p8b","time":1614147424,"event":{"mods":["BaseMod","Colored Map","DeckTracker","Minty Spire (QoL Compilation)","Relic Stats","StSLib","SuperFastMode"],"gold_per_floor":[111,28,41,58,77,77,100,100,100,132,132,132,132,132],"floor_reached":13,"language":"JPN","playtime":353,"items_purged":[],"score":162,"play_id":"f35bbfb7-8ead-44ef-b5c3-5df16cfc2286","local_time":"20210224151704","is_ascension_mode":true,"campfire_choices":[{"data":"Capacitor","floor":6.0,"key":"SMITH"},{"data":"Zap","floor":8.0,"key":"SMITH"},{"data":"Chaos","floor":12,"key":"SMITH"}],"circlet_count":0,"master_deck":["AscendersBane","Strike_B","Strike_B","Strike_B","Strike_B","Defend_B","Defend_B","Defend_B","Defend_B","Zap+1","Dualcast","White Noise","Capacitor+1","Coolheaded","Force Field","Chaos+1","Loop"],"relics":["Cracked Core","NeowsBlessing","Tiny Chest","Bottled Tornado","Happy Flower"],"acts_visited":["Exordium"],"potions_floor_usage":[13],"damage_taken":[{"damage":0.0,"enemies":"Cultist","floor":1.0,"turns":1.0},{"damage":0.0,"enemies":"2 Louse","floor":3.0,"turns":1.0},{"damage":0.0,"enemies":"Small Slimes","floor":4.0,"turns":1.0},{"damage":17.0,"enemies":"3 Louse","floor":5.0,"turns":5.0},{"damage":5.0,"enemies":"Lagavulin","floor":10.0,"turns":6.0},{"damage":63,"enemies":"Gremlin Nob","floor":13,"turns":4}],"seed_played":"486190295733356676","potions_obtained":[{"floor":1.0,"key":"Block Potion"},{"floor":4.0,"key":"FearPotion"},{"floor":5.0,"key":"FocusPotion"}],"is_trial":false,"path_per_floor":["M","$","M","M","M","R","T","R","T","E","?","R","E"],"character_chosen":"DEFECT","items_purchased":["Capacitor"],"campfire_rested":0,"item_purchase_floors":[2],"current_hp_per_floor":[64,64,64,64,47,47,47,47,47,42,42,42,0,0],"gold":132,"neow_bonus":"THREE_ENEMY_KILL","is_daily":false,"chose_seed":false,"campfire_upgraded":3,"win_rate":0.0,"timestamp":1614147424,"path_taken":["M","$","M","M","M","R","?","R","T","E","?","R","E"],"items_purchased_type":["Card"],"build_version":"2020-12-22","purchased_purges":0,"victory":false,"max_hp_per_floor":[71,71,71,71,71,71,71,71,71,71,71,71,71,71],"relic_stats":{"Happy Flower":[1],"counters":[6,18],"Tiny Chest":0,"obtain_stats":[{"NeowsBlessing":0,"Happy Flower":10,"Tiny Chest":7,"Bottled Tornado":9,"Cracked Core":0},{"NeowsBlessing":0,"Happy Flower":5,"Tiny Chest":4,"Bottled Tornado":4,"Cracked Core":0},{"NeowsBlessing":0,"Happy Flower":14,"Tiny Chest":8,"Bottled Tornado":8,"Cracked Core":0}]},"card_choices":[{"not_picked":["BootSequence","Barrage"],"picked":"White Noise","floor":1.0},{"not_picked":["Doom and Gloom","Conserve Battery"],"picked":"Coolheaded","floor":3.0},{"not_picked":["Aggregate","Recycle"],"picked":"Force Field","floor":4.0},{"not_picked":["Leap","Genetic Algorithm"],"picked":"Chaos","floor":5.0},{"not_picked":["Streamline","Lockon"],"picked":"Loop","floor":10.0}],"player_experience":848719,"relics_obtained":[{"floor":7.0,"key":"Tiny Chest"},{"floor":9.0,"key":"Bottled Tornado"},{"floor":10.0,"key":"Happy Flower"}],"event_choices":[{"damage_healed":0,"gold_gain":0,"player_choice":"Fled","damage_taken":0,"max_hp_gain":0,"max_hp_loss":0,"event_name":"Scrap Ooze","floor":11,"gold_loss":0}],"is_beta":false,"boss_relics":[],"items_purged_floors":[],"is_endless":false,"potions_floor_spawned":[1,4,5],"killed_by":"Gremlin Nob","ascension_level":19}}