{"host":"agga6lej02o7kt08","time":1614171471,"event":{"mods":["Act Like it!","Arknights","Aspiration","BaseMod","Better Third Choice","BetterRewards","Colored Map","Colored Powertips","Hubris","Minty Spire (QoL Compilation)","Reliquary","Spicy Shops","StSLib","¡¼?Úª?ø«¡½REMEMod"],"gold_per_floor":[111,111,126,136,115,141,141,153,178,194,204,235,254,282,282,381,381,398,673,688,688,704,733,733,763,787,814,446,446,477,55,55,159,159,174,188,38,38,89,120,228,228,228,257,257,277,277,312,312,312,312,312,427,456,474],"floor_reached":56,"language":"KOR","playtime":2816,"items_purged":["Defend_G","Strike_G","Defend_G","Strike_G","Strike_G","Defend_G"],"score":1933,"play_id":"b78c5459-f11c-4238-bea6-841eb59d61b1","local_time":"20210224215751","is_ascension_mode":true,"campfire_choices":[{"data":"Blade Dance","floor":15,"key":"SMITH"},{"data":"Blade Dance","floor":32,"key":"SMITH"},{"data":"Phantasmal Killer","floor":42,"key":"SMITH"},{"data":"Escape Plan","floor":45,"key":"SMITH"},{"floor":49,"key":"RECALL"},{"data":"REME_ShadowForm","floor":52,"key":"SMITH"}],"circlet_count":0,"master_deck":["Defend_G","Survivor","Neutralize","REME_ShadowForm+1","Terror","Blade Dance+1","Phantasmal Killer+1","Cloak And Dagger+1","Accuracy+1","Infinite Blades+1","Blade Dance+1","Well Laid Plans+1","Madness","Madness","Panache+1","Escape Plan+1","REME_Flogging+1"],"relics":["Ring of the Snake","REME_ComplimentaryCards","hubris:GlazedTorus","aspiration:AnachronicSnailShell","Question Card","Omamori","reliquary:OuijaBoard","Shuriken","betterThird:SlimedRelic","Pantograph","Centennial Puzzle","Blue Candle","Frozen Egg 2","Empty Cage","Incense Burner","Snake Skull","Happy Flower","PreservedInsect","Meat on the Bone","Pen Nib","reliquary:Sod","Ornamental Fan","REME_LowDesire","aspiration:ChemicalBlood","Bag of Preparation","Membership Card","Pocketwatch","REME_ArchaeologicalTools","reliquary:JackalopeAntler","hubris:Icosahedron","CaptainsWheel","hubris:NiceRug","Orichalcum","Chemical X","reliquary:BallBearing","InkBottle","Lee\u0027s Waffle","hubris:MysteriousPyramids"],"acts_visited":["Exordium","TheCity","TheBeyond","TheEnding"],"potions_floor_usage":[6,6,12,14,16,25,25,35,39,48,55,55,55,55,55,55,55,55],"damage_taken":[{"damage":0,"enemies":"ats:Genji","floor":1,"turns":4},{"damage":0,"enemies":"Small Slimes","floor":3,"turns":4},{"damage":0,"enemies":"Jaw Worm","floor":4,"turns":3},{"damage":4,"enemies":"3 Sentries","floor":6,"turns":3},{"damage":1,"enemies":"Gremlin Gang","floor":8,"turns":7},{"damage":3,"enemies":"Exordium Thugs","floor":10,"turns":4},{"damage":0,"enemies":"Blue Slaver","floor":11,"turns":3},{"damage":0,"enemies":"Gremlin Nob","floor":12,"turns":2},{"damage":0,"enemies":"Looter","floor":13,"turns":4},{"damage":1,"enemies":"Lagavulin","floor":14,"turns":3},{"damage":13,"enemies":"The Guardian","floor":16,"turns":7},{"damage":0,"enemies":"3 Byrds","floor":18,"turns":3},{"damage":9,"enemies":"Shell Parasite","floor":20,"turns":6},{"damage":2,"enemies":"Cultist and Chosen","floor":22,"turns":5},{"damage":24,"enemies":"REME_1_Revenger","floor":23,"turns":3},{"damage":8,"enemies":"Slavers","floor":25,"turns":5},{"damage":14,"enemies":"REME_1_Revenger","floor":27,"turns":4},{"damage":0,"enemies":"Gremlin Leader","floor":30,"turns":3},{"damage":11,"enemies":"hubris:MusketHawk","floor":33,"turns":3},{"damage":9,"enemies":"3 Darklings","floor":35,"turns":3},{"damage":0,"enemies":"Orb Walker","floor":36,"turns":2},{"damage":24,"enemies":"2 Orb Walkers","floor":39,"turns":5},{"damage":0,"enemies":"Reptomancer","floor":40,"turns":3},{"damage":4,"enemies":"4 Shapes","floor":41,"turns":5},{"damage":0,"enemies":"Giant Head","floor":44,"turns":2},{"damage":0,"enemies":"Jaw Worm Horde","floor":46,"turns":2},{"damage":1,"enemies":"Nemesis","floor":48,"turns":3},{"damage":0,"enemies":"Time Eater","floor":50,"turns":1},{"damage":2,"enemies":"hubris:Merchant","floor":53,"turns":3},{"damage":1,"enemies":"Shield and Spear","floor":54,"turns":2},{"damage":23,"enemies":"The Heart","floor":55,"turns":4}],"seed_played":"-4391260567451491334","potions_obtained":[{"floor":1,"key":"SneckoOil"},{"floor":4,"key":"ColorlessPotion"},{"floor":7,"key":"DuplicationPotion"},{"floor":7,"key":"ColorlessPotion"},{"floor":7,"key":"GhostInAJar"},{"floor":12,"key":"PowerPotion"},{"floor":18,"key":"DuplicationPotion"},{"floor":27,"key":"Weak Potion"},{"floor":30,"key":"Regen Potion"},{"floor":33,"key":"Swift Potion"},{"floor":39,"key":"LiquidBronze"},{"floor":44,"key":"Energy Potion"}],"is_trial":false,"path_per_floor":["M","?","M","M","?","E","?","M","T","M","M","E","M","E","R","B",null,"M","?","M","T","M","E","?","E","T","E","$","?","E","$","R","B",null,"M","M","$","?","?","E","M","R","T","E","R","M","?","E","R","B",null,"R","$","E","B",null],"character_chosen":"THE_SILENT","items_purchased":["Question Card","Omamori","Shuriken","Terror","Pen Nib","Ornamental Fan","Blade Dance","Membership Card"],"campfire_rested":0,"item_purchase_floors":[0,0,0,0,28,31,31,37],"current_hp_per_floor":[28,21,21,21,10,6,6,5,5,2,2,2,2,1,1,13,70,70,70,61,61,59,35,35,27,27,13,13,13,25,25,25,39,70,61,61,61,52,40,40,36,36,36,36,36,36,36,47,47,70,70,70,77,76,61],"gold":474,"neow_bonus":"","is_daily":false,"chose_seed":false,"campfire_upgraded":5,"win_rate":0.0,"timestamp":1614171471,"path_taken":["M","?","M","M","?","E","?","M","T","M","M","E","M","E","R","BOSS","M","?","?","?","M","E","?","E","T","E","$","?","E","?","R","BOSS","M","?","$","?","?","E","M","R","T","E","R","M","?","E","R","BOSS","R","$","E","BOSS"],"items_purchased_type":["Relic","Relic","Relic","Card","Relic","Relic","Card","Relic"],"build_version":"2020-12-22","purchased_purges":6,"victory":true,"max_hp_per_floor":[70,70,70,70,70,70,70,70,70,70,70,70,70,70,70,70,70,70,70,70,70,70,70,70,70,70,70,70,70,70,70,70,70,70,70,70,70,70,70,70,70,70,70,70,70,70,70,70,70,70,70,70,77,77,77],"card_choices":[{"not_picked":["Concentrate","PiercingWail","Dagger Throw","Backflip"],"picked":"SKIP","floor":1},{"not_picked":["Dodge and Roll","Backflip","Bane","Dash"],"picked":"SKIP","floor":3},{"not_picked":["Prepared","REME_GrazeFinale","Bane","Riddle With Holes"],"picked":"SKIP","floor":4},{"not_picked":["Blur","Predator","PiercingWail"],"picked":"Blade Dance","floor":6},{"not_picked":["Quick Slash","Flying Knee","Backflip","Well Laid Plans"],"picked":"SKIP","floor":8},{"not_picked":["Outmaneuver","hubris:SlightOfHand","Deflect","Quick Slash"],"picked":"SKIP","floor":10},{"not_picked":["Poisoned Stab","Dagger Throw","Blur","Dodge and Roll"],"picked":"SKIP","floor":11},{"not_picked":["Malaise","Slice","Dodge and Roll","Outmaneuver"],"picked":"SKIP","floor":12},{"not_picked":["Terror","Outmaneuver","Noxious Fumes","hubris:Sniper"],"picked":"SKIP","floor":13},{"not_picked":["Terror","Outmaneuver","Noxious Fumes","hubris:Sniper"],"picked":"SKIP","floor":13},{"not_picked":["Prepared","Masterful Stab","Dodge and Roll","hubris:SlightOfHand"],"picked":"SKIP","floor":14},{"not_picked":["Wraith Form v2+1","Corpse Explosion","Venomology"],"picked":"Phantasmal Killer","floor":16},{"not_picked":["Acrobatics","Deflect+1","Sucker Punch","Predator"],"picked":"SKIP","floor":18},{"not_picked":["Prepared","Slice+1","Dagger Spray","Flechettes"],"picked":"SKIP","floor":20},{"not_picked":["Distraction","Flying Knee","hubris:SlightOfHand"],"picked":"Cloak And Dagger","floor":22},{"not_picked":["Acrobatics+1","Endless Agony+1","REME_ShadowStrike","Flying Knee"],"picked":"SKIP","floor":23},{"not_picked":["Crippling Poison","Die Die Die","Bane"],"picked":"Accuracy+1","floor":25},{"not_picked":["Quick Slash+1","Dash+1","Backflip","Sucker Punch"],"picked":"SKIP","floor":27},{"not_picked":["Bane+1","Blur+1","Flying Knee+1"],"picked":"Infinite Blades+1","floor":30},{"not_picked":["Acrobatics+1","PiercingWail","Blur","Blade Dance","REME_MawOfCthun"],"picked":"SKIP","floor":35},{"not_picked":["Blur+1","Dodge and Roll+1","Choke","Secret Weapon"],"picked":"Well Laid Plans+1","floor":36},{"not_picked":["Bouncing Flask","Noxious Fumes+1","Deadly Poison+1","Distraction"],"picked":"Panache+1","floor":40},{"not_picked":["Poisoned Stab+1","PiercingWail+1","Crippling Poison+1","All Out Attack+1","Panache+1"],"picked":"SKIP","floor":41},{"not_picked":["Deflect","Prepared","Sucker Punch+1","REME_MawOfCthun"],"picked":"Escape Plan","floor":44},{"not_picked":["Dagger Throw","Dodge and Roll","Doppelganger","PiercingWail","REME_EyeOfCthun"],"picked":"SKIP","floor":46},{"not_picked":["PiercingWail+1","Deadly Poison","Outmaneuver","Dagger Throw+1"],"picked":"REME_Flogging+1","floor":48},{"not_picked":["hubris:Counter"],"picked":"SKIP","floor":53},{"not_picked":["REME_SpectralBlade"],"picked":"SKIP","floor":53},{"not_picked":["Blur"],"picked":"SKIP","floor":53},{"not_picked":["Bouncing Flask"],"picked":"SKIP","floor":53},{"not_picked":["Noxious Fumes+1"],"picked":"SKIP","floor":53},{"not_picked":["REME_TwoStrings"],"picked":"SKIP","floor":53},{"not_picked":["REME_AllRoundStrike"],"picked":"SKIP","floor":53},{"not_picked":["Slice","Masterful Stab","Concentrate+1","Deflect+1","REME_TheoryOfElimination"],"picked":"SKIP","floor":54}],"player_experience":893559,"relics_obtained":[{"floor":6,"key":"Pantograph"},{"floor":9,"key":"Centennial Puzzle"},{"floor":12,"key":"Blue Candle"},{"floor":14,"key":"Frozen Egg 2"},{"floor":21,"key":"Incense Burner"},{"floor":23,"key":"Snake Skull"},{"floor":25,"key":"Happy Flower"},{"floor":26,"key":"PreservedInsect"},{"floor":27,"key":"Meat on the Bone"},{"floor":30,"key":"reliquary:Sod"},{"floor":34,"key":"aspiration:ChemicalBlood"},{"floor":34,"key":"Bag of Preparation"},{"floor":39,"key":"Pocketwatch"},{"floor":40,"key":"REME_ArchaeologicalTools"},{"floor":44,"key":"reliquary:JackalopeAntler"},{"floor":48,"key":"CaptainsWheel"},{"floor":53,"key":"Orichalcum"},{"floor":53,"key":"Chemical X"},{"floor":53,"key":"reliquary:BallBearing"},{"floor":53,"key":"InkBottle"},{"floor":53,"key":"Lee\u0027s Waffle"},{"floor":54,"key":"hubris:MysteriousPyramids"}],"event_choices":[{"cards_removed":["Strike_G"],"damage_healed":0,"gold_gain":0,"player_choice":"Card Removal","damage_taken":7,"max_hp_gain":0,"max_hp_loss":0,"event_name":"Golden Wing","floor":2,"gold_loss":0},{"damage_healed":0,"gold_gain":0,"player_choice":"Slimed","damage_taken":11,"max_hp_gain":0,"max_hp_loss":0,"event_name":"betterThird:BetterGoop","floor":5,"gold_loss":21},{"damage_healed":0,"gold_gain":0,"player_choice":"Got Potions","damage_taken":0,"max_hp_gain":0,"max_hp_loss":0,"event_name":"Lab","floor":7,"gold_loss":0},{"damage_healed":0,"gold_gain":275,"player_choice":"Desecrate","damage_taken":0,"max_hp_gain":0,"max_hp_loss":0,"event_name":"Golden Shrine","floor":19,"gold_loss":0,"cards_obtained":["Regret"]},{"damage_healed":0,"gold_gain":0,"player_choice":"Smashed Altar","damage_taken":0,"max_hp_gain":0,"max_hp_loss":0,"event_name":"Forgotten Altar","floor":29,"gold_loss":0,"cards_obtained":["Decay"]},{"damage_healed":0,"gold_gain":0,"player_choice":"Embrace Madness","damage_taken":9,"max_hp_gain":0,"max_hp_loss":0,"event_name":"Winding Halls","floor":38,"gold_loss":0,"cards_obtained":["Madness","Madness"]},{"damage_healed":0,"gold_gain":0,"player_choice":"Fight","damage_taken":0,"max_hp_gain":0,"max_hp_loss":0,"event_name":"Mysterious Sphere","floor":39,"gold_loss":0}],"is_beta":false,"boss_relics":[{"not_picked":["reliquary:Craggleroot","aspiration:FutureDiary"],"picked":"Empty Cage"},{"not_picked":["hubris:HollowSoul","hubris:VirtuousBlindfold"],"picked":"REME_LowDesire"}],"items_purged_floors":[0,28,28,31,53,53],"is_endless":false,"potions_floor_spawned":[1,4,12,18,27,30,33,39,40,41,44],"ascension_level":1}}