{"host":"i0avyit1s6jb1siw","time":1614180949,"event":{"mods":["BaseMod","DeckTracker","Dota2Spire","Minty Spire (QoL Compilation)","Quick Restart","StSLib","SuperFastMode"],"gold_per_floor":[114,125,50,66,21,21,21,21,21,21,32,50,65,77,105,105,179,179,190,190,202,49,60,60,70,87,140,140,175,74,102,118,130,130,130,201,201,216,226,226,22,41,67,67,78,78,124,151,164,198,98,113,113,113,113,113,113,113,38,66,66],"floor_reached":62,"language":"ENG","playtime":1775,"items_purged":["Strike_R","Strike_R"],"score":3034,"play_id":"681ca9b7-c727-442d-8f39-5560aebcba54","local_time":"20210224163549","is_ascension_mode":true,"campfire_choices":[{"data":"Juggernaut","floor":6.0,"key":"SMITH"},{"data":"Armaments","floor":8.0,"key":"SMITH"},{"data":"Clothesline","floor":16.0,"key":"SMITH"},{"data":"Evolve","floor":24.0,"key":"SMITH"},{"data":"Body Slam","floor":34.0,"key":"SMITH"},{"data":"Fire Breathing","floor":35.0,"key":"SMITH"},{"floor":44.0,"key":"RECALL"},{"data":"Dark Embrace","floor":53.0,"key":"SMITH"},{"data":"Metallicize","floor":54.0,"key":"SMITH"},{"data":"Body Slam","floor":58.0,"key":"SMITH"}],"circlet_count":0,"master_deck":["AscendersBane","Strike_R","Strike_R","Defend_R","Defend_R","Defend_R","Defend_R","Bash","Juggernaut+1","Armaments+1","Shrug It Off","Clothesline+1","Entrench+1","Shrug It Off+1","Disarm+1","Flame Barrier+1","Impervious+1","Wild Strike","Body Slam+1","Metallicize+1","Evolve+1","Intimidate+1","Exhume+1","Power Through+1","Fire Breathing+1","Body Slam+1","Ghostly Armor+1","Seeing Red+1","Barricade+1","True Grit+1","Second Wind+1","Shrug It Off+1","Metallicize+1","Parasite","Sentinel+1","Shockwave+1","True Grit+1","Dark Embrace+1","Parasite","Shrug It Off+1","Feel No Pain","Armaments+1"],"relics":["Burning Blood","Mercury Hourglass","Toxic Egg 2","Sundial","Coffee Dripper","Dota2Spire:EchoSabre","Dota2Spire:Desolator","White Beast Statue","Dota2Spire:RefresherOrb","Mummified Hand","Nunchaku","Dota2Spire:ArmletOfMordiggian","Akabeko","Lizard Tail","Anchor"],"acts_visited":["Exordium","TheCity","TheBeyond","TheEnding"],"potions_floor_usage":[61,61],"damage_taken":[{"damage":1.0,"enemies":"Cultist","floor":1.0,"turns":3.0},{"damage":11.0,"enemies":"2 Louse","floor":2.0,"turns":3.0},{"damage":7.0,"enemies":"Jaw Worm","floor":4.0,"turns":5.0},{"damage":28.0,"enemies":"Exordium Thugs","floor":5.0,"turns":5.0},{"damage":19.0,"enemies":"Exordium Wildlife","floor":11.0,"turns":5.0},{"damage":3.0,"enemies":"2 Fungi Beasts","floor":12.0,"turns":4.0},{"damage":7.0,"enemies":"Lots of Slimes","floor":13.0,"turns":4.0},{"damage":3.0,"enemies":"Exordium Wildlife","floor":14.0,"turns":5.0},{"damage":20.0,"enemies":"3 Sentries","floor":15.0,"turns":7.0},{"damage":27.0,"enemies":"Hexaghost","floor":17.0,"turns":12.0},{"damage":0.0,"enemies":"Spheric Guardian","floor":19.0,"turns":5.0},{"damage":4.0,"enemies":"Shell Parasite","floor":21.0,"turns":5.0},{"damage":23.0,"enemies":"Chosen and Byrds","floor":23.0,"turns":5.0},{"damage":23.0,"enemies":"Sentry and Sphere","floor":25.0,"turns":6.0},{"damage":12.0,"enemies":"Snecko","floor":26.0,"turns":7.0},{"damage":22.0,"enemies":"Book of Stabbing","floor":29.0,"turns":7.0},{"damage":4.0,"enemies":"Gremlin Leader","floor":31.0,"turns":11.0},{"damage":4.0,"enemies":"Centurion and Healer","floor":32.0,"turns":6.0},{"damage":0.0,"enemies":"3 Cultists","floor":33.0,"turns":5.0},{"damage":9.0,"enemies":"Champ","floor":36.0,"turns":9.0},{"damage":0.0,"enemies":"3 Shapes","floor":38.0,"turns":4.0},{"damage":10.0,"enemies":"Orb Walker","floor":39.0,"turns":5.0},{"damage":21.0,"enemies":"Writhing Mass","floor":42.0,"turns":7.0},{"damage":0.0,"enemies":"Nemesis","floor":43.0,"turns":9.0},{"damage":0.0,"enemies":"Spire Growth","floor":45.0,"turns":4.0},{"damage":0.0,"enemies":"Giant Head","floor":48.0,"turns":7.0},{"damage":28.0,"enemies":"Transient","floor":49.0,"turns":6.0},{"damage":0.0,"enemies":"Nemesis","floor":50.0,"turns":7.0},{"damage":0.0,"enemies":"Writhing Mass","floor":52.0,"turns":8.0},{"damage":50.0,"enemies":"Time Eater","floor":55.0,"turns":9.0},{"damage":10.0,"enemies":"Donu and Deca","floor":56.0,"turns":8.0},{"damage":43.0,"enemies":"Shield and Spear","floor":60.0,"turns":8.0},{"damage":73,"enemies":"The Heart","floor":61,"turns":9}],"seed_played":"-9074963293834233548","potions_obtained":[{"floor":2.0,"key":"Dota2Spire:HealingSalve"},{"floor":12.0,"key":"SneckoOil"},{"floor":13.0,"key":"GamblersBrew"},{"floor":14.0,"key":"Regen Potion"},{"floor":21.0,"key":"Weak Potion"},{"floor":26.0,"key":"Explosive Potion"},{"floor":32.0,"key":"BlessingOfTheForge"},{"floor":33.0,"key":"DistilledChaos"},{"floor":36.0,"key":"Swift Potion"},{"floor":38.0,"key":"Fruit Juice"},{"floor":39.0,"key":"Swift Potion"},{"floor":45.0,"key":"Block Potion"},{"floor":49.0,"key":"BloodPotion"},{"floor":50.0,"key":"Dota2Spire:HealingSalve"},{"floor":52.0,"key":"Explosive Potion"},{"floor":60.0,"key":"LiquidBronze"}],"is_trial":false,"path_per_floor":["M","M","?","M","M","R","?","R","T","T","M","M","M","M","E","R","B",null,"M","?","M","$","M","R","M","M","T","T","E","$","E","M","M","R","R","B",null,"M","M","?","$","M","E","R","M","T","T","E","M","E","$","M","R","R","B","B",null,"R","$","E","B",null],"character_chosen":"IRONCLAD","items_purchased":["Evolve","Fire Breathing","Body Slam","Second Wind+1","Shrug It Off+1","Metallicize","Feel No Pain"],"campfire_rested":0,"item_purchase_floors":[22,30,30,41,41,41,59],"current_hp_per_floor":[73,68,68,67,45,45,75,75,75,75,62,65,64,67,53,53,47,68,74,74,75,75,58,58,41,35,35,35,19,19,21,23,29,29,29,26,63,69,65,65,65,50,56,56,67,67,67,73,51,73,73,79,79,79,38,34,69,69,69,32,11],"gold":66,"neow_bonus":"ONE_RANDOM_RARE_CARD","is_daily":false,"chose_seed":false,"campfire_upgraded":9,"win_rate":0.0,"timestamp":1614180949,"path_taken":["M","M","?","M","M","R","?","R","T","T","?","M","M","M","E","R","BOSS","M","?","M","$","M","R","M","M","T","T","E","?","E","?","M","R","R","BOSS","M","M","?","$","M","E","R","M","T","T","E","M","E","$","?","R","R","BOSS","BOSS","R","$","E","BOSS"],"items_purchased_type":["Card","Card","Card","Card","Card","Card","Card"],"build_version":"2020-12-22","purchased_purges":2,"victory":true,"max_hp_per_floor":[75,75,75,75,75,75,75,75,75,75,75,75,75,75,75,75,75,75,75,75,75,75,75,75,75,75,75,75,75,75,75,75,75,75,75,75,75,75,75,75,75,75,75,75,80,80,80,80,80,80,80,80,80,80,80,80,80,80,80,80,80],"card_choices":[{"not_picked":["True Grit","Thunderclap"],"picked":"Armaments","floor":1.0},{"not_picked":["Searing Blow","Spot Weakness","Dual Wield"],"picked":"SKIP","floor":2.0},{"not_picked":["Thunderclap","Perfected Strike","Warcry"],"picked":"SKIP","floor":4.0},{"not_picked":["Pommel Strike","Dropkick"],"picked":"Shrug It Off","floor":5.0},{"not_picked":["Inflame","Thunderclap"],"picked":"Clothesline","floor":11.0},{"not_picked":["Clash","Clothesline"],"picked":"Entrench+1","floor":12.0},{"not_picked":["Rampage","Sword Boomerang"],"picked":"Shrug It Off+1","floor":13.0},{"not_picked":["Wild Strike","Thunderclap"],"picked":"Disarm+1","floor":14.0},{"not_picked":["Pommel Strike","Reaper"],"picked":"Flame Barrier+1","floor":15.0},{"not_picked":["Bludgeon","Double Tap+1"],"picked":"Impervious+1","floor":17.0},{"not_picked":["Heavy Blade","Thunderclap+1"],"picked":"Wild Strike","floor":19.0},{"not_picked":["Anger","Clothesline"],"picked":"Metallicize+1","floor":21.0},{"not_picked":["Inflame","Sword Boomerang+1","Twin Strike"],"picked":"SKIP","floor":23.0},{"not_picked":["Headbutt","Clothesline"],"picked":"Intimidate+1","floor":25.0},{"not_picked":["Spot Weakness+1","Iron Wave"],"picked":"Exhume+1","floor":26.0},{"not_picked":["Havoc+1","Sword Boomerang"],"picked":"Power Through+1","floor":29.0},{"not_picked":["Pommel Strike","Iron Wave+1"],"picked":"Ghostly Armor+1","floor":31.0},{"not_picked":["Intimidate+1","Hemokinesis","Twin Strike"],"picked":"SKIP","floor":32.0},{"not_picked":["Clash","Brutality"],"picked":"Seeing Red+1","floor":33.0},{"not_picked":["Bludgeon","Berserk"],"picked":"Barricade","floor":36.0},{"not_picked":["Clothesline","Evolve"],"picked":"True Grit+1","floor":38.0},{"not_picked":["Anger","Whirlwind","Thunderclap"],"picked":"SKIP","floor":39.0},{"not_picked":["Disarm+1","Shockwave+1"],"picked":"Sentinel+1","floor":42.0},{"not_picked":["Demon Form","Hemokinesis+1"],"picked":"Shockwave+1","floor":43.0},{"not_picked":["Whirlwind+1","Seeing Red+1","Armaments+1"],"picked":"SKIP","floor":45.0},{"not_picked":["Infernal Blade+1","Searing Blow"],"picked":"True Grit+1","floor":48.0},{"not_picked":["Armaments+1","Flex+1"],"picked":"Dark Embrace","floor":49.0},{"not_picked":["Clash","Hemokinesis","Rupture"],"picked":"SKIP","floor":50.0},{"not_picked":["Wild Strike","Headbutt"],"picked":"Shrug It Off+1","floor":52.0},{"not_picked":["Searing Blow","Sword Boomerang"],"picked":"Armaments+1","floor":60.0}],"player_experience":2501970,"relics_obtained":[{"floor":9.0,"key":"Mercury Hourglass"},{"floor":10.0,"key":"Toxic Egg 2"},{"floor":15.0,"key":"Sundial"},{"floor":27.0,"key":"Dota2Spire:EchoSabre"},{"floor":29.0,"key":"Dota2Spire:Desolator"},{"floor":31.0,"key":"White Beast Statue"},{"floor":43.0,"key":"Mummified Hand"},{"floor":46.0,"key":"Nunchaku"},{"floor":47.0,"key":"Dota2Spire:ArmletOfMordiggian"},{"floor":48.0,"key":"Akabeko"},{"floor":50.0,"key":"Lizard Tail"},{"floor":60.0,"key":"Anchor"}],"event_choices":[{"cards_removed":["Strike_R"],"damage_healed":0.0,"max_hp_gain":0.0,"max_hp_loss":0.0,"gold_gain":0.0,"event_name":"The Cleric","player_choice":"Card Removal","floor":3.0,"gold_loss":75.0,"damage_taken":0.0},{"damage_healed":30.0,"max_hp_gain":0.0,"max_hp_loss":0.0,"gold_gain":0.0,"event_name":"Wheel of Change","player_choice":"Full Heal","floor":7.0,"gold_loss":0.0,"damage_taken":0.0},{"damage_healed":0.0,"max_hp_gain":0.0,"max_hp_loss":0.0,"gold_gain":0.0,"event_name":"The Library","player_choice":"Read","floor":20.0,"gold_loss":0.0,"damage_taken":0.0,"cards_obtained":["Body Slam"]},{"damage_healed":0.0,"max_hp_gain":0.0,"max_hp_loss":0.0,"gold_gain":0.0,"event_name":"Accursed Blacksmith","player_choice":"Forge","floor":40.0,"gold_loss":0.0,"damage_taken":0.0,"cards_upgraded":["Barricade"]}],"is_beta":false,"boss_relics":[{"not_picked":["Runic Dome","Black Star"],"picked":"Coffee Dripper"},{"not_picked":["Tiny House","Mark of Pain"],"picked":"Dota2Spire:RefresherOrb"}],"items_purged_floors":[22,51],"is_endless":false,"potions_floor_spawned":[2,12,13,14,21,26,32,33,36,38,39,42,43,45,48,49,50,52,60],"ascension_level":20}}