{"host":"ep8i7b8n5hbu63rl","time":1614175030,"event":{"mods":["AchievementEnabler","BaseMod","Colored Map","DeckTracker","Keyboard Shortcuts","Minty Spire (QoL Compilation)","Permanent Neow","Quick Restart","SuperFastMode"],"gold_per_floor":[118,28,203,128,148,180,180,213,289,289,302,318,345,345,345,345,345],"floor_reached":16,"language":"KOR","playtime":1111,"items_purged":["Doubt"],"score":186,"play_id":"a2954a12-5ac7-48bc-86ef-6328725ef9f7","local_time":"20210224225710","is_ascension_mode":true,"campfire_choices":[{"floor":7.0,"key":"REST"},{"floor":10.0,"key":"REST"},{"floor":15.0,"key":"REST"}],"circlet_count":0,"master_deck":["Strike_B","Strike_B","Strike_B","Strike_B+1","Defend_B","Defend_B","Defend_B","Defend_B","Zap","Dualcast","Beam Cell","Finesse","Creative AI","Hyperbeam","BootSequence","Ball Lightning","Rebound","FTL+1"],"relics":["Cracked Core","Unceasing Top","Vajra","CaptainsWheel","Matryoshka","Toy Ornithopter"],"acts_visited":["Exordium"],"potions_floor_usage":[16],"damage_taken":[{"damage":0.0,"enemies":"Cultist","floor":1.0,"turns":3.0},{"damage":2.0,"enemies":"Jaw Worm","floor":5.0,"turns":3.0},{"damage":63.0,"enemies":"3 Sentries","floor":6.0,"turns":8.0},{"damage":13.0,"enemies":"Gremlin Nob","floor":8.0,"turns":3.0},{"damage":0.0,"enemies":"2 Louse","floor":11.0,"turns":1.0},{"damage":4.0,"enemies":"Blue Slaver","floor":12.0,"turns":3.0},{"damage":0.0,"enemies":"3 Sentries","floor":13.0,"turns":3.0},{"damage":39,"enemies":"The Guardian","floor":16,"turns":11}],"seed_played":"816453550965639235","potions_obtained":[{"floor":5.0,"key":"PowerPotion"},{"floor":13.0,"key":"ColorlessPotion"}],"is_trial":false,"path_per_floor":["M","$","?","$","M","E","R","E","T","R","M","M","E","?","R","B"],"character_chosen":"DEFECT","items_purchased":["Finesse"],"campfire_rested":3,"item_purchase_floors":[2],"current_hp_per_floor":[68,68,68,68,66,3,23,10,10,30,30,26,26,12,32,0,0],"gold":345,"neow_bonus":"ONE_RARE_RELIC","is_daily":false,"chose_seed":false,"campfire_upgraded":0,"win_rate":0.0,"timestamp":1614175030,"path_taken":["M","$","?","?","M","E","R","E","T","R","?","M","E","?","R","BOSS"],"items_purchased_type":["Card"],"build_version":"2020-12-22","purchased_purges":1,"victory":false,"max_hp_per_floor":[68,68,68,68,68,68,68,68,68,68,68,68,68,68,68,68,68],"card_choices":[{"not_picked":["Streamline","Coolheaded"],"picked":"Beam Cell","floor":1.0},{"not_picked":["Chaos","Hologram"],"picked":"Creative AI","floor":5.0},{"not_picked":["Gash","Rainbow"],"picked":"Hyperbeam","floor":6.0},{"not_picked":["Turbo","Gash"],"picked":"BootSequence","floor":8.0},{"not_picked":["Chaos","Barrage"],"picked":"Ball Lightning","floor":11.0},{"not_picked":["Cold Snap","BootSequence"],"picked":"Rebound","floor":12.0},{"not_picked":["Gash","Rebound"],"picked":"FTL","floor":13.0}],"player_experience":172130,"relics_obtained":[{"floor":6.0,"key":"Vajra"},{"floor":8.0,"key":"CaptainsWheel"},{"floor":9.0,"key":"Matryoshka"},{"floor":13.0,"key":"Toy Ornithopter"}],"event_choices":[{"damage_healed":0.0,"max_hp_gain":0.0,"max_hp_loss":0.0,"gold_gain":175.0,"event_name":"Liars Game","player_choice":"AGREE","floor":3.0,"gold_loss":0.0,"damage_taken":0.0,"cards_obtained":["Doubt"]},{"damage_healed":0.0,"max_hp_gain":0.0,"max_hp_loss":0.0,"gold_gain":0.0,"event_name":"Shining Light","player_choice":"Entered Light","floor":14.0,"gold_loss":0.0,"damage_taken":14.0,"cards_upgraded":["FTL","Strike_B"]}],"is_beta":false,"boss_relics":[],"items_purged_floors":[4],"is_endless":false,"potions_floor_spawned":[5,13],"killed_by":"The Guardian","ascension_level":6}}