{"host":"rw1trt79hfpl7pom","time":1614176922,"event":{"mods":["BaseMod","Bestiary","Colored Map","Jorbs\u0027s Wanderer Trilogy","Minty Spire (QoL Compilation)","Relic Stats","StSLib","SuperFastMode"],"gold_per_floor":[99,99,99,99,99,99,99,99,99,99,99,99,99,99,99,99,99],"floor_reached":16,"language":"ENG","playtime":439,"items_purged":[],"score":224,"play_id":"551e1180-92d7-4a9c-ad7b-bf743d26bed5","local_time":"20210224062842","is_ascension_mode":true,"campfire_choices":[{"floor":10.0,"key":"REST"},{"data":"Doom and Gloom","floor":15.0,"key":"SMITH"}],"circlet_count":0,"master_deck":["AscendersBane","Strike_B","Strike_B","Strike_B","Strike_B+1","Defend_B","Defend_B","Defend_B","Defend_B","Zap","Dualcast+1","Static Discharge","Doom and Gloom+1","Glacier","Genetic Algorithm","Seek","Self Repair"],"relics":["Ectoplasm","Strawberry","InkBottle","Happy Flower","MawBank"],"acts_visited":["Exordium"],"potions_floor_usage":[16,16],"damage_taken":[{"damage":0.0,"enemies":"Cultist","floor":1.0,"turns":3.0},{"damage":2.0,"enemies":"Jaw Worm","floor":2.0,"turns":3.0},{"damage":3.0,"enemies":"Small Slimes","floor":3.0,"turns":4.0},{"damage":8.0,"enemies":"Blue Slaver","floor":5.0,"turns":3.0},{"damage":6.0,"enemies":"3 Sentries","floor":6.0,"turns":6.0},{"damage":3.0,"enemies":"2 Fungi Beasts","floor":11.0,"turns":4.0},{"damage":11.0,"enemies":"Gremlin Nob","floor":12.0,"turns":4.0},{"damage":2.0,"enemies":"Exordium Wildlife","floor":14.0,"turns":4.0},{"damage":22,"enemies":"Slime Boss","floor":16,"turns":7}],"seed_played":"6812845503912740308","potions_obtained":[{"floor":2.0,"key":"Dexterity Potion"},{"floor":5.0,"key":"Dexterity Potion"},{"floor":11.0,"key":"AttackPotion"},{"floor":12.0,"key":"Dexterity Potion"}],"is_trial":false,"path_per_floor":["M","M","M","?","M","E","T","?","T","R","M","E","?","M","R","B"],"character_chosen":"DEFECT","items_purchased":[],"campfire_rested":1,"item_purchase_floors":[],"current_hp_per_floor":[64,62,59,38,30,31,31,13,13,36,33,22,22,20,20,0,0],"gold":99,"neow_bonus":"BOSS_RELIC","is_daily":false,"chose_seed":false,"campfire_upgraded":1,"win_rate":0.0,"timestamp":1614176922,"path_taken":["M","?","M","?","M","E","?","?","T","R","M","E","?","?","R","BOSS"],"items_purchased_type":[],"build_version":"2020-12-22","purchased_purges":0,"victory":false,"max_hp_per_floor":[71,71,71,71,71,78,78,78,78,78,78,78,78,78,78,78,78],"relic_stats":{"Happy Flower":[6],"counters":[9,38],"Ectoplasm":219,"MawBank":0,"obtain_stats":[{"Happy Flower":9,"Strawberry":6,"Ectoplasm":0,"Cracked Core":0,"MawBank":12,"InkBottle":8},{"Happy Flower":5,"Strawberry":5,"Ectoplasm":0,"Cracked Core":0,"MawBank":7,"InkBottle":5},{"Happy Flower":19,"Strawberry":19,"Ectoplasm":0,"Cracked Core":0,"MawBank":27,"InkBottle":19}],"InkBottle":[6]},"card_choices":[{"not_picked":["Stack","Leap"],"picked":"Static Discharge","floor":1.0},{"not_picked":["Capacitor","Streamline"],"picked":"Doom and Gloom","floor":2.0},{"not_picked":["BootSequence","Chaos","Steam"],"picked":"SKIP","floor":3.0},{"not_picked":["Scrape","Steam Power"],"picked":"Glacier","floor":5.0},{"not_picked":["Beam Cell","Rebound"],"picked":"Genetic Algorithm","floor":6.0},{"not_picked":["Stack","Rebound","Conserve Battery"],"picked":"SKIP","floor":11.0},{"not_picked":["Fusion","Darkness"],"picked":"Seek","floor":12.0},{"not_picked":["Conserve Battery","Go for the Eyes"],"picked":"Self Repair","floor":14.0}],"player_experience":2910044,"relics_obtained":[{"floor":6.0,"key":"Strawberry"},{"floor":9.0,"key":"Happy Flower"},{"floor":12.0,"key":"MawBank"}],"event_choices":[{"damage_healed":0.0,"max_hp_gain":0.0,"max_hp_loss":0.0,"gold_gain":0.0,"event_name":"Shining Light","player_choice":"Entered Light","floor":4.0,"gold_loss":0.0,"damage_taken":21.0,"cards_upgraded":["Strike_B","Dualcast"]},{"damage_healed":0.0,"max_hp_gain":0.0,"max_hp_loss":0.0,"gold_gain":0.0,"event_name":"Scrap Ooze","player_choice":"Success","floor":8.0,"gold_loss":0.0,"damage_taken":18.0,"relics_obtained":["InkBottle"]},{"damage_healed":0.0,"max_hp_gain":0.0,"max_hp_loss":0.0,"gold_gain":0.0,"event_name":"Liars Game","player_choice":"Ignored","floor":13.0,"gold_loss":0.0,"damage_taken":0.0}],"is_beta":false,"boss_relics":[],"items_purged_floors":[],"is_endless":false,"potions_floor_spawned":[2,5,11,12],"killed_by":"Slime Boss","ascension_level":20}}