{"host":"emqr263yqun247y7","time":1614174796,"event":{"mods":["Aspiration","BaseMod","Bestiary","BetterRewards","Colored Map","Curses Come First","Downfall","Hubris","Infinite Spire","Jorbs\u0027s Wanderer Trilogy","Marisa????????","Minty Spire (QoL Compilation)","READ ME - Guardian Mod","Replay The Spire","Robot Space Explorer","Spire Arcade","StSLib","The Bug Knight","The Cursed","The Disciple","The Hierophant","The Runesmith","The Servant 0.9.4","Yuri Mod","slay the spire mod where everything is the same but ironclad has a cowboy hat"],"gold_per_floor":[99,99,99,99,66,85,166,197,210,226,239,255,27,44,63,167,167,167,180,196,208,208,241,241,82,102,131,431,448,464,497,514,618,718,618,637,648,648,648,648],"floor_reached":38,"language":"ENG","playtime":5491,"items_purged":[],"score":542,"play_id":"0b8cd78f-2259-4752-aea5-bb2619a3d636","local_time":"20210224055316","is_ascension_mode":false,"campfire_choices":[{"data":"Slimebound:CorrosiveSpit","floor":1,"key":"SMITH"},{"data":"Slimebound:LevelUp","floor":18,"key":"SMITH"},{"floor":35,"key":"RECALL"}],"circlet_count":0,"master_deck":["Slimebound:Strike_Slimebound","Slimebound:Strike_Slimebound","Slimebound:Tackle","Slimebound:Defend_Slimebound","Slimebound:Defend_Slimebound","Slimebound:Defend_Slimebound","Slimebound:Defend_Slimebound","Slimebound:Split","Slimebound:CorrosiveSpit+1","Slimebound:LeechingTouch","Slimebound:SamplingLick","Slimebound:HauntingLick","Slimebound:SplitLeeching","Slimebound:SplitLeeching","Slimebound:LevelUp+1","Slimebound:ItLooksTasty","Slimebound:GoopSpray","Slimebound:RejuvenatingLick","Slimebound:Gluttony","Slimebound:MinionMaster","Slimebound:AcidTongue","Slimebound:SpikyOuterGoop","Slimebound:SpikyOuterGoop","Slimebound:SlimeBarrage","Slimebound:SlimeSpikes","Slimebound:SelfFormingGoo","Slimebound:Schlurp","Slimebound:RollThrough","Slimebound:ItLooksTasty","Slimebound:SamplingLick+1","Slimebound:SplitLeeching+1","Slimebound:LeechEnergy","Slimebound:LeadByExample","ReplayTheSpireMod:Echoes of Time","Slimebound:SlimeTap","Slimebound:Prepare","Slimebound:ProtectTheBoss+1","Slimebound:SamplingLick+1","Slimebound:Overexert","Slimebound:Repurpose+1","Slimebound:DivideAndConquer"],"relics":["Slimebound:AbsorbEndCombat","downfall:HeartsMalice","Quantum Egg","Dream Catcher","Blood Vial","Replay:Grab Bag","Painkiller Herb","aspiration:FutureDiary","hubris:ScarierMask","Pocketwatch","infinitespire:Beetle Shell","infinitespire:Lucky Rock","Orichalcum","Old Coin","Honey Jar","MealTicket","Replay:Wanted Poster","downfall:HeartBlessingGreen"],"acts_visited":["Exordium","TheCity","TheBeyond"],"potions_floor_usage":[21,25,30,38,38,38],"damage_taken":[{"damage":0,"enemies":"Cultist","floor":2,"turns":1},{"damage":0,"enemies":"infinitespire:Voidling","floor":4,"turns":1},{"damage":0,"enemies":"downfall:FleeingMerchant","floor":5,"turns":1},{"damage":2,"enemies":"Small Slimes","floor":6,"turns":3},{"damage":13,"enemies":"3 Sentries","floor":8,"turns":9},{"damage":6,"enemies":"Large Slime","floor":9,"turns":6},{"damage":0,"enemies":"3 Louse","floor":10,"turns":3},{"damage":1,"enemies":"2 Fungi Beasts","floor":11,"turns":4},{"damage":6,"enemies":"Lots of Slimes","floor":12,"turns":4},{"damage":0,"enemies":"downfall:FleeingMerchant","floor":13,"turns":4},{"damage":1,"enemies":"Blue Slaver","floor":14,"turns":5},{"damage":19,"enemies":"Exordium Wildlife","floor":15,"turns":7},{"damage":39,"enemies":"DF_ARCHETYPE_STREAMLINE","floor":16,"turns":10},{"damage":3,"enemies":"Chosen","floor":19,"turns":5},{"damage":0,"enemies":"downfall:LooterAlt2","floor":20,"turns":2},{"damage":10,"enemies":"3 Cultists","floor":21,"turns":5},{"damage":2,"enemies":"HollowMod:Nosk","floor":23,"turns":8},{"damage":10,"enemies":"downfall:FleeingMerchant","floor":25,"turns":4},{"damage":19,"enemies":"Centurion and Healer","floor":26,"turns":3},{"damage":25,"enemies":"Nightmare","floor":27,"turns":9},{"damage":9,"enemies":"Shelled Parasite and Fungi","floor":29,"turns":5},{"damage":15,"enemies":"3 Cultists","floor":30,"turns":4},{"damage":16,"enemies":"Replay:Snechameleon","floor":31,"turns":5},{"damage":0,"enemies":"Sentry and Sphere","floor":32,"turns":2},{"damage":0,"enemies":"WA_ARCHETYPE_CALM","floor":33,"turns":9},{"damage":2,"enemies":"3 Shapes","floor":36,"turns":3},{"damage":6,"enemies":"3 Darklings","floor":37,"turns":5},{"damage":2,"enemies":"infinitespire:Three Voidlings","floor":38,"turns":4},{"damage":73,"enemies":"Nightmare_Alpha","floor":38,"turns":7}],"seed_played":"3964593082416069455","potions_obtained":[{"floor":8,"key":"SteroidPotion"},{"floor":11,"key":"PowerPotion"},{"floor":12,"key":"Explosive Potion"},{"floor":23,"key":"Slimebound:SlimyTonguePotion"},{"floor":29,"key":"PowerPotion"},{"floor":31,"key":"AttackPotion"},{"floor":33,"key":"hexamod:SoulburnPotion"},{"floor":37,"key":"SteroidPotion"}],"is_trial":false,"path_per_floor":["R","M","?","M","$","M","T","E","M","M","M","M","$","M","M","B",null,"T","?","?","?","?","E","T","T","?","NM","AVR","?","?","E","?","B",null,"T","?","?","?"],"character_chosen":"SLIMEBOUND","items_purchased":["Slimebound:SplitLeeching","Slimebound:SpikyOuterGoop","Blood Vial","infinitespire:Lucky Rock"],"campfire_rested":0,"item_purchase_floors":[5,13,13,25],"current_hp_per_floor":[65,65,65,65,65,65,65,54,56,64,65,61,65,65,52,23,65,65,64,65,55,62,65,65,57,48,33,33,34,40,34,38,48,65,65,65,65,0,0,0],"gold":648,"neow_bonus":"THREE_ENEMY_KILL","is_daily":false,"chose_seed":false,"campfire_upgraded":2,"win_rate":0.0,"timestamp":1614174796,"path_taken":["R","M","?","?","$","M","T","E","M","M","M","M","$","M","M","BOSS","T","?","?","?","?","E","T","T","?","NM","AVR","?","?","E","?","BOSS","T","?","?","?"],"items_purchased_type":["Card","Card","Relic","Relic"],"build_version":"2020-12-22","purchased_purges":0,"victory":false,"max_hp_per_floor":[65,65,65,65,65,65,65,65,65,65,65,65,65,65,65,65,65,65,65,65,65,65,65,65,65,65,65,65,65,65,65,65,65,65,65,65,65,65,65,65],"card_choices":[{"not_picked":["Slimebound:RollThrough","Slimebound:SamplingLick"],"picked":"Slimebound:LeechingTouch","floor":2},{"not_picked":["Slimebound:SplitAcid","Slimebound:Schlurp"],"picked":"Slimebound:SamplingLick","floor":4},{"not_picked":["Slimebound:GoopSpray","Slimebound:MassRepurpose"],"picked":"Slimebound:HauntingLick","floor":5},{"not_picked":["Slimebound:Schlurp","Slimebound:SplitMire"],"picked":"Slimebound:LevelUp","floor":6},{"not_picked":["Slimebound:SplitAcid","Slimebound:GoopTackle"],"picked":"Slimebound:ItLooksTasty","floor":8},{"not_picked":["Slimebound:LeechingTouch","Slimebound:ViciousTackle"],"picked":"Slimebound:GoopSpray","floor":9},{"not_picked":["Slimebound:GoopSpray","Slimebound:SlimeBrawl"],"picked":"Slimebound:RejuvenatingLick","floor":10},{"not_picked":["Slimebound:SlimeTap","Slimebound:Equalize"],"picked":"Slimebound:Gluttony","floor":11},{"not_picked":["Slimebound:SplitAcid","Slimebound:Schlurp"],"picked":"Slimebound:MinionMaster","floor":12},{"not_picked":["Slimebound:SplitBruiser","Slimebound:ItLooksTasty"],"picked":"Slimebound:AcidTongue","floor":13},{"not_picked":["Slimebound:TongueLash","Slimebound:FinishingTackle"],"picked":"Slimebound:SlimeBarrage","floor":14},{"not_picked":["Slimebound:SplitAcid","Slimebound:GoopSpray"],"picked":"Slimebound:SlimeSpikes","floor":15},{"not_picked":["Slimebound:WasteNot","Slimebound:FirmFortitude"],"picked":"Slimebound:SelfFormingGoo","floor":16},{"not_picked":["Slimebound:BestDefense+1","Slimebound:GoopTackle"],"picked":"Slimebound:Schlurp","floor":19},{"not_picked":["Slimebound:FinishingTackle","Slimebound:FormOfPuddle"],"picked":"Slimebound:RollThrough","floor":20},{"not_picked":["Slimebound:GoopSpray","Slimebound:SplitLeeching"],"picked":"Slimebound:ItLooksTasty","floor":21},{"not_picked":["Slimebound:GoopSpray","Slimebound:Prepare"],"picked":"Slimebound:SamplingLick+1","floor":23},{"not_picked":["Slimebound:ViciousTackle","Slimebound:Dissolve"],"picked":"Slimebound:SplitLeeching+1","floor":25},{"not_picked":["Slimebound:HauntingLick+1","Slimebound:LevelUp"],"picked":"Slimebound:LeechEnergy","floor":26},{"not_picked":["Slimebound:SplitLeeching","Slimebound:MegaLick"],"picked":"Slimebound:LeadByExample","floor":27},{"not_picked":["Slimebound:Schlurp","Slimebound:LivingWall","Slimebound:HauntingLick"],"picked":"Slimebound:SlimeTap","floor":29},{"not_picked":["Slimebound:SpikyOuterGoop","Slimebound:Dissolve+1","Slimebound:FinishingTackle"],"picked":"Slimebound:Prepare","floor":30},{"not_picked":["Slimebound:LivingWall+1","Slimebound:PressTheAttack+1","Slimebound:ServeAndProtect+1"],"picked":"Slimebound:ProtectTheBoss+1","floor":31},{"not_picked":["Slimebound:ItLooksTasty","Slimebound:FinishingTackle","Slimebound:Schlurp+1"],"picked":"Slimebound:SamplingLick+1","floor":32},{"not_picked":["Slimebound:TagTeam","Slimebound:CheckThePlaybook","Slimebound:MinionMaster"],"picked":"Slimebound:Overexert","floor":33},{"not_picked":["Slimebound:SplitMire","Slimebound:FinishingTackle+1","Slimebound:ComboTackle+1"],"picked":"Slimebound:Repurpose+1","floor":36},{"not_picked":["Slimebound:Prepare+1","Slimebound:FinishingTackle+1","Slimebound:SplitLeeching+1"],"picked":"Slimebound:DivideAndConquer","floor":37}],"player_experience":693711,"relics_obtained":[{"floor":7,"key":"Quantum Egg"},{"floor":8,"key":"Dream Catcher"},{"floor":23,"key":"Pocketwatch"},{"floor":24,"key":"infinitespire:Beetle Shell"},{"floor":27,"key":"Orichalcum"},{"floor":31,"key":"MealTicket"}],"event_choices":[],"is_beta":false,"boss_relics":[{"not_picked":["aspiration:SilentSkillbook","Tiny House"],"picked":"Replay:Grab Bag"},{"not_picked":["Sozu","Philosopher\u0027s Stone"],"picked":"Painkiller Herb"},{"not_picked":["ReplayTheSpireMod:Onyx Gauntlets","hubris:GrandSneckoEye"],"picked":"aspiration:FutureDiary"},{"not_picked":["hubris:HollowSoul","aspiration:RunicSpoon"],"picked":"hubris:ScarierMask"},{"not_picked":["Black Star","hubris:BlackHole"],"picked":"Replay:Wanted Poster"}],"items_purged_floors":[],"is_endless":true,"potions_floor_spawned":[8,11,12,14,15,19,23,29,31,33,37,38],"killed_by":"Nightmare_Alpha","ascension_level":0}}