{"host":"whe4vf9w0yuhsr02","time":1614183288,"event":{"mods":["AchievementEnabler","Act Like it!","BaseMod","Better Altar","Better Match","Better Note","Better Sensory Stone","Better Skull","Better Third Choice","Colored Map","Dark Map","Friendly Minions","Highlight Path","Hubris","Library of Ruina","Library of Ruina Extra","Minty Spire (QoL Compilation)","Poor People Problems","Quick Restart","Replay The Spire","StSLib","everything is the same but u backflip on backflip"],"gold_per_floor":[120,120,131,6,6,6,33,53,53,53,68,68,23,58,58,159,159,169,0,0,0,10,44,56,95,107,138,150,180,222,249,261,370,382,308,330,442,466,490,530,554,593,632,644,674,720,777,823,835,847,859],"floor_reached":52,"language":"ENG","playtime":2305,"items_purged":["LightAttack"],"score":1779,"play_id":"b40e6a7a-ca8a-4940-b383-56143feb22b8","local_time":"20210224181448","is_ascension_mode":true,"campfire_choices":[{"data":"Multislash","floor":6.0,"key":"SMITH"},{"data":"Laceration","floor":10.0,"key":"SMITH"},{"data":"RhinoRam","floor":15.0,"key":"SMITH"},{"data":"CleanUp","floor":24,"key":"SMITH"},{"floor":28,"key":"DIG"},{"floor":32,"key":"DIG"},{"floor":44,"key":"DIG"},{"floor":49,"key":"DIG"}],"circlet_count":0,"master_deck":["Dodge","LightDefense","ChargeAndCover","FocusedStrikes+1","TrashDisposal","Madness","SavageMode","Multislash+1","BulkyImpact","Laceration+1","RhinoRam+1","QuickSuppression","GatherIntel","CleanUp+1","Parry2","Unlock1","Disposal","Concentration","DimensionalRift+1","EnergyBeam","hubris:Wrath","GrazeTheGrass","VioletBlade+1"],"relics":["PageOfLibrarian","hubris:SlimyHat","hubris:Towel","hubris:MysteriousPyramids","PageOfLumberjack","Ring of Peace","Ring of Panic","Replay:Baseball","Black Star","PreservedInsect","MutagenicStrength","MawBank","Replay:Rubber Ducky","Whetstone","Orichalcum","Shovel","Bottled Flame","HornCleat","PageOfTodaysShyLook","Iron Hammer","Kintsugi","The Courier","Anchor","Lantern","Happy Flower","Nunchaku","hubris:Potato","Replay:Bottled Flurry","PageOfJudgementBird","Durian","PageOfTheSilentOrchestra","PageOfWrath","Turnip"],"acts_visited":["Exordium","TheCity","TheBeyond"],"potions_floor_usage":[33,50,50,51],"damage_taken":[{"damage":0.0,"enemies":"2 Louse","floor":1.0,"turns":4.0},{"damage":0.0,"enemies":"Jaw Worm","floor":3.0,"turns":3.0},{"damage":24.0,"enemies":"3 Sentries","floor":7.0,"turns":8.0},{"damage":0.0,"enemies":"Small Slimes","floor":8.0,"turns":3.0},{"damage":7.0,"enemies":"3 Louse","floor":11.0,"turns":4.0},{"damage":0.0,"enemies":"Gremlin Nob","floor":14.0,"turns":2.0},{"damage":0.0,"enemies":"Fading Forest","floor":16.0,"turns":9.0},{"damage":0,"enemies":"Shell Parasite","floor":18,"turns":2},{"damage":0,"enemies":"Spheric Guardian","floor":22,"turns":1},{"damage":0,"enemies":"Book of Stabbing","floor":23,"turns":3},{"damage":0,"enemies":"Slavers","floor":25,"turns":2},{"damage":12,"enemies":"Snake Plant","floor":27,"turns":3},{"damage":0,"enemies":"Chosen and Byrds","floor":29,"turns":3},{"damage":0,"enemies":"Gremlin Leader","floor":30,"turns":5},{"damage":0,"enemies":"Shelled Parasite and Fungi","floor":31,"turns":3},{"damage":0,"enemies":"Pondfish","floor":33,"turns":5},{"damage":10,"enemies":"3 Shapes","floor":35,"turns":3},{"damage":0,"enemies":"Orb Walker","floor":36,"turns":1},{"damage":18,"enemies":"4 Shapes","floor":38,"turns":3},{"damage":0,"enemies":"Transient","floor":39,"turns":5},{"damage":0,"enemies":"R_Hoarder","floor":40,"turns":3},{"damage":0,"enemies":"Maw","floor":41,"turns":3},{"damage":0,"enemies":"Reptomancer","floor":42,"turns":2},{"damage":0,"enemies":"Sphere and 2 Shapes","floor":45,"turns":3},{"damage":0,"enemies":"Giant Head","floor":46,"turns":3},{"damage":0,"enemies":"2 Orb Walkers","floor":47,"turns":4},{"damage":0,"enemies":"R_Hoarder","floor":48,"turns":2},{"damage":0,"enemies":"hubris:GrandSnecko","floor":50,"turns":4},{"damage":0,"enemies":"hubris:GrandSnecko","floor":51,"turns":5}],"seed_played":"-9106665907225214549","potions_obtained":[{"floor":8.0,"key":"SneckoOil"},{"floor":22,"key":"Languid Potion"},{"floor":25,"key":"LiquidBronze"},{"floor":29,"key":"DuplicationPotion"},{"floor":38,"key":"Energy Potion"},{"floor":39,"key":"Dexterity Potion"},{"floor":42,"key":"LiquidMemories"}],"is_trial":false,"path_per_floor":["M","?","M","$","?","R","E","M","T","R","M","?","$","E","R","B",null,"M","$","?","?","M","E","R","E","T","M","R","M","E","M","R","B",null,"M","M","?","M","M","E","M","E","T","R","M","E","?","E","R","B",null,null],"character_chosen":"Librarian","items_purchased":["Multislash","QuickSuppression","PreservedInsect","Unlock1"],"campfire_rested":0,"item_purchase_floors":[4,13,19,19],"current_hp_per_floor":[60,60,60,60,60,60,42,46,46,46,43,43,43,43,43,57,82,82,82,82,82,82,82,82,82,82,70,70,74,74,74,74,78,89,79,83,83,69,73,73,77,81,81,81,83,84,89,89,89,89,89],"gold":871,"neow_bonus":"RANDOM_COMMON_RELIC","is_daily":false,"chose_seed":false,"campfire_upgraded":4,"win_rate":0.0,"timestamp":1614183288,"path_taken":["M","?","M","$","?","R","E","M","T","R","M","?","$","E","R","BOSS","M","$","?","?","M","E","R","E","T","M","R","M","E","?","R","BOSS","M","?","?","M","M","E","M","E","T","R","?","E","?","E","R","BOSS"],"items_purchased_type":["Card","Card","Relic","Card"],"build_version":"2020-12-22","purchased_purges":1,"victory":true,"max_hp_per_floor":[65,65,201,201,201,201,201,201,201,201,201,201,201,201,201,82,82,82,82,82,82,82,82,82,82,82,82,82,82,89,89,89,89,89,89,89,89,84,84,84,84,84,84,84,84,84,89,89,89,89,89],"card_choices":[{"not_picked":["EnergyStrike","EnergyConversion","MultiHit","Unlock1","Reload","TendonChords","BackAttack","WillOfThePrescript"],"picked":"TrashDisposal","floor":1.0},{"not_picked":["Deep Breath","Dark Shackles","Replay:Sssssssssshield","The Bomb","Flash of Steel","Replay:Sssssssssstrike","Bandage Up","Panacea"],"picked":"Madness","floor":2.0},{"not_picked":["EndlessBattle","SpearedSweep","DarkCloud","Diversion","BulkyImpact","EnergyShield","Rewind","FierceOnslaught"],"picked":"SavageMode","floor":3.0},{"not_picked":["MultiHit","ForTheFamily","Collision","FleetEdge","TieShanKao","Rewind","Brawl","Reload"],"picked":"BulkyImpact","floor":7.0},{"not_picked":["UnavoidableGaze","DesperateStruggle","ChiWen","Rampage_lor","Reload","SharpSwipe","QuickAttack","Preparation"],"picked":"Laceration","floor":8.0},{"not_picked":["RagingStormLove","Retaliate","WillOfThePrescript","StructuralAnalysis","ICanCookAnything","BiteOff","VenomousFangs","ViolentFlame"],"picked":"RhinoRam","floor":11.0},{"not_picked":["Leap_lor","RipSpace","Quickness","AutonomousRush","Ripple","RepressedFlesh","SmokingPipe","ChopItOff"],"picked":"GatherIntel","floor":14.0},{"not_picked":["RipSpace","FormingStorm"],"picked":"CleanUp","floor":16.0},{"not_picked":["SmokingPipe","SilentNight","PreemptiveStrike","Leap_lor","Standoff","SomberProcuration","SunsetBlade","HighSpeedStabbing"],"picked":"Parry2","floor":18},{"not_picked":["DesperateStruggle","FleetFootsteps","Thrust+1","EndlessBattle","SerpentSwordTechnique","Diversion","Leap_lor","PreemptiveStrike","FierceCharge"],"picked":"SKIP","floor":22},{"not_picked":["Pound","ShockingBlow+1","HardRehearsal","DefenseOrder+1","GuidanceOfTheGears","Quickness","HighSpeedStabbing","Crush","EmotionalTurbulence"],"picked":"SKIP","floor":23},{"not_picked":["FocusFire+1","UncannyStrike","Outburst","StrikeDown+1","StructuralAnalysis+1","DesperateStruggle","MindCrush","HandleRequest+1","QuickAttack"],"picked":"SKIP","floor":25},{"not_picked":["SnakesPrey+1","Quickness","HiddenBlade","PreemptiveStrike","LawAndOrder+1","AutonomousRush","Eliminate","InhaleSmoke"],"picked":"Disposal","floor":27},{"not_picked":["StayCalm","Diversion","Castigation","PreparedMind","EnergyShield","ToOvercomeCrisis","MultiBlock+1","StrikeDown"],"picked":"Concentration","floor":29},{"not_picked":["QuickSuppression","ShockingBlow","HighKick","CoordinatedAssault+1","GuardingStance","Transpierce","StructuralAnalysis","Struggle","PinpointShot"],"picked":"SKIP","floor":30},{"not_picked":["SerpentineBarrier","Leap_lor","WillProduceFineSilk","GreatSerpentsImpact","EnergyCycle","SummaryJudgment","BackAttack","FierceCharge"],"picked":"DimensionalRift+1","floor":31},{"not_picked":["ChargeUp","RipSpace"],"picked":"EnergyBeam","floor":33},{"not_picked":["BizarreAttack","Transpierce","StrongStrike+1","Rewind","DevastatingThrash+1","GreatSerpentsImpact","BiXi+1","CookingPrep+1"],"picked":"GrazeTheGrass","floor":35},{"not_picked":["Thrust","TimeForALittleTest","ClassAndRespect","GrazeTheGrass","SmokingPipe","SunsetBlade+1","AbsorbImpact","SpearedSweep+1","QuickSuppression+1"],"picked":"SKIP","floor":36},{"not_picked":["WrathOfTorment","Gigigig","FervidEmotions+1","GuidanceOfTheGears","FeelinGood","DarkCloud+1","FierceCharge+1","HandleRequest+1","FlashOfSunup+1"],"picked":"SKIP","floor":38},{"not_picked":["FleetFootsteps","Tailoring","BladeWhirl+1","Standoff+1","InkOver","Unlock1+1","Wallop_lor+1","SmokingPipe+1","Rewind+1"],"picked":"SKIP","floor":39},{"not_picked":["EnergyStrike+1","SharpSwipe+1","Disposal","Retaliate","BackAttack+1","EnergyShield","MindCrush","Parry+1"],"picked":"VioletBlade+1","floor":40},{"not_picked":["CombatPreparation+1","BiAn+1","StructuralAnalysis","SunsetBlade+1","AlloutWar+1","HandleRequest","YouOnlyLiveOnce+1","SpearedSweep","SharpSwipe+1"],"picked":"SKIP","floor":41},{"not_picked":["Wallop_lor+1","FleetFootsteps+1","HighKick","MultiHit","ScatteringSlash+1","BiXi+1","Faith","FierceCharge+1","Leap_lor+1"],"picked":"SKIP","floor":42},{"not_picked":["PreparedMind","Track","TheArtOfRapidSteps","DefenseOrder","SkitterAway+1","Parry2+1","TrashDisposal","UpbeatPerformance","Struggle"],"picked":"SKIP","floor":45},{"not_picked":["Fence","SkyClearingCut+1","Creak","UpbeatPerformance","SerpentineBarrier","Castigation","QuickAttack+1","UndertakePrescript","EnergyShield"],"picked":"SKIP","floor":46},{"not_picked":["SparkingSpear","YourShield","VioletBlade","DarkCloud","EnergyConversion","SturdyDefense","SmokingPipe+1","WaitUp+1","MultiBlock+1"],"picked":"SKIP","floor":48},{"not_picked":["SparkingSpear","YourShield","VioletBlade","DarkCloud","EnergyConversion","SturdyDefense","SmokingPipe+1","WaitUp+1","MultiBlock+1"],"picked":"SKIP","floor":48}],"player_experience":449331,"relics_obtained":[{"floor":7.0,"key":"hubris:MysteriousPyramids"},{"floor":9.0,"key":"PageOfLumberjack"},{"floor":12.0,"key":"Ring of Peace"},{"floor":12.0,"key":"Ring of Panic"},{"floor":14.0,"key":"Replay:Baseball"},{"floor":23,"key":"MawBank"},{"floor":23,"key":"Replay:Rubber Ducky"},{"floor":25,"key":"Whetstone"},{"floor":25,"key":"Orichalcum"},{"floor":26,"key":"Shovel"},{"floor":28,"key":"Bottled Flame"},{"floor":30,"key":"HornCleat"},{"floor":30,"key":"PageOfTodaysShyLook"},{"floor":32,"key":"Iron Hammer"},{"floor":40,"key":"The Courier"},{"floor":40,"key":"Anchor"},{"floor":42,"key":"Lantern"},{"floor":42,"key":"Happy Flower"},{"floor":43,"key":"Nunchaku"},{"floor":44,"key":"hubris:Potato"},{"floor":46,"key":"Replay:Bottled Flurry"},{"floor":46,"key":"PageOfJudgementBird"},{"floor":47,"key":"Durian"},{"floor":48,"key":"PageOfTheSilentOrchestra"},{"floor":48,"key":"PageOfWrath"},{"floor":49,"key":"Turnip"}],"event_choices":[{"damage_healed":0.0,"max_hp_gain":0.0,"max_hp_loss":0.0,"gold_gain":1.0,"event_name":"betterStone:BetterStone","player_choice":"1","floor":2.0,"gold_loss":0.0,"damage_taken":0.0},{"damage_healed":0,"gold_gain":0,"player_choice":"Inject Mutagens","damage_taken":0,"relics_obtained":["MutagenicStrength"],"max_hp_gain":0,"max_hp_loss":0,"event_name":"Drug Dealer","floor":20,"gold_loss":0},{"cards_removed":["Looming Evil"],"damage_healed":0,"gold_gain":0,"player_choice":"Removed Curses","damage_taken":0,"max_hp_gain":0,"max_hp_loss":0,"event_name":"Fountain of Cleansing","floor":21,"gold_loss":0},{"damage_healed":0,"gold_gain":100,"player_choice":"Pray","damage_taken":0,"max_hp_gain":0,"max_hp_loss":0,"event_name":"Golden Shrine","floor":37,"gold_loss":0},{"damage_healed":0,"gold_gain":0,"player_choice":"Fight","damage_taken":0,"max_hp_gain":0,"max_hp_loss":0,"event_name":"Mysterious Sphere","floor":47,"gold_loss":0}],"is_beta":false,"boss_relics":[{"not_picked":["Fusion Hammer","Cursed Key"],"picked":"Black Star"},{"not_picked":["hubris:HollowSoul","Replay:Grab Bag"],"picked":"Kintsugi"}],"items_purged_floors":[4],"is_endless":false,"potions_floor_spawned":[8,22,25,29,38,39,41,42,45],"ascension_level":2}}