{"host":"7wi4qgm5yw4j7oz0","time":1614171952,"event":{"mods":["AchievementEnabler","BaseMod","Block Reminder","Colored Map","Colored Powertips","Highlight Path","Minty Spire (QoL Compilation)","Permanent Neow","Random Character Button","StSLib","SuperFastMode","everything is the same but u backflip on backflip"],"gold_per_floor":[118,128,146,146,19,19,44,44,91,104,104,124,37,66,66,142,142,161,181,10,10,29,29,41,71,120,139,139,157,182,107,107,183,183,193,205,11,26,37,37,53,53,53,84,96,108,120,151,163,175,175],"floor_reached":50,"language":"KOR","playtime":2587,"items_purged":["Strike_R","Strike_R"],"score":1043,"play_id":"c9b97013-bf4b-4cb9-84b7-98bff4ab53cc","local_time":"20210224220552","is_ascension_mode":true,"campfire_choices":[{"data":"Clothesline","floor":6.0,"key":"SMITH"},{"floor":8.0,"key":"REST"},{"data":"Hemokinesis","floor":11.0,"key":"SMITH"},{"data":"Heavy Blade","floor":15.0,"key":"SMITH"},{"data":"Heavy Blade","floor":23.0,"key":"SMITH"},{"data":"Warcry","floor":28.0,"key":"SMITH"},{"data":"Uppercut","floor":32.0,"key":"SMITH"},{"data":"Inflame","floor":40.0,"key":"SMITH"},{"floor":42.0,"key":"REST"},{"floor":49.0,"key":"REST"}],"circlet_count":0,"master_deck":["AscendersBane","Defend_R","Defend_R","Defend_R","Defend_R","Bash+1","Iron Wave","Dropkick","Clothesline+1","Heavy Blade+1","Shrug It Off","Hemokinesis+1","Ghostly Armor","Warcry+1","Inflame+1","Reaper","Inflame","Heavy Blade+1","Exhume","Uppercut+1","Immolate","Enlightenment","Battle Trance","Blood for Blood","Demon Form+1"],"relics":["Burning Blood","Pen Nib","Oddly Smooth Stone","Dream Catcher","Snecko Eye","Orichalcum","Tiny Chest","PreservedInsect","TungstenRod","Sozu","Frozen Egg 2","MawBank"],"acts_visited":["Exordium","TheCity","TheBeyond"],"potions_floor_usage":[],"damage_taken":[{"damage":1.0,"enemies":"Cultist","floor":1.0,"turns":3.0},{"damage":7.0,"enemies":"Small Slimes","floor":2.0,"turns":4.0},{"damage":7.0,"enemies":"Jaw Worm","floor":3.0,"turns":3.0},{"damage":47.0,"enemies":"3 Sentries","floor":7.0,"turns":12.0},{"damage":8.0,"enemies":"Blue Slaver","floor":10.0,"turns":4.0},{"damage":0.0,"enemies":"Looter","floor":12.0,"turns":2.0},{"damage":17.0,"enemies":"Lagavulin","floor":14.0,"turns":6.0},{"damage":36.0,"enemies":"Hexaghost","floor":16.0,"turns":9.0},{"damage":7.0,"enemies":"2 Thieves","floor":18.0,"turns":3.0},{"damage":2.0,"enemies":"Spheric Guardian","floor":19.0,"turns":3.0},{"damage":7.0,"enemies":"Snecko","floor":22.0,"turns":3.0},{"damage":19.0,"enemies":"Snake Plant","floor":24.0,"turns":4.0},{"damage":20.0,"enemies":"Gremlin Leader","floor":25.0,"turns":8.0},{"damage":26.0,"enemies":"3 Cultists","floor":27.0,"turns":6.0},{"damage":13.0,"enemies":"Cultist and Chosen","floor":29.0,"turns":5.0},{"damage":27.0,"enemies":"Book of Stabbing","floor":30.0,"turns":4.0},{"damage":77.0,"enemies":"Collector","floor":33.0,"turns":10.0},{"damage":1.0,"enemies":"Orb Walker","floor":35.0,"turns":3.0},{"damage":18.0,"enemies":"3 Shapes","floor":36.0,"turns":3.0},{"damage":4.0,"enemies":"3 Darklings","floor":38.0,"turns":4.0},{"damage":48.0,"enemies":"Transient","floor":39.0,"turns":6.0},{"damage":39.0,"enemies":"Spire Growth","floor":41.0,"turns":5.0},{"damage":3.0,"enemies":"Reptomancer","floor":44.0,"turns":3.0},{"damage":37.0,"enemies":"Maw","floor":48.0,"turns":6.0},{"damage":47,"enemies":"Donu and Deca","floor":50,"turns":4}],"seed_played":"502240032733342562","potions_obtained":[{"floor":2.0,"key":"FearPotion"},{"floor":12.0,"key":"Explosive Potion"},{"floor":16.0,"key":"PowerPotion"},{"floor":22.0,"key":"AttackPotion"},{"floor":29.0,"key":"Strength Potion"}],"is_trial":false,"path_per_floor":["M","M","M","?","$","R","E","R","T","M","R","M","$","E","R","B",null,"M","M","$","?","M","R","M","E","T","M","R","M","E","?","R","B",null,"M","M","$","M","M","R","M","R","T","E","?","$","$","M","R","B"],"character_chosen":"IRONCLAD","items_purchased":["Shrug It Off","Inflame","Orichalcum","Enlightenment"],"campfire_rested":3,"item_purchase_floors":[5,13,20,37],"current_hp_per_floor":[73,72,71,71,71,71,30,52,52,50,50,56,56,45,45,15,60,74,75,75,75,75,75,71,75,75,75,75,69,48,48,48,15,60,65,69,69,71,43,43,22,44,44,47,47,47,47,16,38,0,0],"gold":175,"neow_bonus":"UPGRADE_CARD","is_daily":false,"chose_seed":false,"campfire_upgraded":7,"win_rate":0.0,"timestamp":1614171952,"path_taken":["M","M","?","?","$","R","E","R","T","M","R","M","?","E","R","BOSS","M","M","$","?","M","R","M","E","T","M","R","M","E","?","R","BOSS","M","M","$","M","M","R","M","R","T","E","?","?","$","M","R","BOSS"],"items_purchased_type":["Card","Card","Relic","Card"],"build_version":"2020-12-22","purchased_purges":2,"victory":false,"max_hp_per_floor":[75,75,75,75,75,75,75,75,75,75,75,75,75,75,75,75,75,75,75,75,75,75,75,75,75,75,75,75,75,75,75,75,75,75,75,75,75,75,75,75,75,75,75,75,75,75,75,75,75,75,75],"card_choices":[{"not_picked":["True Grit","Searing Blow"],"picked":"Iron Wave","floor":1.0},{"not_picked":["Shockwave","Thunderclap"],"picked":"Dropkick","floor":2.0},{"not_picked":["Havoc","Clash"],"picked":"Clothesline","floor":3.0},{"not_picked":["Feel No Pain","Sentinel"],"picked":"Hemokinesis","floor":7.0},{"not_picked":["Flex","Clash"],"picked":"Ghostly Armor","floor":10.0},{"not_picked":["Havoc","Pummel"],"picked":"Warcry","floor":12.0},{"not_picked":["Warcry","Perfected Strike","Dark Embrace"],"picked":"SKIP","floor":14.0},{"not_picked":["Bludgeon","Brutality"],"picked":"Reaper","floor":16.0},{"not_picked":["Thunderclap+1","Clothesline","Flex"],"picked":"SKIP","floor":18.0},{"not_picked":["Clothesline","Clash"],"picked":"Inflame","floor":19.0},{"not_picked":["Sever Soul","Battle Trance"],"picked":"Heavy Blade","floor":22.0},{"not_picked":["Wild Strike","Twin Strike"],"picked":"Exhume","floor":24.0},{"not_picked":["Perfected Strike","Fire Breathing","Dark Embrace"],"picked":"SKIP","floor":25.0},{"not_picked":["Pommel Strike","Burning Pact","Body Slam"],"picked":"SKIP","floor":27.0},{"not_picked":["Dark Embrace","Perfected Strike"],"picked":"Uppercut","floor":29.0},{"not_picked":["Flex","Intimidate","Armaments"],"picked":"SKIP","floor":30.0},{"not_picked":["Offering","Fiend Fire"],"picked":"Immolate","floor":33.0},{"not_picked":["Shrug It Off","Spot Weakness","Whirlwind"],"picked":"SKIP","floor":35.0},{"not_picked":["Body Slam","Burning Pact","Headbutt+1"],"picked":"SKIP","floor":36.0},{"not_picked":["Body Slam+1","Cleave+1","Power Through+1"],"picked":"SKIP","floor":38.0},{"not_picked":["Power Through","Flex","Clash"],"picked":"SKIP","floor":39.0},{"not_picked":["Cleave","True Grit","Dropkick"],"picked":"SKIP","floor":41.0},{"not_picked":["Feel No Pain+1","Reckless Charge"],"picked":"Battle Trance","floor":44.0},{"not_picked":["Metallicize+1","Inflame+1"],"picked":"Demon Form+1","floor":48.0}],"player_experience":366130,"relics_obtained":[{"floor":7.0,"key":"Pen Nib"},{"floor":9.0,"key":"Oddly Smooth Stone"},{"floor":14.0,"key":"Dream Catcher"},{"floor":25.0,"key":"Tiny Chest"},{"floor":26.0,"key":"PreservedInsect"},{"floor":30.0,"key":"TungstenRod"},{"floor":43.0,"key":"Frozen Egg 2"},{"floor":44.0,"key":"MawBank"}],"event_choices":[{"damage_healed":0.0,"max_hp_gain":0.0,"max_hp_loss":0.0,"gold_gain":0.0,"cards_transformed":["Strike_R"],"event_name":"Transmorgrifier","player_choice":"Transformed","floor":4.0,"gold_loss":0.0,"damage_taken":0.0,"cards_obtained":["Heavy Blade"]},{"cards_removed":["Strike_R"],"damage_healed":0.0,"max_hp_gain":0.0,"max_hp_loss":0.0,"gold_gain":0.0,"event_name":"Beggar","player_choice":"Gave Gold","floor":31.0,"gold_loss":75.0,"damage_taken":0.0},{"damage_healed":0.0,"max_hp_gain":0.0,"max_hp_loss":0.0,"gold_gain":0.0,"cards_transformed":["Strike_R"],"event_name":"Transmorgrifier","player_choice":"Transformed","floor":45.0,"gold_loss":0.0,"damage_taken":0.0,"cards_obtained":["Blood for Blood"]}],"is_beta":false,"boss_relics":[{"not_picked":["Philosopher\u0027s Stone","Ectoplasm"],"picked":"Snecko Eye"},{"not_picked":["SacredBark","SlaversCollar"],"picked":"Sozu"}],"items_purged_floors":[5,37],"is_endless":false,"potions_floor_spawned":[2,12,16,18,22,24,29,35,41],"killed_by":"Donu and Deca","ascension_level":18}}