{"host":"d3bsw5ou8fswq5qc","time":1614211022,"event":{"mods":["Aspiration","BaseMod","Colored Map","Conspire","Downfall","GifTheSpireLib","Googly Eyes","Minty Spire (QoL Compilation)","Replay The Spire","StSLib","Stuff the Spire","The Jungle"],"gold_per_floor":[114,114,114,126,144,178,178,207,207,207,218,229,262,37,37,135,135,151,151,163,182,193,227,227,258,258,9,9,9,25,57,57,161,161,181,195,143,143,159,184,204,229,229,255,255,305,321,321,321,321],"floor_reached":51,"language":"FRA","playtime":4411,"items_purged":["Defend_R"],"score":905,"play_id":"62d16a9b-e1e3-4a38-991f-44d3291485ea","local_time":"20210225005702","is_ascension_mode":true,"campfire_choices":[{"data":"True Grit","floor":7,"key":"SMITH"},{"data":"Ghostly Armor","floor":10,"key":"SMITH"},{"floor":15,"key":"REST"},{"data":"Metallicize","floor":24,"key":"SMITH"},{"data":"Bouncing Flask","floor":28,"key":"SMITH"},{"data":"Bash","floor":32,"key":"SMITH"},{"data":"Heavy Blade","floor":45,"key":"SMITH"},{"floor":49,"key":"DIG"}],"circlet_count":0,"master_deck":["Strike_R+1","Strike_R+1","Strike_R+1","Strike_R+1","Strike_R+1","Defend_R","Defend_R","Defend_R","Bash+1","Bouncing Flask+1","Bouncing Flask","Cleave","True Grit+1","Ghostly Armor+1","conspire:ExplosiveBarrier","Metallicize+1","Armaments+1","Impervious+1","conspire:Charge+1","Demon Form+1","ReplayTheSpireMod:Stacked","Pummel","Heavy Blade+1","Replay:Undeath\u0027s Touch+1","Reaper+1","ReplayReversal+1","Warcry+1","Barricade+1","Shrug It Off+1","Shrug It Off+1","Body Slam+1","Finesse","Headbutt","Replay:Undeath\u0027s Touch+1","Evolve+1"],"relics":["Burning Blood","aspiration:Nostalgia","m_HexaRing","aspiration:ChemicalBlood","StuffTheSpire:Gunfinga","Snack Pack","Paper Frog","Golden Egg","Replay:Fungal Core","Oddly Smooth Stone","conspire:GiftBox","conspire:Flyswatter","StuffTheSpire:ForceGauntlet","Lantern","Replay:Grab Bag","Painkiller Herb","conspire:SlowCooker","conspire:SpecialSausage","Turnip","Pet Ghost","Bottled Tornado","Replay:Bottled Eggs","Prayer Wheel","Frozen Egg 2","Mirror"],"acts_visited":["Exordium","Exordium","TheBeyond"],"potions_floor_usage":[6,6,8,13,13,18,23,25,33,33,36,42,44,50,50],"damage_taken":[{"damage":3,"enemies":"conspire:RoseBush","floor":1,"turns":3},{"damage":1,"enemies":"2 Louse","floor":4,"turns":3},{"damage":0,"enemies":"Small Slimes","floor":5,"turns":3},{"damage":17,"enemies":"Gremlin Nob","floor":6,"turns":4},{"damage":31,"enemies":"Lagavulin","floor":8,"turns":6},{"damage":6,"enemies":"Exordium Thugs","floor":11,"turns":5},{"damage":13,"enemies":"2 Fungi Beasts","floor":12,"turns":3},{"damage":18,"enemies":"3 Sentries","floor":13,"turns":8},{"damage":8,"enemies":"Slime Boss","floor":16,"turns":11},{"damage":12,"enemies":"theJungle:MUSHROOMGANG","floor":18,"turns":5},{"damage":1,"enemies":"theJungle:5_Spyders","floor":20,"turns":8},{"damage":7,"enemies":"theJungle:Lyon","floor":21,"turns":4},{"damage":12,"enemies":"theJungle:2_Flameangoes","floor":22,"turns":7},{"damage":20,"enemies":"theJungle:MamaSnecko","floor":23,"turns":5},{"damage":17,"enemies":"theJungle:2_Phrogs","floor":25,"turns":6},{"damage":3,"enemies":"theJungle:SlimyTreeVines","floor":30,"turns":5},{"damage":14,"enemies":"theJungle:Cassacara","floor":31,"turns":5},{"damage":44,"enemies":"theJungle:TotemBoss","floor":33,"turns":8},{"damage":3,"enemies":"Orb Walker","floor":35,"turns":3},{"damage":18,"enemies":"3 Darklings","floor":36,"turns":6},{"damage":0,"enemies":"4 Shapes","floor":39,"turns":4},{"damage":4,"enemies":"R_Hoarder","floor":40,"turns":7},{"damage":0,"enemies":"Sphere and 2 Shapes","floor":41,"turns":3},{"damage":46,"enemies":"Reptomancer","floor":42,"turns":7},{"damage":9,"enemies":"Giant Head","floor":44,"turns":4},{"damage":1,"enemies":"Mind Bloom Boss Battle","floor":46,"turns":5},{"damage":0,"enemies":"3 Darklings","floor":47,"turns":4},{"damage":35,"enemies":"Awakened One","floor":50,"turns":8}],"seed_played":"1377481077439349232","potions_obtained":[{"floor":4,"key":"Block Potion"},{"floor":5,"key":"DuplicationPotion"},{"floor":13,"key":"BloodPotion"},{"floor":20,"key":"Fire Potion"},{"floor":22,"key":"BlessingOfTheForge"},{"floor":23,"key":"DistilledChaos"},{"floor":31,"key":"Block Potion"},{"floor":35,"key":"PowerPotion"},{"floor":50,"key":"hexamod:SoulburnPotion"}],"is_trial":false,"path_per_floor":["M","?","?","M","M","E","R","E","T","R","M","M","E","$","R","B",null,"M","?","M","M","M","E","R","E","T","$","R","$","M","E","R","B",null,"?","?","T","?","?","E","?","E","T","E","T","?","?","T","T","B",null],"character_chosen":"IRONCLAD","items_purchased":["Impervious","conspire:Charge","StuffTheSpire:ForceGauntlet","Body Slam"],"campfire_rested":1,"item_purchase_floors":[14,14,27,37],"current_hp_per_floor":[80,80,73,78,80,69,69,44,44,44,44,37,25,25,49,49,80,78,78,80,79,75,63,63,56,56,56,56,56,74,68,68,46,80,80,68,68,68,74,80,80,42,42,65,65,74,80,80,80,59],"gold":321,"neow_bonus":"NOSTALGIA","is_daily":false,"chose_seed":false,"campfire_upgraded":6,"win_rate":0.0,"timestamp":1614211022,"path_taken":["M","?","?","M","M","E","R","E","T","R","M","M","E","$","R","BOSS","M","?","M","M","M","E","R","E","T","$","R","?","M","E","R","BOSS","?","?","T","?","?","E","?","E","T","E","T","?","?","?","T","BOSS"],"items_purchased_type":["Card","Card","Relic","Card"],"build_version":"2020-12-22","purchased_purges":1,"victory":true,"max_hp_per_floor":[80,80,80,80,80,80,80,80,80,80,80,80,80,80,80,80,80,80,80,80,80,80,80,80,80,80,80,80,80,80,80,80,80,80,80,80,80,80,80,80,80,80,80,80,80,80,80,80,80,80],"card_choices":[{"not_picked":["Thunderclap","Abandon"],"picked":"Bouncing Flask","floor":1},{"not_picked":["Power Through","ReplayTheSpireMod:Strike From Hell"],"picked":"Bouncing Flask","floor":4},{"not_picked":["Wild Strike","Anger"],"picked":"Cleave","floor":5},{"not_picked":["Massacre","Cleave"],"picked":"True Grit","floor":6},{"not_picked":["StuffTheSpire:Incineration","Power Through"],"picked":"Ghostly Armor","floor":8},{"not_picked":["hexamod:RainOfEmbers","Dark Embrace"],"picked":"conspire:ExplosiveBarrier","floor":11},{"not_picked":["Inflame","Carnage"],"picked":"Metallicize","floor":12},{"not_picked":["Abandon","StuffTheSpire:RockThrow"],"picked":"Armaments","floor":13},{"not_picked":["Reaper","Envenom"],"picked":"Demon Form","floor":16},{"not_picked":["Perfected Strike","Clash"],"picked":"ReplayTheSpireMod:Stacked","floor":18},{"not_picked":["Havoc+1","Clash"],"picked":"Pummel","floor":20},{"not_picked":["ReplayTheSpireMod:Muscle Training+1","StuffTheSpire:Resist","Run Through"],"picked":"SKIP","floor":21},{"not_picked":["ReplayTheSpireMod:Strike From Hell","conspire:HitWhereItHurts"],"picked":"Heavy Blade","floor":22},{"not_picked":["Bloodletting","Flame Barrier+1"],"picked":"Replay:Undeath\u0027s Touch+1","floor":23},{"not_picked":["Eclipse","Impervious"],"picked":"Reaper","floor":25},{"not_picked":["Battle Trance","Iron Wave"],"picked":"ReplayReversal+1","floor":25},{"not_picked":["Perfected Strike","Dual Wield"],"picked":"Warcry+1","floor":30},{"not_picked":["Sword Boomerang+1","Clash","Demonic Infusion"],"picked":"SKIP","floor":31},{"not_picked":["Double Tap","Reaper"],"picked":"Barricade","floor":33},{"not_picked":["ReplayReversal","Blood for Blood+1"],"picked":"Shrug It Off+1","floor":35},{"not_picked":["Blood for Blood","Sword Boomerang"],"picked":"Shrug It Off+1","floor":36},{"not_picked":["StuffTheSpire:PlasmaPulse","Mayhem"],"picked":"Finesse","floor":38},{"not_picked":["Run Through+1","Defy Death"],"picked":"Headbutt","floor":39},{"not_picked":["Anger+1","Armaments"],"picked":"Replay:Undeath\u0027s Touch+1","floor":40},{"not_picked":["Flex+1","ReplayTheSpireMod:Strike From Hell","Sword Boomerang+1"],"picked":"SKIP","floor":41},{"not_picked":["ReplayTheSpireMod:Strike From Hell","Dark Embrace"],"picked":"Evolve+1","floor":42},{"not_picked":["Barricade","Inflame+1","Wild Strike+1"],"picked":"SKIP","floor":44},{"not_picked":["Havoc","Pommel Strike","Sword Boomerang+1"],"picked":"SKIP","floor":47},{"not_picked":["Rage+1","Flex","Sever Soul+1"],"picked":"SKIP","floor":47}],"player_experience":297406,"relics_obtained":[{"floor":6,"key":"StuffTheSpire:Gunfinga"},{"floor":8,"key":"Snack Pack"},{"floor":9,"key":"Paper Frog"},{"floor":13,"key":"Golden Egg"},{"floor":23,"key":"Oddly Smooth Stone"},{"floor":25,"key":"conspire:GiftBox"},{"floor":26,"key":"conspire:Flyswatter"},{"floor":31,"key":"Lantern"},{"floor":40,"key":"Turnip"},{"floor":42,"key":"Pet Ghost"},{"floor":43,"key":"Bottled Tornado"},{"floor":44,"key":"Replay:Bottled Eggs"},{"floor":46,"key":"Prayer Wheel"},{"floor":48,"key":"Frozen Egg 2"},{"floor":49,"key":"Mirror"}],"event_choices":[{"damage_healed":0,"gold_gain":0,"player_choice":"Ignored","damage_taken":0,"max_hp_gain":0,"max_hp_loss":0,"event_name":"Golden Wing","floor":2,"gold_loss":0},{"damage_healed":0,"gold_gain":0,"player_choice":"Success","damage_taken":7,"relics_obtained":["aspiration:ChemicalBlood"],"max_hp_gain":0,"max_hp_loss":0,"event_name":"Scrap Ooze","floor":3,"gold_loss":0},{"damage_healed":0,"gold_gain":0,"player_choice":"Upgraded","damage_taken":0,"max_hp_gain":0,"max_hp_loss":0,"event_name":"Upgrade Shrine","floor":19,"gold_loss":0,"cards_upgraded":["Armaments"]},{"damage_healed":0,"gold_gain":0,"player_choice":"Memory 1","damage_taken":0,"max_hp_gain":0,"max_hp_loss":0,"event_name":"SensoryStone","floor":38,"gold_loss":0},{"damage_healed":0,"gold_gain":0,"player_choice":"Fight","damage_taken":0,"max_hp_gain":0,"max_hp_loss":0,"event_name":"MindBloom","floor":46,"gold_loss":0}],"is_beta":false,"boss_relics":[{"not_picked":["SlaversCollar","StuffTheSpire:RunicConfusion"],"picked":"Replay:Fungal Core"},{"not_picked":["Astrolabe","Coffee Dripper"],"picked":"Replay:Grab Bag"},{"not_picked":["aspiration:FutureDiary","ReplayTheSpireMod:DimensionalGlitch"],"picked":"Painkiller Herb"},{"not_picked":["Mark of Pain","ReplayTheSpireMod:Onyx Gauntlets"],"picked":"conspire:SlowCooker"},{"not_picked":["aspiration:DefectSkillbook","Pandora\u0027s Box"],"picked":"conspire:SpecialSausage"}],"items_purged_floors":[14],"is_endless":false,"potions_floor_spawned":[4,5,13,20,22,23,25,30,35,36],"ascension_level":1}}