{"host":"eaiphzh066bwqdh7","time":1614199648,"event":{"mods":["AchievementEnabler","Aspiration","BaseMod","Bestiary","Better Note","Better Third Choice","Colored Powertips","Curses Come First","GifTheSpireLib","Halation","Highlight Path","Hubris","Infinite Spire","Minty Spire (QoL Compilation)","Quick Restart","Reliquary","Replay The Spire","StSLib","Stuff the Spire"],"gold_per_floor":[112,123,138,138,154,154,165,165,192,192,209,209,209,222,222,325,325,343,359,372,387,327,356,356,371,371,371,371,371,389,165,165,266,266,279,279,123,140,140,140,140,140,140,140,240,270,270,283,283,283,283],"floor_reached":50,"language":"ENG","playtime":1364,"items_purged":[],"score":659,"play_id":"86099431-d045-4b34-bfd2-63f4ee5bc154","local_time":"20210224154728","is_ascension_mode":true,"campfire_choices":[{"floor":6,"key":"REST"},{"floor":8,"key":"REST"},{"data":"Metallicize","floor":10,"key":"SMITH"},{"floor":15,"key":"REST"},{"floor":24,"key":"REST"},{"floor":27,"key":"REST"},{"floor":28,"key":"REST"},{"floor":29,"key":"REST"},{"data":"Metallicize","floor":32,"key":"SMITH"},{"data":"Metallicize","floor":41,"key":"SMITH"},{"data":"hubris:StunningStrike","floor":42,"key":"SMITH"},{"data":"Bludgeon","floor":44,"key":"SMITH"},{"data":"Rampage","floor":47,"key":"SMITH"},{"data":"infinitespire:FinalStrike","floor":49,"key":"SMITH"}],"circlet_count":0,"master_deck":["Strike_R","Strike_R","Strike_R","Strike_R","Strike_R","Defend_R","Defend_R","Defend_R","Defend_R","Bash","Infernal Blade","Rampage+1","infinitespire:FinalStrike+1","Metallicize+1","ReplayTheSpireMod:Strike From Hell","StuffTheSpire:Harmony","Flex","hubris:StunningStrike+1","Flex","Searing Blow+1","Sentinel+1","Metallicize+1","Ghostly Armor","Metallicize+1","Bludgeon+1","Shrug It Off+1"],"relics":["Burning Blood","Busted Crown","WingedGreaves","StuffTheSpire:EmeraldSignet","StuffTheSpire:Experiment12","StuffTheSpire:Kangaroo","Gremlin Food","FossilizedHelix","hubris:GlazedTorus"],"acts_visited":["Exordium","TheCity","TheBeyond"],"potions_floor_usage":[7,11,23,23,33,33,35,48,50,50],"damage_taken":[{"damage":6,"enemies":"Cultist","floor":1,"turns":3},{"damage":20,"enemies":"Small Slimes","floor":2,"turns":3},{"damage":7,"enemies":"2 Louse","floor":3,"turns":3},{"damage":11,"enemies":"2 Fungi Beasts","floor":5,"turns":3},{"damage":7,"enemies":"Exordium Thugs","floor":7,"turns":3},{"damage":2,"enemies":"Gremlin Gang","floor":11,"turns":4},{"damage":22,"enemies":"Lots of Slimes","floor":14,"turns":4},{"damage":68,"enemies":"Hexaghost","floor":16,"turns":9},{"damage":23,"enemies":"3 Byrds","floor":18,"turns":5},{"damage":29,"enemies":"Shell Parasite","floor":19,"turns":6},{"damage":10,"enemies":"Snake Plant","floor":20,"turns":4},{"damage":25,"enemies":"Cultist and Chosen","floor":21,"turns":5},{"damage":14,"enemies":"Nightmare","floor":23,"turns":11},{"damage":34,"enemies":"Centurion and Healer","floor":25,"turns":5},{"damage":24,"enemies":"Snake Plant","floor":30,"turns":4},{"damage":76,"enemies":"Champ","floor":33,"turns":16},{"damage":75,"enemies":"3 Shapes","floor":35,"turns":3},{"damage":7,"enemies":"Orb Walker","floor":38,"turns":2},{"damage":0,"enemies":"Nemesis","floor":46,"turns":7},{"damage":6,"enemies":"4 Shapes","floor":48,"turns":7},{"damage":113,"enemies":"Donu and Deca","floor":50,"turns":9}],"seed_played":"6143616501242920217","potions_obtained":[{"floor":2,"key":"DistilledChaos"},{"floor":3,"key":"BlessingOfTheForge"},{"floor":7,"key":"Reflective Coating"},{"floor":19,"key":"FearPotion"},{"floor":20,"key":"HeartOfIron"},{"floor":25,"key":"Swift Potion"},{"floor":33,"key":"Energy Potion"},{"floor":35,"key":"Reflective Coating"},{"floor":38,"key":"Explosive Potion"},{"floor":46,"key":"EssenceOfSteel"}],"is_trial":false,"path_per_floor":["M","M","M","?","M","R","M","R","T","R","M","?","?","M","R","B",null,"M","M","M","M","?","NM","R","M","T","R","R","R","M","$","R","B",null,"M","?","$","M","$","R","R","R","T","R","?","E","R","M","R","B"],"character_chosen":"IRONCLAD","items_purchased":["StuffTheSpire:Experiment12","Metallicize","Gremlin Food"],"campfire_rested":7,"item_purchase_floors":[31,31,37],"current_hp_per_floor":[72,58,57,33,28,56,55,83,83,83,87,87,87,72,96,34,81,65,43,40,22,22,17,45,20,20,48,76,96,81,81,81,18,77,14,96,96,95,95,95,95,95,95,95,95,96,96,96,96,0,0],"gold":283,"neow_bonus":"TWENTY_PERCENT_HP_BONUS","is_daily":false,"chose_seed":false,"campfire_upgraded":7,"win_rate":0.0,"timestamp":1614199648,"path_taken":["M","M","?","?","M","R","M","R","T","R","M","?","?","?","R","BOSS","M","M","?","?","?","NM","R","M","T","R","R","R","M","?","R","BOSS","M","?","?","M","$","R","R","R","T","R","?","E","R","?","R","BOSS"],"items_purchased_type":["Relic","Card","Relic"],"build_version":"2020-12-22","purchased_purges":0,"victory":false,"max_hp_per_floor":[96,96,96,96,96,96,96,96,96,96,96,96,96,96,96,96,96,96,96,96,96,96,96,96,96,96,96,96,96,96,96,96,96,96,96,96,96,96,96,96,96,96,96,96,96,96,96,96,96,96,96],"card_choices":[{"not_picked":["Anger","Heavy Blade"],"picked":"Infernal Blade","floor":1},{"not_picked":["Warcry","ReplayReversal","Infernal Blade"],"picked":"SKIP","floor":2},{"not_picked":["Thunderclap","Cleave"],"picked":"Rampage","floor":3},{"not_picked":["ReplayTheSpireMod:Chaos Vortex","infinitespire:UltimateForm"],"picked":"infinitespire:FinalStrike","floor":4},{"not_picked":["Anger","Sentinel"],"picked":"Metallicize","floor":5},{"not_picked":["Power Through","Entrench","Infernal Blade"],"picked":"SKIP","floor":7},{"not_picked":["Life Link","Searing Blow"],"picked":"ReplayTheSpireMod:Strike From Hell","floor":11},{"not_picked":["StuffTheSpire:Innocence","StuffTheSpire:Perfection"],"picked":"StuffTheSpire:Harmony","floor":12},{"not_picked":["Uppercut","Wild Strike"],"picked":"Flex","floor":14},{"not_picked":["Eclipse","Corruption"],"picked":"hubris:StunningStrike","floor":16},{"not_picked":[],"picked":"Flex","floor":18},{"not_picked":[],"picked":"Searing Blow+1","floor":19},{"not_picked":["ReplayTheSpireMod:Limb From Limb"],"picked":"SKIP","floor":20},{"not_picked":[],"picked":"Sentinel+1","floor":21},{"not_picked":[],"picked":"Metallicize","floor":23},{"not_picked":[],"picked":"Ghostly Armor","floor":25},{"not_picked":["Fire Breathing+1"],"picked":"SKIP","floor":30},{"not_picked":[],"picked":"Bludgeon","floor":33},{"not_picked":["hubris:ReadiedAction+1"],"picked":"SKIP","floor":35},{"not_picked":["Headbutt"],"picked":"SKIP","floor":38},{"not_picked":["Body Slam"],"picked":"SKIP","floor":46},{"not_picked":[],"picked":"Shrug It Off+1","floor":48}],"player_experience":349029,"relics_obtained":[{"floor":9,"key":"Red Skull"},{"floor":23,"key":"WingedGreaves"},{"floor":26,"key":"StuffTheSpire:EmeraldSignet"},{"floor":43,"key":"FossilizedHelix"},{"floor":46,"key":"hubris:GlazedTorus"}],"event_choices":[{"damage_healed":82,"gold_gain":0,"player_choice":"Full Heal","damage_taken":0,"max_hp_gain":0,"max_hp_loss":0,"event_name":"Wheel of Change","floor":36,"gold_loss":0},{"damage_healed":0,"gold_gain":100,"player_choice":"Pray","damage_taken":0,"max_hp_gain":0,"max_hp_loss":0,"event_name":"Golden Shrine","floor":45,"gold_loss":0}],"is_beta":false,"boss_relics":[{"not_picked":["ReplayTheSpireMod:SealedPack","aspiration:RitualDagger"],"picked":"Busted Crown"},{"not_picked":["Replay:Bronze Core","StuffTheSpire:ModemDavis"],"picked":"StuffTheSpire:Kangaroo"}],"items_purged_floors":[],"is_endless":false,"potions_floor_spawned":[2,3,7,19,20,25,33,35,38,46],"killed_by":"Donu and Deca","ascension_level":5}}