{"host":"i0avyit1s6jb1siw","time":1614194259,"event":{"mods":["BaseMod","DeckTracker","Dota2Spire","Minty Spire (QoL Compilation)","Quick Restart","StSLib","SuperFastMode"],"gold_per_floor":[99,99,99,99,22,0,0,0,0,0,0,0,0,0,0,0,0,0,0,0,0,0,0,0,0],"floor_reached":24,"language":"ENG","playtime":465,"items_purged":[],"score":446,"play_id":"8228c4e0-dca6-4840-8f73-85fcf4a78401","local_time":"20210224201739","is_ascension_mode":true,"campfire_choices":[{"data":"Well Laid Plans","floor":7,"key":"SMITH"},{"data":"Predator","floor":14,"key":"SMITH"},{"data":"Bouncing Flask","floor":17,"key":"SMITH"}],"circlet_count":0,"master_deck":["AscendersBane","Strike_G","Strike_G","Defend_G","Defend_G","Defend_G","Defend_G","Defend_G","Survivor","Neutralize","Bouncing Flask+1","Deadly Poison","Well Laid Plans+1","Predator+1","Deflect","Corpse Explosion","Wraith Form v2","Masterful Stab+1","Terror+1","Night Terror+1","PiercingWail","Backflip"],"relics":["Ectoplasm","CultistMask","Lantern","Vajra","PreservedInsect","Astrolabe"],"acts_visited":["Exordium","TheCity"],"potions_floor_usage":[4,24],"damage_taken":[{"damage":2,"enemies":"Jaw Worm","floor":1,"turns":7},{"damage":1,"enemies":"Cultist","floor":3,"turns":3},{"damage":0,"enemies":"Small Slimes","floor":4,"turns":2},{"damage":11,"enemies":"Looter","floor":6,"turns":3},{"damage":8,"enemies":"Exordium Thugs","floor":11,"turns":4},{"damage":15,"enemies":"Lagavulin","floor":15,"turns":6},{"damage":0,"enemies":"Lots of Slimes","floor":16,"turns":2},{"damage":15,"enemies":"The Guardian","floor":18,"turns":8},{"damage":2,"enemies":"Chosen","floor":20,"turns":4},{"damage":0,"enemies":"Spheric Guardian","floor":22,"turns":2},{"damage":24,"enemies":"Centurion and Healer","floor":23,"turns":4},{"damage":26,"enemies":"Shelled Parasite and Fungi","floor":24,"turns":5}],"seed_played":"-1535097480598344095","potions_obtained":[{"floor":3,"key":"SneckoOil"},{"floor":6,"key":"Strength Potion"},{"floor":11,"key":"SpeedPotion"}],"is_trial":false,"path_per_floor":["M","?","M","M","$","M","R","$","T","T","M","?","?","R","E","M","R","B",null,"M","$","M","M","M"],"character_chosen":"THE_SILENT","items_purchased":["Predator"],"campfire_rested":0,"item_purchase_floors":[5],"current_hp_per_floor":[57,57,56,56,56,45,45,45,45,45,37,37,37,37,22,22,22,7,51,49,49,49,25,0,0],"gold":0,"neow_bonus":"BOSS_RELIC","is_daily":false,"chose_seed":false,"campfire_upgraded":3,"win_rate":0.0,"timestamp":1614194259,"path_taken":["M","?","M","M","?","M","R","$","T","T","?","?","?","R","E","M","R","BOSS","M","$","M","M","M"],"items_purchased_type":["Card"],"build_version":"2020-12-22","purchased_purges":0,"victory":false,"max_hp_per_floor":[66,66,66,66,66,66,66,66,66,66,66,66,66,66,66,66,66,66,66,66,66,66,66,66,66],"card_choices":[{"not_picked":["Deflect","Acrobatics"],"picked":"Bouncing Flask","floor":1},{"not_picked":["Bane","Dodge and Roll"],"picked":"Deadly Poison","floor":3},{"not_picked":["Tactician","Finisher"],"picked":"Well Laid Plans","floor":4},{"not_picked":["Outmaneuver","Underhanded Strike"],"picked":"Deflect","floor":6},{"not_picked":["Escape Plan","Prepared"],"picked":"Corpse Explosion","floor":11},{"not_picked":["Quick Slash","Finisher","Slice"],"picked":"SKIP","floor":15},{"not_picked":["Slice","Dagger Throw","Poisoned Stab"],"picked":"SKIP","floor":16},{"not_picked":["Tools of the Trade","Corpse Explosion"],"picked":"Wraith Form v2","floor":18},{"not_picked":["Prepared","Setup","Predator"],"picked":"SKIP","floor":20},{"not_picked":["Bane","Deadly Poison"],"picked":"PiercingWail","floor":22},{"not_picked":["PiercingWail","Slice"],"picked":"Backflip","floor":23}],"player_experience":2509441,"relics_obtained":[{"floor":9,"key":"Lantern"},{"floor":10,"key":"Vajra"},{"floor":15,"key":"PreservedInsect"}],"event_choices":[{"damage_healed":0,"gold_gain":0,"player_choice":"Trade","damage_taken":0,"relics_obtained":["CultistMask"],"max_hp_gain":0,"max_hp_loss":0,"event_name":"FaceTrader","floor":2,"gold_loss":0},{"damage_healed":0,"gold_gain":0,"player_choice":"Ignored","damage_taken":0,"max_hp_gain":0,"max_hp_loss":0,"event_name":"Shining Light","floor":12,"gold_loss":0},{"damage_healed":0,"gold_gain":0,"player_choice":"Ignored","damage_taken":0,"max_hp_gain":0,"max_hp_loss":0,"event_name":"Liars Game","floor":13,"gold_loss":0}],"is_beta":false,"boss_relics":[{"not_picked":["Tiny House","WristBlade"],"picked":"Astrolabe"}],"items_purged_floors":[],"is_endless":false,"potions_floor_spawned":[3,6,11,16,20],"killed_by":"Shelled Parasite and Fungi","ascension_level":20}}