{"host":"5dk97cf2ubw2v967","time":1614136187,"event":{"mods":["AlwaysNeverKeys","BaseMod","Better Altar","Better Vampires","Block Reminder","Card Filter","Colored Powertips","Downfall","Googly Eyes","Highlight Path","Minty Spire (QoL Compilation)","Permanent Neow","Potion Indicator Mod","Quick Restart","Relic Filter","Relic Stats","Say the Spire","Spicy Shops","StSLib","Waifu the Spire","everything is the same but u backflip on backflip"],"gold_per_floor":[111,128,147,72,90,90,115,115,115,141,141,216,366,381,381,456,456,476,39,58,71,71,71],"floor_reached":22,"language":"ENG","playtime":766,"items_purged":["Doubt","Strike_R"],"score":392,"play_id":"d087d63c-deed-4119-9451-a3558fa65e35","local_time":"20210224030947","is_ascension_mode":true,"campfire_choices":[{"data":"Twin Strike","floor":6,"key":"SMITH"},{"data":"Searing Blow","floor":8,"key":"SMITH"},{"data":"Searing Blow+1","floor":11,"key":"SMITH"},{"floor":15,"key":"REST"}],"circlet_count":0,"master_deck":["AscendersBane","Strike_R","Strike_R","Strike_R","Strike_R","Defend_R","Defend_R","Defend_R","Defend_R","Bash","Evolve","Iron Wave","Twin Strike+1","Disarm","Searing Blow+2","Feel No Pain","Immolate","Berserk","Second Wind+1","Mayhem","Inflame","Fire Breathing"],"relics":["Burning Blood","Thread and Needle","Charon\u0027s Ashes","Matryoshka","Vajra","bronze:MakeshiftBattery"],"acts_visited":["Exordium","TheCity"],"potions_floor_usage":[5,7,10,14,22],"damage_taken":[{"damage":2,"enemies":"Cultist","floor":1,"turns":5},{"damage":13,"enemies":"Jaw Worm","floor":2,"turns":4},{"damage":0,"enemies":"Small Slimes","floor":3,"turns":4},{"damage":0,"enemies":"Looter","floor":5,"turns":3},{"damage":30,"enemies":"3 Sentries","floor":7,"turns":9},{"damage":4,"enemies":"Gremlin Nob","floor":10,"turns":3},{"damage":27,"enemies":"Exordium Wildlife","floor":14,"turns":5},{"damage":22,"enemies":"Slime Boss","floor":16,"turns":8},{"damage":17,"enemies":"Spheric Guardian","floor":18,"turns":4},{"damage":16,"enemies":"2 Thieves","floor":20,"turns":4},{"damage":39,"enemies":"Shelled Parasite and Fungi","floor":21,"turns":3},{"damage":0,"enemies":"Chosen and Byrds","floor":22,"turns":3}],"seed_played":"2143634455998192108","potions_obtained":[{"floor":1,"key":"Weak Potion"},{"floor":3,"key":"DuplicationPotion"},{"floor":7,"key":"PowerPotion"},{"floor":10,"key":"Swift Potion"},{"floor":20,"key":"GamblersBrew"}],"is_trial":false,"path_per_floor":["M","M","M","?","M","R","E","R","T","E","R","?","?","M","R","B",null,"M","$","M","M","M"],"character_chosen":"IRONCLAD","items_purchased":["Mayhem","Inflame"],"campfire_rested":1,"item_purchase_floors":[19,19],"current_hp_per_floor":[72,65,71,71,75,75,51,51,51,53,53,42,42,21,43,27,63,52,52,42,9,9,9],"gold":71,"neow_bonus":"ONE_RARE_RELIC","is_daily":false,"chose_seed":false,"campfire_upgraded":3,"win_rate":0.0,"timestamp":1614136187,"path_taken":["M","?","M","?","M","R","E","R","T","E","R","?","?","M","R","BOSS","M","$","M","M","M"],"items_purchased_type":["Card","Card"],"build_version":"2020-12-22","purchased_purges":2,"victory":false,"max_hp_per_floor":[75,75,75,75,75,75,75,75,75,75,75,75,75,75,75,75,75,75,75,75,75,75,75],"relic_stats":{"counters":[12,55],"Charon\u0027s Ashes":[36],"obtain_stats":[{"Matryoshka":9,"Vajra":10,"Thread and Needle":0,"Charon\u0027s Ashes":7,"Burning Blood":0,"bronze:MakeshiftBattery":17},{"Matryoshka":5,"Vajra":6,"Thread and Needle":0,"Charon\u0027s Ashes":5,"Burning Blood":0,"bronze:MakeshiftBattery":8},{"Matryoshka":25,"Vajra":28,"Thread and Needle":0,"Charon\u0027s Ashes":25,"Burning Blood":0,"bronze:MakeshiftBattery":41}],"Burning Blood":64},"card_choices":[{"not_picked":["Headbutt","Anger"],"picked":"Evolve","floor":1},{"not_picked":["Wild Strike","Hemokinesis"],"picked":"Iron Wave","floor":2},{"not_picked":["Pommel Strike","Shrug It Off"],"picked":"Twin Strike","floor":3},{"not_picked":["Warcry","Heavy Blade"],"picked":"Disarm","floor":5},{"not_picked":["Burning Pact","Uppercut"],"picked":"Searing Blow","floor":7},{"not_picked":["Clash","Sever Soul"],"picked":"Feel No Pain","floor":10},{"not_picked":["Sword Boomerang","Iron Wave"],"picked":"Immolate","floor":14},{"not_picked":["Reaper","Offering"],"picked":"Berserk","floor":16},{"not_picked":["Metallicize","Entrench"],"picked":"Second Wind+1","floor":18},{"not_picked":["Clothesline+1","Sword Boomerang"],"picked":"Fire Breathing","floor":20},{"not_picked":["Iron Wave","Pommel Strike","Rage"],"picked":"SKIP","floor":21}],"player_experience":1344281,"relics_obtained":[{"floor":7,"key":"Charon\u0027s Ashes"},{"floor":9,"key":"Matryoshka"},{"floor":10,"key":"Vajra"}],"event_choices":[{"cards_removed":["downfall:Icky"],"damage_healed":0,"gold_gain":0,"player_choice":"Card Removal","damage_taken":0,"max_hp_gain":0,"max_hp_loss":0,"event_name":"The Cleric","floor":4,"gold_loss":75},{"damage_healed":0,"gold_gain":75,"player_choice":"Gather Gold","damage_taken":11,"max_hp_gain":0,"max_hp_loss":0,"event_name":"World of Goop","floor":12,"gold_loss":0},{"damage_healed":0,"gold_gain":150,"player_choice":"AGREE","damage_taken":0,"max_hp_gain":0,"max_hp_loss":0,"event_name":"Liars Game","floor":13,"gold_loss":0,"cards_obtained":["Doubt"]}],"is_beta":false,"boss_relics":[{"not_picked":["Busted Crown","Coffee Dripper"],"picked":"bronze:MakeshiftBattery"}],"items_purged_floors":[19,19],"is_endless":false,"potions_floor_spawned":[1,3,7,10,20],"killed_by":"Chosen and Byrds","ascension_level":20}}