{"host":"anox4050deqdcqoh","time":1614194934,"event":{"mods":["BaseMod","Colored Map","Displayed Cursed Tome","Highlight Path","Minty Spire (QoL Compilation)","Quick Restart","Rare Cards Sparkle","everything is the same but u backflip on backflip"],"gold_per_floor":[119,119,130,148,160,160,174,184,184,197,197,216,231,96,96,194,194,207,221,6,22,22,22,55,55,55,55,71,21,21,36,36,36,36],"floor_reached":33,"language":"ENG","playtime":1719,"items_purged":["Strike_B","Defend_B"],"score":316,"play_id":"d42b0245-f669-44f5-b7cf-2e5995adc964","local_time":"20210224142854","is_ascension_mode":true,"campfire_choices":[{"data":"Gash","floor":6,"key":"SMITH"},{"data":"White Noise","floor":15,"key":"SMITH"},{"floor":23,"key":"REST"},{"floor":25,"key":"REST"},{"floor":32,"key":"REST"}],"circlet_count":0,"master_deck":["Strike_B","Defend_B","Defend_B","Zap+1","Dualcast+1","Self Repair","Barrage","Gash+1","Sweeping Beam","Cold Snap","Streamline","Machine Learning","Beam Cell","Gash","Leap","White Noise+1","Buffer","Coolheaded","Chill","Apotheosis","Gash","Leap","Machine Learning","Steam","Doom and Gloom+1","Decay","Go for the Eyes"],"relics":["Cracked Core","War Paint","Smiling Mask","Inserter","Kunai","Frozen Egg 2","Potion Belt"],"acts_visited":["Exordium","TheCity"],"potions_floor_usage":[12,16,19,21,21,24,31,31],"damage_taken":[{"damage":0,"enemies":"Small Slimes","floor":1,"turns":2},{"damage":0,"enemies":"Cultist","floor":3,"turns":3},{"damage":1,"enemies":"2 Louse","floor":4,"turns":3},{"damage":12,"enemies":"Gremlin Gang","floor":5,"turns":4},{"damage":22,"enemies":"Lots of Slimes","floor":7,"turns":4},{"damage":4,"enemies":"Looter","floor":8,"turns":2},{"damage":2,"enemies":"Blue Slaver","floor":10,"turns":3},{"damage":2,"enemies":"3 Louse","floor":12,"turns":2},{"damage":12,"enemies":"Exordium Wildlife","floor":13,"turns":4},{"damage":29,"enemies":"Hexaghost","floor":16,"turns":9},{"damage":18,"enemies":"Spheric Guardian","floor":18,"turns":5},{"damage":19,"enemies":"2 Thieves","floor":19,"turns":3},{"damage":24,"enemies":"Shelled Parasite and Fungi","floor":21,"turns":4},{"damage":50,"enemies":"Slavers","floor":24,"turns":6},{"damage":18,"enemies":"Cultist and Chosen","floor":28,"turns":6},{"damage":12,"enemies":"Centurion and Healer","floor":31,"turns":7},{"damage":53,"enemies":"Champ","floor":33,"turns":10}],"seed_played":"8970022822902187653","potions_obtained":[{"floor":3,"key":"FearPotion"},{"floor":8,"key":"DistilledChaos"},{"floor":10,"key":"DuplicationPotion"},{"floor":16,"key":"Regen Potion"},{"floor":21,"key":"LiquidBronze"},{"floor":28,"key":"PowerPotion"}],"is_trial":false,"path_per_floor":["M","?","M","M","M","R","M","M","T","M","?","M","M","$","R","B",null,"M","M","$","M","?","R","E","R","T","?","M","$","?","M","R","B"],"character_chosen":"DEFECT","items_purchased":["White Noise","AttackPotion","Apotheosis","Block Potion"],"campfire_rested":3,"item_purchase_floors":[14,14,20,29],"current_hp_per_floor":[75,75,75,75,70,70,55,51,51,56,75,73,68,68,68,46,75,64,45,45,33,33,55,15,37,37,37,29,29,29,27,49,0,0],"gold":36,"neow_bonus":"RANDOM_COMMON_RELIC","is_daily":false,"chose_seed":false,"campfire_upgraded":2,"win_rate":0.0,"timestamp":1614194934,"path_taken":["M","?","M","M","M","R","?","M","T","M","?","?","M","$","R","BOSS","M","?","?","M","?","R","E","R","T","?","M","$","?","M","R","BOSS"],"items_purchased_type":["Card","Potion","Card","Potion"],"build_version":"2020-12-22","purchased_purges":2,"victory":false,"max_hp_per_floor":[75,75,75,75,75,75,75,75,75,75,75,75,75,75,75,75,75,75,75,75,75,75,75,75,75,75,75,75,75,75,75,75,75,75],"card_choices":[{"not_picked":["Turbo","Force Field"],"picked":"Self Repair","floor":1},{"not_picked":["Double Energy","Leap"],"picked":"Gash","floor":3},{"not_picked":["Stack","Scrape"],"picked":"Sweeping Beam","floor":4},{"not_picked":["Rebound","Gash"],"picked":"Cold Snap","floor":5},{"not_picked":["Double Energy","Coolheaded"],"picked":"Streamline","floor":7},{"not_picked":["Conserve Battery","Reprogram"],"picked":"Machine Learning","floor":8},{"not_picked":["Sweeping Beam","Compile Driver"],"picked":"Beam Cell","floor":10},{"not_picked":["Static Discharge","Self Repair"],"picked":"Gash","floor":12},{"not_picked":["Redo","Barrage"],"picked":"Leap","floor":13},{"not_picked":["Biased Cognition","Amplify"],"picked":"Buffer","floor":16},{"not_picked":["Rebound+1","Self Repair"],"picked":"Coolheaded","floor":18},{"not_picked":["Auto Shields+1","Lockon+1"],"picked":"Chill","floor":19},{"not_picked":["Sweeping Beam+1","Ball Lightning+1"],"picked":"Gash","floor":21},{"not_picked":["Meteor Strike","Tempest"],"picked":"Steam","floor":24},{"not_picked":["Lockon","Barrage"],"picked":"Doom and Gloom+1","floor":28},{"not_picked":["Ball Lightning","Genetic Algorithm+1"],"picked":"Go for the Eyes","floor":31}],"player_experience":504498,"relics_obtained":[{"floor":9,"key":"Smiling Mask"},{"floor":24,"key":"Kunai"},{"floor":26,"key":"Frozen Egg 2"}],"event_choices":[{"damage_healed":0,"gold_gain":0,"cards_transformed":["Strike_B"],"player_choice":"Transformed","damage_taken":0,"max_hp_gain":0,"max_hp_loss":0,"event_name":"Transmorgrifier","floor":2,"gold_loss":0,"cards_obtained":["Barrage"]},{"damage_healed":19,"gold_gain":0,"player_choice":"Full Heal","damage_taken":0,"max_hp_gain":0,"max_hp_loss":0,"event_name":"Wheel of Change","floor":11,"gold_loss":0},{"damage_healed":0,"gold_gain":0,"cards_transformed":["Defend_B","Strike_B"],"player_choice":"Became Test Subject","damage_taken":0,"max_hp_gain":0,"max_hp_loss":0,"event_name":"Drug Dealer","floor":22,"gold_loss":0,"cards_obtained":["Leap","Machine Learning"]},{"damage_healed":0,"gold_gain":0,"player_choice":"Opened","damage_taken":0,"relics_obtained":["Potion Belt"],"max_hp_gain":0,"max_hp_loss":0,"event_name":"The Mausoleum","floor":27,"gold_loss":0},{"damage_healed":0,"gold_gain":0,"player_choice":"Smashed Altar","damage_taken":0,"max_hp_gain":0,"max_hp_loss":0,"event_name":"Forgotten Altar","floor":30,"gold_loss":0,"cards_obtained":["Decay"]}],"is_beta":false,"boss_relics":[{"not_picked":["Calling Bell","Nuclear Battery"],"picked":"Inserter"}],"items_purged_floors":[14,20],"is_endless":false,"potions_floor_spawned":[3,8,10,16,21,28],"killed_by":"Champ","ascension_level":4}}