{"host":"ap8nepptd6icxyz7","time":1614144453,"event":{"mods":["2.2 Compatiblity","AchievementEnabler","BaseMod","Bestiary","Better Altar","Better Match","Better Note","Better Sensory Stone","Better Skull","Better Third Choice","Better Vampires","Colored Map","Colored Powertips","Colorless Booster Pack","Displayed Cursed Tome","Energized Spire","Faster Ascension Climbing","Hermit","Highlight Path","Jorbs\u0027s Wanderer Trilogy","Minty Spire (QoL Compilation)","Permanent Neow","Quick Restart","RRrroohrrRGHHhhh!!","Rare Cards Sparkle","Relic Sorter","Relic Stats","SacredBarkPlus","Spicy Shops","Spikes Relics","StSLib","Uncapped"],"gold_per_floor":[118,133,9,9,9,43,54,84,134,134,164,175,20,20,20,118,118,137,137,148,162,178,213,213,128,151,179,179,209,224,250,250,250,250],"floor_reached":33,"language":"ENG","playtime":3666,"items_purged":["Defend_B"],"score":502,"play_id":"b911d3a4-17b5-4e95-ae52-a426e6744f56","local_time":"20210223232733","is_ascension_mode":true,"campfire_choices":[{"floor":10,"key":"REST"},{"floor":15,"key":"REST"},{"floor":24,"key":"DIG"},{"floor":32,"key":"DIG"}],"circlet_count":0,"master_deck":["Strike_B","Strike_B","Strike_B+1","Defend_B","Defend_B","Defend_B","Zap+1","Dualcast","Sweeping Beam","Self Repair","Reboot","rorgmod:Biased Cognition+1","Conserve Battery","Rainbow","rorgmod:Antivirus","Clash","Stack+1","Sweeping Beam+1","Compile Driver","Compile Driver","Rainbow","Skim+1"],"relics":["Cracked Core","BrokenLever","MiniBlackHole","Orichalcum","Nunchaku","ClockworkSouvenir","Nuclear Battery","Shovel","Bag of Preparation","Pantograph","Toy Ornithopter","PreservedInsect","Letter Opener","HornCleat","ShockBauble"],"acts_visited":["Exordium","TheCity"],"potions_floor_usage":[6,8,16,21,23,27,31],"damage_taken":[{"damage":3,"enemies":"Jaw Worm","floor":1,"turns":4},{"damage":0,"enemies":"2 Louse","floor":2,"turns":2},{"damage":30,"enemies":"Gremlin Nob","floor":6,"turns":4},{"damage":0,"enemies":"Cultist","floor":7,"turns":2},{"damage":40,"enemies":"3 Sentries","floor":8,"turns":5},{"damage":20,"enemies":"Gremlin Nob","floor":11,"turns":4},{"damage":9,"enemies":"Red Slaver","floor":12,"turns":3},{"damage":0,"enemies":"Hexaghost","floor":16,"turns":11},{"damage":4,"enemies":"Chosen","floor":18,"turns":4},{"damage":1,"enemies":"Shell Parasite","floor":20,"turns":5},{"damage":6,"enemies":"3 Cultists","floor":21,"turns":5},{"damage":19,"enemies":"Snake Plant","floor":22,"turns":5},{"damage":1,"enemies":"Book of Stabbing","floor":23,"turns":6},{"damage":23,"enemies":"Gremlin Leader","floor":27,"turns":5},{"damage":7,"enemies":"Book of Stabbing","floor":29,"turns":4},{"damage":6,"enemies":"Centurion and Healer","floor":30,"turns":3},{"damage":0,"enemies":"Slavers","floor":31,"turns":3},{"damage":89,"enemies":"Automaton","floor":33,"turns":8}],"seed_played":"6741342728809728091","potions_obtained":[{"floor":6,"key":"Strength Potion"},{"floor":12,"key":"BlessingOfTheForge"},{"floor":20,"key":"LiquidMemories"},{"floor":22,"key":"Dexterity Potion"},{"floor":23,"key":"Energy Potion"},{"floor":29,"key":"Block Potion"}],"is_trial":false,"path_per_floor":["M","M","$","?","?","E","M","E","T","R","E","M","$","?","R","B",null,"M","?","M","M","M","E","R","?","T","E","?","E","M","E","R","B"],"character_chosen":"DEFECT","items_purchased":["Swift Potion","ClockworkSouvenir"],"campfire_rested":2,"item_purchase_floors":[3,13],"current_hp_per_floor":[72,72,72,57,75,52,59,26,26,48,35,33,33,33,55,62,75,75,75,75,75,63,69,69,69,69,58,58,58,52,57,57,0,0],"gold":250,"neow_bonus":"REMOVE_CARD","is_daily":false,"chose_seed":false,"campfire_upgraded":0,"win_rate":0.0,"timestamp":1614144453,"path_taken":["M","M","$","?","?","E","M","E","T","R","E","M","?","?","R","BOSS","M","?","M","?","M","E","R","?","T","E","?","E","?","E","R","BOSS"],"items_purchased_type":["Potion","Relic"],"build_version":"2020-12-22","purchased_purges":1,"victory":false,"max_hp_per_floor":[75,75,75,75,75,75,75,75,75,75,75,75,75,75,75,75,75,75,75,75,75,75,75,75,75,75,75,75,75,75,75,75,75,75],"relic_stats":{"Nunchaku":[9],"Shovel":2,"counters":[18,83],"Pantograph":18,"PreservedInsect":81,"Bag of Preparation":[10],"Letter Opener":[55],"Orichalcum":[72],"obtain_stats":[{"ShockBauble":32,"BrokenLever":6,"PreservedInsect":27,"Bag of Preparation":24,"Letter Opener":29,"Orichalcum":9,"ClockworkSouvenir":13,"Nuclear Battery":17,"Nunchaku":11,"Shovel":23,"HornCleat":31,"Pantograph":25,"MiniBlackHole":8,"Cracked Core":0,"Toy Ornithopter":26},{"ShockBauble":17,"BrokenLever":3,"PreservedInsect":14,"Bag of Preparation":13,"Letter Opener":15,"Orichalcum":5,"ClockworkSouvenir":7,"Nuclear Battery":8,"Nunchaku":6,"Shovel":13,"HornCleat":17,"Pantograph":13,"MiniBlackHole":5,"Cracked Core":0,"Toy Ornithopter":13},{"ShockBauble":75,"BrokenLever":10,"PreservedInsect":65,"Bag of Preparation":60,"Letter Opener":69,"Orichalcum":17,"ClockworkSouvenir":24,"Nuclear Battery":35,"Nunchaku":21,"Shovel":60,"HornCleat":75,"Pantograph":60,"MiniBlackHole":17,"Cracked Core":0,"Toy Ornithopter":60}],"Toy Ornithopter":10},"card_choices":[{"not_picked":["rorgmod:LRU Cache","rorgmod:Refrigerate"],"picked":"Sweeping Beam","floor":1},{"not_picked":["rorgmod:Malware","Hologram"],"picked":"Self Repair","floor":2},{"not_picked":["Conserve Battery","Sweeping Beam"],"picked":"Reboot","floor":6},{"not_picked":["Hologram","Chill","Lockon"],"picked":"SKIP","floor":7},{"not_picked":["rorgmod:Overcurrent","Hologram","Steam Power"],"picked":"SKIP","floor":8},{"not_picked":["Glacier","DiskWipe"],"picked":"rorgmod:Biased Cognition","floor":11},{"not_picked":["Barrage","rorgmod:Ventilation Error"],"picked":"Conserve Battery","floor":12},{"not_picked":["Electrodynamics","Buffer"],"picked":"Rainbow","floor":16},{"not_picked":["Hologram","Cold Snap"],"picked":"rorgmod:Antivirus","floor":18},{"not_picked":["Streamline","rorgmod:Ventilation Error"],"picked":"Stack+1","floor":20},{"not_picked":["rorgmod:Ventilation Error","rorgmod:Malware","Redo"],"picked":"SKIP","floor":21},{"not_picked":["Heatsinks","rorgmod:Steady Aim"],"picked":"Sweeping Beam+1","floor":22},{"not_picked":["rorgmod:Hot Sockets","Sweeping Beam+1"],"picked":"Compile Driver","floor":23},{"not_picked":["rorgmod:Fusion+1","Barrage+1"],"picked":"Compile Driver","floor":27},{"not_picked":["Glacier+1","Consume+1"],"picked":"Skim+1","floor":29},{"not_picked":["Steam Power","Coolheaded","Ball Lightning"],"picked":"SKIP","floor":30},{"not_picked":["Barrage","rorgmod:Thunder Strike","rorgmod:Hot Sockets"],"picked":"SKIP","floor":31}],"player_experience":28190,"relics_obtained":[{"floor":6,"key":"BrokenLever"},{"floor":8,"key":"MiniBlackHole"},{"floor":9,"key":"Orichalcum"},{"floor":11,"key":"Nunchaku"},{"floor":23,"key":"Shovel"},{"floor":24,"key":"Bag of Preparation"},{"floor":26,"key":"Toy Ornithopter"},{"floor":27,"key":"PreservedInsect"},{"floor":29,"key":"Letter Opener"},{"floor":31,"key":"HornCleat"},{"floor":32,"key":"ShockBauble"}],"event_choices":[{"damage_healed":72,"gold_gain":0,"player_choice":"Upgrade","damage_taken":15,"max_hp_gain":0,"max_hp_loss":75,"event_name":"betterThird:BetterShining","floor":4,"gold_loss":0,"cards_upgraded":["Zap","Strike_B"]},{"damage_healed":25,"gold_gain":0,"player_choice":"Banana","damage_taken":0,"max_hp_gain":0,"max_hp_loss":0,"event_name":"Big Fish","floor":5,"gold_loss":0},{"damage_healed":0,"gold_gain":0,"player_choice":"Upgraded","damage_taken":0,"max_hp_gain":0,"max_hp_loss":0,"event_name":"Upgrade Shrine","floor":14,"gold_loss":0,"cards_upgraded":["rorgmod:Biased Cognition"]},{"cards_removed":["Rainbow"],"damage_healed":0,"gold_gain":0,"player_choice":"Take \u0026 Give","damage_taken":0,"max_hp_gain":0,"max_hp_loss":0,"event_name":"betterNote:BetterNote","floor":19,"gold_loss":0,"cards_obtained":["Clash"]},{"damage_healed":0,"gold_gain":0,"player_choice":"Obtained Relic","damage_taken":0,"relics_obtained":["Pantograph"],"max_hp_gain":0,"max_hp_loss":0,"event_name":"Addict","floor":25,"gold_loss":85},{"damage_healed":0,"gold_gain":0,"player_choice":"Copied","damage_taken":0,"max_hp_gain":0,"max_hp_loss":0,"event_name":"Duplicator","floor":28,"gold_loss":0,"cards_obtained":["Rainbow"]}],"is_beta":false,"boss_relics":[{"not_picked":["AncientExoskeleton","energizedSpire:EnergizedDie"],"picked":"Nuclear Battery"}],"items_purged_floors":[3],"is_endless":false,"potions_floor_spawned":[6,12,20,22,23,29],"killed_by":"Automaton","ascension_level":4}}