{"host":"xkc7tfemhzdc5j5t","time":1614182112,"event":{"mods":["AchievementEnabler","Act Like it!","BaseMod","BetterRewards","Colored Map","Colored Powertips","Downfall","Gensokyo","Hallownest","Hermit","Highlight Path","Infinite Spire","Marisa£®ÏF”Í°°ƒß¿Ì…≥£©","Minty Spire (QoL Compilation)","Prisma Mod","Quick Restart","Reimu£®≤©¿ˆ¡È√Œ£©","Replay The Spire","Shop Mod","StSLib","SuperFastMode","The Bug Knight","The Construct","The Cursed","The Disciple","The Hierophant","The Jungle","The Necromancer","The Runesmith","The Servant 0.9.4","Youmu£®ªÍ∆«—˝√Œ£©"],"gold_per_floor":[18,18,18,35,35,35,49,49,49,84,102,102,102,120,120,192,192,202,202,219,238,238,238,250,262,262,262,262],"floor_reached":27,"language":"ZHS","playtime":1503,"items_purged":["Strike_B"],"score":387,"play_id":"5b70217e-918a-4ff5-8e55-a4c5ea7ff17b","local_time":"20210224235512","is_ascension_mode":true,"campfire_choices":[{"data":"Dualcast","floor":6.0,"key":"SMITH"},{"floor":12.0,"key":"REST"},{"data":"Defragment","floor":15.0,"key":"SMITH"},{"floor":23.0,"key":"REST"}],"circlet_count":0,"master_deck":["AscendersBane","Strike_B","Strike_B","Defend_B","Defend_B","Zap+1","Dualcast+1","Biased Cognition","Leap","Glacier","Defragment+1","Ball Lightning","Creative AI","Heatsinks","Finesse","Secret Weapon","Midas Touch","infinitespire:Oblivion","Hologram","Echo Form","Darkness","Ball Lightning","Steam"],"relics":["Cracked Core","infinitespire:BottledMercury","ReplayFunnel","Painkiller Herb","ReplayTheSpireMod:ShopPack","Shovel"],"acts_visited":["Exordium","TheCity"],"potions_floor_usage":[],"damage_taken":[{"damage":9.0,"enemies":"Small Slimes","floor":1.0,"turns":3.0},{"damage":3.0,"enemies":"Jaw Worm","floor":4.0,"turns":3.0},{"damage":9.0,"enemies":"2 Louse","floor":7.0,"turns":2.0},{"damage":6.0,"enemies":"Replay:BlueRogue","floor":10.0,"turns":4.0},{"damage":15.0,"enemies":"Gremlin Gang","floor":11.0,"turns":3.0},{"damage":0.0,"enemies":"Exordium Wildlife","floor":14.0,"turns":4.0},{"damage":23.0,"enemies":"Fading Forest","floor":16.0,"turns":11.0},{"damage":0.0,"enemies":"Spheric Guardian","floor":18.0,"turns":4.0},{"damage":6.0,"enemies":"3 Byrds","floor":20.0,"turns":2.0},{"damage":26.0,"enemies":"Shelled Parasite and Fungi","floor":21.0,"turns":4.0},{"damage":10.0,"enemies":"Cultist and Chosen","floor":24.0,"turns":5.0},{"damage":8.0,"enemies":"Chosen and Byrds","floor":25.0,"turns":7.0},{"damage":34,"enemies":"Gremlin Leader","floor":27,"turns":5}],"seed_played":"-4075029163575588592","potions_obtained":[{"floor":4.0,"key":"EssenceOfDarkness"},{"floor":7.0,"key":"Energy Potion"},{"floor":13.0,"key":"DistilledChaos"},{"floor":18.0,"key":"Weak Potion"},{"floor":20.0,"key":"PowerPotion"}],"is_trial":false,"path_per_floor":["M","?","?","M","$","R","M","?","T","E","M","R","?","M","R","B",null,"?","AVR","?","?","?","T","?","?","T","E"],"character_chosen":"DEFECT","items_purchased":[],"campfire_rested":2,"item_purchase_floors":[],"current_hp_per_floor":[55,55,55,52,52,52,43,43,43,37,22,43,43,43,43,28,60,60,60,54,28,28,49,39,31,31,0,0],"gold":262,"neow_bonus":"THREE_RARE_CARDS","is_daily":false,"chose_seed":false,"campfire_upgraded":2,"win_rate":0.0,"timestamp":1614182112,"path_taken":["M","?","?","M","$","R","M","?","T","E","?","R","?","M","R","BOSS","?","AVR","?","?","?","T","?","?","T","E"],"items_purchased_type":[],"build_version":"2020-12-22","purchased_purges":1,"victory":false,"max_hp_per_floor":[71,71,71,71,71,71,71,71,71,71,71,71,71,71,71,71,71,71,71,71,71,71,71,71,71,71,71,71],"card_choices":[{"not_picked":["Amplify","Hyperbeam"],"picked":"Biased Cognition","floor":0.0},{"not_picked":["Melter","Force Field"],"picked":"Leap","floor":1.0},{"not_picked":["Turbo","Compile Driver","Leap"],"picked":"SKIP","floor":4.0},{"not_picked":["Rebound","Gash"],"picked":"Glacier","floor":7.0},{"not_picked":["Turbo","Streamline"],"picked":"Defragment","floor":10.0},{"not_picked":["Steam","Barrage"],"picked":"Ball Lightning","floor":11.0},{"not_picked":["Go for the Eyes","Rebound","Time Bomb"],"picked":"SKIP","floor":14.0},{"not_picked":["Amplify","Buffer"],"picked":"Creative AI","floor":16.0},{"not_picked":["Sunder","Hologram"],"picked":"Heatsinks","floor":18.0},{"not_picked":["Midas Touch","Discovery"],"picked":"Finesse","floor":19.0},{"not_picked":["Panacea","Panache"],"picked":"Secret Weapon","floor":19.0},{"not_picked":["Panache","HandOfGreed"],"picked":"Midas Touch","floor":19.0},{"not_picked":["Recycle","ReplayTheSpireMod:System Scan","BasicCrystalCard+1"],"picked":"SKIP","floor":20.0},{"not_picked":["Gash","Barrage"],"picked":"Hologram","floor":21.0},{"not_picked":["Sweeping Beam","Sunder"],"picked":"Ball Lightning","floor":24.0},{"not_picked":["BasicCrystalCard","Gash"],"picked":"Steam","floor":25.0}],"player_experience":806704,"relics_obtained":[{"floor":9.0,"key":"infinitespire:BottledMercury"},{"floor":10.0,"key":"ReplayFunnel"},{"floor":26.0,"key":"Shovel"}],"event_choices":[{"cards_removed":["Defend_B"],"damage_healed":0.0,"max_hp_gain":0.0,"max_hp_loss":0.0,"gold_gain":0.0,"event_name":"Purifier","player_choice":"Purged","floor":8.0,"gold_loss":0.0,"damage_taken":0.0},{"damage_healed":0.0,"max_hp_gain":0.0,"max_hp_loss":0.0,"gold_gain":0.0,"event_name":"Lab","player_choice":"Got Potions","floor":13.0,"gold_loss":0.0,"damage_taken":0.0},{"damage_healed":0.0,"max_hp_gain":0.0,"max_hp_loss":0.0,"gold_gain":0.0,"cards_transformed":["Strike_B","Defend_B"],"event_name":"Drug Dealer","player_choice":"Became Test Subject","floor":22.0,"gold_loss":0.0,"damage_taken":0.0,"cards_obtained":["Echo Form","Darkness"]}],"is_beta":false,"boss_relics":[{"not_picked":["Snecko Eye","SacredBark"],"picked":"Painkiller Herb"}],"items_purged_floors":[19],"is_endless":false,"potions_floor_spawned":[4,7,14,18,20],"killed_by":"Gremlin Leader","ascension_level":16}}