{"host":"nptej036rrbiurf5","time":1614133689,"event":{"mods":["BaseMod","Colored Map","Colored Powertips","DeckTracker","Minty Spire (QoL Compilation)","StSLib","SuperFastMode"],"gold_per_floor":[360,49,49,65,86,86,121,146,146,146,184,199,199,217,217,217,217],"floor_reached":16,"language":"KOR","playtime":312,"items_purged":[],"score":224,"play_id":"0bb4d7f9-08f4-4484-b24d-587acfdd8f74","local_time":"20210224112809","is_ascension_mode":true,"campfire_choices":[{"data":"Bash","floor":6.0,"key":"SMITH"},{"floor":10.0,"key":"REST"},{"data":"Second Wind","floor":13,"key":"SMITH"},{"floor":15,"key":"REST"}],"circlet_count":0,"master_deck":["AscendersBane","Strike_R","Strike_R","Strike_R","Strike_R","Strike_R","Defend_R","Defend_R","Defend_R","Defend_R","Bash+1","Twin Strike","Wild Strike+1","Blood for Blood+1","Thunderclap+1","Whirlwind+1","Rupture+1","Second Wind+1","Sword Boomerang+1"],"relics":["Burning Blood","Molten Egg 2","Golden Idol","PreservedInsect","Oddly Smooth Stone","Frozen Egg 2"],"acts_visited":["Exordium"],"potions_floor_usage":[11,16,16,16],"damage_taken":[{"damage":23.0,"enemies":"Cultist","floor":1.0,"turns":5.0},{"damage":0.0,"enemies":"2 Louse","floor":4.0,"turns":3.0},{"damage":0.0,"enemies":"Small Slimes","floor":5.0,"turns":3.0},{"damage":35.0,"enemies":"3 Sentries","floor":7.0,"turns":7.0},{"damage":9.0,"enemies":"3 Louse","floor":8.0,"turns":2.0},{"damage":14,"enemies":"Lagavulin","floor":11,"turns":3},{"damage":12,"enemies":"Large Slime","floor":12,"turns":4},{"damage":15,"enemies":"Blue Slaver","floor":14,"turns":3},{"damage":32,"enemies":"Hexaghost","floor":16,"turns":7}],"seed_played":"-669008113281665290","potions_obtained":[{"floor":5.0,"key":"PowerPotion"},{"floor":7.0,"key":"EntropicBrew"},{"floor":12,"key":"PowerPotion"}],"is_trial":false,"path_per_floor":["M","$","?","M","M","R","E","M","T","R","E","M","R","M","R","B"],"character_chosen":"IRONCLAD","items_purchased":["Molten Egg 2","Wild Strike+1"],"campfire_rested":2,"item_purchase_floors":[2,2],"current_hp_per_floor":[51,51,51,57,62,62,33,30,30,48,40,34,34,25,43,11,11],"gold":217,"neow_bonus":"TWO_FIFTY_GOLD","is_daily":false,"chose_seed":false,"campfire_upgraded":2,"win_rate":0.0,"timestamp":1614133689,"path_taken":["M","$","?","M","M","R","E","M","T","R","E","M","R","M","R","BOSS"],"items_purchased_type":["Relic","Card"],"build_version":"2020-12-22","purchased_purges":0,"victory":false,"max_hp_per_floor":[68,68,62,62,62,62,62,62,62,62,62,62,62,62,62,62,62],"card_choices":[{"not_picked":["Warcry","Rage"],"picked":"Twin Strike","floor":1.0},{"not_picked":["Heavy Blade+1","Second Wind"],"picked":"Blood for Blood+1","floor":4.0},{"not_picked":["Power Through","True Grit"],"picked":"Thunderclap+1","floor":5.0},{"not_picked":["Havoc","Barricade"],"picked":"Whirlwind+1","floor":7.0},{"not_picked":["Iron Wave+1","Armaments","Dual Wield"],"picked":"SKIP","floor":8.0},{"not_picked":["Warcry","Havoc"],"picked":"Rupture+1","floor":11},{"not_picked":["Clash+1","Iron Wave+1"],"picked":"Second Wind","floor":12},{"not_picked":["Flex","Shrug It Off"],"picked":"Sword Boomerang+1","floor":14}],"player_experience":1020866,"relics_obtained":[{"floor":7.0,"key":"PreservedInsect"},{"floor":9.0,"key":"Oddly Smooth Stone"},{"floor":11,"key":"Frozen Egg 2"}],"event_choices":[{"damage_healed":0.0,"max_hp_gain":0.0,"max_hp_loss":6.0,"gold_gain":0.0,"event_name":"Golden Idol","player_choice":"Lose Max HP","floor":3.0,"gold_loss":0.0,"damage_taken":0.0,"relics_obtained":["Golden Idol"]}],"is_beta":false,"boss_relics":[],"items_purged_floors":[],"is_endless":false,"potions_floor_spawned":[5,7,8,12,14],"killed_by":"Hexaghost","ascension_level":20}}