{"host":"lv7etzzgwahaenh9","time":1614136449,"event":{"mods":["AchievementEnabler","BaseMod","Colored Map","Colored Powertips","Highlight Path","Minty Spire (QoL Compilation)","Permanent Neow","Quick Restart","Random Character Button","StSLib"],"gold_per_floor":[119,131,131,62,80,109,122,156,181,181,194,194,224,224,224,296,296,314,329,18,30,30,30],"floor_reached":22,"language":"ENG","playtime":889,"items_purged":[],"score":350,"play_id":"be97f90b-74e8-46ac-b5f3-a3b87bd0e0cf","local_time":"20210223191409","is_ascension_mode":true,"campfire_choices":[{"floor":10,"key":"REST"},{"floor":12,"key":"REST"},{"data":"Choke","floor":15,"key":"SMITH"}],"circlet_count":0,"master_deck":["AscendersBane","Strike_G","Strike_G","Strike_G","Strike_G","Defend_G","Defend_G","Defend_G","Defend_G","Defend_G","Survivor","Neutralize","Blade Dance","Poisoned Stab","Riddle With Holes","Footwork","Choke+1","Footwork","Deflect","Dagger Throw","Calculated Gamble","Envenom","Deflect","Cloak And Dagger","Acrobatics"],"relics":["Ring of the Snake","NeowsBlessing","Mercury Hourglass","Anchor","Smiling Mask","Bag of Marbles","Oddly Smooth Stone","Philosopher\u0027s Stone","WingedGreaves"],"acts_visited":["Exordium","TheCity"],"potions_floor_usage":[8,16,22],"damage_taken":[{"damage":0,"enemies":"Cultist","floor":1,"turns":1},{"damage":0,"enemies":"2 Louse","floor":2,"turns":1},{"damage":0,"enemies":"Small Slimes","floor":5,"turns":1},{"damage":18,"enemies":"Lagavulin","floor":6,"turns":9},{"damage":0,"enemies":"Looter","floor":7,"turns":2},{"damage":20,"enemies":"3 Sentries","floor":8,"turns":5},{"damage":5,"enemies":"Exordium Thugs","floor":11,"turns":3},{"damage":6,"enemies":"Lagavulin","floor":13,"turns":8},{"damage":4,"enemies":"Slime Boss","floor":16,"turns":7},{"damage":4,"enemies":"2 Thieves","floor":18,"turns":4},{"damage":5,"enemies":"Shell Parasite","floor":19,"turns":4},{"damage":34,"enemies":"Sentry and Sphere","floor":21,"turns":6},{"damage":11,"enemies":"Centurion and Healer","floor":22,"turns":4}],"seed_played":"-2913779948599713598","potions_obtained":[{"floor":1,"key":"Regen Potion"},{"floor":6,"key":"SkillPotion"},{"floor":13,"key":"DistilledChaos"},{"floor":18,"key":"Energy Potion"}],"is_trial":false,"path_per_floor":["M","M","?","$","M","E","M","E","T","R","M","R","E","?","R","B",null,"M","M","$","M","M"],"character_chosen":"THE_SILENT","items_purchased":["Riddle With Holes","WingedGreaves"],"campfire_rested":2,"item_purchase_floors":[4,20],"current_hp_per_floor":[59,59,59,59,59,41,41,21,21,40,35,54,48,45,45,41,60,56,51,51,17,6,6],"gold":30,"neow_bonus":"THREE_ENEMY_KILL","is_daily":false,"chose_seed":false,"campfire_upgraded":1,"win_rate":0.0,"timestamp":1614136449,"path_taken":["M","M","?","$","?","E","M","E","T","R","?","R","E","?","R","BOSS","M","M","$","M","M"],"items_purchased_type":["Card","Relic"],"build_version":"2020-12-22","purchased_purges":0,"victory":false,"max_hp_per_floor":[66,66,66,66,66,66,66,66,66,66,66,66,66,66,66,66,66,66,66,66,66,66,66],"card_choices":[{"not_picked":["Bouncing Flask","Prepared"],"picked":"Blade Dance","floor":1},{"not_picked":["Choke","Terror"],"picked":"Poisoned Stab","floor":2},{"not_picked":["Dagger Throw","Finisher"],"picked":"Footwork","floor":5},{"not_picked":["Caltrops","Finisher"],"picked":"Choke","floor":6},{"not_picked":["Dagger Spray","Bouncing Flask"],"picked":"Footwork","floor":7},{"not_picked":["All Out Attack","Finisher"],"picked":"Deflect","floor":8},{"not_picked":["Bane","Dash"],"picked":"Dagger Throw","floor":11},{"not_picked":["All Out Attack","Flying Knee"],"picked":"Calculated Gamble","floor":13},{"not_picked":["Bullet Time","Venomology"],"picked":"Envenom","floor":16},{"not_picked":["Distraction","Accuracy"],"picked":"Deflect","floor":18},{"not_picked":["Setup","Dagger Spray"],"picked":"Cloak And Dagger","floor":19},{"not_picked":["Backflip","Flying Knee"],"picked":"Acrobatics","floor":21}],"player_experience":544296,"relics_obtained":[{"floor":6,"key":"Mercury Hourglass"},{"floor":8,"key":"Anchor"},{"floor":9,"key":"Smiling Mask"},{"floor":13,"key":"Bag of Marbles"}],"event_choices":[{"cards_removed":["Strike_G"],"damage_healed":0,"gold_gain":0,"player_choice":"Offered Basic","damage_taken":0,"max_hp_gain":0,"max_hp_loss":0,"event_name":"Bonfire Elementals","floor":3,"gold_loss":0},{"damage_healed":0,"gold_gain":0,"player_choice":"Success","damage_taken":3,"relics_obtained":["Oddly Smooth Stone"],"max_hp_gain":0,"max_hp_loss":0,"event_name":"Scrap Ooze","floor":14,"gold_loss":0}],"is_beta":false,"boss_relics":[{"not_picked":["Empty Cage","Ectoplasm"],"picked":"Philosopher\u0027s Stone"}],"items_purged_floors":[],"is_endless":false,"potions_floor_spawned":[1,6,7,13,18],"killed_by":"Centurion and Healer","ascension_level":14}}