{"host":"rn3kwqbcoeui7au7","time":1614173499,"event":{"mods":["BaseMod","Colored Powertips","Downfall","Energized Spire","Minty Spire (QoL Compilation)","Relic Stats","Spicy Shops","StSLib","The Runesmith"],"gold_per_floor":[99,99,117,0,0,13,13,13,13,25,39,56,79,24,41,138,138,38,38,313,323,423,323,400,400,27,43,63,76,76,76,87,184,184,184,194,50,50,50,68,68,86,99,130,30,40,50,68,81,81,81,114,5,5,5,5],"floor_reached":57,"language":"ZHS","playtime":5977,"items_purged":["Doubt","Regret"],"score":1228,"play_id":"f8d7d590-a8d7-428b-a471-4d9578fb0d55","local_time":"20210224213139","is_ascension_mode":false,"campfire_choices":[{"data":"Runesmith:CraftFirestone","floor":1.0,"key":"SMITH"},{"floor":9.0,"key":"RECALL"},{"data":"Runesmith:BackupBattery","floor":18.0,"key":"SMITH"},{"floor":23.0,"key":"DIG"},{"floor":25.0,"key":"DIG"},{"floor":30.0,"key":"DIG"},{"floor":35.0,"key":"DIG"},{"floor":45.0,"key":"DIG"},{"floor":54,"key":"REST"}],"circlet_count":0,"master_deck":["Runesmith:Strike_RS","Runesmith:Defend_RS","Runesmith:Defend_RS","Runesmith:Defend_RS","Runesmith:CraftFirestone+1","Runesmith:Fortify+1","Runesmith:RuneHurl","Runesmith:EarthShield","Runesmith:EnergizedChisel","Runesmith:CraftSpiculum","Runesmith:RunicBlueprint","Runesmith:CraftMedicinae","Runesmith:ChiselStab","Runesmith:BackupBattery+1","Runesmith:PoweredAnvil","Runesmith:FrozenChisel","Runesmith:ArcReactor","Runesmith:Attraction","Runesmith:CraftMagma","Runesmith:CraftProtectio+1","Runesmith:Permafrost","Runesmith:CraftMagma","Runesmith:Grindstone+1","Runesmith:HammerAndChisel+1","Runesmith:CraftVitae","Runesmith:CreatorForm","Runesmith:HammerThrow","Runesmith:NegativeSpace+1","Runesmith:Repurpose","Runesmith:OneForEveryone","expansioncontent:InvincibleStrength","Runesmith:MakeshiftArmor+1","Runesmith:PerfectChisel+1","Runesmith:HammerThrow+1","Runesmith:Empowerment+1","Runesmith:CraftObretio","Runesmith:MetallurgicalResearch","Runesmith:Terraform+1","Runesmith:Retool","Runesmith:CraftIncendium+1","Runesmith:Discharge+1","Runesmith:PoweredAnvil","Madness"],"relics":["Runesmith:BrokenRuby","Pen Nib","downfall:ShatteredFragment","Odd Mushroom","Runesmith:UraniumAnvil","downfall:HeartBlessingBlue","Shovel","Bottled Flame","downfall:HeartBlessingRed","Anchor","The Courier","Juzu Bracelet","ClockworkSouvenir","Kunai","Shuriken","Prayer Wheel","bronze:MakeshiftBattery","Pear","Letter Opener","Blue Candle","Unceasing Top","downfall:HeartBlessingGreen","Regal Pillow","Du-Vu Doll"],"acts_visited":["Exordium","TheCity","TheBeyond","TheEnding"],"potions_floor_usage":[50,50,55,56,56,56,56,56],"damage_taken":[{"damage":1.0,"enemies":"Jaw Worm","floor":3.0,"turns":5.0},{"damage":0.0,"enemies":"downfall:FleeingMerchant","floor":4.0,"turns":4.0},{"damage":0.0,"enemies":"Cultist","floor":6.0,"turns":3.0},{"damage":0.0,"enemies":"2 Louse","floor":10.0,"turns":3.0},{"damage":5.0,"enemies":"Exordium Thugs","floor":11.0,"turns":3.0},{"damage":4.0,"enemies":"Gremlin Gang","floor":12.0,"turns":4.0},{"damage":1.0,"enemies":"The Mushroom Lair","floor":13.0,"turns":4.0},{"damage":15.0,"enemies":"downfall:FleeingMerchant","floor":14.0,"turns":4.0},{"damage":10.0,"enemies":"downfall:LooterAlt","floor":15.0,"turns":3.0},{"damage":5.0,"enemies":"SI_SHIV_ARCHETYPE","floor":16.0,"turns":8.0},{"damage":19.0,"enemies":"Shell Parasite","floor":21.0,"turns":5.0},{"damage":10.0,"enemies":"WA_ARCHETYPE_RETAIN","floor":22.0,"turns":7.0},{"damage":15.0,"enemies":"downfall:FleeingMerchant","floor":26.0,"turns":4.0},{"damage":5.0,"enemies":"3 Byrds","floor":27.0,"turns":5.0},{"damage":0.0,"enemies":"Centurion and Healer","floor":28.0,"turns":6.0},{"damage":3.0,"enemies":"Shelled Parasite and Fungi","floor":29.0,"turns":5.0},{"damage":0.0,"enemies":"Sentry and Sphere","floor":32.0,"turns":7.0},{"damage":35.0,"enemies":"DF_ARCHETYPE_CLAW","floor":33.0,"turns":8.0},{"damage":0.0,"enemies":"Orb Walker","floor":36.0,"turns":4.0},{"damage":16.0,"enemies":"downfall:FleeingMerchant","floor":37.0,"turns":4.0},{"damage":7.0,"enemies":"3 Darklings","floor":40.0,"turns":5.0},{"damage":0.0,"enemies":"Transient","floor":42.0,"turns":5.0},{"damage":10.0,"enemies":"Sphere and 2 Shapes","floor":43.0,"turns":6.0},{"damage":17.0,"enemies":"Giant Head","floor":44.0,"turns":10.0},{"damage":14.0,"enemies":"Jaw Worm Horde","floor":46.0,"turns":4.0},{"damage":0.0,"enemies":"Transient","floor":47.0,"turns":5.0},{"damage":10.0,"enemies":"Sphere and 2 Shapes","floor":48.0,"turns":4.0},{"damage":3.0,"enemies":"4 Shapes","floor":49.0,"turns":4.0},{"damage":9,"enemies":"WA_ARCHETYPE_DIVINITY","floor":50,"turns":11},{"damage":63,"enemies":"downfall:CharBossMerchant","floor":52,"turns":8},{"damage":3,"enemies":"downfall:NeowBoss","floor":55,"turns":11},{"damage":15,"enemies":"downfall:NeowBossFinal","floor":56,"turns":13}],"seed_played":"-5139567728487153808","potions_obtained":[{"floor":3.0,"key":"Energy Potion"},{"floor":11.0,"key":"FairyPotion"},{"floor":12.0,"key":"Dexterity Potion"},{"floor":16.0,"key":"Fire Potion"},{"floor":42.0,"key":"ColorlessPotion"},{"floor":44.0,"key":"PowerPotion"},{"floor":47.0,"key":"Swift Potion"},{"floor":48.0,"key":"EntropicBrew"},{"floor":52,"key":"BlessingOfTheForge"}],"is_trial":false,"path_per_floor":["R","?","M","$","?","M","T","?","R","M","M","M","?","$","M","B",null,"R","?","?","M","?","R","T","R","$","M","M","M","R","T","M","B",null,"R","M","$","?","?","M","T","M","M","E","R","M","M","M","M","B",null,"E","$","R","B","B",null],"character_chosen":"RUNESMITH_CLASS","items_purchased":["Runesmith:EarthShield","Runesmith:PoweredAnvil","ClockworkSouvenir","Kunai","Runesmith:Permafrost","Letter Opener","Runesmith:OneForEveryone","PowerPotion","Madness"],"campfire_rested":1,"item_purchase_floors":[4,14,26,26,26,37,37,53,53],"current_hp_per_floor":[70,70,69,69,57,57,57,57,57,57,52,48,47,32,22,17,70,80,80,80,67,57,57,57,57,42,37,37,34,34,34,34,24,80,90,90,74,74,74,67,67,67,57,40,40,29,29,19,16,7,90,27,27,69,80,65],"gold":5,"neow_bonus":"RANDOM_COMMON_RELIC","is_daily":false,"chose_seed":false,"campfire_upgraded":2,"win_rate":0.0,"timestamp":1614173499,"path_taken":["R","?","?","$","?","M","T","?","R","?","?","M","?","?","M","BOSS","R","?","?","?","?","R","T","R","$","M","M","M","R","?","M","BOSS","R","M","?","?","?","M","T","M","M","E","R","M","M","M","M","BOSS","E","$","R","BOSS","BOSS"],"items_purchased_type":["Card","Card","Relic","Relic","Card","Relic","Card","Potion","Card"],"build_version":"2020-12-22","purchased_purges":2,"victory":true,"max_hp_per_floor":[70,70,70,70,70,70,70,70,70,70,70,70,70,70,70,70,70,80,80,80,80,80,80,80,80,80,80,80,80,80,80,80,80,80,90,90,90,90,90,90,90,90,90,90,90,90,90,90,90,90,90,90,90,90,90,90],"relic_stats":{"Regal Pillow":15,"Shovel":5,"counters":[32,182],"Shuriken":[38],"Blue Candle":[9],"Prayer Wheel":9,"Pen Nib":[37],"Juzu Bracelet":0,"Kunai":[43],"Letter Opener":[263],"obtain_stats":[{"Runesmith:BrokenRuby":0,"Regal Pillow":45,"downfall:ShatteredFragment":5,"Pear":35,"downfall:HeartBlessingRed":23,"Blue Candle":41,"downfall:HeartBlessingGreen":45,"Pen Nib":0,"The Courier":24,"Juzu Bracelet":25,"Letter Opener":37,"Odd Mushroom":13,"ClockworkSouvenir":26,"Du-Vu Doll":52,"Bottled Flame":22,"Anchor":23,"Shovel":22,"downfall:HeartBlessingBlue":18,"Shuriken":30,"Runesmith:UraniumAnvil":17,"Prayer Wheel":31,"Kunai":26,"bronze:MakeshiftBattery":34,"Unceasing Top":44},{"Runesmith:BrokenRuby":0,"Regal Pillow":24,"downfall:ShatteredFragment":2,"Pear":18,"downfall:HeartBlessingRed":12,"Blue Candle":21,"downfall:HeartBlessingGreen":24,"Pen Nib":0,"The Courier":12,"Juzu Bracelet":12,"Letter Opener":20,"Odd Mushroom":7,"ClockworkSouvenir":13,"Du-Vu Doll":30,"Bottled Flame":12,"Anchor":12,"Shovel":12,"downfall:HeartBlessingBlue":10,"Shuriken":16,"Runesmith:UraniumAnvil":10,"Prayer Wheel":16,"Kunai":13,"bronze:MakeshiftBattery":18,"Unceasing Top":24},{"Runesmith:BrokenRuby":0,"Regal Pillow":122,"downfall:ShatteredFragment":9,"Pear":88,"downfall:HeartBlessingRed":53,"Blue Candle":101,"downfall:HeartBlessingGreen":122,"Pen Nib":0,"The Courier":53,"Juzu Bracelet":53,"Letter Opener":96,"Odd Mushroom":26,"ClockworkSouvenir":57,"Du-Vu Doll":158,"Bottled Flame":53,"Anchor":53,"Shovel":53,"downfall:HeartBlessingBlue":41,"Shuriken":73,"Runesmith:UraniumAnvil":41,"Prayer Wheel":73,"Kunai":57,"bronze:MakeshiftBattery":88,"Unceasing Top":122}],"Unceasing Top":[29]},"card_choices":[{"not_picked":["Runesmith:FieryHammer","Runesmith:ShiftingStrike","Runesmith:ChargedHammer"],"picked":"SKIP","floor":3.0},{"not_picked":["Runesmith:Overpower","Runesmith:WhiteBalance"],"picked":"Runesmith:RuneHurl","floor":4.0},{"not_picked":["Runesmith:ChiselStab","Runesmith:RuneHurl"],"picked":"Runesmith:EnergizedChisel","floor":6.0},{"not_picked":["Runesmith:ChargedHammer","Runesmith:MakeshiftArmor"],"picked":"Runesmith:CraftSpiculum","floor":10.0},{"not_picked":["Runesmith:CraftProtectio","Runesmith:MakeshiftArmor"],"picked":"Runesmith:RunicBlueprint","floor":11.0},{"not_picked":["Runesmith:HeatedChisel","Runesmith:ChiselStab"],"picked":"Runesmith:CraftMedicinae","floor":12.0},{"not_picked":["Runesmith:EarthShield","Runesmith:HeatExchange"],"picked":"Runesmith:ChiselStab","floor":13.0},{"not_picked":["Runesmith:Grindstone","Runesmith:Empowerment"],"picked":"Runesmith:BackupBattery","floor":14.0},{"not_picked":["Runesmith:RuneHurl","Runesmith:BackupBattery"],"picked":"Runesmith:FrozenChisel","floor":15.0},{"not_picked":["Runesmith:CraftIndustria","Runesmith:Supernova"],"picked":"Runesmith:ArcReactor","floor":16.0},{"not_picked":["Runesmith:EarthShield","Runesmith:HeatExchange"],"picked":"Runesmith:Attraction","floor":21.0},{"not_picked":["Runesmith:Overpower+1","Runesmith:Repurpose"],"picked":"Runesmith:CraftMagma","floor":22.0},{"not_picked":["Runesmith:Electrocute","Runesmith:LastStand"],"picked":"Runesmith:CraftProtectio+1","floor":26.0},{"not_picked":["Runesmith:CraftIncendium","Runesmith:Overpower+1"],"picked":"Runesmith:CraftMagma","floor":27.0},{"not_picked":["Runesmith:Retool","Runesmith:CraftMagma"],"picked":"Runesmith:Grindstone+1","floor":28.0},{"not_picked":["Runesmith:Overpower","Runesmith:CraftProtectio","Runesmith:RuneHurl"],"picked":"SKIP","floor":29.0},{"not_picked":["Runesmith:Malloc","Runesmith:CraftProtectio"],"picked":"Runesmith:HammerAndChisel+1","floor":32.0},{"not_picked":["Runesmith:FrozenChisel","Runesmith:ChaoticBlast"],"picked":"Runesmith:CraftVitae","floor":32.0},{"not_picked":["Runesmith:CraftMedicinae","Runesmith:Supernova"],"picked":"Runesmith:CreatorForm","floor":33.0},{"not_picked":["Runesmith:HeatExchange","Runesmith:RuneHurl+1"],"picked":"Runesmith:HammerThrow","floor":36.0},{"not_picked":["Runesmith:BackupBattery+1","Runesmith:ShiftingStrike"],"picked":"Runesmith:NegativeSpace+1","floor":36.0},{"not_picked":["Runesmith:EarthShield+1","Runesmith:CraftProtectio+1"],"picked":"Runesmith:Repurpose","floor":37.0},{"not_picked":["expansioncontent:HyperBeam","expansioncontent:PrepareCrush"],"picked":"expansioncontent:InvincibleStrength","floor":38.0},{"not_picked":["Runesmith:GrandSlam","Runesmith:StaticCage+1"],"picked":"Runesmith:MakeshiftArmor+1","floor":40.0},{"not_picked":["Runesmith:CraftProtectio+1","Runesmith:RuneHurl+1"],"picked":"Runesmith:PerfectChisel+1","floor":40.0},{"not_picked":["Runesmith:Grindstone","Runesmith:UnstableHammer+1"],"picked":"Runesmith:HammerThrow+1","floor":42.0},{"not_picked":["Runesmith:StaticCage+1","Runesmith:Retool+1","Runesmith:UnlimitedPower"],"picked":"SKIP","floor":42.0},{"not_picked":["Runesmith:Discharge+1","Runesmith:Permafrost+1"],"picked":"Runesmith:Empowerment+1","floor":43.0},{"not_picked":["Runesmith:HeatedChisel","Runesmith:ChiselStab+1"],"picked":"Runesmith:CraftObretio","floor":43.0},{"not_picked":["Runesmith:UnstableHammer","Runesmith:Superposition+1"],"picked":"Runesmith:MetallurgicalResearch","floor":44.0},{"not_picked":["Runesmith:CraftMagma","Runesmith:RuneHurl"],"picked":"Runesmith:Terraform+1","floor":46.0},{"not_picked":["Runesmith:DoubleUp+1","Runesmith:Grindstone"],"picked":"Runesmith:Retool","floor":46.0},{"not_picked":["Runesmith:Reinforce","Runesmith:CraftObretio","Runesmith:BackupBattery+1"],"picked":"SKIP","floor":47.0},{"not_picked":["Runesmith:UnstableHammer","Runesmith:HeatExchange+1","Runesmith:HeatedChisel+1"],"picked":"SKIP","floor":47.0},{"not_picked":["Runesmith:BackupBattery","Runesmith:HammerTime"],"picked":"Runesmith:CraftIncendium+1","floor":48.0},{"not_picked":["Runesmith:UnstableHammer+1","Runesmith:HammerThrow+1","Runesmith:HammerTime"],"picked":"SKIP","floor":48.0},{"not_picked":["Runesmith:MakeshiftArmor","Runesmith:WhiteBalance+1"],"picked":"Runesmith:Discharge+1","floor":49.0},{"not_picked":["Runesmith:RuneHurl+1","Runesmith:Electrocute+1","Runesmith:HammerAndChisel+1"],"picked":"SKIP","floor":49.0},{"not_picked":["Runesmith:StaticCage+1","Runesmith:Superposition"],"picked":"Runesmith:PoweredAnvil","floor":52}],"player_experience":208477,"relics_obtained":[{"floor":13.0,"key":"Odd Mushroom"},{"floor":22.0,"key":"Shovel"},{"floor":22.0,"key":"Bottled Flame"},{"floor":23.0,"key":"Anchor"},{"floor":24.0,"key":"The Courier"},{"floor":25.0,"key":"Juzu Bracelet"},{"floor":30.0,"key":"Shuriken"},{"floor":31.0,"key":"Prayer Wheel"},{"floor":35.0,"key":"Pear"},{"floor":41.0,"key":"Blue Candle"},{"floor":44.0,"key":"Unceasing Top"},{"floor":45.0,"key":"Regal Pillow"},{"floor":52,"key":"Du-Vu Doll"}],"event_choices":[{"damage_healed":0.0,"max_hp_gain":0.0,"max_hp_loss":0.0,"gold_gain":0.0,"event_name":"Mushrooms","player_choice":"Fought Mushrooms","floor":13.0,"gold_loss":0.0,"damage_taken":0.0}],"is_beta":false,"boss_relics":[{"not_picked":["Tiny House","Sozu"],"picked":"Runesmith:UraniumAnvil"},{"not_picked":["Runesmith:CoreCrystal","Fusion Hammer"],"picked":"bronze:MakeshiftBattery"}],"items_purged_floors":[4,26],"is_endless":false,"potions_floor_spawned":[3,11,12,16,22,32,42,44,47,48,52],"ascension_level":0}}