{"host":"s41rn2jhghpwfrvz","time":1614134614,"event":{"mods":["BaseMod","Minty Spire (QoL Compilation)","Quick Restart","Relic Stats","SuperFastMode"],"gold_per_floor":[114,114,39,50,68,93,93,123,147,180,17,45,55,82,82,154,154,174,191,191,207,227,227,255,255,305,305,337,348,298,324,324,401,401,416,306,316,330,346,372,397,431,431,464,334,351,376,376,376,376,376,376,376,5,40,40],"floor_reached":57,"language":"ENG","playtime":1788,"items_purged":["Pain","Deadly Poison","Sunder+1","Blade Dance+1"],"score":3496,"play_id":"0e32ba1c-dec0-4462-9aef-100f4d45c788","local_time":"20210224044334","daily_mods":["SealedDeck","Diverse","Elite Swarm"],"is_ascension_mode":true,"campfire_choices":[{"data":"WreathOfFlame","floor":7.0,"key":"SMITH"},{"data":"Adrenaline","floor":15.0,"key":"SMITH"},{"data":"Blade Dance","floor":23.0,"key":"SMITH"},{"data":"Shockwave","floor":25.0,"key":"SMITH"},{"data":"Sword Boomerang","floor":32.0,"key":"SMITH"},{"floor":49.0,"key":"RECALL"},{"data":"Defragment","floor":53,"key":"SMITH"}],"circlet_count":0,"master_deck":["AscendersBane","Shockwave+1","Defragment+1","Glacier+1","Coolheaded+1","WreathOfFlame+1","Sword Boomerang+1","Adrenaline+1","Terror+1","Madness","Madness","Meteor Strike+1","Discovery"],"relics":["Burning Blood","WarpedTongs","Centennial Puzzle","Akabeko","Du-Vu Doll","Membership Card","Eternal Feather","Charon\u0027s Ashes","Busted Crown","The Courier","MealTicket","Thread and Needle","Vajra","Astrolabe","WingedGreaves","Magic Flower","War Paint","Mango","Happy Flower","OrangePellets","Self Forming Clay","Medical Kit","Whetstone","Lantern","Pen Nib"],"acts_visited":["Exordium","TheCity","TheBeyond","TheEnding"],"potions_floor_usage":[56,56],"damage_taken":[{"damage":9.0,"enemies":"Small Slimes","floor":1.0,"turns":2.0},{"damage":2.0,"enemies":"Cultist","floor":4.0,"turns":3.0},{"damage":0.0,"enemies":"Jaw Worm","floor":5.0,"turns":4.0},{"damage":0.0,"enemies":"Lagavulin","floor":6.0,"turns":7.0},{"damage":24.0,"enemies":"3 Sentries","floor":8.0,"turns":8.0},{"damage":6.0,"enemies":"Gremlin Nob","floor":10.0,"turns":3.0},{"damage":0.0,"enemies":"Lagavulin","floor":12.0,"turns":3.0},{"damage":0.0,"enemies":"3 Louse","floor":13.0,"turns":1.0},{"damage":20.0,"enemies":"3 Sentries","floor":14.0,"turns":4.0},{"damage":0.0,"enemies":"Slime Boss","floor":16.0,"turns":2.0},{"damage":1.0,"enemies":"Shell Parasite","floor":18.0,"turns":2.0},{"damage":0.0,"enemies":"Spheric Guardian","floor":19.0,"turns":2.0},{"damage":11.0,"enemies":"Snake Plant","floor":21.0,"turns":2.0},{"damage":0.0,"enemies":"3 Cultists","floor":22.0,"turns":3.0},{"damage":9.0,"enemies":"Slavers","floor":24.0,"turns":3.0},{"damage":5.0,"enemies":"Gremlin Leader","floor":28.0,"turns":2.0},{"damage":3.0,"enemies":"Shelled Parasite and Fungi","floor":29.0,"turns":2.0},{"damage":0.0,"enemies":"Book of Stabbing","floor":31.0,"turns":3.0},{"damage":0.0,"enemies":"Collector","floor":33.0,"turns":5.0},{"damage":3.0,"enemies":"3 Shapes","floor":35.0,"turns":3.0},{"damage":0.0,"enemies":"3 Darklings","floor":37.0,"turns":2.0},{"damage":15.0,"enemies":"4 Shapes","floor":38.0,"turns":3.0},{"damage":0.0,"enemies":"Sphere and 2 Shapes","floor":39.0,"turns":1.0},{"damage":6.0,"enemies":"Giant Head","floor":40.0,"turns":4.0},{"damage":27.0,"enemies":"Nemesis","floor":41.0,"turns":4.0},{"damage":0.0,"enemies":"Reptomancer","floor":42.0,"turns":4.0},{"damage":0.0,"enemies":"Nemesis","floor":44.0,"turns":3.0},{"damage":0.0,"enemies":"Maw","floor":46.0,"turns":3.0},{"damage":0.0,"enemies":"Reptomancer","floor":47.0,"turns":3.0},{"damage":32.0,"enemies":"Donu and Deca","floor":50.0,"turns":7.0},{"damage":22,"enemies":"Time Eater","floor":51,"turns":8},{"damage":67,"enemies":"Shield and Spear","floor":55,"turns":5},{"damage":15,"enemies":"The Heart","floor":56,"turns":9}],"seed_played":"8632171467906161612","potions_obtained":[{"floor":1.0,"key":"Energy Potion"},{"floor":4.0,"key":"ColorlessPotion"},{"floor":10.0,"key":"Regen Potion"},{"floor":12.0,"key":"CultistPotion"},{"floor":18.0,"key":"Ancient Potion"},{"floor":37.0,"key":"Strength Potion"},{"floor":46.0,"key":"Dexterity Potion"}],"is_trial":true,"path_per_floor":["M","?","$","M","M","E","R","E","T","E","$","E","M","E","R","B",null,"M","M","?","M","M","R","E","R","T","?","E","M","$","E","R","B",null,"M","?","M","M","M","E","E","E","T","E","$","M","E","?","R","B","B",null,"R","$","E","B",null],"character_chosen":"IRONCLAD","items_purchased":["Membership Card","OrangePellets","Medical Kit","Meteor Strike","Whetstone","Discovery","Lantern"],"campfire_rested":0,"item_purchase_floors":[11,45,54,54,54,54,54],"current_hp_per_floor":[65,65,65,69,75,75,75,57,57,57,57,63,69,55,61,67,73,75,75,54,49,55,61,58,64,64,64,65,68,80,80,80,80,80,80,80,80,71,77,77,56,65,79,88,94,94,94,77,83,60,47,82,88,94,36,30],"gold":40,"neow_bonus":"","is_daily":false,"chose_seed":false,"campfire_upgraded":6,"win_rate":0.0,"timestamp":1614134614,"path_taken":["M","?","$","M","M","E","R","E","T","E","$","E","M","E","R","BOSS","M","?","?","M","M","R","E","R","T","?","E","?","$","E","R","BOSS","M","?","?","M","M","E","E","E","T","E","$","M","E","?","R","BOSS","BOSS","R","$","E","BOSS"],"items_purchased_type":["Relic","Relic","Relic","Card","Relic","Card","Relic"],"build_version":"2020-12-22","purchased_purges":4,"victory":true,"max_hp_per_floor":[75,75,75,75,75,75,75,75,75,75,75,75,75,75,75,75,75,75,75,80,80,80,80,80,80,80,80,80,80,80,80,80,80,80,80,80,80,80,80,80,80,80,94,94,94,94,94,94,94,94,94,94,94,94,94,94],"relic_stats":{"Happy Flower":[11],"counters":[33,120],"Self Forming Clay":[45],"Astrolabe":["Terror","Sunder","Unload"],"Magic Flower":[18],"Eternal Feather":30,"Charon\u0027s Ashes":[997],"Pen Nib":[1],"Whetstone":["Meteor Strike"],"War Paint":["Coolheaded"],"Medical Kit":[5],"Burning Blood":168,"WarpedTongs":[85],"OrangePellets":[0],"Centennial Puzzle":[45],"Busted Crown":40,"MealTicket":24,"obtain_stats":[{"Lantern":54,"Vajra":31,"Magic Flower":41,"Mango":43,"Whetstone":54,"Burning Blood":0,"Centennial Puzzle":6,"MealTicket":26,"WingedGreaves":40,"Happy Flower":44,"Self Forming Clay":47,"Astrolabe":34,"Eternal Feather":12,"Thread and Needle":28,"Charon\u0027s Ashes":14,"The Courier":24,"Pen Nib":55,"War Paint":42,"Medical Kit":54,"Akabeko":8,"WarpedTongs":2,"Du-Vu Doll":10,"OrangePellets":45,"Busted Crown":17,"Membership Card":11},{"Lantern":31,"Vajra":18,"Magic Flower":25,"Mango":26,"Whetstone":31,"Burning Blood":0,"Centennial Puzzle":4,"MealTicket":15,"WingedGreaves":24,"Happy Flower":27,"Self Forming Clay":29,"Astrolabe":19,"Eternal Feather":7,"Thread and Needle":16,"Charon\u0027s Ashes":9,"The Courier":15,"Pen Nib":32,"War Paint":26,"Medical Kit":31,"Akabeko":5,"WarpedTongs":1,"Du-Vu Doll":6,"OrangePellets":27,"Busted Crown":10,"Membership Card":6},{"Lantern":106,"Vajra":56,"Magic Flower":78,"Mango":82,"Whetstone":106,"Burning Blood":0,"Centennial Puzzle":16,"MealTicket":49,"WingedGreaves":74,"Happy Flower":85,"Self Forming Clay":91,"Astrolabe":61,"Eternal Feather":30,"Thread and Needle":51,"Charon\u0027s Ashes":35,"The Courier":49,"Pen Nib":111,"War Paint":82,"Medical Kit":106,"Akabeko":24,"WarpedTongs":2,"Du-Vu Doll":27,"OrangePellets":85,"Busted Crown":37,"Membership Card":27}]},"card_choices":[{"not_picked":["Heavy Blade","SashWhip","Acrobatics"],"picked":"SKIP","floor":1.0},{"not_picked":["FearNoEvil","Gash","Halt"],"picked":"SKIP","floor":4.0},{"not_picked":["Clash","Go for the Eyes","BowlingBash"],"picked":"SKIP","floor":5.0},{"not_picked":["Fission","Machine Learning","Immolate"],"picked":"SKIP","floor":6.0},{"not_picked":["Demon Form","After Image"],"picked":"Adrenaline","floor":8.0},{"not_picked":["Juggernaut","Brilliance","Electrodynamics"],"picked":"SKIP","floor":10.0},{"not_picked":["Corruption","Vault","Double Tap"],"picked":"SKIP","floor":12.0},{"not_picked":["Turbo","Quick Slash","Evaluate"],"picked":"SKIP","floor":13.0},{"not_picked":["Ragnarok","SpiritShield","Malaise"],"picked":"SKIP","floor":14.0},{"not_picked":["Dodge and Roll"],"picked":"SKIP","floor":18.0},{"not_picked":["Consecrate"],"picked":"SKIP","floor":19.0},{"not_picked":["SashWhip"],"picked":"SKIP","floor":21.0},{"not_picked":["Iron Wave"],"picked":"SKIP","floor":22.0},{"not_picked":["SpiritShield"],"picked":"SKIP","floor":24.0},{"not_picked":["Brilliance"],"picked":"SKIP","floor":28.0},{"not_picked":["Underhanded Strike"],"picked":"SKIP","floor":29.0},{"not_picked":["Alpha"],"picked":"SKIP","floor":31.0},{"not_picked":["Iron Wave+1"],"picked":"SKIP","floor":35.0},{"not_picked":["Calculated Gamble"],"picked":"SKIP","floor":37.0},{"not_picked":["Quick Slash"],"picked":"SKIP","floor":38.0},{"not_picked":["Beam Cell+1"],"picked":"SKIP","floor":39.0},{"not_picked":["Grand Finale"],"picked":"SKIP","floor":40.0},{"not_picked":["Phantasmal Killer"],"picked":"SKIP","floor":41.0},{"not_picked":["Rainbow"],"picked":"SKIP","floor":42.0},{"not_picked":["All For One"],"picked":"SKIP","floor":44.0},{"not_picked":["Bane"],"picked":"SKIP","floor":46.0},{"not_picked":["DeusExMachina"],"picked":"SKIP","floor":47.0},{"not_picked":["Creative AI"],"picked":"SKIP","floor":55},{"not_picked":["Creative AI"],"picked":"SKIP","floor":55}],"player_experience":2000188,"relics_obtained":[{"floor":6.0,"key":"Centennial Puzzle"},{"floor":8.0,"key":"Akabeko"},{"floor":10.0,"key":"Du-Vu Doll"},{"floor":12.0,"key":"Eternal Feather"},{"floor":14.0,"key":"Charon\u0027s Ashes"},{"floor":24.0,"key":"The Courier"},{"floor":26.0,"key":"MealTicket"},{"floor":28.0,"key":"Thread and Needle"},{"floor":31.0,"key":"Vajra"},{"floor":40.0,"key":"WingedGreaves"},{"floor":41.0,"key":"Magic Flower"},{"floor":42.0,"key":"War Paint"},{"floor":43.0,"key":"Mango"},{"floor":44.0,"key":"Happy Flower"},{"floor":47.0,"key":"Self Forming Clay"},{"floor":55,"key":"Pen Nib"}],"event_choices":[{"damage_healed":0.0,"max_hp_gain":0.0,"max_hp_loss":0.0,"gold_gain":0.0,"event_name":"Accursed Blacksmith","player_choice":"Rummage","floor":2.0,"gold_loss":0.0,"damage_taken":0.0,"relics_obtained":["WarpedTongs"],"cards_obtained":["Pain"]},{"damage_healed":0.0,"max_hp_gain":5.0,"max_hp_loss":0.0,"gold_gain":0.0,"event_name":"Forgotten Altar","player_choice":"Shed Blood","floor":20.0,"gold_loss":0.0,"damage_taken":26.0},{"damage_healed":0.0,"max_hp_gain":0.0,"max_hp_loss":0.0,"gold_gain":0.0,"event_name":"Match and Keep!","player_choice":"1 cards matched","floor":27.0,"gold_loss":0.0,"damage_taken":0.0,"cards_obtained":["Deadly Poison"]},{"cards_removed":["Unload"],"damage_healed":0.0,"max_hp_gain":0.0,"max_hp_loss":0.0,"gold_gain":0.0,"event_name":"Designer","player_choice":"Upgrade and Remove","floor":36.0,"gold_loss":110.0,"damage_taken":0.0,"cards_upgraded":["Glacier"]},{"damage_healed":0.0,"max_hp_gain":0.0,"max_hp_loss":0.0,"gold_gain":0.0,"event_name":"Winding Halls","player_choice":"Embrace Madness","floor":48.0,"gold_loss":0.0,"damage_taken":17.0,"cards_obtained":["Madness","Madness"]}],"is_beta":false,"boss_relics":[{"not_picked":["Snecko Eye","Mark of Pain"],"picked":"Busted Crown"},{"not_picked":["Fusion Hammer","Runic Cube"],"picked":"Astrolabe"}],"items_purged_floors":[3,30,45,54],"is_endless":false,"potions_floor_spawned":[1,4,10,12,18,19,28,29,37,39,41,46,55],"ascension_level":20}}