{"host":"6pic12dj9p7186mz","time":1614150192,"event":{"mods":["BaseMod","Minty Spire (QoL Compilation)","Permanent Neow","Relic Stats","StSLib"],"gold_per_floor":[109,119,133,150,150,150,176,191,260,271,24,50,65,77,77,77,77],"floor_reached":16,"language":"ENG","playtime":616,"items_purged":[],"score":169,"play_id":"0f23f0d7-7de5-4503-af15-ec8ea0aa445f","local_time":"20210224010312","is_ascension_mode":true,"campfire_choices":[{"data":"Whirlwind","floor":6,"key":"SMITH"},{"floor":15,"key":"REST"}],"circlet_count":0,"master_deck":["Strike_R","Strike_R","Strike_R","Strike_R","Defend_R","Defend_R","Bash","Inflame","Whirlwind+1","Disarm","Cleave","Dark Embrace","True Grit","Reaper","Fire Breathing","Warcry","Burning Pact"],"relics":["Burning Blood","Art of War","Bottled Tornado","Shovel"],"acts_visited":["Exordium"],"potions_floor_usage":[7,7,10],"damage_taken":[{"damage":11,"enemies":"Jaw Worm","floor":1,"turns":4},{"damage":8,"enemies":"2 Louse","floor":2,"turns":3},{"damage":1,"enemies":"Cultist","floor":3,"turns":3},{"damage":15,"enemies":"Looter","floor":4,"turns":3},{"damage":0,"enemies":"Gremlin Nob","floor":7,"turns":2},{"damage":21,"enemies":"Blue Slaver","floor":8,"turns":5},{"damage":2,"enemies":"2 Fungi Beasts","floor":10,"turns":2},{"damage":28,"enemies":"3 Sentries","floor":12,"turns":4},{"damage":12,"enemies":"Lots of Slimes","floor":13,"turns":2},{"damage":14,"enemies":"Red Slaver","floor":14,"turns":3},{"damage":42,"enemies":"Hexaghost","floor":16,"turns":10}],"seed_played":"-2212772257517821274","potions_obtained":[{"floor":1,"key":"ColorlessPotion"},{"floor":2,"key":"SteroidPotion"},{"floor":4,"key":"Energy Potion"}],"is_trial":false,"path_per_floor":["M","M","M","M","?","R","E","M","T","M","$","E","M","M","R","B"],"character_chosen":"IRONCLAD","items_purchased":["Reaper","Fire Breathing","Warcry"],"campfire_rested":1,"item_purchase_floors":[11,11,11],"current_hp_per_floor":[67,65,70,61,54,54,60,45,45,49,49,27,21,13,34,0,0],"gold":77,"neow_bonus":"REMOVE_TWO","is_daily":false,"chose_seed":false,"campfire_upgraded":1,"win_rate":0.0,"timestamp":1614150192,"path_taken":["M","M","M","M","?","R","E","M","T","M","$","E","M","M","R","BOSS"],"items_purchased_type":["Card","Card","Card"],"build_version":"2020-12-22","purchased_purges":0,"victory":false,"max_hp_per_floor":[72,72,72,72,72,72,72,72,72,72,72,72,72,72,72,72,72],"relic_stats":{"Shovel":0,"counters":[11,41],"Art of War":[5],"obtain_stats":[{"Shovel":12,"Art of War":7,"Bottled Tornado":9,"Burning Blood":0},{"Shovel":8,"Art of War":5,"Bottled Tornado":6,"Burning Blood":0},{"Shovel":26,"Art of War":15,"Bottled Tornado":20,"Burning Blood":0}],"Burning Blood":60},"card_choices":[{"not_picked":["Dropkick","Dark Embrace"],"picked":"Inflame","floor":1},{"not_picked":["Warcry","Shrug It Off"],"picked":"Whirlwind","floor":2},{"not_picked":["Havoc","Wild Strike"],"picked":"Disarm","floor":3},{"not_picked":["Double Tap","Thunderclap"],"picked":"Cleave","floor":4},{"not_picked":["Sentinel","Demon Form"],"picked":"Dark Embrace","floor":7},{"not_picked":["Rupture","Combust","Blood for Blood"],"picked":"SKIP","floor":8},{"not_picked":["Heavy Blade","Cleave"],"picked":"True Grit","floor":10},{"not_picked":["Dropkick","Warcry","Twin Strike"],"picked":"SKIP","floor":12},{"not_picked":["Warcry","Perfected Strike"],"picked":"Burning Pact","floor":13},{"not_picked":["Twin Strike","Havoc","Heavy Blade"],"picked":"SKIP","floor":14}],"player_experience":57704,"relics_obtained":[{"floor":7,"key":"Art of War"},{"floor":9,"key":"Bottled Tornado"},{"floor":12,"key":"Shovel"}],"event_choices":[{"cards_removed":["Strike_R"],"damage_healed":0,"gold_gain":0,"player_choice":"Card Removal","damage_taken":7,"max_hp_gain":0,"max_hp_loss":0,"event_name":"Golden Wing","floor":5,"gold_loss":0}],"is_beta":false,"boss_relics":[],"items_purged_floors":[],"is_endless":false,"potions_floor_spawned":[1,2,4],"killed_by":"Hexaghost","ascension_level":4}}