{"host":"prxrhpgaxnj4om9r","time":1614151117,"event":{"mods":["AchievementEnabler","BaseMod","Colored Map","DeckTracker","Minty Spire (QoL Compilation)"],"gold_per_floor":[110,124,124,124,141,174,174,194,246,265,42,60,91,91,91,193,193,211,126,126,126,90,116,116,141,188,188,17,45,60,70,70,170,170,188,200,200,214,227,227,260,307,354,354,373,15,15,30,30,30,30],"floor_reached":50,"language":"KOR","playtime":2475,"items_purged":[],"score":727,"play_id":"89b79ed9-b8ea-46c7-8a1a-8f0c3d13067b","local_time":"20210224161837","is_ascension_mode":true,"campfire_choices":[{"data":"Bouncing Flask","floor":7,"key":"SMITH"},{"floor":15,"key":"REST"},{"floor":24,"key":"REST"},{"floor":27,"key":"REST"},{"floor":32,"key":"REST"},{"floor":40,"key":"REST"},{"floor":47,"key":"REST"},{"floor":49,"key":"REST"}],"circlet_count":0,"master_deck":["Survivor+1","Neutralize","Calculated Gamble","Flying Knee","Deadly Poison","Poisoned Stab","Bouncing Flask+1","Dagger Spray+1","Dagger Spray","Infinite Blades+1","After Image+1","Blade Dance","Venomology","Endless Agony","Backstab","Night Terror","Dodge and Roll","Cloak And Dagger","Malaise","Blade Dance+1","Burst","Escape Plan","Predator","Glass Knife","Sucker Punch+1","Caltrops+1","Bane","Underhanded Strike","Phantasmal Killer","Noxious Fumes+1","Blur","Dramatic Entrance","Distraction+1","Blade Dance+1","Backstab","Deadly Poison+1","Heel Hook","Riddle With Holes+1","PiercingWail","Accuracy+1"],"relics":["Ring of the Serpent","Frozen Egg 2","Smiling Mask","Regal Pillow","War Paint","Pandora\u0027s Box","Bronze Scales","Pen Nib","Bag of Preparation","PreservedInsect","Vajra","Torii","Calipers","Nunchaku","Turnip"],"acts_visited":["Exordium","TheCity","TheBeyond"],"potions_floor_usage":[6,6,6,13,18,25,25,30,33,33,36,38,38,39,41,42,45,50,50,50,50],"damage_taken":[{"damage":0,"enemies":"2 Louse","floor":1,"turns":3},{"damage":0,"enemies":"Small Slimes","floor":2,"turns":3},{"damage":0,"enemies":"Cultist","floor":5,"turns":3},{"damage":3,"enemies":"3 Sentries","floor":6,"turns":6},{"damage":3,"enemies":"Blue Slaver","floor":8,"turns":3},{"damage":6,"enemies":"Looter","floor":10,"turns":3},{"damage":0,"enemies":"Large Slime","floor":12,"turns":4},{"damage":27,"enemies":"Gremlin Nob","floor":13,"turns":4},{"damage":23,"enemies":"Slime Boss","floor":16,"turns":9},{"damage":18,"enemies":"Spheric Guardian","floor":18,"turns":5},{"damage":20,"enemies":"Slavers","floor":23,"turns":2},{"damage":33,"enemies":"Book of Stabbing","floor":25,"turns":6},{"damage":9,"enemies":"Slavers","floor":29,"turns":3},{"damage":4,"enemies":"2 Thieves","floor":30,"turns":3},{"damage":10,"enemies":"Snake Plant","floor":31,"turns":3},{"damage":65,"enemies":"Champ","floor":33,"turns":12},{"damage":18,"enemies":"3 Darklings","floor":35,"turns":3},{"damage":2,"enemies":"3 Shapes","floor":36,"turns":4},{"damage":0,"enemies":"Jaw Worm Horde","floor":38,"turns":3},{"damage":23,"enemies":"Spire Growth","floor":39,"turns":3},{"damage":10,"enemies":"Nemesis","floor":41,"turns":3},{"damage":12,"enemies":"2 Orb Walkers","floor":42,"turns":2},{"damage":22,"enemies":"Sphere and 2 Shapes","floor":45,"turns":3},{"damage":7,"enemies":"4 Shapes","floor":48,"turns":3},{"damage":82,"enemies":"Time Eater","floor":50,"turns":7}],"seed_played":"-5805696251654204762","potions_obtained":[{"floor":1,"key":"BlessingOfTheForge"},{"floor":2,"key":"AttackPotion"},{"floor":5,"key":"Swift Potion"},{"floor":12,"key":"PowerPotion"},{"floor":29,"key":"LiquidMemories"},{"floor":30,"key":"Weak Potion"},{"floor":36,"key":"DistilledChaos"},{"floor":38,"key":"Block Potion"},{"floor":41,"key":"Swift Potion"},{"floor":42,"key":"Explosive Potion"}],"is_trial":false,"path_per_floor":["M","M","?","?","M","E","R","M","T","M","$","M","E","?","R","B",null,"M","?","?","?","$","E","R","E","T","R","$","E","M","M","R","B",null,"M","M","?","M","M","R","E","?","T","?","M","$","R","M","R","B"],"character_chosen":"THE_SILENT","items_purchased":["Infinite Blades+1","Regal Pillow","Predator","Caltrops+1","GhostInAJar","Turnip","PiercingWail","Fire Potion"],"campfire_rested":7,"item_purchase_floors":[11,11,22,28,28,46,46,46],"current_hp_per_floor":[63,63,63,49,49,46,46,43,43,37,37,37,10,10,46,23,58,40,40,40,40,40,20,56,23,23,59,59,50,46,36,70,5,54,36,34,34,43,20,56,46,34,34,34,12,12,48,41,70,0,0],"gold":30,"neow_bonus":"UPGRADE_CARD","is_daily":false,"chose_seed":false,"campfire_upgraded":1,"win_rate":0.0,"timestamp":1614151117,"path_taken":["M","M","?","?","M","E","R","M","T","M","$","M","E","?","R","BOSS","M","?","?","?","?","E","R","E","T","R","$","E","M","M","R","BOSS","M","M","?","M","M","R","E","?","T","?","M","$","R","M","R","BOSS"],"items_purchased_type":["Card","Relic","Card","Card","Potion","Relic","Card","Potion"],"build_version":"2020-12-22","purchased_purges":0,"victory":false,"max_hp_per_floor":[70,70,70,70,70,70,70,70,70,70,70,70,70,70,70,70,70,70,70,70,70,70,70,70,70,70,70,70,70,70,70,70,70,70,70,70,70,70,70,70,70,70,70,70,70,70,70,70,70,70,70],"card_choices":[{"not_picked":["Expertise","Prepared"],"picked":"Calculated Gamble","floor":1},{"not_picked":["Dagger Throw","Outmaneuver"],"picked":"Flying Knee","floor":2},{"not_picked":["Prepared","Sucker Punch"],"picked":"Poisoned Stab","floor":5},{"not_picked":["All Out Attack","Acrobatics"],"picked":"Bouncing Flask","floor":6},{"not_picked":["Prepared","Dagger Throw"],"picked":"Dagger Spray","floor":8},{"not_picked":["Tactician","Slice"],"picked":"Dagger Spray","floor":10},{"not_picked":["Riddle With Holes","Poisoned Stab"],"picked":"After Image+1","floor":12},{"not_picked":["Flechettes","Deflect"],"picked":"Blade Dance","floor":13},{"not_picked":["A Thousand Cuts+1","Unload"],"picked":"Venomology","floor":16},{"not_picked":["Poisoned Stab+1","Backstab"],"picked":"Blade Dance+1","floor":18},{"not_picked":["Reflex","Predator"],"picked":"Glass Knife","floor":23},{"not_picked":["Poisoned Stab","Quick Slash"],"picked":"Sucker Punch+1","floor":25},{"not_picked":["Prepared+1","Blade Dance"],"picked":"Bane","floor":29},{"not_picked":["Dodge and Roll","Flechettes","PiercingWail"],"picked":"SKIP","floor":30},{"not_picked":["Distraction","Skewer+1"],"picked":"Underhanded Strike","floor":31},{"not_picked":["Doppelganger","After Image+1"],"picked":"Phantasmal Killer","floor":33},{"not_picked":["Deflect+1","Acrobatics"],"picked":"Noxious Fumes+1","floor":35},{"not_picked":["Flying Knee","Cloak And Dagger+1"],"picked":"Blur","floor":36},{"not_picked":["Magnetism+1","Impatience"],"picked":"Dramatic Entrance","floor":37},{"not_picked":["Masterful Stab+1","Prepared+1"],"picked":"Distraction+1","floor":38},{"not_picked":["Deadly Poison","Sucker Punch+1"],"picked":"Blade Dance+1","floor":39},{"not_picked":["Catalyst","Dagger Spray"],"picked":"Backstab","floor":41},{"not_picked":["Endless Agony+1","Skewer+1"],"picked":"Deadly Poison+1","floor":42},{"not_picked":["Acrobatics+1","Reflex+1"],"picked":"Riddle With Holes+1","floor":45},{"not_picked":["Sucker Punch","Choke"],"picked":"Accuracy+1","floor":48}],"player_experience":622349,"relics_obtained":[{"floor":6,"key":"Frozen Egg 2"},{"floor":9,"key":"Smiling Mask"},{"floor":13,"key":"War Paint"},{"floor":23,"key":"Pen Nib"},{"floor":25,"key":"Bag of Preparation"},{"floor":26,"key":"PreservedInsect"},{"floor":29,"key":"Vajra"},{"floor":41,"key":"Torii"},{"floor":42,"key":"Calipers"},{"floor":43,"key":"Nunchaku"}],"event_choices":[{"damage_healed":0,"gold_gain":0,"cards_transformed":["Defend_G"],"player_choice":"Change","damage_taken":0,"max_hp_gain":0,"max_hp_loss":0,"event_name":"Living Wall","floor":3,"gold_loss":0,"cards_obtained":["Deadly Poison"]},{"damage_healed":0,"gold_gain":0,"player_choice":"Entered Light","damage_taken":14,"max_hp_gain":0,"max_hp_loss":0,"event_name":"Shining Light","floor":4,"gold_loss":0,"cards_upgraded":["Defend_G","Strike_G"]},{"damage_healed":0,"gold_gain":0,"player_choice":"Upgraded","damage_taken":0,"max_hp_gain":0,"max_hp_loss":0,"event_name":"Upgrade Shrine","floor":14,"gold_loss":0,"cards_upgraded":["Dagger Spray"]},{"damage_healed":0,"gold_gain":0,"player_choice":"Obtained Relic","damage_taken":0,"relics_obtained":["Bronze Scales"],"max_hp_gain":0,"max_hp_loss":0,"event_name":"Addict","floor":19,"gold_loss":85},{"damage_healed":0,"gold_gain":0,"player_choice":"Ignored","damage_taken":0,"max_hp_gain":0,"max_hp_loss":0,"event_name":"Vampires","floor":20,"gold_loss":0},{"damage_healed":0,"gold_gain":0,"cards_transformed":["Setup","PiercingWail"],"player_choice":"Became Test Subject","damage_taken":0,"max_hp_gain":0,"max_hp_loss":0,"event_name":"Drug Dealer","floor":21,"gold_loss":0,"cards_obtained":["Burst","Escape Plan"]},{"damage_healed":0,"gold_gain":0,"player_choice":"Memory 1","damage_taken":0,"max_hp_gain":0,"max_hp_loss":0,"event_name":"SensoryStone","floor":37,"gold_loss":0},{"damage_healed":0,"gold_gain":0,"player_choice":"Fight","damage_taken":0,"max_hp_gain":0,"max_hp_loss":0,"event_name":"Mysterious Sphere","floor":42,"gold_loss":0},{"damage_healed":0,"gold_gain":0,"cards_transformed":["Distraction"],"player_choice":"Transformed","damage_taken":0,"max_hp_gain":0,"max_hp_loss":0,"event_name":"Transmorgrifier","floor":44,"gold_loss":0,"cards_obtained":["Heel Hook"]}],"is_beta":false,"boss_relics":[{"not_picked":["HoveringKite","Velvet Choker"],"picked":"Pandora\u0027s Box"},{"not_picked":["SacredBark","Snecko Eye"],"picked":"Ring of the Serpent"}],"items_purged_floors":[],"is_endless":false,"potions_floor_spawned":[1,2,5,12,29,30,31,36,38,41,42],"killed_by":"Time Eater","ascension_level":6}}