{"host":"er8s5flrc5z1a07t","time":1614130554,"event":{"mods":["2.2 Compatiblity","Act Like it!","Aspiration","Bard","BaseMod","Better Note","Better Third Choice","Downfall","Duelist Mod","Elementarium","Energized Spire","GifTheSpireLib","Googly Eyes","Hubris","Infinite Spire","Minty Spire (QoL Compilation)","Relic Stats","Replay The Spire","Shop Mod","StSLib","Stuff the Spire","Synergy Search","The Cursed"],"gold_per_floor":[109,109,21,33,33,67,67,87,157,188,188,202,45,60,60,60,60],"floor_reached":16,"language":"ENG","playtime":439,"items_purged":[],"score":263,"play_id":"fdd0fc2a-053d-4718-b8c6-c595517e560f","local_time":"20210223203554","is_ascension_mode":true,"campfire_choices":[{"data":"StuffTheSpire:Rend","floor":7,"key":"SMITH"},{"data":"FTL","floor":15,"key":"SMITH"}],"circlet_count":0,"master_deck":["AscendersBane","Strike_B","Strike_B","Strike_B","Strike_B","Defend_B","Defend_B","Defend_B","Defend_B","Zap","Dualcast","ReplayGash","FTL+1","StuffTheSpire:Rend+1","Gash","Seek","Seek","Cold Snap","Doom and Gloom"],"relics":["StuffTheSpire:OccultApparatus","NeowsBlessing","FaceOfCleric","Replay:Mystery Machine","hubris:PeanutButter","hubris:ToyBattleship","Oddly Smooth Stone"],"acts_visited":["Exordium"],"potions_floor_usage":[12,16],"damage_taken":[{"damage":0,"enemies":"2 Louse","floor":1,"turns":1},{"damage":0,"enemies":"infinitespire:Voidling","floor":4,"turns":1},{"damage":0,"enemies":"Replay:BlueRogue","floor":6,"turns":1},{"damage":4,"enemies":"Small Slimes","floor":8,"turns":3},{"damage":28,"enemies":"Gremlin Nob","floor":10,"turns":4},{"damage":3,"enemies":"3 Louse","floor":12,"turns":4},{"damage":3,"enemies":"Blue Slaver","floor":14,"turns":3},{"damage":36,"enemies":"Hexaghost","floor":16,"turns":11}],"seed_played":"4767281439639300254","potions_obtained":[{"floor":1,"key":"Adrenaline Potion"},{"floor":6,"key":"EssenceOfSteel"},{"floor":12,"key":"Block Potion"},{"floor":14,"key":"LiquidMemories"}],"is_trial":false,"path_per_floor":["M","?","$","M","?","E","R","M","T","E","?","M","$","M","R","B"],"character_chosen":"DEFECT","items_purchased":["FTL","Oddly Smooth Stone"],"campfire_rested":0,"item_purchase_floors":[3,13],"current_hp_per_floor":[64,64,64,65,65,66,66,63,63,36,39,37,37,35,35,0,0],"gold":60,"neow_bonus":"THREE_ENEMY_KILL","is_daily":false,"chose_seed":false,"campfire_upgraded":2,"win_rate":0.0,"timestamp":1614130554,"path_taken":["M","?","$","?","?","E","R","M","T","E","?","M","?","M","R","BOSS"],"items_purchased_type":["Card","Relic"],"build_version":"2020-12-22","purchased_purges":0,"victory":false,"max_hp_per_floor":[71,71,71,72,72,73,73,74,74,75,78,79,79,80,80,80,80],"relic_stats":{"FaceOfCleric":6,"counters":[8,28],"obtain_stats":[{"StuffTheSpire:OccultApparatus":5,"NeowsBlessing":0,"FaceOfCleric":2,"Oddly Smooth Stone":13,"hubris:PeanutButter":9,"hubris:ToyBattleship":10,"Replay:Mystery Machine":6,"Cracked Core":0},{"StuffTheSpire:OccultApparatus":2,"NeowsBlessing":0,"FaceOfCleric":1,"Oddly Smooth Stone":6,"hubris:PeanutButter":4,"hubris:ToyBattleship":5,"Replay:Mystery Machine":3,"Cracked Core":0},{"StuffTheSpire:OccultApparatus":2,"NeowsBlessing":0,"FaceOfCleric":1,"Oddly Smooth Stone":14,"hubris:PeanutButter":6,"hubris:ToyBattleship":10,"Replay:Mystery Machine":3,"Cracked Core":0}]},"card_choices":[{"not_picked":["Sweeping Beam","Redo"],"picked":"ReplayGash","floor":1},{"not_picked":["Redo","Ball Lightning"],"picked":"StuffTheSpire:Rend","floor":4},{"not_picked":["Recycle","Hologram"],"picked":"Gash","floor":6},{"not_picked":["Barrage","Hello World"],"picked":"Seek","floor":8},{"not_picked":["BasicCrystalCard","Go for the Eyes"],"picked":"Seek","floor":10},{"not_picked":["BootSequence","Rip and Tear"],"picked":"Cold Snap","floor":12},{"not_picked":["Compile Driver","Darkness"],"picked":"Doom and Gloom","floor":14}],"player_experience":1161268,"relics_obtained":[{"floor":6,"key":"Replay:Mystery Machine"},{"floor":9,"key":"hubris:PeanutButter"},{"floor":10,"key":"hubris:ToyBattleship"}],"event_choices":[{"damage_healed":0,"gold_gain":0,"player_choice":"Trade","damage_taken":0,"relics_obtained":["FaceOfCleric"],"max_hp_gain":0,"max_hp_loss":0,"event_name":"FaceTrader","floor":2,"gold_loss":0}],"is_beta":false,"boss_relics":[],"items_purged_floors":[],"is_endless":false,"potions_floor_spawned":[1,6,12,14],"killed_by":"Hexaghost","ascension_level":19}}