{"host":"jgqxb38yl0c1w101","time":1614136826,"event":{"mods":["2.2 Compatiblity","AchievementEnabler","BaseMod","Colored Map","Downfall","Highlight Path","Minty Spire (QoL Compilation)","Monster B Gone","Random Character Button","Relic Stats","Replay The Spire","StSLib"],"gold_per_floor":[115,92,103,103,115,142,152,177,200,200,216,234,234,249,249,354,354,372,372,417,441,459,493,493,493,493,520,520,62,62,62],"floor_reached":30,"language":"ENG","playtime":2252,"items_purged":[],"score":333,"play_id":"d6afb2fe-a749-4a96-8570-d87a0991a677","local_time":"20210223222026","is_ascension_mode":true,"campfire_choices":[{"floor":10,"key":"REST"},{"data":"Tantrum","floor":13,"key":"SMITH"},{"floor":15,"key":"REST"},{"floor":26,"key":"REST"}],"circlet_count":0,"master_deck":["Strike_P","Strike_P","Strike_P","Strike_P","Defend_P","Defend_P","Defend_P","Defend_P","Eruption","Vigilance","Consecrate","Replay:AtTheReady","ThirdEye","Swivel","Tantrum+1","Adaptation","SandsOfTime","CutThroughFate","Protect","MentalFortress","Ragnarok","Halt","Indignation+1","Sanctity+1","FollowUp+1","CarveReality","Fasting2"],"relics":["PureWater","NeowsBlessing","Akabeko","Happy Flower","Tiny Chest","ReplayTheSpireMod:DimensionalGlitch","Replay:Accelerometer","Blood Vial","Replay:Baseball","Matryoshka","Smiling Mask","hexamod:CandleOfCauterizing","Replay:PocketPolymizer","HandDrill"],"acts_visited":["Exordium","TheCity"],"potions_floor_usage":[14,16,18,23,23,23],"damage_taken":[{"damage":0,"enemies":"Cultist","floor":1,"turns":1},{"damage":0,"enemies":"Small Slimes","floor":3,"turns":1},{"damage":0,"enemies":"Jaw Worm","floor":5,"turns":1},{"damage":36,"enemies":"3 Sentries","floor":6,"turns":18},{"damage":9,"enemies":"Exordium Thugs","floor":7,"turns":3},{"damage":24,"enemies":"Lagavulin","floor":8,"turns":7},{"damage":0,"enemies":"Exordium Wildlife","floor":11,"turns":3},{"damage":4,"enemies":"Large Slime","floor":12,"turns":3},{"damage":4,"enemies":"Exordium Thugs","floor":14,"turns":5},{"damage":33,"enemies":"The Guardian","floor":16,"turns":10},{"damage":19,"enemies":"2 Thieves","floor":18,"turns":3},{"damage":0,"enemies":"Chosen","floor":22,"turns":1},{"damage":1,"enemies":"Slavers","floor":23,"turns":2},{"damage":0,"enemies":"Book of Stabbing","floor":27,"turns":4},{"damage":48,"enemies":"Gremlin Leader","floor":30,"turns":4}],"seed_played":"7308242255705613719","potions_obtained":[{"floor":6,"key":"LiquidMemories"},{"floor":11,"key":"SkillPotion"},{"floor":12,"key":"SkillPotion"},{"floor":14,"key":"Adrenaline Potion"},{"floor":18,"key":"PowerPotion"},{"floor":22,"key":"AttackPotion"}],"is_trial":false,"path_per_floor":["M","$","M","?","M","E","M","E","T","R","M","M","R","M","R","B",null,"M","?","?","T","M","E","PTL","PTL","R","E","T","$","E"],"character_chosen":"WATCHER","items_purchased":["Replay:AtTheReady","Replay:PocketPolymizer","HandDrill"],"campfire_rested":3,"item_purchase_floors":[2,29,29],"current_hp_per_floor":[72,72,72,72,72,36,27,3,3,24,24,20,20,16,37,4,72,53,40,10,10,11,11,11,11,34,35,35,35,0,0],"gold":62,"neow_bonus":"THREE_ENEMY_KILL","is_daily":false,"chose_seed":false,"campfire_upgraded":1,"win_rate":0.0,"timestamp":1614136826,"path_taken":["M","$","?","?","M","E","M","E","T","R","?","M","R","M","R","BOSS","M","?","?","?","M","E","PTL","PTL","R","E","T","$","E"],"items_purchased_type":["Card","Relic","Relic"],"build_version":"2020-12-22","purchased_purges":0,"victory":false,"max_hp_per_floor":[72,72,72,72,72,72,72,72,72,72,72,72,72,72,72,72,72,72,77,77,77,77,77,77,77,77,77,77,77,77,77],"relic_stats":{"Blood Vial":4,"Happy Flower":[11],"counters":[15,66],"Tiny Chest":1,"HandDrill":[4],"Smiling Mask":0,"obtain_stats":[{"Replay:Accelerometer":20,"hexamod:CandleOfCauterizing":28,"Replay:PocketPolymizer":29,"NeowsBlessing":0,"Happy Flower":8,"Smiling Mask":28,"Akabeko":6,"Blood Vial":21,"Replay:Baseball":23,"Matryoshka":27,"Tiny Chest":9,"HandDrill":29,"PureWater":0,"ReplayTheSpireMod:DimensionalGlitch":17},{"Replay:Accelerometer":11,"hexamod:CandleOfCauterizing":14,"Replay:PocketPolymizer":14,"NeowsBlessing":0,"Happy Flower":6,"Smiling Mask":14,"Akabeko":4,"Blood Vial":11,"Replay:Baseball":13,"Matryoshka":14,"Tiny Chest":6,"HandDrill":14,"PureWater":0,"ReplayTheSpireMod:DimensionalGlitch":10},{"Replay:Accelerometer":55,"hexamod:CandleOfCauterizing":62,"Replay:PocketPolymizer":62,"NeowsBlessing":0,"Happy Flower":31,"Smiling Mask":62,"Akabeko":21,"Blood Vial":55,"Replay:Baseball":58,"Matryoshka":62,"Tiny Chest":31,"HandDrill":62,"PureWater":0,"ReplayTheSpireMod:DimensionalGlitch":52}]},"card_choices":[{"not_picked":["FlurryOfBlows","SashWhip"],"picked":"Consecrate","floor":1},{"not_picked":["Worship","Replay:BluntJabs"],"picked":"ThirdEye","floor":3},{"not_picked":["Adaptation","FlyingSleeves"],"picked":"Swivel","floor":5},{"not_picked":["BowlingBash","EmptyBody"],"picked":"Tantrum","floor":6},{"not_picked":["Replay:AtTheReady","PathToVictory"],"picked":"Adaptation","floor":7},{"not_picked":["Nirvana","Brilliance"],"picked":"SandsOfTime","floor":8},{"not_picked":["BowlingBash","PathToVictory"],"picked":"CutThroughFate","floor":11},{"not_picked":["Conclude","EmptyFist"],"picked":"Protect","floor":12},{"not_picked":["Prostrate","CrushJoints"],"picked":"MentalFortress","floor":14},{"not_picked":["Vault","DeusExMachina"],"picked":"Ragnarok","floor":16},{"not_picked":["Replay:ManipulateFuture","BattleHymn"],"picked":"Halt","floor":18},{"not_picked":["Perseverance+1","BowlingBash"],"picked":"Indignation+1","floor":20},{"not_picked":["BowlingBash","ForeignInfluence"],"picked":"Sanctity+1","floor":20},{"not_picked":["Prostrate","Wireheading+1"],"picked":"FollowUp+1","floor":22},{"not_picked":["Prostrate","Study"],"picked":"CarveReality","floor":23},{"not_picked":["Halt","CrushJoints+1"],"picked":"Fasting2","floor":27}],"player_experience":200237,"relics_obtained":[{"floor":6,"key":"Akabeko"},{"floor":8,"key":"Happy Flower"},{"floor":9,"key":"Tiny Chest"},{"floor":20,"key":"Replay:Accelerometer"},{"floor":21,"key":"Blood Vial"},{"floor":23,"key":"Replay:Baseball"},{"floor":27,"key":"Matryoshka"},{"floor":28,"key":"Smiling Mask"},{"floor":28,"key":"hexamod:CandleOfCauterizing"}],"event_choices":[{"damage_healed":0,"gold_gain":0,"player_choice":"Ignored","damage_taken":0,"max_hp_gain":0,"max_hp_loss":0,"event_name":"NoteForYourself","floor":4,"gold_loss":0},{"damage_healed":0,"gold_gain":0,"player_choice":"Shed Blood","damage_taken":18,"max_hp_gain":5,"max_hp_loss":0,"event_name":"Forgotten Altar","floor":19,"gold_loss":0}],"is_beta":false,"boss_relics":[{"not_picked":["Honey Jar","Replay:Wanted Poster"],"picked":"ReplayTheSpireMod:DimensionalGlitch"}],"items_purged_floors":[],"is_endless":false,"potions_floor_spawned":[6,11,12,14,18,22],"killed_by":"Gremlin Leader","ascension_level":2}}