{"host":"cr9rpoy6dx9riis3","time":1614175944,"event":{"mods":["AchievementEnabler","BaseMod","Better Altar","Better Note","Better Sensory Stone","Better Skull","Better Third Choice","Better-Laid Plans","BetterRewards","Block Reminder","Curses Come First","Displayed Cursed Tome","Emptier Cage","Marked Mod","Minty Spire (QoL Compilation)","Permanent Neow","Relic Sorter","StSLib","The Blue Laboratory","Transform Curses"],"gold_per_floor":[119,135,35,54,54,87,87,105,105,24,58,58,133,145,145,246,246,260,535,179,179,179,179,192,192,266,266,278,278,128,139,139,238,238,250,270,289,289,306,306,340,340,408,408,424,424,424,424,424,424,424,424,152,152,152],"floor_reached":54,"language":"ENG","playtime":6671,"items_purged":["Eruption","Vigilance","Regret","Defend_P","Writhe"],"score":1058,"play_id":"84d24da9-7606-4a20-9f74-00e67102cfd1","local_time":"20210224151224","is_ascension_mode":true,"campfire_choices":[{"data":"Devotion","floor":7,"key":"SMITH"},{"data":"CarveReality","floor":12,"key":"SMITH"},{"floor":15,"key":"REST"},{"data":"SpiritShield","floor":23,"key":"SMITH"},{"data":"Ragnarok","floor":25,"key":"SMITH"},{"floor":27,"key":"RECALL"},{"data":"Indignation","floor":29,"key":"SMITH"},{"data":"Omniscience","floor":32,"key":"SMITH"},{"data":"Vault","floor":40,"key":"SMITH"},{"floor":42,"key":"REST"},{"data":"DeusExMachina","floor":44,"key":"SMITH"},{"data":"Defend_P","floor":49,"key":"SMITH"},{"data":"Defend_P","floor":52,"key":"SMITH"}],"circlet_count":0,"master_deck":["Strike_P","Strike_P","Strike_P+1","Strike_P","Defend_P+1","Defend_P+1","TalkToTheHand+1","Devotion+1","CarveReality+1","Indignation+1","SpiritShield+1","DeceiveReality+1","Sanctity+1","Ragnarok+1","Omniscience+1","DeusExMachina+1","Vault+1"],"relics":["HolyWater","Nloth\u0027s Gift","Regal Pillow","Shuriken","Damaru"],"acts_visited":["Exordium","TheCity","TheBeyond","TheEnding"],"potions_floor_usage":[1,6,11,14,33,33,45,50,54,54,54],"damage_taken":[{"damage":7,"enemies":"Cultist","floor":1,"turns":7},{"damage":0,"enemies":"2 Louse","floor":2,"turns":2},{"damage":0,"enemies":"Small Slimes","floor":4,"turns":3},{"damage":4,"enemies":"Gremlin Nob","floor":6,"turns":3},{"damage":4,"enemies":"Blue Slaver","floor":8,"turns":4},{"damage":15,"enemies":"3 Sentries","floor":11,"turns":6},{"damage":0,"enemies":"2 Fungi Beasts","floor":14,"turns":2},{"damage":26,"enemies":"Hexaghost","floor":16,"turns":10},{"damage":19,"enemies":"Spheric Guardian","floor":18,"turns":4},{"damage":0,"enemies":"Chosen","floor":24,"turns":6},{"damage":4,"enemies":"Centurion and Healer","floor":28,"turns":9},{"damage":0,"enemies":"Snecko","floor":31,"turns":4},{"damage":35,"enemies":"Champ","floor":33,"turns":10},{"damage":5,"enemies":"Orb Walker","floor":35,"turns":4},{"damage":20,"enemies":"3 Shapes","floor":36,"turns":6},{"damage":21,"enemies":"Writhing Mass","floor":37,"turns":3},{"damage":12,"enemies":"Maw","floor":39,"turns":9},{"damage":12,"enemies":"Nemesis","floor":41,"turns":6},{"damage":23,"enemies":"Jaw Worm Horde","floor":45,"turns":5},{"damage":0,"enemies":"Time Eater","floor":50,"turns":9},{"damage":68,"enemies":"Shield and Spear","floor":54,"turns":7}],"seed_played":"-8796079172937398155","potions_obtained":[{"floor":2,"key":"FearPotion"},{"floor":6,"key":"blueLaboratory:FrostheartPotion"},{"floor":8,"key":"blueLaboratory:EpiphanyPotion"},{"floor":11,"key":"Energy Potion"},{"floor":18,"key":"Energy Potion"},{"floor":24,"key":"SteroidPotion"},{"floor":35,"key":"Dexterity Potion"},{"floor":37,"key":"blueLaboratory:PolymorphPotion"},{"floor":45,"key":"Explosive Potion"}],"is_trial":false,"path_per_floor":["M","M","$","M","$","E","R","M","T","$","E","R","?","M","R","B",null,"M","?","$","?","?","R","M","R","T","R","M","R","$","M","R","B",null,"M","M","M","?","M","R","E","R","T","R","M","?","?","?","R","B",null,"R","$","E"],"character_chosen":"WATCHER","items_purchased":["Damaru","Indignation","PreservedInsect","Energy Potion","CarveReality","Sanctity","War Paint","blueLaboratory:FrostheartPotion","PowerPotion"],"campfire_rested":2,"item_purchase_floors":[0,0,0,0,10,20,20,53,53],"current_hp_per_floor":[48,48,48,48,48,44,44,40,40,40,25,25,18,18,39,13,72,53,53,53,53,53,53,53,53,53,53,49,49,49,49,49,14,72,67,47,26,26,14,14,2,38,38,38,15,33,33,63,63,63,63,63,63,0,0],"gold":152,"neow_bonus":"","is_daily":false,"chose_seed":false,"campfire_upgraded":10,"win_rate":0.0,"timestamp":1614175944,"path_taken":["M","M","$","M","?","E","R","M","T","$","E","R","?","?","R","BOSS","M","?","$","?","?","R","M","R","T","R","M","R","$","M","R","BOSS","M","M","M","?","M","R","E","R","T","R","M","?","?","?","R","BOSS","R","$","E"],"items_purchased_type":["Relic","Card","Relic","Potion","Card","Card","Relic","Potion","Potion"],"build_version":"2020-12-22","purchased_purges":5,"victory":false,"max_hp_per_floor":[72,72,72,72,72,72,72,72,72,72,72,72,72,72,72,72,72,72,72,72,72,72,72,72,72,72,72,72,72,72,72,72,72,72,72,72,72,72,72,72,72,72,72,72,72,72,72,63,63,63,63,63,63,63,63],"card_choices":[{"not_picked":["FlurryOfBlows","CutThroughFate","EmptyFist"],"picked":"SKIP","floor":1},{"not_picked":["ClearTheMind","CrushJoints","MarkedMod:FirstStrike"],"picked":"SKIP","floor":2},{"not_picked":["BowlingBash","Consecrate"],"picked":"TalkToTheHand","floor":4},{"not_picked":["MarkedMod:FirstStrike","ThirdEye"],"picked":"Devotion","floor":6},{"not_picked":["ThirdEye","SashWhip","Nirvana"],"picked":"SKIP","floor":8},{"not_picked":["MarkedMod:GentlePulse","FlurryOfBlows"],"picked":"Indignation","floor":11},{"not_picked":["Evaluate","FlyingSleeves","FollowUp"],"picked":"SKIP","floor":14},{"not_picked":["MasterReality","MarkedMod:ChiBlock"],"picked":"SpiritShield","floor":16},{"not_picked":["ClearTheMind","CutThroughFate"],"picked":"DeceiveReality","floor":18},{"not_picked":["ClearTheMind","FlurryOfBlows+1"],"picked":"Ragnarok","floor":24},{"not_picked":["JustLucky+1","EmptyFist","EmptyBody"],"picked":"SKIP","floor":28},{"not_picked":["EmptyFist","Protect"],"picked":"Omniscience","floor":31},{"not_picked":["MarkedMod:ChiBlock","Omniscience"],"picked":"DeusExMachina","floor":33},{"not_picked":["MarkedMod:FirstStrike","BowlingBash","JustLucky"],"picked":"SKIP","floor":35},{"not_picked":["MarkedMod:FirstStrike","LikeWater","FollowUp"],"picked":"SKIP","floor":36},{"not_picked":["Fasting2+1","SashWhip","ClearTheMind+1"],"picked":"SKIP","floor":37},{"not_picked":["Perseverance","FlurryOfBlows"],"picked":"Vault","floor":39},{"not_picked":["Indignation+1","CutThroughFate","Weave+1"],"picked":"SKIP","floor":41},{"not_picked":["MarkedMod:FirstStrike+1","FlurryOfBlows","Prostrate"],"picked":"SKIP","floor":45}],"player_experience":800650,"relics_obtained":[{"floor":9,"key":"Whetstone"},{"floor":41,"key":"Regal Pillow"},{"floor":43,"key":"Shuriken"}],"event_choices":[{"damage_healed":0,"gold_gain":75,"player_choice":"Touch","damage_taken":7,"max_hp_gain":0,"max_hp_loss":0,"event_name":"FaceTrader","floor":13,"gold_loss":0},{"damage_healed":0,"gold_gain":275,"player_choice":"Desecrate","damage_taken":0,"max_hp_gain":0,"max_hp_loss":0,"event_name":"Golden Shrine","floor":19,"gold_loss":0,"cards_obtained":["Regret"]},{"damage_healed":0,"gold_gain":0,"player_choice":"Ignored","damage_taken":0,"max_hp_gain":0,"max_hp_loss":0,"event_name":"Transmorgrifier","floor":21,"gold_loss":0},{"damage_healed":0,"gold_gain":0,"player_choice":"Traded Relic","damage_taken":0,"relics_obtained":["Nloth\u0027s Gift"],"max_hp_gain":0,"max_hp_loss":0,"event_name":"N\u0027loth","floor":22,"relics_lost":["PreservedInsect"],"gold_loss":0},{"cards_removed":["Defend_P"],"damage_healed":0,"gold_gain":0,"player_choice":"Removed Skill","damage_taken":0,"max_hp_gain":0,"max_hp_loss":0,"event_name":"Falling","floor":38,"gold_loss":0},{"damage_healed":18,"gold_gain":0,"player_choice":"Writhe","damage_taken":0,"max_hp_gain":0,"max_hp_loss":0,"event_name":"Winding Halls","floor":46,"gold_loss":0,"cards_obtained":["Writhe"]},{"damage_healed":0,"gold_gain":0,"player_choice":"Ignored","damage_taken":0,"max_hp_gain":0,"max_hp_loss":0,"event_name":"Tomb of Lord Red Mask","floor":47,"gold_loss":0},{"damage_healed":63,"gold_gain":0,"player_choice":"Heal","damage_taken":0,"max_hp_gain":0,"max_hp_loss":9,"event_name":"The Moai Head","floor":48,"gold_loss":0}],"is_beta":false,"boss_relics":[{"not_picked":["Black Star","SlaversCollar"],"picked":"HolyWater"},{"not_picked":["Snecko Eye","Fusion Hammer","Runic Pyramid"]}],"items_purged_floors":[0,3,20,30,53],"is_endless":false,"potions_floor_spawned":[2,6,8,11,18,24,28,35,37,45],"killed_by":"Shield and Spear","ascension_level":3}}