{"host":"dbkc9h3etq50r1dq","time":1614210873,"event":{"mods":["AchievementEnabler","BaseMod","Block Reminder","Colored Powertips","Curses Come First","Dark Map","Library of Ruina","Minty Spire (QoL Compilation)","Permanent Neow","Potion Indicator Mod","Rare Cards Sparkle","StSLib","SuperFastMode","Weighted Paths"],"gold_per_floor":[120,133,133,147,163,196,196,51,51,51,70,70,95,128,128,257,257,278,303,303,323,323,323,346,346,646,518,518,518,558,581,581,711,711,724,738,761,661,681,681,681,681,705,725,725,195,218,236,236,236],"floor_reached":51,"language":"ZHS","playtime":1522,"items_purged":["LightDefense","MindPrepared","Bite"],"score":806,"play_id":"39103a29-a2b2-4cb9-b026-0a22ca3ffd8f","local_time":"20210225075433","is_ascension_mode":false,"campfire_choices":[{"data":"Reload","floor":7,"key":"SMITH"},{"data":"SunsetBlade","floor":10,"key":"SMITH"},{"floor":12,"key":"REST"},{"data":"TendonChords","floor":15,"key":"SMITH"},{"data":"FrontalAssault","floor":23,"key":"SMITH"},{"data":"DarkCloud","floor":25,"key":"SMITH"},{"data":"SunsetBlade","floor":32,"key":"SMITH"},{"data":"SerpentSwordTechnique","floor":40,"key":"SMITH"},{"data":"UnforgettableMelody","floor":42,"key":"SMITH"},{"data":"WillProduceFineSilk","floor":45,"key":"SMITH"},{"floor":49,"key":"REST"}],"circlet_count":0,"master_deck":["Dodge","LightDefense","ChopItOff","Reload+1","TendonChords+1","SunsetBlade+1","FrontalAssault+1","WillProduceFineSilk+1","MultiHit","Bite","Bite","Bite","DarkCloud+1","SunsetBlade+1","Writhe","HandleRequest","UnforgettableMelody+1","Bvapour+1","Retaliate+1","Enlightenment+1","Unlock1+1","SerpentSwordTechnique+1","Track+1","Faith+1"],"relics":["PageOfLibrarian","Bag of Marbles","Golden Idol","Akabeko","PageOfSnowWhitesApple","Potion Belt","Pear","PageOfBlackSwan","Old Coin","MealTicket","PageOfFairyFestival","Astrolabe","PreservedInsect","PageOfTheQueenOfHatred","Strange Spoon"],"acts_visited":["Exordium","TheCity","TheBeyond"],"potions_floor_usage":[33,33,33,50,50,50,50,50],"damage_taken":[{"damage":0,"enemies":"2 Louse","floor":1,"turns":2},{"damage":0,"enemies":"Jaw Worm","floor":2,"turns":2},{"damage":0,"enemies":"Small Slimes","floor":4,"turns":4},{"damage":3,"enemies":"Looter","floor":5,"turns":3},{"damage":13,"enemies":"3 Sentries","floor":6,"turns":6},{"damage":0,"enemies":"Lots of Slimes","floor":11,"turns":1},{"damage":0,"enemies":"3 Louse","floor":13,"turns":1},{"damage":0,"enemies":"Gremlin Nob","floor":14,"turns":3},{"damage":38,"enemies":"The Guardian","floor":16,"turns":5},{"damage":5,"enemies":"3 Byrds","floor":18,"turns":3},{"damage":10,"enemies":"2 Thieves","floor":19,"turns":2},{"damage":13,"enemies":"Shelled Parasite and Fungi","floor":21,"turns":2},{"damage":0,"enemies":"Snake Plant","floor":24,"turns":1},{"damage":0,"enemies":"Book of Stabbing","floor":30,"turns":3},{"damage":6,"enemies":"3 Cultists","floor":31,"turns":3},{"damage":18,"enemies":"Automaton","floor":33,"turns":4},{"damage":0,"enemies":"Orb Walker","floor":35,"turns":1},{"damage":0,"enemies":"3 Shapes","floor":36,"turns":2},{"damage":20,"enemies":"Jaw Worm Horde","floor":37,"turns":3},{"damage":24,"enemies":"4 Shapes","floor":39,"turns":3},{"damage":11,"enemies":"Spire Growth","floor":44,"turns":2},{"damage":28,"enemies":"Maw","floor":47,"turns":5},{"damage":21,"enemies":"Jaw Worm Horde","floor":48,"turns":2},{"damage":0,"enemies":"Donu and Deca","floor":50,"turns":5}],"seed_played":"5169362536847600546","potions_obtained":[{"floor":1,"key":"Strength Potion"},{"floor":2,"key":"PowerPotion"},{"floor":11,"key":"Weak Potion"},{"floor":19,"key":"EssenceOfSteel"},{"floor":30,"key":"LiquidBronze"},{"floor":33,"key":"SpeedPotion"},{"floor":35,"key":"SteroidPotion"},{"floor":39,"key":"LiquidMemories"},{"floor":44,"key":"Dexterity Potion"},{"floor":48,"key":"DistilledChaos"}],"is_trial":false,"path_per_floor":["M","M","?","M","M","E","R","$","T","R","M","R","M","E","R","B",null,"M","M","?","M","?","R","M","R","T","$","?","?","E","M","R","B",null,"M","M","M","$","M","R","?","R","T","M","R","$","M","M","R","B",null],"character_chosen":"Librarian","items_purchased":["PageOfSnowWhitesApple","SunsetBlade","PageOfTheQueenOfHatred","Strange Spoon"],"campfire_rested":2,"item_purchase_floors":[8,27,46,46],"current_hp_per_floor":[60,60,60,56,53,43,43,43,43,43,43,64,64,77,77,45,72,67,57,50,41,41,41,44,44,44,44,44,44,58,53,53,50,50,50,50,46,50,40,40,40,40,40,32,32,47,28,21,36,50],"gold":236,"neow_bonus":"RANDOM_COMMON_RELIC","is_daily":false,"chose_seed":false,"campfire_upgraded":9,"win_rate":0.0,"timestamp":1614210873,"path_taken":["M","M","?","M","M","E","R","$","T","R","M","R","M","E","R","BOSS","M","M","?","M","?","R","M","R","T","$","?","?","E","M","R","BOSS","M","M","M","$","?","R","?","R","T","?","R","$","M","M","R","BOSS"],"items_purchased_type":["Relic","Card","Relic","Relic"],"build_version":"2020-12-22","purchased_purges":3,"victory":true,"max_hp_per_floor":[62,76,70,56,57,72,72,72,72,72,72,72,72,82,82,72,72,72,72,50,58,58,58,58,58,58,58,58,58,58,53,53,50,50,50,50,50,50,50,50,50,50,50,50,50,50,50,52,52,52],"card_choices":[{"not_picked":["FieryDragonSlash","Concentration","BiAn","EnergyCycle","UpbeatPerformance","SnakesPrey","EndlessBattle","Leap_lor"],"picked":"BackstreetsDash","floor":1},{"not_picked":["SpearedSweep","AutonomousRush","NightInTheBackstreets","Fence","PuppetBlockade","SharpSwipe","Slice_lor","FieryDragonSlash"],"picked":"ChopItOff","floor":2},{"not_picked":["Leap_lor","HandlingWork","Outburst","PinpointShot","EnergyConversion","BiAn","TrashDisposal","FleetEdge"],"picked":"Reload","floor":4},{"not_picked":["AsThePrescriptOrders","ScatteringSlash","FeelinGood","WillOfThePrescript","CookingPrep","YouOnlyLiveOnce","GrazeTheGrass","Quickness"],"picked":"TendonChords","floor":5},{"not_picked":["FleshFillet","DestructiveImpact","EnergyStrike","ClassAndRespect","ChopItOff","Standoff","Reload","Gigigig"],"picked":"SunsetBlade","floor":6},{"not_picked":["VioletBlade","Parry2","Juggling","MultiHit","Quickness","UpbeatPerformance","FleetEdge","Bvapour"],"picked":"MindPrepared","floor":11},{"not_picked":["Endure","EnergyConversion","Wallop_lor","Multislash","HighKick","BurningFlash","SmokingPipe","Reload","StrikeDown"],"picked":"SKIP","floor":13},{"not_picked":["Tailoring","FierceCharge","DevastatingThrash","TieShanKao","RagingStormLove","Overpower","AbsorbImpact","Fence"],"picked":"FrontalAssault","floor":14},{"not_picked":["GroundSmash","Cruelty"],"picked":"WillProduceFineSilk","floor":16},{"not_picked":["SharpSwipe","RatsGuideToSurvival","SinglePointStab","PinpointShot","Faith","BackAttack","SerpentSwordTechnique","SuppressingShot","Deflect_lor"],"picked":"SKIP","floor":18},{"not_picked":["SharpSwipe","RatsGuideToSurvival","SinglePointStab","PinpointShot","Faith","BackAttack","SerpentSwordTechnique","SuppressingShot","Deflect_lor"],"picked":"SKIP","floor":18},{"not_picked":["IronWall","Rewind","Suppress","Overcharge","Pound","MultiBlock+1","BladeWhirl","PreemptiveStrike+1"],"picked":"MultiHit","floor":19},{"not_picked":["QuickSuppression+1","WildCard+1","SmokingPipe+1","SummaryJudgment+1","Rewind","ClassAndRespect","EnergyCycle","FlamingDragonFist","RushDown+1"],"picked":"SKIP","floor":21},{"not_picked":["Rampage_lor+1","FierceCharge+1","Reload","AsThePrescriptOrders","FocusFire+1","UnavoidableGaze","Decapitation","EnergyStrike"],"picked":"DarkCloud","floor":24},{"not_picked":["DeepDrag","UncannyStrike+1","StrikeDown+1","Faith+1","MirageStorm","AbsorbImpact","FleetEdge","YoureAHindrance+1"],"picked":"HandleRequest","floor":30},{"not_picked":["GuardingStance","EndlessBattle","AsThePrescriptOrders","Marionette+1","HiddenBlade","Thrust","FaintMemories+1","FeatherShield","UncannyStrike"],"picked":"SKIP","floor":31},{"not_picked":["Eradication","GoinFirst"],"picked":"UnforgettableMelody","floor":33},{"not_picked":["EnergyCycle","IdentifyWeakpoint","ScatteringSlash+1","Pound+1","TheArtOfRapidSteps","ConcentratedFire+1","SnakeSlit","Outburst"],"picked":"Unlock1","floor":35},{"not_picked":["CrackOfDawn","TrimTheIngredients+1","Overcharge","FervidEmotions","Diversion+1","Multislash+1","Eject","CutIn+1","Outburst+1"],"picked":"SKIP","floor":36},{"not_picked":["Thrust+1","HighKick+1","Quickness","GreatSerpentsImpact+1","CircusKnives+1","WillOfThePrescript+1","BladeWhirl+1","NightInTheBackstreets+1","Tailoring+1"],"picked":"SKIP","floor":37},{"not_picked":["MindWhip+1","Overpower","NightInTheBackstreets+1","TraceOfFumes","SomberProcuration","Concentration+1","SnakesPrey+1","MultiHit"],"picked":"SerpentSwordTechnique","floor":39},{"not_picked":["SenseQuarry","SpearedSweep","EnergyConversion+1","RapidGashes","Retaliate+1","Outburst+1","Multislash","Diversion+1"],"picked":"Track+1","floor":44},{"not_picked":["StrikeDown","BladeWhirl","BiteOff+1","QuickSuppression","CoordinatedAssault","HandleRequest","GreatSerpentsImpact","Unlock1+1","WillOfThePrescript"],"picked":"SKIP","floor":47},{"not_picked":["ChargeUp","QuickSuppression+1","Pound","HighKick","Collision","Parry2","SunsetBlade+1","Unlock1+1"],"picked":"Faith+1","floor":48}],"player_experience":163381,"relics_obtained":[{"floor":6,"key":"Akabeko"},{"floor":9,"key":"Potion Belt"},{"floor":14,"key":"Pear"},{"floor":26,"key":"Old Coin"},{"floor":30,"key":"PageOfFairyFestival"},{"floor":43,"key":"PreservedInsect"}],"event_choices":[{"damage_healed":0,"gold_gain":0,"player_choice":"Lose Max HP","damage_taken":0,"relics_obtained":["Golden Idol"],"max_hp_gain":0,"max_hp_loss":6,"event_name":"Golden Idol","floor":3,"gold_loss":0},{"damage_healed":0,"gold_gain":0,"player_choice":"Became a vampire","damage_taken":0,"max_hp_gain":0,"max_hp_loss":22,"event_name":"Vampires","floor":20,"gold_loss":0,"cards_obtained":["Bite","Bite","Bite","Bite","Bite"]},{"cards_removed":["LightDefense"],"damage_healed":0,"gold_gain":0,"player_choice":"Elegance","damage_taken":0,"max_hp_gain":0,"max_hp_loss":0,"event_name":"Back to Basics","floor":22,"gold_loss":0},{"damage_healed":0,"gold_gain":0,"player_choice":"Opened","damage_taken":0,"relics_obtained":["MealTicket"],"max_hp_gain":0,"max_hp_loss":0,"event_name":"The Mausoleum","floor":28,"gold_loss":0,"cards_obtained":["Writhe"]},{"damage_healed":0,"gold_gain":0,"cards_transformed":["LightDefense"],"player_choice":"Transformed","damage_taken":0,"max_hp_gain":0,"max_hp_loss":0,"event_name":"Transmorgrifier","floor":29,"gold_loss":0,"cards_obtained":["SharpSwipe"]},{"damage_healed":0,"gold_gain":0,"player_choice":"Forge","damage_taken":0,"max_hp_gain":0,"max_hp_loss":0,"event_name":"Accursed Blacksmith","floor":41,"gold_loss":0,"cards_upgraded":["Unlock1"]}],"is_beta":false,"boss_relics":[{"not_picked":["Calling Bell","Runic Dome"],"picked":"PageOfBlackSwan"},{"not_picked":["Snecko Eye","SacredBark"],"picked":"Astrolabe"}],"items_purged_floors":[27,38,46],"is_endless":false,"potions_floor_spawned":[1,2,11,19,30,33,35,39,44,48],"ascension_level":0}}