{"host":"hyzmf9jejtktdcwr","time":1614168747,"event":{"mods":["100% Spire Juice","ATMod(°¢èªMod)","Act Like it!","Arknights","Aspiration","BaseMod","Dota2Spire","Hermit","Luminous","Minty Spire (QoL Compilation)","MostiFishMod","Prisma Mod","Quick Restart","Reliquary","Shop Mod","StSLib","The Blackbeard","The Construct","The Poker Player","[IsaacMod]ÒÔÈö¼âËþ"],"gold_per_floor":[117,134,20,195,215,247,247,280,280,335,235,235,235,269,269,384,384,395,395,395,405,98,125,224,258,258,258,133,333,366,392,404,521,533,565,131,150,200,25,56,56,87,165,20,75,86,86,106,106,106,106],"floor_reached":50,"language":"ZHS","playtime":1421,"items_purged":["ats:Strike V","ats:Armor Crushing Shot","Regret","ats:Strike C","ats:Defend","ats:Strike G","ats:Defend"],"score":1283,"play_id":"28e45ef6-9bf6-43d3-bdf6-849f0ac770a2","local_time":"20210224201227","is_ascension_mode":true,"campfire_choices":[{"data":"ats:Emotion Absorption","floor":12,"key":"SMITH"},{"data":"AT_FamilyPortrait","floor":15,"key":"SMITH"},{"data":"ats:Assault Order","floor":27,"key":"SMITH"},{"floor":32,"key":"DIG"},{"floor":47,"key":"DIG"},{"floor":49,"key":"DIG"}],"circlet_count":0,"master_deck":["AscendersBane","ats:Strike S","ats:Defend","ats:Defend","ats:Emotion Absorption+1","AT_FamilyPortrait+1","ats:Consecutive Shot Auto","ats:Closed Bolt Burst Fire","ats:Chain Hook","ats:Red Shift","ats:Explosion Area Strengthen","ats:Neurotoxin","ats:Overload","ats:Soul Rend","ats:Sashimi Platter","ats:Support Order","ats:Song Of Battle","ats:Thorns","ats:Assault Order+1","ats:Calcification","ats:Sashimi Platter","ats:Dogmatic Field","ats:Soul Absorption","ats:Roar Of Ursus","ats:Overload","ats:Defend Order+1","ats:Rat Pack+1","ats:Assault Order+1"],"relics":["ats:Sanity","DaveBox","AT_ATBox","HushsDoor","NeowsBlessing","Chaos","PatriotShield","SynthV:TestCard","ats:Originium","Philosopher\u0027s Stone","ClockworkSouvenir","aspiration:RunicSpoon","ats:Rhine Circuitry","PunchingBag","Bottled Tornado","aspiration:RitualDagger","GuppysPaw","reliquary:BallBearing","Shuriken","MostiFishMod:AdaptiveDefenses","AT_BellowingDragoncrestRing","Shovel","MawBank","ats:Omniscience","reliquary:FingerTrap","GuppysCollar","AT_TimeSand","Mercury Hourglass","Dodecahedron","YumHeart","BrkXgEgg","reliquary:PorcupineQuills","SteamSale","ats:Spiritual Recovery"],"acts_visited":["Exordium","TheCity","TheBeyond"],"potions_floor_usage":[6,25,50],"damage_taken":[{"damage":0,"enemies":"Jaw Worm","floor":1,"turns":1},{"damage":0,"enemies":"2 Louse","floor":2,"turns":2},{"damage":0,"enemies":"Cultist","floor":5,"turns":1},{"damage":0,"enemies":"3 Sentries","floor":6,"turns":2},{"damage":0,"enemies":"Lagavulin","floor":8,"turns":2},{"damage":0,"enemies":"3 Sentries","floor":10,"turns":2},{"damage":0,"enemies":"Gremlin Nob","floor":14,"turns":1},{"damage":22,"enemies":"Hexaghost","floor":16,"turns":3},{"damage":8,"enemies":"2 Thieves","floor":18,"turns":2},{"damage":9,"enemies":"Shell Parasite","floor":21,"turns":2},{"damage":21,"enemies":"Book of Stabbing","floor":23,"turns":2},{"damage":6,"enemies":"Gremlin Leader","floor":25,"turns":2},{"damage":11,"enemies":"Book of Stabbing","floor":30,"turns":2},{"damage":6,"enemies":"Chosen and Byrds","floor":31,"turns":2},{"damage":13,"enemies":"Champ","floor":33,"turns":5},{"damage":0,"enemies":"3 Shapes","floor":35,"turns":2},{"damage":3,"enemies":"3 Darklings","floor":37,"turns":3},{"damage":0,"enemies":"Mind Bloom Boss Battle","floor":38,"turns":4},{"damage":0,"enemies":"Reptomancer","floor":40,"turns":2},{"damage":0,"enemies":"Giant Head","floor":42,"turns":2},{"damage":0,"enemies":"2 Orb Walkers","floor":45,"turns":2},{"damage":23,"enemies":"Writhing Mass","floor":46,"turns":2},{"damage":0,"enemies":"Sphere and 2 Shapes","floor":48,"turns":3},{"damage":89,"enemies":"Awakened One","floor":50,"turns":3}],"seed_played":"-8071387604840783804","potions_obtained":[{"floor":2,"key":"Fire Potion"},{"floor":6,"key":"ats:Top Emergency Sanity Potion"},{"floor":14,"key":"Fire Potion"},{"floor":30,"key":"AttackPotion"},{"floor":31,"key":"FairyPotion"}],"is_trial":false,"path_per_floor":["M","M","$","?","M","E","?","E","T","E","$","R","?","E","R","B",null,"M","?","?","M","$","E","?","E","T","R","$","?","E","M","R","B",null,"M","$","M","?","$","E","?","E","T","$","?","M","R","M","R","B"],"character_chosen":"DOCTOR_CLASS","items_purchased":["ats:Chain Hook","ats:Sashimi Platter","GuppysPaw","Shuriken","ats:Thorns","GuppysCollar","AT_TimeSand","ats:Healing Strengthening","BrkXgEgg"],"campfire_rested":0,"item_purchase_floors":[3,17,17,22,22,34,36,36,44],"current_hp_per_floor":[65,65,65,65,65,65,65,65,65,65,65,65,65,65,65,43,51,43,43,43,36,36,15,15,9,9,9,9,9,54,54,54,54,34,34,34,34,34,34,34,34,34,34,34,34,34,34,34,34,0,0],"gold":106,"neow_bonus":"THREE_ENEMY_KILL","is_daily":false,"chose_seed":false,"campfire_upgraded":3,"win_rate":0.0,"timestamp":1614168747,"path_taken":["M","M","$","?","M","E","?","E","T","E","$","R","?","E","R","BOSS","M","?","?","M","$","E","?","E","T","R","$","?","E","M","R","BOSS","M","$","M","?","$","E","?","E","T","$","?","M","R","M","R","BOSS"],"items_purchased_type":["Card","Card","Relic","Relic","Card","Relic","Relic","Card","Relic"],"build_version":"2020-12-22","purchased_purges":7,"victory":false,"max_hp_per_floor":[72,72,72,72,72,72,72,72,72,72,72,72,72,72,72,72,54,54,54,54,54,54,54,54,54,54,54,54,54,54,54,54,54,34,34,34,34,34,34,34,34,34,34,34,34,34,34,34,34,34,34],"card_choices":[{"not_picked":["ats:Soul Absorption","ats:Ignite"],"picked":"ats:Consecutive Shot Auto","floor":1},{"not_picked":["ats:Flexible Camouflage","ats:Assault Order","ats:Cat Scratch","ats:Shell Defense"],"picked":"ats:Closed Bolt Burst Fire","floor":2},{"not_picked":["ats:Rapid Magazine","ats:Shell Defense","ats:Blood Oath","ats:Cat Scratch"],"picked":"ats:Red Shift","floor":5},{"not_picked":["ats:Consecutive Shot Auto","ats:Hammer On","ats:Rapid Magazine","ats:Revitalization"],"picked":"ats:Explosion Area Strengthen","floor":6},{"not_picked":["ats:Echo Reverb","ats:Composite Medical Shells","ats:Hook Shot","ats:Ignite"],"picked":"ats:Neurotoxin","floor":8},{"not_picked":["ats:Ignite","ats:Curse Doll","ats:Durian","Bomb","ats:Flexible Camouflage"],"picked":"SKIP","floor":10},{"not_picked":["ats:Curse Doll","ats:Blood Oath","ats:Magnetic Hammer","ats:Cat Scratch"],"picked":"ats:Overload","floor":14},{"not_picked":["ats:Nebulous Foxfire","ats:Dogmatic Field","ats:Rat Pack","ats:Fractured Body"],"picked":"ats:Soul Rend","floor":16},{"not_picked":["ats:Poison Spread","ats:Powerful Strike","ats:Guard Mode","ats:Apocalypse"],"picked":"ats:Support Order","floor":18},{"not_picked":["ats:Blood Oath","ats:Apocalypse","ats:Burning Ground","ats:Hammer On"],"picked":"ats:Song Of Battle","floor":21},{"not_picked":["ats:Charging Defense","ats:True Silver Slash","ats:Beaten Up","ats:Consecutive Shot Auto"],"picked":"ats:Assault Order","floor":23},{"not_picked":["ats:Poison Spread","ats:Apocalypse","ats:Powerful Strike","ats:Shadow Assault","ats:Curse Doll"],"picked":"SKIP","floor":25},{"not_picked":["ats:Sword Rain","ats:Apocalypse","ats:Closed Bolt Burst Fire","ats:Revitalization"],"picked":"ats:Calcification","floor":30},{"not_picked":["ats:Shell Defense+1","ats:Leaping Hammer","ats:Closed Bolt Burst Fire","ats:Charging Defense+1"],"picked":"ats:Sashimi Platter","floor":31},{"not_picked":["ats:Disruption Kick","ats:Durian","ats:Calcification","ats:Roar Of Ursus"],"picked":"ats:Dogmatic Field","floor":33},{"not_picked":["ats:Leaping Hammer","ats:Guard Mode","ats:Charging Defense","ats:Blood Oath+1"],"picked":"ats:Soul Absorption","floor":35},{"not_picked":["ats:Powerful Strike+1","ats:Chain Hook+1","ats:Leaping Hammer","ats:Assault Order"],"picked":"ats:Roar Of Ursus","floor":37},{"not_picked":["ats:Consecutive Shot Auto","ats:Revitalization","ats:Ignite","ats:Flexible Camouflage+1"],"picked":"ats:Overload","floor":38},{"not_picked":["ats:Consecutive Shot Auto","ats:Directed Diagnosis","ats:Neurotoxin","ats:Sashimi Platter"],"picked":"ats:Defend Order+1","floor":40},{"not_picked":["ats:Spore Proliferation+1","ats:Blood Oath","ats:Cat Scratch","ats:Very Hot Blade","ats:Flame Of Heaven"],"picked":"SKIP","floor":42},{"not_picked":["ats:Flexible Camouflage","ats:Guardian Obelisk","ats:Automatic Cover","ats:Steam Pump"],"picked":"ats:Rat Pack+1","floor":46},{"not_picked":["ats:Neurotoxin+1","ats:Leaping Hammer","ats:Curse Doll","ats:Sashimi Platter"],"picked":"ats:Assault Order+1","floor":48}],"player_experience":209653,"relics_obtained":[{"floor":1,"key":"SynthV:TestCard"},{"floor":6,"key":"ats:Originium"},{"floor":6,"key":"Philosopher\u0027s Stone"},{"floor":8,"key":"ats:Originium"},{"floor":8,"key":"ClockworkSouvenir"},{"floor":9,"key":"aspiration:RunicSpoon"},{"floor":10,"key":"ats:Originium"},{"floor":10,"key":"ats:Rhine Circuitry"},{"floor":14,"key":"ats:Originium"},{"floor":14,"key":"Bottled Tornado"},{"floor":23,"key":"MostiFishMod:AdaptiveDefenses"},{"floor":25,"key":"AT_BellowingDragoncrestRing"},{"floor":26,"key":"Shovel"},{"floor":30,"key":"MawBank"},{"floor":32,"key":"ats:Omniscience"},{"floor":38,"key":"Mercury Hourglass"},{"floor":40,"key":"Dodecahedron"},{"floor":42,"key":"YumHeart"},{"floor":45,"key":"reliquary:PorcupineQuills"},{"floor":47,"key":"SteamSale"},{"floor":49,"key":"ats:Spiritual Recovery"}],"event_choices":[{"damage_healed":0,"gold_gain":175,"player_choice":"AGREE","damage_taken":0,"max_hp_gain":0,"max_hp_loss":0,"event_name":"Liars Game","floor":4,"gold_loss":0,"cards_obtained":["Doubt"]},{"cards_removed":["Doubt"],"damage_healed":0,"gold_gain":0,"player_choice":"Removed Curses","damage_taken":0,"max_hp_gain":0,"max_hp_loss":0,"event_name":"Fountain of Cleansing","floor":7,"gold_loss":0},{"damage_healed":0,"gold_gain":0,"player_choice":"Box","damage_taken":0,"relics_obtained":["PunchingBag"],"max_hp_gain":0,"max_hp_loss":0,"event_name":"Big Fish","floor":13,"gold_loss":0,"cards_obtained":["Regret"]},{"damage_healed":0,"gold_gain":0,"player_choice":"Opened","damage_taken":0,"relics_obtained":["reliquary:BallBearing"],"max_hp_gain":0,"max_hp_loss":0,"event_name":"The Mausoleum","floor":19,"gold_loss":0},{"damage_healed":0,"gold_gain":0,"player_choice":"Ignored","damage_taken":0,"max_hp_gain":0,"max_hp_loss":0,"event_name":"Vampires","floor":20,"gold_loss":0},{"damage_healed":0,"gold_gain":99,"player_choice":"Stole From Cult","damage_taken":0,"max_hp_gain":0,"max_hp_loss":0,"event_name":"Nest","floor":24,"gold_loss":0},{"damage_healed":0,"gold_gain":250,"player_choice":"Bet on Owner","damage_taken":0,"max_hp_gain":0,"max_hp_loss":0,"event_name":"The Joust","floor":29,"gold_loss":50},{"damage_healed":0,"gold_gain":0,"player_choice":"Fight","damage_taken":0,"max_hp_gain":0,"max_hp_loss":0,"event_name":"MindBloom","floor":38,"gold_loss":0},{"cards_removed":["ats:Healing Strengthening"],"damage_healed":0,"gold_gain":0,"player_choice":"Removed Power","damage_taken":0,"max_hp_gain":0,"max_hp_loss":0,"event_name":"Falling","floor":41,"gold_loss":0},{"damage_healed":0,"gold_gain":0,"player_choice":"Fight","damage_taken":0,"max_hp_gain":0,"max_hp_loss":0,"event_name":"Mysterious Sphere","floor":45,"gold_loss":0}],"is_beta":false,"boss_relics":[{"not_picked":["reliquary:WritOfMandamus","Frozen Eye"],"picked":"aspiration:RitualDagger"},{"not_picked":[]},{"not_picked":["Nunchaku","Oddly Smooth Stone"],"picked":"reliquary:FingerTrap"},{"not_picked":[]}],"items_purged_floors":[3,11,17,28,34,36,39],"is_endless":false,"potions_floor_spawned":[2,6,14,16,21,30,31,37,40,45],"killed_by":"Awakened One","ascension_level":12}}