{"host":"yawnmhdh5u4s0p8o","time":1614149948,"event":{"mods":["AchievementEnabler","Aspiration","BaseMod","BetterRewards","Colored Powertips","Conspire","Downfall","Friendly Minions","GifTheSpireLib","Gremlin Mod","Infinite Spire","Minty Spire (QoL Compilation)","Reliquary","Replay The Spire","StSLib","The Gatherer","The Necromancer"],"gold_per_floor":[109,169,244,261,5,20,91,126,149,168,168,38,54,82,82,181,181,191,176,176,188,92,92,107,142,188,188,199,216,67,94,94,195,195,195],"floor_reached":34,"language":"ENG","playtime":3771,"items_purged":["ReplayTheSpireMod:Splinters"],"score":1077,"play_id":"dc404175-f997-4ecc-ad7e-47f11e2ef264","local_time":"20210224175908","is_ascension_mode":false,"campfire_choices":[{"floor":11.0,"key":"REST"},{"data":"Bone_Prison","floor":15.0,"key":"SMITH"},{"data":"Summon_Death_Knight","floor":23.0,"key":"SMITH"},{"data":"Summon_Death_Knight","floor":27.0,"key":"SMITH"},{"floor":32.0,"key":"REST"}],"circlet_count":0,"master_deck":["Strike_W","Strike_W","Strike_W","Strike_W","Defend_W","Defend_W","Defend_W","Defend_W","Negative_Energy_Arrows","Bone_Wall","Pandemic","Pandemic","Skeleton_Dragon","Death_Knell","Bone_Bullets","Bone_Armor","Life_Drain","Life_Drain","Bone_Armor","Bone_Armor","Bone_Prison+1","Summon_Death_Knight+1","Clumsy","Clumsy","Clumsy","Bone_Bullets","Summon_Death_Knight+1","Corrupt","Summon_Lich","Death_Coil","Dramatic Entrance","Life_Drain","Negative_Energy_Javelin","Bones_to_Steel","Vampiric_Strike","Bone_Bullets","Bone_Shift","Bone_Spikes","Vampiric_Strike","Summon_Vampire_Lady","Pot Of Greed","Pot Of Greed","Pot Of Greed","Pot Of Greed","Life_Tap","Summon_Vampire_Lady"],"relics":["Vampire_Amulet","Toy Ornithopter","Membership Card","Potion Belt","Replay:Bottled Flurry","Bottled Tornado","Ancient Tea Set","Meat on the Bone","Replay:Bottled Snecko","Replay:Ancient Bell","Vajra","Darkstone Periapt","Replay:Multitool","BargainBundle","Pet Ghost","Regal Pillow","ReplayTheSpireMod:TigerMarble","Orrery","Grinning Jar"],"acts_visited":["Exordium","TheCity"],"potions_floor_usage":[],"damage_taken":[{"damage":10.0,"enemies":"2 Louse","floor":1.0,"turns":3.0},{"damage":6.0,"enemies":"Jaw Worm","floor":4.0,"turns":4.0},{"damage":3.0,"enemies":"Cultist","floor":6.0,"turns":4.0},{"damage":32.0,"enemies":"3 Sentries","floor":8.0,"turns":10.0},{"damage":25.0,"enemies":"Exordium Wildlife","floor":10.0,"turns":5.0},{"damage":0.0,"enemies":"Exordium Thugs","floor":13.0,"turns":5.0},{"damage":9.0,"enemies":"Replay:BlueRogue","floor":14.0,"turns":8.0},{"damage":44.0,"enemies":"Slime Boss","floor":16.0,"turns":9.0},{"damage":19.0,"enemies":"Shell Parasite","floor":18.0,"turns":8.0},{"damage":31.0,"enemies":"2 Thieves","floor":19.0,"turns":5.0},{"damage":18.0,"enemies":"Sentry and Sphere","floor":21.0,"turns":5.0},{"damage":29.0,"enemies":"Chosen and Byrds","floor":24.0,"turns":7.0},{"damage":51.0,"enemies":"Book of Stabbing","floor":25.0,"turns":7.0},{"damage":22.0,"enemies":"Centurion and Healer","floor":28.0,"turns":7.0},{"damage":32.0,"enemies":"3 Cultists","floor":29.0,"turns":6.0},{"damage":32.0,"enemies":"Slavers","floor":31.0,"turns":6.0},{"damage":90.0,"enemies":"Pondfish","floor":33.0,"turns":14.0}],"seed_played":"-8011023262386309135","potions_obtained":[{"floor":1.0,"key":"Adrenaline Potion"},{"floor":2.0,"key":"PowerPotion"},{"floor":2.0,"key":"Elixir"},{"floor":13.0,"key":"Milkshake"},{"floor":14.0,"key":"Energy Potion"},{"floor":16.0,"key":"LiquidMemories"},{"floor":18.0,"key":"SkillPotion"},{"floor":19.0,"key":"sneckomod:MuddlingPotion"},{"floor":21.0,"key":"Energy Potion"},{"floor":28.0,"key":"Weak Potion"},{"floor":33.0,"key":"sneckomod:MuddlingPotion"}],"is_trial":false,"path_per_floor":["M","?","?","M","$","M","T","E","T","M","R","$","M","E","R","B",null,"M","M","?","M","$","R","M","E","T","R","M","M","$","E","R","B",null],"character_chosen":"NECROMANCER","items_purchased":["Pandemic","Skeleton_Dragon","Membership Card","Potion Belt","Block Potion","Meat on the Bone","BargainBundle","Corrupt","Summon_Lich","Death_Coil","Dramatic Entrance","ReplayTheSpireMod:TigerMarble","Orrery"],"campfire_rested":2,"item_purchase_floors":[0,0,5,5,5,12,22,22,22,22,22,30,30],"current_hp_per_floor":[63,63,56,52,52,51,51,40,40,31,53,53,74,68,68,53,93,82,58,49,58,58,58,51,47,47,47,47,45,45,56,93,55,55,55],"gold":195,"neow_bonus":"","is_daily":false,"chose_seed":false,"campfire_upgraded":3,"win_rate":0.0,"timestamp":1614149948,"path_taken":["M","?","?","?","$","M","?","E","T","M","R","?","?","E","R","BOSS","M","?","?","M","$","R","M","E","T","R","?","M","?","E","R","BOSS"],"items_purchased_type":["Card","Card","Relic","Relic","Potion","Relic","Relic","Card","Card","Card","Card","Relic","Relic"],"build_version":"2020-12-22","purchased_purges":1,"victory":false,"max_hp_per_floor":[75,75,75,75,75,75,75,75,75,75,75,75,75,75,75,75,93,93,93,93,93,93,93,93,93,93,93,93,93,93,93,93,93,93,93],"card_choices":[{"not_picked":["Consume_Illness","Violent_Necrosis"],"picked":"Death_Knell","floor":1.0},{"not_picked":["Bone_Spikes","Scare"],"picked":"Bone_Bullets","floor":2.0},{"not_picked":["Scare","Bone_Shift"],"picked":"Bone_Armor","floor":4.0},{"not_picked":["Finger_Of_Death","Shackles_Of_Pain"],"picked":"Life_Drain","floor":6.0},{"not_picked":["Whirlwind_of_Bones","Cloudkill"],"picked":"Life_Drain","floor":8.0},{"not_picked":["Bone_Spikes","Negative_Energy_Javelin"],"picked":"Bone_Armor","floor":10.0},{"not_picked":["Negative_Energy_Shield","Bones_to_Steel"],"picked":"Bone_Armor","floor":13.0},{"not_picked":["Bone_Spikes","Negative_Energy_Sphere"],"picked":"Bone_Prison","floor":14.0},{"not_picked":["Hellfire","Skeleton_Dragon"],"picked":"Summon_Death_Knight","floor":16.0},{"not_picked":["Injury","downfall:Icky"],"picked":"Clumsy","floor":17.0},{"not_picked":["CommonCold","Amnesia"],"picked":"Clumsy","floor":17.0},{"not_picked":["downfall:Malfunctioning","Regret"],"picked":"Clumsy","floor":17.0},{"not_picked":["Blood_Whip","Thousand_Bone_Knives","Necrotic_Claws"],"picked":"SKIP","floor":18.0},{"not_picked":["Uncharnel","Bone_Spikes"],"picked":"Bone_Bullets","floor":19.0},{"not_picked":["Death_March_Dance","Negative_Energy_Sphere+1"],"picked":"Summon_Death_Knight","floor":21.0},{"not_picked":["Blood_Curse","Death_March_Dance"],"picked":"Life_Drain","floor":24.0},{"not_picked":["Summon_Lich","Pandemic"],"picked":"Negative_Energy_Javelin","floor":25.0},{"not_picked":["Spectral_Armor","Bone_Bullets+1"],"picked":"Bones_to_Steel","floor":28.0},{"not_picked":["Blood_Is_Power+1","Uncharnel"],"picked":"Vampiric_Strike","floor":29.0},{"not_picked":["Negative_Energy_Javelin+1","Skeleton_Dragon"],"picked":"Bone_Bullets","floor":30.0},{"not_picked":["Bones_to_Steel","Deaths_Shadow+1"],"picked":"Bone_Shift","floor":30.0},{"not_picked":["Bone_Shift","Blood_Whip"],"picked":"Bone_Spikes","floor":30.0},{"not_picked":["Blood_Whip","Death_Knell"],"picked":"Vampiric_Strike","floor":30.0},{"not_picked":["Negative_Energy_Sphere+1","Finger_Of_Death"],"picked":"Summon_Vampire_Lady","floor":30.0},{"not_picked":["Epidemic","Shade_Step+1"],"picked":"Life_Tap","floor":31.0},{"not_picked":["Reap_The_Weak","Negative_Energy_Bomb"],"picked":"Summon_Vampire_Lady","floor":33.0}],"player_experience":102221,"relics_obtained":[{"floor":2.0,"key":"Toy Ornithopter"},{"floor":7.0,"key":"Replay:Bottled Flurry"},{"floor":8.0,"key":"Bottled Tornado"},{"floor":9.0,"key":"Ancient Tea Set"},{"floor":14.0,"key":"Replay:Bottled Snecko"},{"floor":25.0,"key":"Pet Ghost"},{"floor":26.0,"key":"Regal Pillow"},{"floor":31.0,"key":"Grinning Jar"}],"event_choices":[{"damage_healed":0.0,"max_hp_gain":0.0,"max_hp_loss":0.0,"gold_gain":75.0,"event_name":"FaceTrader","player_choice":"Touch","floor":3.0,"gold_loss":0.0,"damage_taken":7.0},{"damage_healed":0.0,"max_hp_gain":0.0,"max_hp_loss":0.0,"gold_gain":0.0,"event_name":"Wheel of Change","player_choice":"Damaged","floor":20.0,"gold_loss":0.0,"damage_taken":9.0}],"is_beta":false,"boss_relics":[{"not_picked":["Painkiller Herb","Runic Pyramid"],"picked":"Replay:Ancient Bell"},{"not_picked":["Pen Nib","Nunchaku"],"picked":"Vajra"},{"not_picked":["Toxic Egg 2","ReplayTheSpireMod:Shallot"],"picked":"Darkstone Periapt"},{"not_picked":["Ginger","Lizard Tail"],"picked":"Replay:Multitool"}],"items_purged_floors":[22],"is_endless":false,"potions_floor_spawned":[1,4,13,14,16,18,19,21,28,33],"ascension_level":0}}