{"host":"ovcza0gnr2tscsgg","time":1614184526,"event":{"mods":["BaseMod","Colored Powertips","Marisa£®ÏF”Í°°ƒß¿Ì…≥£©","Minty Spire (QoL Compilation)","StSLib","The Bug Knight","UnlockEverythingMod","noobMod"],"gold_per_floor":[118,118,118,136,157,196,216,257,257,432,452,488,488,413,413,543,543,563,583,606,531,552,552,590,617,617,648,648,648,692,731,731,861,861,884,884,903,951,951,990,1053,94,147,160,201,217,62,100,100,125],"floor_reached":51,"language":"ZHS","playtime":3503,"items_purged":["Defend_P","Defend_P"],"score":1196,"play_id":"ea528199-3bcd-40c7-9626-337198e1af1b","local_time":"20210225003526","is_ascension_mode":true,"campfire_choices":[{"data":"Eruption","floor":13,"key":"SMITH"},{"data":"FlurryOfBlows","floor":15,"key":"SMITH"},{"data":"MasterReality","floor":23,"key":"SMITH"},{"data":"Devotion","floor":29,"key":"SMITH"},{"data":"CutThroughFate","floor":32,"key":"SMITH"},{"data":"1","floor":49,"key":"LIFT"}],"circlet_count":0,"master_deck":["Strike_P+1","Strike_P+1","Strike_P","Strike_P","Defend_P+1","Eruption+1","Vigilance+1","FollowUp+1","ClearTheMind+1","EmptyFist+1","Sanctity+1","CutThroughFate+1","FlurryOfBlows+1","Doubt","Wallop+1","MasterReality+1","LessonLearned+1","MentalFortress","Devotion+1","Worship+1","ClearTheMind+1","Crescendo+1","DeusExMachina+1","Vengeance+1","Flash of Steel+1","HandOfGreed+1","Finesse+1","CutThroughFate+1","MentalFortress","Evaluate+1","Vault+1","CutThroughFate+1","Blasphemy+1","Adaptation+1","InnerPeace+1"],"relics":["PureWater","ice","NeowsBlessing","Golden Idol","Anchor","Art of War","Vajra","InkBottle","SacredBark","Singing Bowl","Ancient Tea Set","Molten Egg 2","Tiny Chest","Enchiridion","Toxic Egg 2","Red Mask","Coffee Dripper","HollowMod:StagPassRelic","PreservedInsect","Girya","Bottled Tornado","OrangePellets","Bird Faced Urn","MealTicket","Bottled Lightning","Frozen Eye","CloakClasp"],"acts_visited":["Exordium","TheCity","TheBeyond"],"potions_floor_usage":[22,24,27],"damage_taken":[{"damage":0,"enemies":"Small Slimes","floor":1,"turns":1},{"damage":0,"enemies":"2 Louse","floor":4,"turns":1},{"damage":0,"enemies":"Jaw Worm","floor":5,"turns":1},{"damage":47,"enemies":"Lagavulin","floor":6,"turns":6},{"damage":2,"enemies":"2 Fungi Beasts","floor":7,"turns":3},{"damage":20,"enemies":"Gremlin Nob","floor":8,"turns":4},{"damage":0,"enemies":"3 Louse","floor":11,"turns":3},{"damage":19,"enemies":"Lagavulin","floor":12,"turns":4},{"damage":0,"enemies":"Slime Boss","floor":16,"turns":5},{"damage":0,"enemies":"3 Byrds","floor":18,"turns":4},{"damage":8,"enemies":"2 Thieves","floor":19,"turns":4},{"damage":5,"enemies":"Snake Plant","floor":20,"turns":3},{"damage":0,"enemies":"3 Cultists","floor":22,"turns":4},{"damage":2,"enemies":"Book of Stabbing","floor":24,"turns":5},{"damage":88,"enemies":"Gremlin Leader","floor":27,"turns":5},{"damage":42,"enemies":"Slavers","floor":30,"turns":6},{"damage":0,"enemies":"Masked Bandits","floor":31,"turns":3},{"damage":9,"enemies":"Collector","floor":33,"turns":4},{"damage":23,"enemies":"3 Darklings","floor":35,"turns":4},{"damage":2,"enemies":"Orb Walker","floor":37,"turns":2},{"damage":4,"enemies":"4 Shapes","floor":38,"turns":3},{"damage":60,"enemies":"Reptomancer","floor":40,"turns":3},{"damage":0,"enemies":"Mind Bloom Boss Battle","floor":41,"turns":4},{"damage":8,"enemies":"Writhing Mass","floor":44,"turns":3},{"damage":0,"enemies":"Nemesis","floor":45,"turns":6},{"damage":37,"enemies":"Jaw Worm Horde","floor":46,"turns":4},{"damage":0,"enemies":"Giant Head","floor":48,"turns":3},{"damage":1,"enemies":"Awakened One","floor":50,"turns":5}],"seed_played":"-8896519795619725410","potions_obtained":[{"floor":7,"key":"Fire Potion"},{"floor":8,"key":"SpeedPotion"},{"floor":16,"key":"EssenceOfSteel"},{"floor":22,"key":"BottledMiracle"},{"floor":31,"key":"Strength Potion"},{"floor":35,"key":"Fire Potion"},{"floor":38,"key":"LiquidBronze"}],"is_trial":false,"path_per_floor":["M","?","?","M","M","E","M","E","T","?","M","E","R","$","R","B",null,"M","M","M","?","M","R","E","T","T","E","?","R","E","?","R","B",null,"M","?","M","M","T","E","?","$","T","M","E","M","$","E","R","B",null],"character_chosen":"WATCHER","items_purchased":["Vault+1","Bottled Tornado","OrangePellets","Bird Faced Urn","Frozen Eye"],"campfire_rested":0,"item_purchase_floors":[42,42,42,42,47],"current_hp_per_floor":[72,54,59,59,59,12,10,57,57,57,57,38,38,38,38,38,82,82,74,69,69,69,69,67,67,67,95,79,79,37,37,37,28,138,115,105,105,101,101,41,41,41,41,43,53,22,37,47,47,58],"gold":125,"neow_bonus":"THREE_ENEMY_KILL","is_daily":false,"chose_seed":false,"campfire_upgraded":5,"win_rate":0.0,"timestamp":1614184526,"path_taken":["M","?","?","M","M","E","M","E","T","?","M","E","R","$","R","BOSS","M","M","M","?","M","R","E","?","T","E","?","R","E","?","R","BOSS","M","?","M","M","?","E","?","?","T","M","E","?","$","E","R","BOSS"],"items_purchased_type":["Card","Relic","Relic","Relic","Relic"],"build_version":"2020-12-22","purchased_purges":2,"victory":true,"max_hp_per_floor":[72,72,77,77,77,77,77,78,78,78,80,82,82,82,82,82,82,94,97,100,100,103,103,113,113,113,124,124,124,132,135,135,138,138,144,144,147,150,150,154,155,155,155,158,164,169,169,171,171,174],"card_choices":[{"not_picked":["SashWhip","PathToVictory"],"picked":"FollowUp","floor":1},{"not_picked":["WreathOfFlame","SandsOfTime"],"picked":"ClearTheMind","floor":4},{"not_picked":["CrushJoints","CutThroughFate"],"picked":"EmptyFist","floor":5},{"not_picked":["Vengeance","FlurryOfBlows"],"picked":"Sanctity","floor":6},{"not_picked":["Evaluate","Alpha"],"picked":"CutThroughFate","floor":7},{"not_picked":["Meditate","EmptyFist"],"picked":"FlurryOfBlows","floor":8},{"not_picked":["CutThroughFate","CrushJoints"],"picked":"Wallop","floor":11},{"not_picked":["MentalFortress","SashWhip"],"picked":"MasterReality","floor":12},{"not_picked":["Scrawl","DeusExMachina"],"picked":"LessonLearned","floor":16},{"not_picked":["PathToVictory","FlyingSleeves"],"picked":"MentalFortress","floor":18},{"not_picked":["PathToVictory","ThirdEye+1","Halt"],"picked":"SKIP","floor":19},{"not_picked":["WindmillStrike","SashWhip","WaveOfTheHand"],"picked":"SKIP","floor":20},{"not_picked":["FlyingSleeves","Meditate","Evaluate"],"picked":"SKIP","floor":22},{"not_picked":["Crescendo","Study"],"picked":"Devotion","floor":24},{"not_picked":["Weave+1","Ragnarok+1"],"picked":"Worship","floor":27},{"not_picked":["ForeignInfluence+1","EmptyFist+1"],"picked":"ClearTheMind+1","floor":30},{"not_picked":["Consecrate+1","Collect+1"],"picked":"Crescendo+1","floor":31},{"not_picked":["Ragnarok+1","ConjureBlade+1"],"picked":"DeusExMachina+1","floor":33},{"not_picked":["Protect+1","Nirvana+1"],"picked":"Vengeance+1","floor":35},{"not_picked":["Blind+1","Dark Shackles+1"],"picked":"Flash of Steel+1","floor":36},{"not_picked":["Trip+1","Deep Breath+1"],"picked":"HandOfGreed+1","floor":36},{"not_picked":["Thinking Ahead+1","Discovery+1"],"picked":"Finesse+1","floor":36},{"not_picked":["FollowUp+1","JustLucky+1","FlyingSleeves+1"],"picked":"Singing Bowl","floor":37},{"not_picked":["Evaluate+1","ClearTheMind+1"],"picked":"CutThroughFate+1","floor":38},{"not_picked":["WaveOfTheHand+1","JustLucky+1"],"picked":"MentalFortress","floor":40},{"not_picked":["SashWhip+1","Fasting2"],"picked":"Evaluate+1","floor":41},{"not_picked":["Fasting2","Consecrate+1"],"picked":"CutThroughFate+1","floor":44},{"not_picked":["Evaluate+1","PathToVictory+1"],"picked":"Blasphemy+1","floor":45},{"not_picked":["EmptyBody+1","ClearTheMind+1"],"picked":"Adaptation+1","floor":46},{"not_picked":["Prostrate+1","PathToVictory+1"],"picked":"InnerPeace+1","floor":48}],"player_experience":139554,"relics_obtained":[{"floor":6,"key":"Anchor"},{"floor":8,"key":"Art of War"},{"floor":9,"key":"Vajra"},{"floor":12,"key":"InkBottle"},{"floor":24,"key":"Singing Bowl"},{"floor":25,"key":"Ancient Tea Set"},{"floor":26,"key":"Molten Egg 2"},{"floor":27,"key":"Tiny Chest"},{"floor":28,"key":"Enchiridion"},{"floor":30,"key":"Toxic Egg 2"},{"floor":31,"key":"Red Mask"},{"floor":39,"key":"HollowMod:StagPassRelic"},{"floor":40,"key":"PreservedInsect"},{"floor":41,"key":"Girya"},{"floor":43,"key":"MealTicket"},{"floor":45,"key":"Bottled Lightning"},{"floor":48,"key":"CloakClasp"}],"event_choices":[{"damage_healed":0,"gold_gain":0,"player_choice":"Take Damage","damage_taken":18,"relics_obtained":["Golden Idol"],"max_hp_gain":0,"max_hp_loss":0,"event_name":"Golden Idol","floor":2,"gold_loss":0},{"damage_healed":0,"gold_gain":0,"player_choice":"Donut","damage_taken":0,"max_hp_gain":5,"max_hp_loss":0,"event_name":"Big Fish","floor":3,"gold_loss":0},{"damage_healed":0,"gold_gain":175,"player_choice":"AGREE","damage_taken":0,"max_hp_gain":0,"max_hp_loss":0,"event_name":"Liars Game","floor":10,"gold_loss":0,"cards_obtained":["Doubt"]},{"cards_removed":["Defend_P"],"damage_healed":0,"gold_gain":0,"player_choice":"Gave Gold","damage_taken":0,"max_hp_gain":0,"max_hp_loss":0,"event_name":"Beggar","floor":21,"gold_loss":75},{"damage_healed":0,"gold_gain":0,"player_choice":"Obtained Book","damage_taken":16,"max_hp_gain":0,"max_hp_loss":0,"event_name":"Cursed Tome","floor":28,"gold_loss":0},{"damage_healed":0,"gold_gain":0,"player_choice":"Fought Bandits","damage_taken":0,"max_hp_gain":0,"max_hp_loss":0,"event_name":"Masked Bandits","floor":31,"gold_loss":0},{"damage_healed":0,"gold_gain":0,"player_choice":"Memory 3","damage_taken":10,"max_hp_gain":0,"max_hp_loss":0,"event_name":"SensoryStone","floor":36,"gold_loss":0},{"damage_healed":0,"gold_gain":0,"player_choice":"Fight","damage_taken":0,"max_hp_gain":0,"max_hp_loss":0,"event_name":"MindBloom","floor":41,"gold_loss":0}],"is_beta":false,"boss_relics":[{"not_picked":["Busted Crown","Cursed Key"],"picked":"SacredBark"},{"not_picked":["Fusion Hammer","Runic Dome"],"picked":"Coffee Dripper"}],"items_purged_floors":[14,42],"is_endless":false,"potions_floor_spawned":[7,8,16,19,22,31,35,38,40,44,46],"ascension_level":3}}