{"host":"ayh4nqhr0ddw4ozv","time":1614155546,"event":{"mods":["BaseMod","Minty Spire (QoL Compilation)","Relic Stats","Replay The Spire","Robot Space Explorer","StSLib"],"gold_per_floor":[118,61,78,97,115,115,146,164,164,183,183,208,208,208,208,285,285,300,109,109,127,127,127,139,139,139,171,171,200,213,239,239,316,316,335,347,347,362,375,405,405,90,144,162,193,21,46,60,60,60,60,60,60,2,35,35],"floor_reached":57,"language":"ENG","playtime":3688,"items_purged":["RobotSpaceExplorer:Explosion+1","RobotSpaceExplorer:TurboDodge+1"],"score":2889,"play_id":"0bf58abc-2efa-48e7-9fd5-f282190547e2","local_time":"20210224003226","is_ascension_mode":true,"campfire_choices":[{"data":"RobotSpaceExplorer:DroneSwarm","floor":6,"key":"SMITH"},{"data":"RobotSpaceExplorer:IronShell","floor":13,"key":"SMITH"},{"data":"RobotSpaceExplorer:PowerCollector","floor":15,"key":"SMITH"},{"data":"RobotSpaceExplorer:ChargingLaser","floor":23,"key":"SMITH"},{"data":"RobotSpaceExplorer:Jetpack","floor":25,"key":"SMITH"},{"floor":28,"key":"REST"},{"data":"RobotSpaceExplorer:PowerGlove","floor":32,"key":"SMITH"},{"floor":41,"key":"RECALL"},{"data":"RobotSpaceExplorer:FranticSearch","floor":49,"key":"SMITH"},{"data":"RobotSpaceExplorer:MiniBoosters","floor":53,"key":"SMITH"}],"circlet_count":0,"master_deck":["AscendersBane","RobotSpaceExplorer:Scan","RobotSpaceExplorer:MiniLasers","RobotSpaceExplorer:PowerCollector+1","RobotSpaceExplorer:GlueShot","RobotSpaceExplorer:DualCore","RobotSpaceExplorer:Jetpack+1","RobotSpaceExplorer:Jetpack","RobotSpaceExplorer:Counterblock","RobotSpaceExplorer:ScrapMissile","RobotSpaceExplorer:MiniBoosters+1","RobotSpaceExplorer:Probe+1","RobotSpaceExplorer:IronShell+1","RobotSpaceExplorer:ChargingLaser+1","RobotSpaceExplorer:ScrapShield","RobotSpaceExplorer:FranticSearch+1","RobotSpaceExplorer:ScrapToss","RobotSpaceExplorer:LuckyStrike+1","RobotSpaceExplorer:LuckyStrike","RobotSpaceExplorer:PowerGlove+1","RobotSpaceExplorer:JunkDive","RobotSpaceExplorer:RigExplosive+1","RobotSpaceExplorer:FranticSearch+1","RobotSpaceExplorer:FranticSearch+1","RobotSpaceExplorer:Jetpack","RobotSpaceExplorer:Probe","RobotSpaceExplorer:ScrapShield"],"relics":["Pandora\u0027s Box","Snack Pack","Replay:Ringing Soul","Pantograph","Astrolabe","Ancient Tea Set","Tiny Chest","Art of War","Whetstone","Replay:Drink Me","Sundial","Lantern","Anchor","Letter Opener","Membership Card","InkBottle"],"acts_visited":["Exordium","TheCity","TheBeyond","TheEnding"],"potions_floor_usage":[7,24,29,31,31,38,51,55,56,56,56],"damage_taken":[{"damage":0,"enemies":"Cultist","floor":1,"turns":4},{"damage":5,"enemies":"Jaw Worm","floor":3,"turns":5},{"damage":5,"enemies":"Small Slimes","floor":4,"turns":5},{"damage":2,"enemies":"Exordium Thugs","floor":5,"turns":6},{"damage":19,"enemies":"Gremlin Nob","floor":7,"turns":6},{"damage":3,"enemies":"2 Fungi Beasts","floor":8,"turns":3},{"damage":0,"enemies":"Large Slime","floor":10,"turns":6},{"damage":0,"enemies":"Lagavulin","floor":12,"turns":6},{"damage":7,"enemies":"Hexaghost","floor":16,"turns":11},{"damage":0,"enemies":"3 Byrds","floor":18,"turns":5},{"damage":0,"enemies":"Spheric Guardian","floor":21,"turns":3},{"damage":26,"enemies":"Snecko","floor":24,"turns":8},{"damage":24,"enemies":"Slavers","floor":27,"turns":5},{"damage":18,"enemies":"Gremlin Leader","floor":29,"turns":6},{"damage":0,"enemies":"Centurion and Healer","floor":30,"turns":5},{"damage":24,"enemies":"Slavers","floor":31,"turns":4},{"damage":14,"enemies":"Pondfish","floor":33,"turns":7},{"damage":0,"enemies":"Orb Walker","floor":35,"turns":3},{"damage":0,"enemies":"3 Shapes","floor":36,"turns":4},{"damage":8,"enemies":"Jaw Worm Horde","floor":38,"turns":3},{"damage":5,"enemies":"Writhing Mass","floor":39,"turns":6},{"damage":0,"enemies":"Reptomancer","floor":40,"turns":5},{"damage":0,"enemies":"4 Shapes","floor":44,"turns":3},{"damage":0,"enemies":"Nemesis","floor":45,"turns":3},{"damage":0,"enemies":"Spire Growth","floor":48,"turns":3},{"damage":5,"enemies":"Awakened One","floor":50,"turns":6},{"damage":6,"enemies":"Replay:Hell Engine","floor":51,"turns":5},{"damage":18,"enemies":"Shield and Spear","floor":55,"turns":4},{"damage":87,"enemies":"The Heart","floor":56,"turns":8}],"seed_played":"-1520076529009948209","potions_obtained":[{"floor":3,"key":"Block Potion"},{"floor":7,"key":"Venom Potion"},{"floor":10,"key":"LiquidMemories"},{"floor":16,"key":"FearPotion"},{"floor":27,"key":"Regen Potion"},{"floor":29,"key":"Dexterity Potion"},{"floor":31,"key":"Adrenaline Potion"},{"floor":33,"key":"EssenceOfSteel"},{"floor":36,"key":"RobotSpaceExplorer:RecyclePotion"},{"floor":40,"key":"Elixir"}],"is_trial":false,"path_per_floor":["M","$","M","M","M","R","E","M","T","M","?","E","R","?","R","B",null,"M","$","?","M","?","R","M","R","T","E","R","E","M","E","R","B",null,"M","M","?","M","M","E","R","$","T","M","E","$","T","M","R","B","B",null,"R","$","E","B",null],"character_chosen":"RobotSpaceExplorer","items_purchased":["RobotSpaceExplorer:Jetpack","RobotSpaceExplorer:FranticSearch+1","RobotSpaceExplorer:ScrapToss","Lantern","RobotSpaceExplorer:FranticSearch","Membership Card","RobotSpaceExplorer:Jetpack","RobotSpaceExplorer:Probe"],"campfire_rested":1,"item_purchase_floors":[2,19,19,42,42,46,54,54],"current_hp_per_floor":[64,64,59,54,52,52,33,30,30,30,30,39,39,35,35,58,75,80,83,86,89,89,89,65,65,65,45,71,74,83,72,72,94,74,74,77,77,71,76,80,80,83,83,86,86,86,86,86,86,86,86,86,86,89,78,25],"gold":35,"neow_bonus":"BOSS_RELIC","is_daily":false,"chose_seed":false,"campfire_upgraded":8,"win_rate":0.0,"timestamp":1614155546,"path_taken":["M","?","M","M","M","R","E","M","T","M","?","E","R","?","R","BOSS","M","$","?","M","?","R","M","R","T","E","R","E","M","E","R","BOSS","M","M","?","M","?","E","R","?","T","M","E","$","?","?","R","BOSS","BOSS","R","$","E","BOSS"],"items_purchased_type":["Card","Card","Card","Relic","Card","Relic","Card","Card"],"build_version":"2020-12-22","purchased_purges":2,"victory":true,"max_hp_per_floor":[71,71,71,71,71,71,71,71,71,71,71,74,74,74,74,77,80,83,86,89,89,89,89,89,89,89,89,89,89,92,95,95,98,74,74,77,77,77,77,80,80,83,83,86,86,86,86,86,86,86,86,86,86,89,92,92],"relic_stats":{"counters":[29,148],"Sundial":[6],"Pantograph":62,"Astrolabe":["RobotSpaceExplorer:TurboDodge","RobotSpaceExplorer:Electropulse","RobotSpaceExplorer:Explosion"],"Pandora\u0027s Box":["RobotSpaceExplorer:PowerCollector","RobotSpaceExplorer:SwiftStep","RobotSpaceExplorer:FrostMissile","RobotSpaceExplorer:DroneSwarm","RobotSpaceExplorer:GlueShot","RobotSpaceExplorer:DualCore","RobotSpaceExplorer:PlasmaMissile","RobotSpaceExplorer:Electroshield"],"Tiny Chest":1,"Art of War":[5],"Whetstone":["RobotSpaceExplorer:LuckyStrike","RobotSpaceExplorer:Probe"],"Letter Opener":[145],"obtain_stats":[{"Lantern":42,"Astrolabe":17,"RobotSpaceExplorer:RoboCore":0,"Whetstone":31,"Letter Opener":45,"Ancient Tea Set":26,"Replay:Ringing Soul":9,"Anchor":43,"Sundial":40,"Pantograph":12,"Pandora\u0027s Box":0,"Tiny Chest":27,"Snack Pack":7,"Art of War":29,"Membership Card":46,"Replay:Drink Me":34,"InkBottle":55},{"Lantern":22,"Astrolabe":9,"RobotSpaceExplorer:RoboCore":0,"Whetstone":16,"Letter Opener":24,"Ancient Tea Set":12,"Replay:Ringing Soul":6,"Anchor":22,"Sundial":22,"Pantograph":8,"Pandora\u0027s Box":0,"Tiny Chest":13,"Snack Pack":5,"Art of War":14,"Membership Card":24,"Replay:Drink Me":17,"InkBottle":28},{"Lantern":116,"Astrolabe":52,"RobotSpaceExplorer:RoboCore":0,"Whetstone":88,"Letter Opener":122,"Ancient Tea Set":68,"Replay:Ringing Soul":29,"Anchor":116,"Sundial":116,"Pantograph":41,"Pandora\u0027s Box":0,"Tiny Chest":73,"Snack Pack":26,"Art of War":79,"Membership Card":122,"Replay:Drink Me":95,"InkBottle":140}],"InkBottle":[10]},"card_choices":[{"not_picked":["RobotSpaceExplorer:Blitz","RobotSpaceExplorer:Ammunition"],"picked":"RobotSpaceExplorer:GlueShot","floor":1},{"not_picked":["RobotSpaceExplorer:SelfCleaning","RobotSpaceExplorer:Pulsar"],"picked":"RobotSpaceExplorer:Counterblock","floor":3},{"not_picked":["RobotSpaceExplorer:TurboDodge","RobotSpaceExplorer:ImprovisedAttack","RobotSpaceExplorer:MetalStrike"],"picked":"SKIP","floor":4},{"not_picked":["RobotSpaceExplorer:GlueShot","RobotSpaceExplorer:Counterblock"],"picked":"RobotSpaceExplorer:ScrapMissile","floor":5},{"not_picked":["RobotSpaceExplorer:Exploration","RobotSpaceExplorer:FreezingShield"],"picked":"RobotSpaceExplorer:MiniBoosters","floor":7},{"not_picked":["RobotSpaceExplorer:Reload","RobotSpaceExplorer:FrostMissile"],"picked":"RobotSpaceExplorer:Probe","floor":8},{"not_picked":["RobotSpaceExplorer:Ammunition","RobotSpaceExplorer:Reload","RobotSpaceExplorer:ImprovisedAttack"],"picked":"SKIP","floor":10},{"not_picked":["RobotSpaceExplorer:MiniBoosters","RobotSpaceExplorer:SurgingShield"],"picked":"RobotSpaceExplorer:IronShell","floor":12},{"not_picked":["RobotSpaceExplorer:HighVoltage","RobotSpaceExplorer:Scanner"],"picked":"RobotSpaceExplorer:ChargingLaser","floor":16},{"not_picked":["RobotSpaceExplorer:SurgingShield","RobotSpaceExplorer:ShockKick"],"picked":"RobotSpaceExplorer:ScrapShield","floor":18},{"not_picked":["RobotSpaceExplorer:GearShield","RobotSpaceExplorer:SurgingShield","RobotSpaceExplorer:StunGrenade"],"picked":"SKIP","floor":21},{"not_picked":["RobotSpaceExplorer:Discharger","RobotSpaceExplorer:Electroshield","RobotSpaceExplorer:SurgingStrike"],"picked":"SKIP","floor":24},{"not_picked":["RobotSpaceExplorer:ScrapMissile","RobotSpaceExplorer:StunGrenade","RobotSpaceExplorer:Fix"],"picked":"SKIP","floor":27},{"not_picked":["RobotSpaceExplorer:Electropulse","RobotSpaceExplorer:FrostMissile","RobotSpaceExplorer:DoubleBlock"],"picked":"SKIP","floor":29},{"not_picked":["RobotSpaceExplorer:ShovelStrike","RobotSpaceExplorer:FreezeRay"],"picked":"RobotSpaceExplorer:LuckyStrike","floor":30},{"not_picked":["RobotSpaceExplorer:Pulsar","RobotSpaceExplorer:ToxicBomb"],"picked":"RobotSpaceExplorer:PowerGlove","floor":31},{"not_picked":["RobotSpaceExplorer:ChargingLaser","RobotSpaceExplorer:Comet"],"picked":"RobotSpaceExplorer:Wormhole","floor":33},{"not_picked":["RobotSpaceExplorer:SwiftStep","RobotSpaceExplorer:MetalStrike","RobotSpaceExplorer:GlueShot"],"picked":"SKIP","floor":35},{"not_picked":["RobotSpaceExplorer:StunGrenade+1","RobotSpaceExplorer:ScrapMissile"],"picked":"RobotSpaceExplorer:JunkDive","floor":36},{"not_picked":["RobotSpaceExplorer:ShovelStrike","RobotSpaceExplorer:StarDust","RobotSpaceExplorer:TurboDodge"],"picked":"SKIP","floor":38},{"not_picked":["RobotSpaceExplorer:GlueShot","RobotSpaceExplorer:Explosion","RobotSpaceExplorer:SurgingShield"],"picked":"SKIP","floor":39},{"not_picked":["RobotSpaceExplorer:FreezeRay","RobotSpaceExplorer:PowerGlove"],"picked":"RobotSpaceExplorer:RigExplosive+1","floor":40},{"not_picked":["RobotSpaceExplorer:Reload+1","RobotSpaceExplorer:GlueShot"],"picked":"RobotSpaceExplorer:FranticSearch+1","floor":44},{"not_picked":["RobotSpaceExplorer:ImprovisedAttack","RobotSpaceExplorer:SelfCleaning+1","RobotSpaceExplorer:TurboDodge"],"picked":"SKIP","floor":45},{"not_picked":["RobotSpaceExplorer:Blitz","RobotSpaceExplorer:Pulsar+1","RobotSpaceExplorer:MakeshiftVolley"],"picked":"SKIP","floor":48},{"not_picked":["RobotSpaceExplorer:ChargingLaser","RobotSpaceExplorer:SurgingShield"],"picked":"RobotSpaceExplorer:ScrapShield","floor":55}],"player_experience":448430,"relics_obtained":[{"floor":7,"key":"Snack Pack"},{"floor":9,"key":"Replay:Ringing Soul"},{"floor":12,"key":"Pantograph"},{"floor":26,"key":"Ancient Tea Set"},{"floor":27,"key":"Tiny Chest"},{"floor":29,"key":"Art of War"},{"floor":31,"key":"Whetstone"},{"floor":40,"key":"Sundial"},{"floor":43,"key":"Anchor"},{"floor":45,"key":"Letter Opener"},{"floor":55,"key":"InkBottle"}],"event_choices":[{"damage_healed":0,"gold_gain":0,"player_choice":"Ignored","damage_taken":0,"max_hp_gain":0,"max_hp_loss":0,"event_name":"Shining Light","floor":11,"gold_loss":0},{"damage_healed":0,"gold_gain":0,"player_choice":"Bought 0 Potions","damage_taken":0,"max_hp_gain":0,"max_hp_loss":0,"event_name":"The Woman in Blue","floor":14,"gold_loss":0},{"damage_healed":0,"gold_gain":0,"player_choice":"Read","damage_taken":0,"max_hp_gain":0,"max_hp_loss":0,"event_name":"The Library","floor":20,"gold_loss":0,"cards_obtained":["RobotSpaceExplorer:LuckyStrike"]},{"damage_healed":0,"gold_gain":0,"player_choice":"Ignored","damage_taken":0,"max_hp_gain":0,"max_hp_loss":0,"event_name":"Vampires","floor":22,"gold_loss":0},{"damage_healed":0,"gold_gain":0,"player_choice":"Ignored","damage_taken":0,"max_hp_gain":0,"max_hp_loss":0,"event_name":"SecretPortal","floor":37,"gold_loss":0}],"is_beta":false,"boss_relics":[{"not_picked":["Velvet Choker","Replay:Ancient Bell"],"picked":"Astrolabe"},{"not_picked":["Honey Jar","Replay:Wanted Poster"],"picked":"Replay:Drink Me"}],"items_purged_floors":[19,42],"is_endless":false,"potions_floor_spawned":[3,7,10,16,18,27,29,31,33,36,40,44],"ascension_level":20}}