{"host":"auii0tli5ebhxikt","time":1614146664,"event":{"mods":["ATMod(°¢èªMod)","BaseMod","Downfall","Energized Spire","Library of Ruina","Minty Spire (QoL Compilation)","Quick Restart","Relic Stats","Reliquary","Replay The Spire","Spicy Shops","StSLib","The Marked","[IsaacMod]ÒÔÈö¼âËþ","¡¾ÒÅÎï¿¨ÅÆ¡¿REMEMod"],"gold_per_floor":[99,112,0,0,17,17,17,33,48,223,258,42,42,61,71,167,167,67,81,93,109,109,109,109,122,122,136,171,182,82,145,155,255,255,155,170,180,180,0,0,71,87,118,130,45,45,58,38,53,53,53,84,7,7,7,7,7],"floor_reached":55,"language":"ZHS","playtime":4333,"items_purged":["Doubt"],"score":925,"play_id":"bcf92db7-d157-453f-957f-ea7edb0b764a","local_time":"20210224140424","is_ascension_mode":false,"campfire_choices":[{"floor":1,"key":"RECALL"},{"data":"Guardian:PiercingHide","floor":6,"key":"SMITH"},{"floor":13,"key":"REST"},{"floor":30,"key":"REST"},{"data":"Guardian:FloatingOrbs","floor":35,"key":"SMITH"},{"data":"Guardian:ArmoredProtocol","floor":40,"key":"SMITH"},{"data":"Guardian:BronzeArmor","floor":54,"key":"SMITH"}],"circlet_count":0,"master_deck":["Guardian:Defend_Guardian","Guardian:Defend_Guardian","Guardian:Defend_Guardian","Guardian:Defend_Guardian","Guardian:CurlUp","Guardian:SpikerProtocol","Guardian:PiercingHide+1","Guardian:PrimingBeam","Guardian:SentryBeam","Guardian:Clone","Guardian:BronzeOrb","Guardian:Harden","Guardian:EvasiveProtocol","Guardian:ArmoredProtocol+1","Guardian:RevengeProtocol+1","Slimebound:Tackle+1","Slimebound:Tackle+1","Slimebound:Tackle+1","Guardian:FloatingOrbs+1","Overencumbered","Guardian:Gem_Lightblue","Guardian:PrismaticBeam+1","Guardian:Gem_Lightblue","Guardian:Gem_Synthetic","Guardian:Gem_Purple","Guardian:BronzeArmor+1","Guardian:SpikerProtocol+1","Guardian:SpikerProtocol+1","Guardian:Defend_Guardian+1"],"relics":["Guardian:ModeShifter","AT_ATBox","HushsDoor","REME_ComplimentaryCards","MaYiHuaBei","Replay:PocketPolymizer","Chaos","PageOfAspirationHeart","PageOfThreeBirds","HornCleat","Mummified Hand","downfall:HeartBlessingRed","Enchiridion","Art of War","downfall:HeartBlessingGreen","MagicMushroom","downfall:HeartBlessingBlue","Replay:Wax Seal","AT_SunfireAegis","REME_PuzzleBoxRelic","reliquary:WritOfMandamus","Bottled Flame","BookOfRevelations","Calipers","Turnip","AT_EbonyIvory"],"acts_visited":["Exordium","TheCity","TheBeyond","TheEnding"],"potions_floor_usage":[16,50],"damage_taken":[{"damage":3,"enemies":"Cultist","floor":2,"turns":5},{"damage":5,"enemies":"downfall:FleeingMerchant","floor":3,"turns":4},{"damage":1,"enemies":"Jaw Worm","floor":5,"turns":4},{"damage":0,"enemies":"2 Louse","floor":8,"turns":3},{"damage":3,"enemies":"Red Slaver","floor":9,"turns":4},{"damage":20,"enemies":"Lagavulin","floor":11,"turns":13},{"damage":0,"enemies":"downfall:FleeingMerchant","floor":12,"turns":4},{"damage":2,"enemies":"Large Slime","floor":14,"turns":6},{"damage":0,"enemies":"Blue Slaver","floor":15,"turns":4},{"damage":20,"enemies":"DF_ARCHETYPE_STREAMLINE","floor":16,"turns":17},{"damage":0,"enemies":"3 Byrds","floor":19,"turns":3},{"damage":0,"enemies":"Shell Parasite","floor":20,"turns":4},{"damage":1,"enemies":"Shelled Parasite and Fungi","floor":21,"turns":4},{"damage":0,"enemies":"Sentry and Sphere","floor":25,"turns":5},{"damage":0,"enemies":"Chosen and Byrds","floor":27,"turns":6},{"damage":16,"enemies":"Gremlin Leader","floor":28,"turns":6},{"damage":0,"enemies":"Centurion and Healer","floor":29,"turns":4},{"damage":0,"enemies":"Shelled Parasite and Fungi","floor":32,"turns":3},{"damage":41,"enemies":"WA_ARCHETYPE_CALM","floor":33,"turns":10},{"damage":0,"enemies":"3 Shapes","floor":36,"turns":2},{"damage":0,"enemies":"Orb Walker","floor":37,"turns":2},{"damage":0,"enemies":"downfall:FleeingMerchant","floor":39,"turns":4},{"damage":0,"enemies":"4 Shapes","floor":42,"turns":3},{"damage":0,"enemies":"R_Hoarder","floor":43,"turns":5},{"damage":0,"enemies":"Jaw Worm Horde","floor":44,"turns":2},{"damage":0,"enemies":"Spire Growth","floor":45,"turns":3},{"damage":0,"enemies":"Maw","floor":47,"turns":4},{"damage":0,"enemies":"downfall:FleeingMerchant","floor":48,"turns":4},{"damage":4,"enemies":"Writhing Mass","floor":49,"turns":4},{"damage":0,"enemies":"IC_BLOCK_ARCHETYPE","floor":50,"turns":7},{"damage":0,"enemies":"downfall:CharBossMerchant","floor":52,"turns":6},{"damage":0,"enemies":"Delirium","floor":55,"turns":11}],"seed_played":"2536027530670176295","potions_obtained":[{"floor":2,"key":"Fire Potion"},{"floor":8,"key":"Block Potion"},{"floor":16,"key":"ColorlessPotion"},{"floor":20,"key":"FairyPotion"},{"floor":43,"key":"LiquidBronze"}],"is_trial":false,"path_per_floor":["R","M","$","?","M","R","T","M","M","?","E","$","R","M","M","B",null,"R","M","M","M","?","?","T","M","?","M","E","M","R","?","M","B",null,"R","M","M","?","$","R","T","M","E","M","M","?","M","$","M","B",null,"E","$","R","B"],"character_chosen":"GUARDIAN","items_purchased":["Replay:PocketPolymizer","Chaos","HornCleat","Replay:Wax Seal","AT_SunfireAegis","REME_PuzzleBoxRelic","BookOfRevelations","Calipers","AT_EbonyIvory"],"campfire_rested":2,"item_purchase_floors":[3,3,12,39,39,39,48,48,53],"current_hp_per_floor":[88,85,80,80,79,79,92,92,89,89,69,69,99,97,97,77,101,101,101,101,100,84,84,84,84,84,84,68,68,98,98,98,57,108,118,118,118,118,118,118,118,118,118,118,118,118,118,118,114,115,118,118,118,118,118,118,118],"gold":7,"neow_bonus":"TEN_PERCENT_HP_BONUS","is_daily":false,"chose_seed":false,"campfire_upgraded":4,"win_rate":0.0,"timestamp":1614146664,"path_taken":["R","M","?","?","?","R","T","M","M","?","E","$","R","M","M","BOSS","R","M","M","M","?","?","T","M","?","M","E","M","R","?","M","BOSS","R","M","M","?","?","R","T","M","E","M","M","?","M","$","M","BOSS","E","$","R","BOSS"],"items_purchased_type":["Relic","Card","Relic","Relic","Relic","Relic","Relic","Relic","Relic"],"build_version":"2020-12-22","purchased_purges":1,"victory":false,"max_hp_per_floor":[88,88,88,88,88,88,101,101,101,101,101,101,101,101,101,101,101,101,101,101,101,101,101,101,101,101,101,101,101,101,101,101,101,108,118,118,118,118,118,118,118,118,118,118,118,118,118,118,118,118,118,118,118,118,118,118,118],"relic_stats":{"counters":[32,166],"Mummified Hand":[116],"Turnip":[0],"Art of War":[1],"obtain_stats":[{"MaYiHuaBei":0,"Chaos":3,"AT_ATBox":0,"Replay:PocketPolymizer":3,"Calipers":48,"Enchiridion":22,"downfall:HeartBlessingGreen":30,"HornCleat":12,"Mummified Hand":17,"downfall:HeartBlessingBlue":35,"Replay:Wax Seal":39,"KeepersGift":0,"PageOfThreeBirds":11,"downfall:HeartBlessingRed":18,"Guardian:ModeShifter":0,"BookOfRevelations":48,"AT_EbonyIvory":53,"PageOfAspirationHeart":7,"Bottled Flame":43,"MagicMushroom":34,"Turnip":52,"Art of War":28,"AT_SunfireAegis":39,"REME_PuzzleBoxRelic":39,"reliquary:WritOfMandamus":41,"HushsDoor":0,"REME_ComplimentaryCards":0},{"MaYiHuaBei":0,"Chaos":2,"AT_ATBox":0,"Replay:PocketPolymizer":2,"Calipers":28,"Enchiridion":13,"downfall:HeartBlessingGreen":17,"HornCleat":7,"Mummified Hand":10,"downfall:HeartBlessingBlue":19,"Replay:Wax Seal":22,"KeepersGift":0,"PageOfThreeBirds":6,"downfall:HeartBlessingRed":10,"Guardian:ModeShifter":0,"BookOfRevelations":28,"AT_EbonyIvory":31,"PageOfAspirationHeart":3,"Bottled Flame":24,"MagicMushroom":19,"Turnip":31,"Art of War":16,"AT_SunfireAegis":22,"REME_PuzzleBoxRelic":22,"reliquary:WritOfMandamus":22,"HushsDoor":0,"REME_ComplimentaryCards":0},{"MaYiHuaBei":0,"Chaos":9,"AT_ATBox":0,"Replay:PocketPolymizer":9,"Calipers":138,"Enchiridion":75,"downfall:HeartBlessingGreen":96,"HornCleat":37,"Mummified Hand":64,"downfall:HeartBlessingBlue":109,"Replay:Wax Seal":117,"KeepersGift":0,"PageOfThreeBirds":33,"downfall:HeartBlessingRed":64,"Guardian:ModeShifter":0,"BookOfRevelations":138,"AT_EbonyIvory":155,"PageOfAspirationHeart":13,"Bottled Flame":125,"MagicMushroom":109,"Turnip":155,"Art of War":92,"AT_SunfireAegis":117,"REME_PuzzleBoxRelic":117,"reliquary:WritOfMandamus":117,"HushsDoor":0,"REME_ComplimentaryCards":0}]},"card_choices":[{"not_picked":["Guardian:Planning","Guardian:Clone"],"picked":"Guardian:Gem_Blue","floor":2},{"not_picked":["Guardian:WalkerClaw","Guardian:PrimingBeam"],"picked":"Guardian:SpikerProtocol","floor":3},{"not_picked":["Guardian:RollAttack","Guardian:Gem_Purple"],"picked":"Guardian:PiercingHide","floor":5},{"not_picked":["Guardian:Reroute","Guardian:TemporalShield"],"picked":"Guardian:SentryBeam","floor":8},{"not_picked":["Guardian:StasisStrike","Guardian:Gem_Green"],"picked":"Guardian:Clone","floor":9},{"not_picked":["Guardian:WalkerClaw","Guardian:Clone"],"picked":"Guardian:BronzeOrb","floor":11},{"not_picked":["Guardian:MultiBeam","Guardian:Repulse"],"picked":"Guardian:Gem_Fragmented","floor":12},{"not_picked":["Guardian:Preprogram","Guardian:Emergency"],"picked":"Guardian:EvasiveProtocol","floor":14},{"not_picked":["Guardian:EvasiveProtocol","Guardian:Gem_Red"],"picked":"Guardian:ArmoredProtocol","floor":15},{"not_picked":["Guardian:StasisStrike","Guardian:HyperBeam_Guardian"],"picked":"Guardian:RevengeProtocol","floor":16},{"not_picked":["Guardian:PolyBeam","Guardian:Repulse+1"],"picked":"Guardian:Gem_Red","floor":19},{"not_picked":["Guardian:PrimingBeam","Guardian:Emergency"],"picked":"Guardian:Gem_Crimson","floor":20},{"not_picked":["Guardian:Emergency","Guardian:ShieldSpikes"],"picked":"Guardian:Gem_Green","floor":21},{"not_picked":["Guardian:PiercingHide+1","Guardian:ShieldCharger"],"picked":"Guardian:FloatingOrbs","floor":25},{"not_picked":["Guardian:FloatingOrbs","Guardian:Planning"],"picked":"Guardian:Gem_Lightblue","floor":27},{"not_picked":["Guardian:Reroute","Guardian:FloatingOrbs+1"],"picked":"Guardian:PrismaticBeam+1","floor":28},{"not_picked":["Guardian:ConstructionForm","Guardian:GuardianWhirl"],"picked":"Guardian:Gem_Lightblue","floor":29},{"not_picked":["Guardian:Recover+1","Guardian:RollAttack+1","Guardian:BodySlam"],"picked":"SKIP","floor":32},{"not_picked":["Guardian:TimeBomb","Guardian:Incinerate","Guardian:Gem_Cyan"],"picked":"SKIP","floor":36},{"not_picked":["Guardian:PrimingBeam","Guardian:CrystalBeam","Guardian:RollAttack"],"picked":"SKIP","floor":37},{"not_picked":["Guardian:Gem_Yellow","Guardian:Planning"],"picked":"Guardian:Gem_Synthetic","floor":39},{"not_picked":["Guardian:Gem_Cyan","Guardian:Gem_Lightblue","Guardian:Repulse"],"picked":"SKIP","floor":42},{"not_picked":["Guardian:TimeBomb+1","Guardian:WalkerClaw+1"],"picked":"Guardian:Gem_Purple","floor":43},{"not_picked":["Guardian:TemporalStrike+1","Guardian:RefractedBeam+1"],"picked":"Guardian:BronzeArmor","floor":44},{"not_picked":["Guardian:TemporalShield+1","Guardian:Gem_Yellow"],"picked":"Guardian:SpikerProtocol+1","floor":45},{"not_picked":["Guardian:ChargeCore+1","Guardian:PrismaticBarrier+1","Guardian:GuardianWhirl+1"],"picked":"SKIP","floor":47},{"not_picked":["Guardian:DonusPower","Guardian:ChargeCore","Guardian:Gem_White"],"picked":"SKIP","floor":48},{"not_picked":["Guardian:TemporalStrike+1","Guardian:Clone"],"picked":"Guardian:SpikerProtocol+1","floor":49},{"not_picked":["Guardian:TimeCapacitor+1","Guardian:RefractedBeam","Guardian:RevengeProtocol"],"picked":"SKIP","floor":52}],"player_experience":143052,"relics_obtained":[{"floor":7,"key":"PageOfAspirationHeart"},{"floor":11,"key":"PageOfThreeBirds"},{"floor":22,"key":"Enchiridion"},{"floor":28,"key":"Art of War"},{"floor":41,"key":"reliquary:WritOfMandamus"},{"floor":43,"key":"Bottled Flame"},{"floor":52,"key":"Turnip"}],"event_choices":[{"damage_healed":0,"gold_gain":0,"player_choice":"Ignored","damage_taken":0,"max_hp_gain":0,"max_hp_loss":0,"event_name":"NoteForYourself","floor":38,"gold_loss":0}],"is_beta":false,"boss_relics":[{"not_picked":["reliquary:Spinner","PageOfBigBadWolf"],"picked":"Mummified Hand"},{"not_picked":[]},{"not_picked":["Replay:Towering Pillar of Hats","PageOfBlackSwan"],"picked":"MagicMushroom"},{"not_picked":[]}],"items_purged_floors":[12],"is_endless":false,"potions_floor_spawned":[2,8,9,16,19,20,27,32,36,43,44,45,47],"killed_by":"Delirium","ascension_level":0}}