{"host":"sav7uxregyirlf69","time":1614159241,"event":{"mods":["AchievementEnabler","BaseMod","Colored Map","DeckTracker","Keyboard Shortcuts","Minty Spire (QoL Compilation)","READ ME - Guardian Mod","StSLib","SuperFastMode"],"gold_per_floor":[14,34,84,95,106,139,139,150,150,178,204,204,215,234,234,309,309,323,56,56,56,66,66,66],"floor_reached":23,"language":"KOR","playtime":400,"items_purged":[],"score":406,"play_id":"b9a73b26-fc61-48f5-9787-9684fc9c79fb","local_time":"20210224183401","is_ascension_mode":true,"campfire_choices":[{"data":"Infernal Blade","floor":7,"key":"SMITH"},{"floor":12,"key":"REST"},{"data":"Flex","floor":15,"key":"SMITH"}],"circlet_count":0,"master_deck":["AscendersBane","Strike_R","Strike_R","Strike_R","Defend_R","Defend_R","Defend_R","Defend_R","Bash","Infernal Blade+1","Anger","Flex+1","Carnage","Sword Boomerang","Pummel","Evolve","Twin Strike","Limit Break","Second Wind","Shrug It Off","Impervious"],"relics":["Burning Blood","StoneCalendar","FossilizedHelix","Odd Mushroom","White Beast Statue","Runic Pyramid","TheAbacus"],"acts_visited":["Exordium","TheCity"],"potions_floor_usage":[6,16,16,23],"damage_taken":[{"damage":9,"enemies":"Jaw Worm","floor":1,"turns":4},{"damage":2,"enemies":"Cultist","floor":2,"turns":4},{"damage":3,"enemies":"Small Slimes","floor":4,"turns":3},{"damage":11,"enemies":"Blue Slaver","floor":5,"turns":4},{"damage":11,"enemies":"Gremlin Nob","floor":6,"turns":3},{"damage":26,"enemies":"Exordium Thugs","floor":8,"turns":4},{"damage":11,"enemies":"The Mushroom Lair","floor":10,"turns":4},{"damage":25,"enemies":"3 Sentries","floor":11,"turns":6},{"damage":0,"enemies":"Exordium Wildlife","floor":13,"turns":2},{"damage":1,"enemies":"Looter","floor":14,"turns":3},{"damage":44,"enemies":"The Guardian","floor":16,"turns":7},{"damage":0,"enemies":"Chosen","floor":18,"turns":3},{"damage":22,"enemies":"2 Thieves","floor":22,"turns":4},{"damage":50,"enemies":"Book of Stabbing","floor":23,"turns":5}],"seed_played":"5391118754246790924","potions_obtained":[{"floor":1,"key":"AttackPotion"},{"floor":10,"key":"FearPotion"},{"floor":13,"key":"Strength Potion"},{"floor":16,"key":"Dexterity Potion"},{"floor":18,"key":"HeartOfIron"}],"is_trial":false,"path_per_floor":["M","M","?","M","M","E","R","M","T","?","E","R","M","M","R","B",null,"M","$","?","$","M","E"],"character_chosen":"IRONCLAD","items_purchased":["TheAbacus","Second Wind","Shrug It Off"],"campfire_rested":1,"item_purchase_floors":[19,19,19],"current_hp_per_floor":[65,69,69,72,67,62,62,42,42,37,18,40,46,51,51,13,60,66,66,66,66,50,0,0],"gold":66,"neow_bonus":"REMOVE_TWO","is_daily":false,"chose_seed":false,"campfire_upgraded":2,"win_rate":0.0,"timestamp":1614159241,"path_taken":["M","M","?","M","?","E","R","M","T","?","E","R","M","M","R","BOSS","M","$","?","?","?","E"],"items_purchased_type":["Relic","Card","Card"],"build_version":"2020-12-22","purchased_purges":0,"victory":false,"max_hp_per_floor":[75,75,75,75,75,75,75,75,75,75,75,75,75,75,75,75,75,75,75,75,75,75,75,75],"card_choices":[{"not_picked":["Cleave","Clash"],"picked":"Infernal Blade","floor":1},{"not_picked":["Intimidate","Thunderclap"],"picked":"Anger","floor":2},{"not_picked":["Wild Strike","Fire Breathing"],"picked":"Flex","floor":4},{"not_picked":["Fiend Fire","Heavy Blade"],"picked":"Carnage","floor":5},{"not_picked":["Body Slam","Rupture"],"picked":"Sword Boomerang","floor":6},{"not_picked":["Infernal Blade","Rupture"],"picked":"Pummel","floor":8},{"not_picked":["Feel No Pain","Clash"],"picked":"Evolve","floor":10},{"not_picked":["Warcry","Body Slam","Wild Strike"],"picked":"SKIP","floor":11},{"not_picked":["Body Slam","Havoc"],"picked":"Twin Strike","floor":13},{"not_picked":["Heavy Blade","Thunderclap","Dark Embrace"],"picked":"SKIP","floor":14},{"not_picked":["Reaper","Demon Form"],"picked":"Limit Break","floor":16},{"not_picked":["Anger","Cleave+1","True Grit"],"picked":"SKIP","floor":18},{"not_picked":["Thunderclap","Sword Boomerang+1","Pummel"],"picked":"SKIP","floor":22}],"player_experience":1689566,"relics_obtained":[{"floor":6,"key":"StoneCalendar"},{"floor":9,"key":"FossilizedHelix"},{"floor":10,"key":"Odd Mushroom"},{"floor":11,"key":"White Beast Statue"}],"event_choices":[{"damage_healed":0,"gold_gain":50,"player_choice":"Pray","damage_taken":0,"max_hp_gain":0,"max_hp_loss":0,"event_name":"Golden Shrine","floor":3,"gold_loss":0},{"damage_healed":0,"gold_gain":0,"player_choice":"Fought Mushrooms","damage_taken":0,"max_hp_gain":0,"max_hp_loss":0,"event_name":"Mushrooms","floor":10,"gold_loss":0},{"damage_healed":0,"gold_gain":0,"player_choice":"1 cards matched","damage_taken":0,"max_hp_gain":0,"max_hp_loss":0,"event_name":"Match and Keep!","floor":20,"gold_loss":0,"cards_obtained":["Impervious"]}],"is_beta":false,"boss_relics":[{"not_picked":["Cursed Key","SlaversCollar"],"picked":"Runic Pyramid"}],"items_purged_floors":[],"is_endless":false,"potions_floor_spawned":[1,10,13,14,16,18,22],"killed_by":"Book of Stabbing","ascension_level":20}}