{"host":"6r762osam2bvfm66","time":1614196598,"event":{"mods":["AchievementEnabler","BaseMod","Colored Map","Highlight Path","Minty Spire (QoL Compilation)","Relic Stats","ojb\u0027s Info Mod"],"gold_per_floor":[116,116,43,63,79,105,105,140,140,155,173,206,49,78,78,183,183,183,183,183,183,183,183,183,183,183,183,183,183,183,183,183,183,183,183,183,183,183,183,183,6,6,6,6,6,6,6,6,6,6],"floor_reached":51,"language":"ENG","playtime":2767,"items_purged":[],"score":1231,"play_id":"0d81aac8-4566-4de9-aa6f-f70f9f384f13","local_time":"20210224135638","is_ascension_mode":true,"campfire_choices":[{"data":"Pommel Strike","floor":7,"key":"SMITH"},{"data":"Dual Wield","floor":15,"key":"SMITH"},{"data":"Corruption","floor":24,"key":"SMITH"},{"data":"Heavy Blade","floor":32,"key":"SMITH"},{"floor":45,"key":"REST"},{"data":"Immolate","floor":46,"key":"SMITH"},{"data":"Dark Embrace","floor":49,"key":"SMITH"}],"circlet_count":0,"master_deck":["Strike_R","Defend_R+1","Defend_R","Defend_R","Defend_R","Bash","Pommel Strike+1","Clothesline","Heavy Blade+1","Iron Wave","Cleave","Dual Wield+1","Seeing Red","Immolate+1","Corruption+1","Rage+1","Shockwave+1","Spot Weakness","Flame Barrier+1","Body Slam+1","Shrug It Off+1","Limit Break+1","True Grit+1","Shrug It Off+1","Offering+1","Limit Break+1","Ghostly Armor+1","Dark Embrace+1"],"relics":["Burning Blood","NeowsBlessing","Akabeko","White Beast Statue","WingedGreaves","PreservedInsect","Magic Flower","Bag of Marbles","Oddly Smooth Stone","Ectoplasm","War Paint","Toxic Egg 2","Self Forming Clay","Potion Belt","NlothsMask","Pantograph","Empty Cage","Thread and Needle","Anchor","Brimstone","Happy Flower","Juzu Bracelet","Shovel"],"acts_visited":["Exordium","TheCity","TheBeyond"],"potions_floor_usage":[5,6,14,16,22,23,27,29,33,40,42,50,50,50,50],"damage_taken":[{"damage":0,"enemies":"Cultist","floor":1,"turns":1},{"damage":0,"enemies":"Small Slimes","floor":4,"turns":1},{"damage":0,"enemies":"Jaw Worm","floor":5,"turns":1},{"damage":34,"enemies":"3 Sentries","floor":6,"turns":8},{"damage":20,"enemies":"Lagavulin","floor":8,"turns":5},{"damage":6,"enemies":"3 Louse","floor":10,"turns":3},{"damage":6,"enemies":"Looter","floor":11,"turns":3},{"damage":6,"enemies":"Gremlin Nob","floor":12,"turns":3},{"damage":10,"enemies":"Lagavulin","floor":14,"turns":3},{"damage":16,"enemies":"Slime Boss","floor":16,"turns":6},{"damage":0,"enemies":"3 Byrds","floor":18,"turns":3},{"damage":0,"enemies":"Chosen","floor":19,"turns":4},{"damage":8,"enemies":"3 Cultists","floor":20,"turns":5},{"damage":2,"enemies":"Centurion and Healer","floor":21,"turns":4},{"damage":3,"enemies":"Snake Plant","floor":22,"turns":4},{"damage":17,"enemies":"Gremlin Leader","floor":23,"turns":5},{"damage":0,"enemies":"Book of Stabbing","floor":25,"turns":3},{"damage":1,"enemies":"Slavers","floor":27,"turns":3},{"damage":0,"enemies":"Gremlin Leader","floor":29,"turns":3},{"damage":5,"enemies":"Chosen and Byrds","floor":30,"turns":4},{"damage":6,"enemies":"Shelled Parasite and Fungi","floor":31,"turns":4},{"damage":70,"enemies":"Automaton","floor":33,"turns":12},{"damage":6,"enemies":"3 Shapes","floor":35,"turns":2},{"damage":13,"enemies":"Mind Bloom Boss Battle","floor":36,"turns":5},{"damage":0,"enemies":"Orb Walker","floor":39,"turns":1},{"damage":42,"enemies":"Reptomancer","floor":40,"turns":4},{"damage":25,"enemies":"Nemesis","floor":42,"turns":5},{"damage":6,"enemies":"Reptomancer","floor":44,"turns":3},{"damage":6,"enemies":"2 Orb Walkers","floor":47,"turns":3},{"damage":1,"enemies":"Time Eater","floor":50,"turns":3}],"seed_played":"8027483557181762777","potions_obtained":[{"floor":5,"key":"EntropicBrew"},{"floor":8,"key":"Weak Potion"},{"floor":10,"key":"SpeedPotion"},{"floor":12,"key":"GamblersBrew"},{"floor":14,"key":"EssenceOfSteel"},{"floor":16,"key":"DuplicationPotion"},{"floor":22,"key":"BlessingOfTheForge"},{"floor":23,"key":"Ancient Potion"},{"floor":25,"key":"Block Potion"},{"floor":27,"key":"DistilledChaos"},{"floor":29,"key":"SpeedPotion"},{"floor":30,"key":"Fire Potion"},{"floor":31,"key":"BlessingOfTheForge"},{"floor":33,"key":"ElixirPotion"},{"floor":36,"key":"FearPotion"},{"floor":39,"key":"Strength Potion"},{"floor":40,"key":"ElixirPotion"},{"floor":42,"key":"Dexterity Potion"},{"floor":44,"key":"PowerPotion"}],"is_trial":false,"path_per_floor":["M","?","?","M","M","E","R","E","T","M","M","E","$","E","R","B",null,"M","M","M","M","M","E","R","E","T","E","?","E","M","M","R","B",null,"M","?","?","?","M","E","$","E","T","E","R","R","?","?","R","B",null],"character_chosen":"IRONCLAD","items_purchased":["Bag of Marbles","Brimstone","Ghostly Armor+1"],"campfire_rested":1,"item_purchase_floors":[13,41,41],"current_hp_per_floor":[78,71,71,77,80,52,52,38,38,38,38,38,38,37,37,30,68,77,80,80,80,80,72,72,80,80,80,80,80,80,80,80,19,65,68,76,76,76,76,43,43,27,27,30,52,52,55,55,55,76],"gold":6,"neow_bonus":"THREE_ENEMY_KILL","is_daily":false,"chose_seed":false,"campfire_upgraded":6,"win_rate":0.0,"timestamp":1614196598,"path_taken":["M","?","?","M","?","E","R","E","T","M","M","E","$","E","R","BOSS","M","?","M","M","M","E","R","E","T","E","?","E","?","M","R","BOSS","M","?","?","?","?","E","$","E","T","E","R","R","?","?","R","BOSS"],"items_purchased_type":["Relic","Relic","Card"],"build_version":"2020-12-22","purchased_purges":0,"victory":true,"max_hp_per_floor":[80,80,80,80,80,80,80,80,80,80,80,80,80,80,80,80,80,80,80,80,80,80,80,80,80,80,80,80,80,80,80,80,80,80,80,80,80,76,76,76,76,76,76,76,76,76,76,76,76,76],"relic_stats":{"Shovel":0,"Happy Flower":[3],"counters":[30,114],"Self Forming Clay":[69],"Pantograph":33,"Magic Flower":[37],"PreservedInsect":383,"Ectoplasm":568,"Juzu Bracelet":0,"War Paint":["Defend_R","Flame Barrier"],"obtain_stats":[{"Potion Belt":27,"NeowsBlessing":0,"Happy Flower":42,"Self Forming Clay":26,"Magic Flower":12,"Oddly Smooth Stone":14,"Thread and Needle":36,"PreservedInsect":9,"Juzu Bracelet":44,"War Paint":23,"Empty Cage":34,"Burning Blood":0,"Akabeko":3,"White Beast Statue":6,"Anchor":40,"Shovel":47,"Brimstone":41,"Pantograph":29,"WingedGreaves":8,"Ectoplasm":17,"Bag of Marbles":13,"Toxic Egg 2":25,"NlothsMask":28},{"Potion Belt":18,"NeowsBlessing":0,"Happy Flower":27,"Self Forming Clay":17,"Magic Flower":8,"Oddly Smooth Stone":9,"Thread and Needle":24,"PreservedInsect":5,"Juzu Bracelet":28,"War Paint":16,"Empty Cage":22,"Burning Blood":0,"Akabeko":1,"White Beast Statue":4,"Anchor":26,"Shovel":29,"Brimstone":26,"Pantograph":19,"WingedGreaves":5,"Ectoplasm":10,"Bag of Marbles":8,"Toxic Egg 2":17,"NlothsMask":18},{"Potion Belt":65,"NeowsBlessing":0,"Happy Flower":105,"Self Forming Clay":62,"Magic Flower":25,"Oddly Smooth Stone":28,"Thread and Needle":95,"PreservedInsect":16,"Juzu Bracelet":108,"War Paint":59,"Empty Cage":88,"Burning Blood":0,"Akabeko":1,"White Beast Statue":11,"Anchor":100,"Shovel":111,"Brimstone":100,"Pantograph":68,"WingedGreaves":16,"Ectoplasm":34,"Bag of Marbles":25,"Toxic Egg 2":62,"NlothsMask":65}],"Burning Blood":181},"card_choices":[{"not_picked":["Havoc","Thunderclap"],"picked":"Pommel Strike","floor":1},{"not_picked":["Evolve","Havoc"],"picked":"Clothesline","floor":4},{"not_picked":["Rupture","Clash"],"picked":"Heavy Blade","floor":5},{"not_picked":["Metallicize","True Grit"],"picked":"Iron Wave","floor":6},{"not_picked":["Second Wind","Burning Pact"],"picked":"Cleave","floor":8},{"not_picked":["Combust","Whirlwind"],"picked":"Dual Wield","floor":10},{"not_picked":["Perfected Strike","Clothesline"],"picked":"Seeing Red","floor":11},{"not_picked":["Impervious","Sword Boomerang"],"picked":"Immolate","floor":12},{"not_picked":["Twin Strike","Dual Wield","Armaments"],"picked":"SKIP","floor":14},{"not_picked":["Reaper","Bludgeon"],"picked":"Corruption","floor":16},{"not_picked":["Wild Strike+1","Carnage+1"],"picked":"Rage+1","floor":18},{"not_picked":["Pommel Strike+1","Iron Wave"],"picked":"Shockwave+1","floor":19},{"not_picked":["Sentinel","Dual Wield","Body Slam"],"picked":"SKIP","floor":20},{"not_picked":["Perfected Strike","Armaments+1"],"picked":"Spot Weakness","floor":21},{"not_picked":["Shrug It Off+1","Warcry"],"picked":"Flame Barrier","floor":22},{"not_picked":["Power Through","Metallicize"],"picked":"Body Slam+1","floor":23},{"not_picked":["Rampage","Body Slam"],"picked":"Shrug It Off+1","floor":25},{"not_picked":["Dark Embrace","Heavy Blade+1"],"picked":"Limit Break+1","floor":27},{"not_picked":["Clothesline","Armaments+1"],"picked":"True Grit+1","floor":29},{"not_picked":["Thunderclap","Clothesline","Pommel Strike+1"],"picked":"SKIP","floor":30},{"not_picked":["Rupture+1","Warcry+1"],"picked":"Shrug It Off+1","floor":31},{"not_picked":["Demon Form","Reaper"],"picked":"Offering+1","floor":33},{"not_picked":["Wild Strike","Havoc+1","Warcry+1"],"picked":"SKIP","floor":35},{"not_picked":["Hemokinesis","Sword Boomerang+1","Anger"],"picked":"SKIP","floor":39},{"not_picked":["Second Wind+1","Metallicize+1"],"picked":"Limit Break+1","floor":40},{"not_picked":["Flex+1","Carnage","Metallicize+1"],"picked":"SKIP","floor":42},{"not_picked":["Armaments+1","Combust+1","Headbutt"],"picked":"SKIP","floor":44},{"not_picked":["Warcry+1","Clothesline+1"],"picked":"Dark Embrace","floor":47}],"player_experience":136354,"relics_obtained":[{"floor":6,"key":"White Beast Statue"},{"floor":8,"key":"WingedGreaves"},{"floor":9,"key":"PreservedInsect"},{"floor":12,"key":"Magic Flower"},{"floor":14,"key":"Oddly Smooth Stone"},{"floor":23,"key":"War Paint"},{"floor":25,"key":"Toxic Egg 2"},{"floor":26,"key":"Self Forming Clay"},{"floor":27,"key":"Potion Belt"},{"floor":29,"key":"Pantograph"},{"floor":36,"key":"Thread and Needle"},{"floor":40,"key":"Anchor"},{"floor":42,"key":"Happy Flower"},{"floor":44,"key":"Juzu Bracelet"},{"floor":47,"key":"Shovel"}],"event_choices":[{"cards_removed":["Strike_R"],"damage_healed":0,"gold_gain":0,"player_choice":"Card Removal","damage_taken":7,"max_hp_gain":0,"max_hp_loss":0,"event_name":"Golden Wing","floor":2,"gold_loss":0},{"damage_healed":0,"gold_gain":0,"player_choice":"Paid Gold","damage_taken":0,"relics_obtained":["Akabeko"],"max_hp_gain":0,"max_hp_loss":0,"event_name":"WeMeetAgain","floor":3,"gold_loss":73},{"damage_healed":0,"gold_gain":0,"player_choice":"Trade","damage_taken":0,"relics_obtained":["NlothsMask"],"max_hp_gain":0,"max_hp_loss":0,"event_name":"FaceTrader","floor":28,"gold_loss":0},{"damage_healed":0,"gold_gain":0,"player_choice":"Fight","damage_taken":0,"max_hp_gain":0,"max_hp_loss":0,"event_name":"MindBloom","floor":36,"gold_loss":0},{"damage_healed":0,"gold_gain":0,"player_choice":"Ignored","damage_taken":0,"max_hp_gain":0,"max_hp_loss":0,"event_name":"Tomb of Lord Red Mask","floor":37,"gold_loss":0},{"damage_healed":0,"gold_gain":0,"player_choice":"Max HP","damage_taken":0,"max_hp_gain":0,"max_hp_loss":4,"event_name":"Winding Halls","floor":38,"gold_loss":0},{"damage_healed":0,"gold_gain":0,"player_choice":"Fight","damage_taken":0,"max_hp_gain":0,"max_hp_loss":0,"event_name":"Mysterious Sphere","floor":47,"gold_loss":0},{"cards_removed":["Strike_R"],"damage_healed":0,"gold_gain":0,"player_choice":"Offered Basic","damage_taken":0,"max_hp_gain":0,"max_hp_loss":0,"event_name":"Bonfire Elementals","floor":48,"gold_loss":0}],"is_beta":false,"boss_relics":[{"not_picked":["Busted Crown","Philosopher\u0027s Stone"],"picked":"Ectoplasm"},{"not_picked":["Velvet Choker","Calling Bell"],"picked":"Empty Cage"}],"items_purged_floors":[],"is_endless":false,"potions_floor_spawned":[5,8,10,11,12,14,16,18,19,20,21,22,23,25,27,29,30,31,33,35,36,39,40,42,44,47],"ascension_level":7}}