{"host":"smn2tb46ysgs1sad","time":1614198623,"event":{"mods":["AchievementEnabler","Aspiration","BaseMod","Colored Powertips","Downfall","Hermit","Minty Spire (QoL Compilation)","Reliquary","Replay The Spire","StSLib","The Cursed","The Disciple","The Hierophant"],"gold_per_floor":[118,137,137,154,27,27,58,74,74,94,94,128,264,289,289,412,412,435,435,284,303,326,326,360,360,385,442,493,520,558,558,558,574,574],"floor_reached":33,"language":"ENG","playtime":1113,"items_purged":[],"score":359,"play_id":"fbd8f9dc-f032-44e4-91b8-4d8063269af2","local_time":"20210224123023","is_ascension_mode":true,"campfire_choices":[{"data":"ReplayTheSpireMod:LeadingStrike","floor":6.0,"key":"SMITH"},{"floor":15.0,"key":"REST"},{"data":"Infernal Blade","floor":23.0,"key":"SMITH"},{"floor":25.0,"key":"REST"},{"floor":32,"key":"REST"}],"circlet_count":0,"master_deck":["Strike_R","Strike_R","Strike_R","Strike_R","Defend_R","Defend_R","Defend_R","Defend_R","Bash","ReplayTheSpireMod:Stacked","Clash","ReplayTheSpireMod:Strike From Hell","Clash","Metallicize+1","ReplayTheSpireMod:LeadingStrike+1","ReplayTheSpireMod:Limb From Limb","Dual Wield","Anger","Anger","Flex","Limit Break","Offering","Flex","Infernal Blade+1","Pommel Strike+1","Delirium","Corruption","Anger"],"relics":["Burning Blood","Ice Cream","Omamori","Self Forming Clay","Golden Idol","Matryoshka","aspiration:Lifesprig","Cursed Key","Bronze Scales","King of Hearts","Replay:Bandana","Bag of Preparation","reliquary:BoilingFlask"],"acts_visited":["Exordium","TheCity"],"potions_floor_usage":[33],"damage_taken":[{"damage":11.0,"enemies":"Cultist","floor":1.0,"turns":4.0},{"damage":1.0,"enemies":"Jaw Worm","floor":2.0,"turns":3.0},{"damage":6.0,"enemies":"2 Louse","floor":4.0,"turns":3.0},{"damage":16.0,"enemies":"Lagavulin","floor":7.0,"turns":7.0},{"damage":0.0,"enemies":"Looter","floor":8.0,"turns":2.0},{"damage":24.0,"enemies":"Large Slime","floor":10.0,"turns":4.0},{"damage":8.0,"enemies":"3 Sentries","floor":12.0,"turns":7.0},{"damage":7.0,"enemies":"Exordium Thugs","floor":14.0,"turns":5.0},{"damage":29.0,"enemies":"Hexaghost","floor":16.0,"turns":7.0},{"damage":14.0,"enemies":"3 Byrds","floor":18.0,"turns":6.0},{"damage":2.0,"enemies":"Spheric Guardian","floor":21.0,"turns":3.0},{"damage":24.0,"enemies":"Centurion and Healer","floor":22.0,"turns":6.0},{"damage":36.0,"enemies":"Gremlin Leader","floor":24.0,"turns":3.0},{"damage":28.0,"enemies":"Book of Stabbing","floor":27.0,"turns":4.0},{"damage":9.0,"enemies":"3 Cultists","floor":28.0,"turns":3.0},{"damage":8.0,"enemies":"Cultist and Chosen","floor":29.0,"turns":6.0},{"damage":4,"enemies":"Shelled Parasite and Fungi","floor":30,"turns":3},{"damage":45,"enemies":"Collector","floor":33,"turns":5}],"seed_played":"-4909530244203512389","potions_obtained":[{"floor":4.0,"key":"Doom Potion"},{"floor":7.0,"key":"Fire Potion"},{"floor":12.0,"key":"PowerPotion"},{"floor":13.0,"key":"Dexterity Potion"},{"floor":16.0,"key":"Weak Potion"},{"floor":27.0,"key":"Reflective Coating"}],"is_trial":false,"path_per_floor":["M","M","?","M","$","R","E","M","T","M","?","E","?","M","R","B",null,"M","?","$","M","M","R","E","R","T","E","M","M","M","?","R","B"],"character_chosen":"IRONCLAD","items_purchased":["Metallicize+1","ReplayTheSpireMod:LeadingStrike","Bronze Scales"],"campfire_rested":3,"item_purchase_floors":[5,5,20],"current_hp_per_floor":[67,72,72,72,72,72,62,68,68,50,50,48,48,47,68,45,72,64,64,64,68,50,50,20,41,41,19,16,14,16,23,44,0,0],"gold":574,"neow_bonus":"ONE_RARE_RELIC","is_daily":false,"chose_seed":false,"campfire_upgraded":2,"win_rate":0.0,"timestamp":1614198623,"path_taken":["M","?","?","?","$","R","E","M","T","M","?","E","?","M","R","BOSS","M","?","?","M","?","R","E","R","T","E","M","M","M","?","R","BOSS"],"items_purchased_type":["Card","Card","Relic"],"build_version":"2020-12-22","purchased_purges":0,"victory":false,"max_hp_per_floor":[72,72,72,72,72,72,72,72,72,72,72,72,72,72,72,72,72,72,72,72,72,72,72,72,72,72,72,72,72,72,72,72,72,72],"card_choices":[{"not_picked":["Body Slam","Warcry"],"picked":"ReplayTheSpireMod:Stacked","floor":1.0},{"not_picked":["Twin Strike","Wild Strike"],"picked":"Clash","floor":2.0},{"not_picked":["Havoc","ReplayReversal"],"picked":"Clash","floor":4.0},{"not_picked":["Exhume","Iron Wave"],"picked":"ReplayTheSpireMod:Limb From Limb","floor":7.0},{"not_picked":["Massacre","Perfected Strike"],"picked":"Dual Wield","floor":8.0},{"not_picked":["Shrug It Off","Dual Wield"],"picked":"Anger","floor":10.0},{"not_picked":["Warcry","Perfected Strike"],"picked":"Anger","floor":12.0},{"not_picked":["Limit Break","Shockwave"],"picked":"Flex","floor":13.0},{"not_picked":["Evolve","Perfected Strike","Entrench"],"picked":"SKIP","floor":14.0},{"not_picked":["Barricade","Brutality"],"picked":"Limit Break","floor":16.0},{"not_picked":["Rupture","Massacre+1","Sword Boomerang+1"],"picked":"SKIP","floor":18.0},{"not_picked":["Headbutt","Rupture","Armaments"],"picked":"SKIP","floor":21.0},{"not_picked":["ReplayTheSpireMod:Strike From Hell+1","Iron Wave"],"picked":"Infernal Blade","floor":22.0},{"not_picked":["Demon Form","Perfected Strike"],"picked":"Pommel Strike+1","floor":24.0},{"not_picked":["True Grit","Havoc"],"picked":"Corruption","floor":27.0},{"not_picked":["ReplayTheSpireMod:Muscle Training","Intimidate","ReplayReversal"],"picked":"SKIP","floor":28.0},{"not_picked":["Evolve","Run Through"],"picked":"Anger","floor":29},{"not_picked":["ReplayTheSpireMod:Limb From Limb","ReplayTheSpireMod:Strike From Hell+1","Bloodletting+1"],"picked":"SKIP","floor":30}],"player_experience":207646,"relics_obtained":[{"floor":7.0,"key":"Omamori"},{"floor":9.0,"key":"Self Forming Clay"},{"floor":12.0,"key":"Matryoshka"},{"floor":13.0,"key":"aspiration:Lifesprig"},{"floor":24.0,"key":"King of Hearts"},{"floor":26.0,"key":"Replay:Bandana"},{"floor":26.0,"key":"Bag of Preparation"},{"floor":27.0,"key":"reliquary:BoilingFlask"}],"event_choices":[{"damage_healed":0.0,"max_hp_gain":0.0,"max_hp_loss":0.0,"gold_gain":0.0,"cards_transformed":["Strike_R"],"event_name":"Transmorgrifier","player_choice":"Transformed","floor":3.0,"gold_loss":0.0,"damage_taken":0.0,"cards_obtained":["ReplayTheSpireMod:Strike From Hell"]},{"damage_healed":0.0,"max_hp_gain":0.0,"max_hp_loss":0.0,"gold_gain":0.0,"event_name":"Golden Idol","player_choice":"Take Wound","floor":11.0,"gold_loss":0.0,"damage_taken":0.0,"relics_obtained":["Golden Idol"],"cards_obtained":["Injury"]},{"damage_healed":0.0,"max_hp_gain":0.0,"max_hp_loss":0.0,"gold_gain":0.0,"event_name":"Match and Keep!","player_choice":"2 cards matched","floor":19.0,"gold_loss":0.0,"damage_taken":0.0,"cards_obtained":["Offering","Flex"]}],"is_beta":false,"boss_relics":[{"not_picked":["aspiration:SilentSkillbook","Sozu"],"picked":"Cursed Key"}],"items_purged_floors":[],"is_endless":false,"potions_floor_spawned":[4,7,12,16,18,27,30],"killed_by":"Collector","ascension_level":4}}