{"host":"i29s15dsg0c43zmx","time":1614186414,"event":{"mods":["AchievementEnabler","BaseMod","Colored Map","Minty Spire (QoL Compilation)","StSLib"],"gold_per_floor":[115,290,300,139,214,214,245,262,313,313,332,332,345,97,97,201,201,245,245,31,48,67,94,94,107,162,162,162],"floor_reached":27,"language":"ENG","playtime":850,"items_purged":["Doubt","Strike_P"],"score":258,"play_id":"2f5161d8-baa4-4e27-addc-17d1cd7b4e46","local_time":"20210224180654","is_ascension_mode":false,"campfire_choices":[{"data":"PathToVictory","floor":6,"key":"SMITH"},{"data":"Vigilance","floor":12,"key":"SMITH"},{"data":"EmptyBody","floor":15,"key":"SMITH"},{"data":"Wish","floor":24,"key":"SMITH"}],"circlet_count":0,"master_deck":["Strike_P","Defend_P","Defend_P","Defend_P","Defend_P","Eruption","Vigilance+1","Consecrate","Tantrum","PathToVictory+1","Tantrum","Fasting2","FlurryOfBlows","Consecrate","EmptyBody+1","Wish+1","EmptyBody","Wish","MentalFortress","PathToVictory+1","EmptyFist"],"relics":["PureWater","NeowsBlessing","Akabeko","Art of War","Blue Candle","Strange Spoon","Empty Cage","PreservedInsect","Question Card","Regal Pillow"],"acts_visited":["Exordium","TheCity"],"potions_floor_usage":[18,22,25],"damage_taken":[{"damage":0,"enemies":"Small Slimes","floor":1,"turns":2},{"damage":0,"enemies":"Jaw Worm","floor":3,"turns":1},{"damage":0,"enemies":"Lagavulin","floor":7,"turns":1},{"damage":0,"enemies":"Cultist","floor":8,"turns":1},{"damage":8,"enemies":"Lots of Slimes","floor":11,"turns":3},{"damage":0,"enemies":"Looter","floor":13,"turns":1},{"damage":42,"enemies":"The Guardian","floor":16,"turns":6},{"damage":8,"enemies":"Shell Parasite","floor":18,"turns":4},{"damage":10,"enemies":"Chosen","floor":21,"turns":4},{"damage":17,"enemies":"Centurion and Healer","floor":22,"turns":4},{"damage":12,"enemies":"Gremlin Leader","floor":23,"turns":4},{"damage":0,"enemies":"Cultist and Chosen","floor":25,"turns":3},{"damage":26,"enemies":"Shelled Parasite and Fungi","floor":27,"turns":4}],"seed_played":"2540432788588483837","potions_obtained":[{"floor":8,"key":"Block Potion"},{"floor":11,"key":"ColorlessPotion"},{"floor":13,"key":"SneckoOil"},{"floor":16,"key":"Weak Potion"},{"floor":18,"key":"FearPotion"},{"floor":23,"key":"DistilledChaos"}],"is_trial":false,"path_per_floor":["M","?","M","$","?","R","E","M","T","?","M","R","M","$","R","B",null,"M","?","$","M","M","E","R","M","T","M"],"character_chosen":"WATCHER","items_purchased":["PathToVictory","Tantrum","Strange Spoon","PreservedInsect","MentalFortress"],"campfire_rested":0,"item_purchase_floors":[4,4,14,20,20],"current_hp_per_floor":[72,72,72,72,61,61,61,61,61,61,53,53,53,53,53,11,72,64,64,64,54,37,25,25,25,25,0,0],"gold":162,"neow_bonus":"THREE_ENEMY_KILL","is_daily":false,"chose_seed":false,"campfire_upgraded":4,"win_rate":0.0,"timestamp":1614186414,"path_taken":["M","?","M","$","?","R","E","?","T","?","?","R","M","?","R","BOSS","M","?","$","M","M","E","R","M","T","?"],"items_purchased_type":["Card","Card","Relic","Relic","Card"],"build_version":"2020-12-22","purchased_purges":2,"victory":false,"max_hp_per_floor":[72,72,72,72,72,72,72,72,72,72,72,72,72,72,72,72,72,72,72,72,72,72,72,72,72,72,72,72],"card_choices":[{"not_picked":["CrushJoints","Adaptation"],"picked":"Consecrate","floor":1},{"not_picked":["ClearTheMind","SandsOfTime"],"picked":"Tantrum","floor":3},{"not_picked":["WindmillStrike","FlyingSleeves"],"picked":"Fasting2","floor":7},{"not_picked":["Evaluate","WreathOfFlame"],"picked":"FlurryOfBlows","floor":8},{"not_picked":["FollowUp","CrushJoints"],"picked":"Consecrate","floor":11},{"not_picked":["Consecrate","CrushJoints"],"picked":"EmptyBody","floor":13},{"not_picked":["ConjureBlade","Alpha"],"picked":"Wish","floor":16},{"not_picked":["Adaptation","ClearTheMind"],"picked":"EmptyBody","floor":18},{"not_picked":["WreathOfFlame","Protect","SashWhip+1"],"picked":"SKIP","floor":21},{"not_picked":["BowlingBash","LikeWater"],"picked":"PathToVictory+1","floor":22},{"not_picked":["EmptyMind","Tantrum","Worship"],"picked":"SKIP","floor":23},{"not_picked":["Evaluate","Pray","FlyingSleeves"],"picked":"EmptyFist","floor":25}],"player_experience":130962,"relics_obtained":[{"floor":7,"key":"Akabeko"},{"floor":9,"key":"Art of War"},{"floor":23,"key":"Question Card"},{"floor":26,"key":"Regal Pillow"}],"event_choices":[{"damage_healed":0,"gold_gain":175,"player_choice":"AGREE","damage_taken":0,"max_hp_gain":0,"max_hp_loss":0,"event_name":"Liars Game","floor":2,"gold_loss":0,"cards_obtained":["Doubt"]},{"damage_healed":0,"gold_gain":75,"player_choice":"Gather Gold","damage_taken":11,"max_hp_gain":0,"max_hp_loss":0,"event_name":"World of Goop","floor":5,"gold_loss":0},{"damage_healed":0,"gold_gain":0,"player_choice":"Gave Potion","damage_taken":0,"relics_obtained":["Blue Candle"],"max_hp_gain":0,"max_hp_loss":0,"event_name":"WeMeetAgain","floor":10,"gold_loss":0},{"damage_healed":0,"gold_gain":0,"player_choice":"Copied","damage_taken":0,"max_hp_gain":0,"max_hp_loss":0,"event_name":"Duplicator","floor":19,"gold_loss":0,"cards_obtained":["Wish"]}],"is_beta":false,"boss_relics":[{"not_picked":["Snecko Eye","SacredBark"],"picked":"Empty Cage"}],"items_purged_floors":[4,14],"is_endless":false,"potions_floor_spawned":[8,11,13,16,18,23],"killed_by":"Shelled Parasite and Fungi","ascension_level":0}}