{"host":"t6r1isv2bex5ovch","time":1614147747,"event":{"mods":["AchievementEnabler","Act Like it!","Aspiration","BaseMod","Better Altar","Better Match","Better Note","Better Sensory Stone","Better Skull","Better Third Choice","Better Vampires","Bossed Relics","Colored Powertips","Displayed Cursed Tome","Evolution","Fox Events","Hubris","Minty Spire (QoL Compilation)","Reliquary","Ruina","StSLib"],"gold_per_floor":[118,118,130,55,75,105,105,135,159,159,171,22,22,122,122,122,122],"floor_reached":16,"language":"ENG","playtime":664,"items_purged":["Strike_B","Strike_B"],"score":130,"play_id":"598f1f7b-ca1b-4cb9-9237-cecd08fd0114","local_time":"20210224172227","is_ascension_mode":true,"campfire_choices":[{"floor":7,"key":"RECALL"},{"data":"Zap","floor":10,"key":"SMITH"},{"data":"Conserve Battery","floor":15,"key":"SMITH"}],"circlet_count":0,"master_deck":["Strike_B","Strike_B","Defend_B","Defend_B","Defend_B","Defend_B","Zap+1","Dualcast","Conserve Battery+1","Clumsy"],"relics":["Cracked Core","EVO:Axolotl","hubris:DisguiseKit","reliquary:BallBearing","Happy Flower"],"acts_visited":["Exordium"],"potions_floor_usage":[6,11],"damage_taken":[{"damage":1,"enemies":"Cultist","floor":1,"turns":3},{"damage":3,"enemies":"Jaw Worm","floor":3,"turns":4},{"damage":0,"enemies":"Small Slimes","floor":5,"turns":2},{"damage":35,"enemies":"Lagavulin","floor":6,"turns":7},{"damage":39,"enemies":"Gremlin Nob","floor":8,"turns":4},{"damage":0,"enemies":"Red Slaver","floor":11,"turns":4},{"damage":28,"enemies":"Slime Boss","floor":16,"turns":3}],"seed_played":"-285230924199868817","potions_obtained":[{"floor":3,"key":"FearPotion"},{"floor":8,"key":"Explosive Potion"}],"is_trial":false,"path_per_floor":["M","?","M","$","M","E","R","E","T","R","M","$","?","?","R","B"],"character_chosen":"DEFECT","items_purchased":["Conserve Battery"],"campfire_rested":0,"item_purchase_floors":[12],"current_hp_per_floor":[81,82,79,79,79,44,44,5,5,5,5,5,12,12,12,0,0],"gold":122,"neow_bonus":"TEN_PERCENT_HP_BONUS","is_daily":false,"chose_seed":false,"campfire_upgraded":2,"win_rate":0.0,"timestamp":1614147747,"path_taken":["M","?","M","?","M","E","R","E","T","R","M","$","?","?","R","BOSS"],"items_purchased_type":["Card"],"build_version":"2020-12-22","purchased_purges":2,"victory":false,"max_hp_per_floor":[82,82,82,82,82,82,82,82,82,82,82,82,89,89,89,89,89],"card_choices":[{"not_picked":["Go for the Eyes","Coolheaded","Compile Driver"],"picked":"SKIP","floor":1},{"not_picked":["Rebound","Leap","Steam"],"picked":"SKIP","floor":3},{"not_picked":["Reboot","Sweeping Beam","Coolheaded"],"picked":"SKIP","floor":5},{"not_picked":["Doom and Gloom","Stack","Compile Driver"],"picked":"SKIP","floor":6},{"not_picked":["Compile Driver","Coolheaded","Chill","Accuracy"],"picked":"SKIP","floor":8},{"not_picked":["Beam Cell","Gash","Leap","Footwork"],"picked":"SKIP","floor":11}],"player_experience":401534,"relics_obtained":[{"floor":6,"key":"hubris:DisguiseKit"},{"floor":8,"key":"reliquary:BallBearing"},{"floor":9,"key":"Happy Flower"}],"event_choices":[{"damage_healed":1,"gold_gain":0,"player_choice":"Full Heal","damage_taken":0,"max_hp_gain":0,"max_hp_loss":0,"event_name":"Wheel of Change","floor":2,"gold_loss":0},{"damage_healed":0,"gold_gain":100,"player_choice":"Pray","damage_taken":0,"max_hp_gain":0,"max_hp_loss":0,"event_name":"Golden Shrine","floor":14,"gold_loss":0}],"is_beta":false,"boss_relics":[],"items_purged_floors":[4,12],"is_endless":false,"potions_floor_spawned":[3,8],"killed_by":"Slime Boss","ascension_level":4}}