{"host":"c2vfa5qespm6wpw2","time":1614127933,"event":{"mods":["AchievementEnabler","BaseMod","Colored Map","Colored Powertips","Downfall","Googly Eyes","Hermit","Highlight Path","Infinite Spire","Marisa????????","Minty Spire (QoL Compilation)","Replay The Spire","Robot Space Explorer","StSLib","The Bug Knight","The Cursed","The Necromancer","The Servant 0.9.4"],"gold_per_floor":[109,167,49,224,236,256,256,256,256,256,256,285,285,299,299,329,329,429,429,440,440,459,469,17,17,17,17,17,17,44,62,95,95,95,95,95],"floor_reached":35,"language":"ENG","playtime":2550,"items_purged":[],"score":426,"play_id":"1fb25de3-6dad-4619-98f9-306a73e493f4","local_time":"20210223165213","is_ascension_mode":false,"campfire_choices":[{"data":"hermit:Snipe","floor":7,"key":"SMITH"},{"data":"hermit:Snapshot","floor":10,"key":"SMITH"},{"floor":15,"key":"REST"},{"floor":17,"key":"REST"},{"floor":25,"key":"REST"},{"data":"hermit:Maintenance","floor":27,"key":"SMITH"},{"floor":34,"key":"REST"}],"circlet_count":0,"master_deck":["hermit:Strike_Hermit+1","hermit:Strike_Hermit+1","hermit:Strike_Hermit+1","hermit:Strike_Hermit+1","hermit:Defend_Hermit+1","hermit:Defend_Hermit+1","hermit:Defend_Hermit+1","hermit:Defend_Hermit+1","hermit:Snapshot+1","hermit:Covet","hermit:Desperado","ReplayTheSpireMod:Splinters","hermit:Snipe+1","hermit:Roulette","hermit:ShadowCloak","hermit:Glare","Doubt","hermit:Spite","hermit:Brawl","hermit:TrackingShot","hermit:EyeOfTheStorm","hermit:Desperado","hermit:Dissolve","Pot Of Greed","Pot Of Greed","CommonCold","Pot Of Greed","Regret","ReplayTheSpireMod:Faulty Equipment","hermit:TakeAim","Doubt","Hallucinations","infinitespire:Fortify","hermit:Feint+1","hermit:Maintenance+1","hermit:CalledShot","hermit:Quickdraw","hermit:Ricochet+1"],"relics":["hermit:Momento","Replay:Bottled Snecko","Bag of Marbles","infinitespire:EmpoweringShard","CultistMask","Matryoshka","Replay:Ancient Bell","Grinning Jar","Meat on the Bone","Durian","Thread and Needle","Frozen Eye","infinitespire:Beetle Shell","Ancient Tea Set","Centennial Puzzle","Nunchaku","Divine Protection"],"acts_visited":["Exordium","TheCity"],"potions_floor_usage":[12,16,18,30,35],"damage_taken":[{"damage":5,"enemies":"Cultist","floor":1,"turns":4},{"damage":20,"enemies":"Jaw Worm","floor":5,"turns":3},{"damage":2,"enemies":"Small Slimes","floor":6,"turns":3},{"damage":13,"enemies":"Lagavulin","floor":12,"turns":5},{"damage":0,"enemies":"2 Fungi Beasts","floor":14,"turns":3},{"damage":15,"enemies":"Gremlin Nob","floor":16,"turns":4},{"damage":43,"enemies":"Slime Boss","floor":18,"turns":14},{"damage":38,"enemies":"3 Byrds","floor":20,"turns":9},{"damage":12,"enemies":"Chosen","floor":22,"turns":7},{"damage":37,"enemies":"3 Cultists","floor":23,"turns":6},{"damage":34,"enemies":"Gremlin Leader","floor":30,"turns":10},{"damage":3,"enemies":"Shelled Parasite and Fungi","floor":31,"turns":8},{"damage":28,"enemies":"Nightmare","floor":32,"turns":14},{"damage":66,"enemies":"Collector","floor":35,"turns":10}],"seed_played":"-6053822557804648562","potions_obtained":[{"floor":1,"key":"Explosive Potion"},{"floor":12,"key":"PowerPotion"},{"floor":14,"key":"SteroidPotion"},{"floor":23,"key":"hexamod:SoulburnPotion"},{"floor":32,"key":"LifebloodPotion"}],"is_trial":false,"path_per_floor":["M","?","$","?","M","M","R","PTL","PTL","R","T","E","?","M","R","E","R","B",null,"M","?","M","M","$","R","?","R","T","AVR","E","M","NM","?","R","B"],"character_chosen":"HERMIT","items_purchased":["hermit:ShadowCloak","hermit:Glare","Thread and Needle","Frozen Eye"],"campfire_rested":4,"item_purchase_floors":[3,3,24,24],"current_hp_per_floor":[77,77,77,77,57,55,55,55,55,55,55,42,42,42,66,51,75,32,87,49,49,49,24,24,50,50,50,50,50,28,37,21,21,47,0,0],"gold":95,"neow_bonus":"TEN_PERCENT_HP_BONUS","is_daily":false,"chose_seed":false,"campfire_upgraded":3,"win_rate":0.0,"timestamp":1614127933,"path_taken":["M","?","$","?","M","M","R","PTL","PTL","R","T","E","?","?","R","E","R","BOSS","M","?","M","M","$","R","?","R","T","AVR","E","M","NM","?","R","BOSS"],"items_purchased_type":["Card","Card","Relic","Relic"],"build_version":"2020-12-22","purchased_purges":0,"victory":false,"max_hp_per_floor":[82,82,82,82,82,82,82,82,82,82,82,82,82,82,82,82,82,82,87,87,87,87,87,87,87,87,87,87,87,87,87,87,87,87,87,87],"card_choices":[{"not_picked":["hermit:ItchyTrigger","hermit:LowProfile"],"picked":"hermit:Desperado","floor":1},{"not_picked":["hermit:Glare","hermit:Manifest"],"picked":"hermit:Snipe","floor":2},{"not_picked":["hermit:Cheat","hermit:HoleUp"],"picked":"hermit:Roulette","floor":2},{"not_picked":["hermit:FromBeyond","hermit:Vantage"],"picked":"hermit:Spite","floor":5},{"not_picked":["hermit:ShadowCloak","hermit:Dive"],"picked":"hermit:Brawl","floor":6},{"not_picked":["hermit:WideOpen","hermit:LuckOfTheDraw"],"picked":"hermit:TrackingShot","floor":12},{"not_picked":["hermit:Virtue","hermit:Glare"],"picked":"hermit:EyeOfTheStorm","floor":14},{"not_picked":["hermit:Ricochet","hermit:HighCaliber"],"picked":"hermit:Desperado","floor":16},{"not_picked":["hermit:Gambit","hermit:BlackWind"],"picked":"hermit:Dissolve","floor":18},{"not_picked":["Hallucinations","downfall:Bewildered"],"picked":"CommonCold","floor":19},{"not_picked":["downfall:Aged","ReplayTheSpireMod:Restless Dread"],"picked":"Regret","floor":19},{"not_picked":["AbeCurse","downfall:Aged"],"picked":"ReplayTheSpireMod:Faulty Equipment","floor":19},{"not_picked":["hermit:FullyLoaded","hermit:LowProfile+1"],"picked":"hermit:TakeAim","floor":20},{"not_picked":["Replay:Fractal Strike","ReplayTheSpireMod:Chaos Vortex"],"picked":"infinitespire:Fortify","floor":21},{"not_picked":["hermit:Misfire","hermit:NoHoldsBarred"],"picked":"hermit:Feint+1","floor":22},{"not_picked":["hermit:SprayPray","hermit:Grudge"],"picked":"hermit:Maintenance","floor":23},{"not_picked":["hermit:Coalescence","hermit:Determination"],"picked":"hermit:CalledShot","floor":30},{"not_picked":["hermit:DeadMansHand+1","hermit:WideOpen"],"picked":"hermit:Quickdraw","floor":31},{"not_picked":["hermit:Brawl","hermit:Glare"],"picked":"hermit:Ricochet+1","floor":32}],"player_experience":106795,"relics_obtained":[{"floor":2,"key":"Replay:Bottled Snecko"},{"floor":11,"key":"Bag of Marbles"},{"floor":12,"key":"infinitespire:EmpoweringShard"},{"floor":16,"key":"Matryoshka"},{"floor":28,"key":"Ancient Tea Set"},{"floor":28,"key":"Centennial Puzzle"},{"floor":30,"key":"Nunchaku"},{"floor":32,"key":"Divine Protection"}],"event_choices":[{"damage_healed":0,"gold_gain":175,"player_choice":"AGREE","damage_taken":0,"max_hp_gain":0,"max_hp_loss":0,"event_name":"Liars Game","floor":4,"gold_loss":0,"cards_obtained":["Doubt"]},{"damage_healed":0,"gold_gain":0,"player_choice":"Trade","damage_taken":0,"relics_obtained":["CultistMask"],"max_hp_gain":0,"max_hp_loss":0,"event_name":"FaceTrader","floor":13,"gold_loss":0},{"damage_healed":0,"gold_gain":0,"player_choice":"Simplicity","damage_taken":0,"max_hp_gain":0,"max_hp_loss":0,"event_name":"Back to Basics","floor":33,"gold_loss":0,"cards_upgraded":["hermit:Strike_Hermit","hermit:Strike_Hermit","hermit:Strike_Hermit","hermit:Strike_Hermit","hermit:Defend_Hermit","hermit:Defend_Hermit","hermit:Defend_Hermit","hermit:Defend_Hermit"]}],"is_beta":false,"boss_relics":[{"not_picked":["ReplayTheSpireMod:DimensionalGlitch","Empty Cage"],"picked":"Replay:Ancient Bell"},{"not_picked":["Art of War","MealTicket"],"picked":"Grinning Jar"},{"not_picked":["HollowMod:LifeEnderRelic","Pear"],"picked":"Meat on the Bone"},{"not_picked":["Peace Pipe","Replay:Arrowhead"],"picked":"Durian"}],"items_purged_floors":[],"is_endless":false,"potions_floor_spawned":[1,12,14,23,32],"killed_by":"Collector","ascension_level":0}}