{"host":"i1peby39mt3us2ef","time":1614135277,"event":{"mods":["BaseMod","Better Altar","Better Match","Better Note","Better Sensory Stone","Better Skull","Downfall","Minty Spire (QoL Compilation)","Reliquary","Replay The Spire","StSLib"],"gold_per_floor":[99,116,116,127,145,256,281,281,281,281],"floor_reached":8,"language":"ENG","playtime":391,"items_purged":[],"score":46,"play_id":"46dea12a-62f1-49d0-87df-f1c8c11cd08e","local_time":"20210223195437","is_ascension_mode":false,"campfire_choices":[{"floor":1,"key":"DIG"}],"circlet_count":0,"master_deck":["Slimebound:Strike_Slimebound+1","Slimebound:Strike_Slimebound","Slimebound:Strike_Slimebound","Slimebound:Tackle","Slimebound:Defend_Slimebound","Slimebound:Defend_Slimebound","Slimebound:Defend_Slimebound","Slimebound:Defend_Slimebound","Slimebound:Split","Slimebound:CorrosiveSpit","Slimebound:FormOfPuddle","Slimebound:RejuvenatingLick","Slimebound:LevelUp","Slimebound:ViciousTackle","Slimebound:ViciousTackle","Slimebound:SplitMire"],"relics":["Slimebound:AbsorbEndCombat","reliquary:RosewoodLute"],"acts_visited":["Exordium"],"potions_floor_usage":[],"damage_taken":[{"damage":13,"enemies":"Small Slimes","floor":2,"turns":3},{"damage":3,"enemies":"2 Louse","floor":4,"turns":2},{"damage":14,"enemies":"Jaw Worm","floor":5,"turns":3},{"damage":37,"enemies":"3 Sentries","floor":8,"turns":3}],"seed_played":"-7825125654437423147","potions_obtained":[{"floor":2,"key":"Milkshake"},{"floor":4,"key":"AttackPotion"}],"is_trial":false,"path_per_floor":["R","M","?","M","M","?","T","E"],"character_chosen":"SLIMEBOUND","items_purchased":[],"campfire_rested":0,"item_purchase_floors":[],"current_hp_per_floor":[71,62,62,59,49,32,32,0,0,0],"gold":281,"neow_bonus":"TEN_PERCENT_HP_BONUS","is_daily":false,"chose_seed":false,"campfire_upgraded":0,"win_rate":0.0,"timestamp":1614135277,"path_taken":["R","M","?","M","M","?","T","E"],"items_purchased_type":[],"build_version":"2020-12-22","purchased_purges":0,"victory":false,"max_hp_per_floor":[71,71,71,71,71,71,71,71,71,71],"card_choices":[{"not_picked":["Slimebound:DisruptingSlam","Slimebound:SamplingLick"],"picked":"Slimebound:FormOfPuddle","floor":2},{"not_picked":["Slimebound:Prepare","Slimebound:Schlurp"],"picked":"Slimebound:RejuvenatingLick","floor":4},{"not_picked":["Slimebound:SlimeBarrage","Slimebound:Prepare"],"picked":"Slimebound:LevelUp","floor":5},{"not_picked":["Slimebound:DisruptingSlam","Slimebound:SplitBruiser"],"picked":"Slimebound:ViciousTackle","floor":6},{"not_picked":["Slimebound:FormOfPuddle","Slimebound:Replication"],"picked":"Slimebound:ViciousTackle","floor":6},{"not_picked":["Slimebound:ComboTackle","Slimebound:SlimeSpikes"],"picked":"Slimebound:SplitMire","floor":6}],"player_experience":90587,"relics_obtained":[{"floor":1,"key":"reliquary:RosewoodLute"}],"event_choices":[],"is_beta":false,"boss_relics":[],"items_purged_floors":[],"is_endless":false,"potions_floor_spawned":[2,4],"killed_by":"3 Sentries","ascension_level":0}}