{"host":"zcqxp6x6rw0ud13y","time":1614182912,"event":{"mods":["Aspiration","Bard","BaseMod","Beaked The Cultist","Bestiary","Better Altar","Better Match","Better Note","Better Sensory Stone","Better Skull","Better Third Choice","ChefMod","Colored Map","Colored Powertips","Conspire","Downfall","Energized Spire","Friendly Minions","Gremlin Mod","Highlight Path","Hubris","Infinite Spire","Minty Spire (QoL Compilation)","Random Character Button","Rare Cards Sparkle","Reliquary","Replay The Spire","SIMod","Slumbering Mod","Spicy Shops","StSLib","The Blue Laboratory","The Disciple","The Dragon Tamer","The Gatherer","The Hierophant","The Runesmith","The Showman","The Spell Scribe","The Trickster","The Valiant","TheBandit","Trackpad"],"gold_per_floor":[115,4,23,34,34,34,34,68,68,85,11,11,11,11,11,106,106,119,42,42,52,52,80,80,95,95,109,109,109,142,142,142,248,248,277,308,341,441,441,488,547,547,547,602,205,229,229,262,262,379,379,363,363],"floor_reached":52,"language":"ENG","playtime":11771,"items_purged":["Strike_TS"],"score":820,"play_id":"38cd62f6-77a9-428b-9f15-06cb81e83bcc","local_time":"20210224170832","is_ascension_mode":false,"campfire_choices":[{"data":"Celebrities","floor":6,"key":"SMITH"},{"data":"Batlization","floor":13,"key":"SMITH"},{"data":"infinitespire:SevenWalls","floor":15,"key":"SMITH"},{"data":"Batlization","floor":24,"key":"SMITH"},{"data":"TwentyPercentcooler","floor":32,"key":"SMITH"},{"data":"LadiesDemeanor","floor":42,"key":"SMITH"},{"data":"conspire:Banana","floor":47,"key":"SMITH"},{"data":"TenInstruments","floor":49,"key":"SMITH"}],"circlet_count":0,"master_deck":["Strike_AJ","Strike_RR","Strike_RD","Defend_TS","Defend_PP","Defend_FS","Defend_AJ","ConcertedEfforts+1","HarmonyShield","RunningOfTheLeaves","Batlization+1","Anxiousness","Anxiousness","Magictrain+1","Celebrities+1","Honesty","Honesty","CowboySkills","RashStunts","Lasso","Winterwrapup","infinitespire:SevenWalls+1","Stare","BehindTheScene+1","TenInstruments+1","Batlization+1","Smile","Generousity","GemstoneDetection+1","TwentyPercentcooler+1","LadiesDemeanor+1","LadiesDemeanor","Laughter+1","Lasso+1","ServeMeal+1","FarmExpert+1","conspire:Banana+1","CowboySkills","TwentyPercentcooler","CowboySkills","Alpha"],"relics":["The_element_of_harmony","aspiration:Nostalgia","hierophant:PropheticMaskRelic","infinitespire:Broken Mirror","Mummified Hand","Coffee Dripper","reliquary:QuartzCube","reliquary:PartyBalloon","reliquary:IridiumChain","aspiration:DSix","Blood Vial","infinitespire:EvilPickle","aspiration:WatcherSkillbook","Gambling Chip","Omamori","Blood Vial","Pet Ghost","Painkiller Herb"],"acts_visited":["Exordium","TheCity","TheBeyond","Exordium"],"potions_floor_usage":[35],"damage_taken":[{"damage":0,"enemies":"2 Louse","floor":1,"turns":3},{"damage":0,"enemies":"theSlumbering:NewCultist","floor":3,"turns":4},{"damage":0,"enemies":"Small Slimes","floor":4,"turns":3},{"damage":30,"enemies":"Lagavulin","floor":8,"turns":11},{"damage":0,"enemies":"Looter","floor":10,"turns":3},{"damage":20,"enemies":"Hexaghost","floor":16,"turns":11},{"damage":0,"enemies":"3 Byrds","floor":18,"turns":5},{"damage":16,"enemies":"conspire:FuzzyDice","floor":21,"turns":6},{"damage":11,"enemies":"Book of Stabbing","floor":23,"turns":7},{"damage":0,"enemies":"Centurion and Healer","floor":25,"turns":11},{"damage":0,"enemies":"Cultist and Chosen","floor":27,"turns":8},{"damage":0,"enemies":"Nightmare","floor":30,"turns":9},{"damage":1,"enemies":"Pondfish","floor":33,"turns":19},{"damage":0,"enemies":"3 Darklings","floor":35,"turns":4},{"damage":10,"enemies":"Orb Walker","floor":36,"turns":4},{"damage":0,"enemies":"Maw","floor":37,"turns":6},{"damage":0,"enemies":"Spire Growth","floor":40,"turns":5},{"damage":0,"enemies":"Giant Head","floor":41,"turns":6},{"damage":0,"enemies":"Sphere and 2 Shapes","floor":44,"turns":3},{"damage":0,"enemies":"Maw","floor":46,"turns":4},{"damage":16,"enemies":"Spire Growth","floor":48,"turns":6},{"damage":0,"enemies":"Time Eater","floor":50,"turns":1},{"damage":117,"enemies":"Jaw Worm","floor":52,"turns":9}],"seed_played":"-7977380114472730509","potions_obtained":[{"floor":1,"key":"Explosive Potion"},{"floor":8,"key":"blueLaboratory:LouseDecoction"},{"floor":10,"key":"Dexterity Potion"},{"floor":33,"key":"blueLaboratory:EmptyBottle"},{"floor":36,"key":"blueLaboratory:EnragingPotion"},{"floor":41,"key":"AttackPotion"}],"is_trial":false,"path_per_floor":["M","$","M","M","?","R","?","E","T","M","$","?","R","?","R","B",null,"M","$","?","M","T","E","R","M","T","M","?","?","NM","?","R","B",null,"M","M","M","?","AVR","M","E","R","T","M","$","M","R","M","R","B",null,"?"],"character_chosen":"TWI_CLASS","items_purchased":["Anxiousness","Winterwrapup","TenInstruments","Blood Vial","Pet Ghost","conspire:Banana"],"campfire_rested":0,"item_purchase_floors":[2,11,19,45,45,45],"current_hp_per_floor":[82,82,82,82,82,82,82,52,52,52,52,52,52,31,31,11,82,82,82,92,76,76,65,65,65,65,65,65,65,65,41,41,42,92,92,82,84,84,84,86,88,88,88,90,90,93,93,79,79,83,95,0,0],"gold":363,"neow_bonus":"NOSTALGIA","is_daily":false,"chose_seed":false,"campfire_upgraded":8,"win_rate":0.0,"timestamp":1614182912,"path_taken":["M","$","M","M","?","R","?","E","T","M","$","?","R","?","R","BOSS","M","$","?","?","?","E","R","M","T","M","?","?","NM","?","R","BOSS","M","M","M","?","AVR","?","E","R","T","M","?","M","R","M","R","BOSS","?"],"items_purchased_type":["Card","Card","Card","Relic","Relic","Card"],"build_version":"2020-12-22","purchased_purges":1,"victory":false,"max_hp_per_floor":[82,82,82,82,82,82,82,82,82,82,82,82,82,82,82,82,82,82,82,92,92,92,92,92,92,92,92,92,92,92,92,92,92,92,92,92,92,92,92,92,92,92,92,92,92,93,93,95,95,95,95,97,97],"card_choices":[{"not_picked":["PartyAlone"],"picked":"RunningOfTheLeaves","floor":1},{"not_picked":["Return_To_Past"],"picked":"Batlization","floor":1},{"not_picked":["Smile"],"picked":"Magictrain","floor":3},{"not_picked":["Return_To_Past"],"picked":"Celebrities","floor":3},{"not_picked":["RushToSky"],"picked":"Honesty","floor":4},{"not_picked":["Louder"],"picked":"Honesty","floor":4},{"not_picked":["Louder"],"picked":"CowboySkills","floor":8},{"not_picked":["KillingWithKindness"],"picked":"RashStunts","floor":8},{"not_picked":["AppleFeast"],"picked":"Lasso","floor":10},{"not_picked":["Honesty","Yay"],"picked":"SKIP","floor":10},{"not_picked":["Honesty","Yay"],"picked":"SKIP","floor":10},{"not_picked":["infinitespire:UltimateForm","hubris:Rewind"],"picked":"infinitespire:SevenWalls","floor":14},{"not_picked":["Sisterhood"],"picked":"Stare","floor":16},{"not_picked":["BeautySensation"],"picked":"Sisterhood","floor":16},{"not_picked":["RashStunts"],"picked":"BehindTheScene+1","floor":18},{"not_picked":["FollowTherRainbow","PartyAlone"],"picked":"SKIP","floor":18},{"not_picked":["CleanLibrary+1","RunningOfTheLeaves+1"],"picked":"SKIP","floor":21},{"not_picked":["FollowTherRainbow","ReinventMyself"],"picked":"SKIP","floor":21},{"not_picked":["SwiftKick"],"picked":"Batlization","floor":23},{"not_picked":["Louder"],"picked":"Smile","floor":23},{"not_picked":["FriendOfNature","ThunderCloud"],"picked":"SKIP","floor":25},{"not_picked":["BatchProduction","HideCarefully"],"picked":"SKIP","floor":25},{"not_picked":["SonicRainbow"],"picked":"Generousity","floor":27},{"not_picked":["Boundary+1"],"picked":"GemstoneDetection+1","floor":27},{"not_picked":["RashStunts"],"picked":"TwentyPercentcooler","floor":30},{"not_picked":["Magic_Beam","Whining"],"picked":"SKIP","floor":30},{"not_picked":["LoveMe"],"picked":"LadiesDemeanor","floor":33},{"not_picked":["Stare"],"picked":"LadiesDemeanor","floor":33},{"not_picked":["Replay:AtTheReady","Adaptation","Halt+1"],"picked":"SKIP","floor":35},{"not_picked":["EmptyFist+1","Anxiousness","Magic_Beam+1"],"picked":"SKIP","floor":35},{"not_picked":["Yay+1","ForeignInfluence"],"picked":"Laughter+1","floor":36},{"not_picked":["GemstoneDetection","Collect+1","TenInstruments+1"],"picked":"SKIP","floor":36},{"not_picked":["AppleFever+1","SashWhip+1","CheerUp+1"],"picked":"SKIP","floor":37},{"not_picked":["CleanLibrary","Replay:BluntJabs+1","Mischief+1"],"picked":"SKIP","floor":37},{"not_picked":["ClearTheMind+1","RashStunts"],"picked":"Lasso+1","floor":40},{"not_picked":["RushToSky+1","Boundary","BowlingBash"],"picked":"SKIP","floor":40},{"not_picked":["Replay:DivineShield","ClearTheMind"],"picked":"ServeMeal+1","floor":41},{"not_picked":["SandsOfTime+1","Halt+1","FriendOfNature+1"],"picked":"SKIP","floor":41},{"not_picked":["BehindTheScene","FollowTherRainbow+1"],"picked":"FarmExpert+1","floor":44},{"not_picked":["LikeWater+1","Establishment","FlyingSleeves+1"],"picked":"SKIP","floor":44},{"not_picked":["WindmillStrike","EmptyMind"],"picked":"CowboySkills","floor":46},{"not_picked":["Consecrate","Celebrities+1","BehindTheScene"],"picked":"SKIP","floor":46},{"not_picked":["EmptyFist","Prostrate"],"picked":"TwentyPercentcooler","floor":48},{"not_picked":["Consecrate","Conclude","SignatureMove"],"picked":"SKIP","floor":48},{"not_picked":["Blasphemy","Brilliance"],"picked":"CowboySkills","floor":50},{"not_picked":["Sisterhood","DeusExMachina"],"picked":"Alpha","floor":50}],"player_experience":107399,"relics_obtained":[{"floor":8,"key":"infinitespire:Broken Mirror"},{"floor":9,"key":"Mummified Hand"},{"floor":22,"key":"reliquary:QuartzCube"},{"floor":23,"key":"reliquary:PartyBalloon"},{"floor":26,"key":"reliquary:IridiumChain"},{"floor":30,"key":"aspiration:DSix"},{"floor":41,"key":"Gambling Chip"},{"floor":43,"key":"Omamori"}],"event_choices":[{"damage_healed":0,"gold_gain":0,"player_choice":"Ignored","damage_taken":11,"max_hp_gain":0,"max_hp_loss":0,"event_name":"betterThird:BetterSerpent","floor":12,"gold_loss":0},{"cards_removed":["Sisterhood"],"damage_healed":0,"gold_gain":0,"player_choice":"Offered Rare","damage_taken":0,"max_hp_gain":10,"max_hp_loss":0,"event_name":"Bonfire Elementals","floor":20,"gold_loss":0},{"cards_removed":["infinitespire:SevenWalls"],"damage_healed":0,"gold_gain":0,"player_choice":"Give","damage_taken":0,"max_hp_gain":0,"max_hp_loss":0,"event_name":"betterNote:BetterNote","floor":28,"gold_loss":0,"cards_obtained":["DTMod:GearUp"]},{"damage_healed":0,"gold_gain":0,"player_choice":" Vial ","damage_taken":24,"relics_obtained":["Blood Vial"],"max_hp_gain":65,"max_hp_loss":41,"event_name":"betterAltar:BetterAltar","floor":31,"potions_obtained":[],"relics_lost":[],"gold_loss":0},{"damage_healed":0,"gold_gain":100,"player_choice":"Pray","damage_taken":0,"max_hp_gain":0,"max_hp_loss":0,"event_name":"Golden Shrine","floor":38,"gold_loss":0}],"is_beta":false,"boss_relics":[{"not_picked":["aspiration:FutureDiary","conspire:SeveredTorchhead"],"picked":"Coffee Dripper"},{"not_picked":["Replay:Ancient Bell","Kintsugi"],"picked":"aspiration:WatcherSkillbook"},{"not_picked":["Cursed Key","energizedSpire:OgreHead"],"picked":"Painkiller Herb"}],"items_purged_floors":[2],"is_endless":true,"potions_floor_spawned":[1,8,10,16,23,27,33,36,41,44,46,48],"killed_by":"Jaw Worm","ascension_level":0}}