{"host":"5trcja4hacd149zc","time":1614142387,"event":{"mods":["BaseMod","Colored Map","GifTheSpireLib","Minty Spire (QoL Compilation)","Relic Stats","StSLib"],"gold_per_floor":[112,124,2,77,89,89,89,123,123,298,317,19,50,66,66,164,164,182,182,195,195,195,195,195,215,238,249,260,293,306,322,322,418,418,429,449,193,204,79,109,109,109,109,109,125,137,137,137],"floor_reached":47,"language":"ENG","playtime":1350,"items_purged":["Regret","Perfected Strike","Power Through"],"score":489,"play_id":"c787ac29-5c77-4c6e-8f4e-baea5b695476","local_time":"20210223225307","is_ascension_mode":false,"campfire_choices":[{"floor":6.0,"key":"REST"},{"floor":15.0,"key":"RECALL"},{"floor":23,"key":"REST"},{"floor":32,"key":"REST"},{"data":"1","floor":42,"key":"LIFT"}],"circlet_count":0,"master_deck":["Bash","Spot Weakness","Spot Weakness","Sword Boomerang","Pummel","Warcry","Reaper","Heavy Blade","Reaper","Immolate","Combust","Feel No Pain+1","True Grit","Dropkick","Corruption","Sword Boomerang","True Grit","Impervious","CurseOfTheBell","Ghostly Armor+1","Havoc+1","Burning Pact+1","Burning Pact+1","True Grit+1","Second Wind+1"],"relics":["Fusion Hammer","Pocketwatch","Question Card","Pantograph","Pandora\u0027s Box","Nloth\u0027s Gift","MutagenicStrength","Blood Vial","Du-Vu Doll","Calling Bell","Vajra","Shuriken","Thread and Needle","ClockworkSouvenir","Girya"],"acts_visited":["Exordium","TheCity","TheBeyond"],"potions_floor_usage":[47,47,47],"damage_taken":[{"damage":1.0,"enemies":"Jaw Worm","floor":1.0,"turns":4.0},{"damage":5.0,"enemies":"Small Slimes","floor":2.0,"turns":4.0},{"damage":1.0,"enemies":"2 Louse","floor":5.0,"turns":2.0},{"damage":21.0,"enemies":"Gremlin Nob","floor":8.0,"turns":3.0},{"damage":20.0,"enemies":"Gremlin Gang","floor":11.0,"turns":3.0},{"damage":19.0,"enemies":"Lagavulin","floor":13.0,"turns":5.0},{"damage":0.0,"enemies":"3 Louse","floor":14.0,"turns":2.0},{"damage":43.0,"enemies":"Hexaghost","floor":16.0,"turns":6.0},{"damage":12,"enemies":"Shell Parasite","floor":18,"turns":3},{"damage":12,"enemies":"Spheric Guardian","floor":20,"turns":4},{"damage":10,"enemies":"Snecko","floor":25,"turns":3},{"damage":11,"enemies":"Sentry and Sphere","floor":27,"turns":3},{"damage":2,"enemies":"Chosen and Byrds","floor":28,"turns":3},{"damage":47,"enemies":"Book of Stabbing","floor":29,"turns":5},{"damage":15,"enemies":"Centurion and Healer","floor":30,"turns":4},{"damage":12,"enemies":"Cultist and Chosen","floor":31,"turns":4},{"damage":89,"enemies":"Automaton","floor":33,"turns":10},{"damage":0,"enemies":"Orb Walker","floor":35,"turns":3},{"damage":9,"enemies":"3 Darklings","floor":36,"turns":6},{"damage":2,"enemies":"Jaw Worm Horde","floor":38,"turns":3},{"damage":51,"enemies":"Giant Head","floor":40,"turns":7},{"damage":4,"enemies":"Sphere and 2 Shapes","floor":45,"turns":4},{"damage":22,"enemies":"4 Shapes","floor":46,"turns":3},{"damage":40,"enemies":"Writhing Mass","floor":47,"turns":2}],"seed_played":"3014240060186604897","potions_obtained":[{"floor":2.0,"key":"SpeedPotion"},{"floor":5.0,"key":"EssenceOfSteel"},{"floor":14.0,"key":"PowerPotion"},{"floor":20,"key":"PowerPotion"},{"floor":38,"key":"BlessingOfTheForge"}],"is_trial":false,"path_per_floor":["M","M","$","?","M","R","?","E","T","?","M","$","E","M","R","B",null,"M","?","M","?","?","R","?","M","T","M","M","E","M","M","R","B",null,"M","M","$","M","$","E","$","R","T","?","M","M","M"],"character_chosen":"IRONCLAD","items_purchased":["Spot Weakness","Block Potion","Reaper","Heavy Blade","Strength Potion","ClockworkSouvenir"],"campfire_rested":3,"item_purchase_floors":[3,3,12,12,12,37],"current_hp_per_floor":[79,74,74,63,62,80,80,59,59,65,45,45,37,37,37,42,86,81,81,69,69,69,86,86,86,86,75,81,51,55,79,86,5,86,86,77,77,85,85,35,35,35,35,35,57,37,0,0],"gold":137,"neow_bonus":"BOSS_RELIC","is_daily":false,"chose_seed":false,"campfire_upgraded":0,"win_rate":0.0,"timestamp":1614142387,"path_taken":["M","M","$","?","M","R","?","E","T","?","M","?","E","M","R","BOSS","M","?","?","?","?","R","?","M","T","?","M","E","M","M","R","BOSS","M","M","$","M","$","E","$","R","T","?","M","M","M"],"items_purchased_type":["Card","Potion","Card","Card","Potion","Relic"],"build_version":"2020-12-22","purchased_purges":3,"victory":false,"max_hp_per_floor":[80,80,80,80,80,80,80,80,80,86,86,86,86,86,86,86,86,86,86,86,86,86,86,86,86,86,86,86,86,86,86,86,86,86,86,86,86,86,86,86,86,86,86,86,86,86,86,86],"relic_stats":{"Blood Vial":17,"counters":[24,96],"Shuriken":[2],"Pantograph":25,"Pandora\u0027s Box":["Warcry","Spot Weakness","Rage","Pommel Strike","Headbutt","Demon Form","Juggernaut","Metallicize","Sword Boomerang"],"Nloth\u0027s Gift":3,"Question Card":20,"obtain_stats":[{"Darkstone Periapt":8,"Girya":40,"Vajra":34,"Thread and Needle":34,"Question Card":9,"Burning Blood":0,"ClockworkSouvenir":37,"Blood Vial":26,"Du-Vu Doll":29,"Calling Bell":34,"Shuriken":34,"Pantograph":13,"MutagenicStrength":21,"Pandora\u0027s Box":17,"Fusion Hammer":0,"Nloth\u0027s Gift":19,"Pocketwatch":7},{"Darkstone Periapt":4,"Girya":21,"Vajra":17,"Thread and Needle":17,"Question Card":4,"Burning Blood":0,"ClockworkSouvenir":19,"Blood Vial":11,"Du-Vu Doll":14,"Calling Bell":17,"Shuriken":17,"Pantograph":6,"MutagenicStrength":10,"Pandora\u0027s Box":8,"Fusion Hammer":0,"Nloth\u0027s Gift":9,"Pocketwatch":3},{"Darkstone Periapt":13,"Girya":87,"Vajra":68,"Thread and Needle":68,"Question Card":13,"Burning Blood":0,"ClockworkSouvenir":77,"Blood Vial":39,"Du-Vu Doll":50,"Calling Bell":68,"Shuriken":68,"Pantograph":21,"MutagenicStrength":36,"Pandora\u0027s Box":29,"Fusion Hammer":0,"Nloth\u0027s Gift":32,"Pocketwatch":10}],"Pocketwatch":[114]},"card_choices":[{"not_picked":["Body Slam","Blood for Blood"],"picked":"Spot Weakness","floor":1.0},{"not_picked":["Iron Wave","Dropkick"],"picked":"Perfected Strike","floor":2.0},{"not_picked":["Pommel Strike","Wild Strike"],"picked":"Sword Boomerang","floor":5.0},{"not_picked":["Body Slam","Twin Strike"],"picked":"Pummel","floor":8.0},{"not_picked":["Wild Strike","Entrench","Flex"],"picked":"Warcry","floor":11.0},{"not_picked":["Uppercut","Whirlwind","Cleave"],"picked":"Power Through","floor":13.0},{"not_picked":["Sword Boomerang","Anger","Dual Wield"],"picked":"Reaper","floor":14.0},{"not_picked":["Juggernaut","Limit Break","Berserk"],"picked":"Immolate","floor":16.0},{"not_picked":["Rampage+1","Havoc","Clothesline"],"picked":"Combust","floor":18},{"not_picked":["Evolve","Dark Embrace","Perfected Strike"],"picked":"Feel No Pain+1","floor":20},{"not_picked":["Double Tap","Shrug It Off","Clash","Dark Embrace"],"picked":"SKIP","floor":25},{"not_picked":["Cleave+1","Uppercut","Iron Wave"],"picked":"Dropkick","floor":27},{"not_picked":["Body Slam","Feel No Pain","True Grit","Sentinel"],"picked":"SKIP","floor":28},{"not_picked":["Berserk","Sever Soul","Metallicize"],"picked":"Corruption","floor":29},{"not_picked":["Disarm","Rupture","Wild Strike"],"picked":"Sword Boomerang","floor":30},{"not_picked":["Power Through","Anger","Twin Strike+1"],"picked":"True Grit","floor":31},{"not_picked":["Brutality","Demon Form","Offering"],"picked":"Impervious","floor":33},{"not_picked":["Headbutt+1","Combust+1","Thunderclap"],"picked":"Ghostly Armor+1","floor":35},{"not_picked":["Double Tap","Hemokinesis+1","Iron Wave+1"],"picked":"Havoc+1","floor":36},{"not_picked":["Intimidate+1","Twin Strike+1","Ghostly Armor","Pommel Strike"],"picked":"SKIP","floor":38},{"not_picked":["Feed","Iron Wave","Carnage"],"picked":"Burning Pact+1","floor":40},{"not_picked":["Rupture+1","Shockwave+1","Thunderclap"],"picked":"True Grit+1","floor":45},{"not_picked":["Clash+1","Metallicize","Pummel"],"picked":"Second Wind+1","floor":46}],"player_experience":780964,"relics_obtained":[{"floor":8.0,"key":"Darkstone Periapt"},{"floor":9.0,"key":"Question Card"},{"floor":13.0,"key":"Pantograph"},{"floor":26,"key":"Blood Vial"},{"floor":29,"key":"Du-Vu Doll"},{"floor":34,"key":"Vajra"},{"floor":34,"key":"Shuriken"},{"floor":34,"key":"Thread and Needle"},{"floor":40,"key":"Girya"}],"event_choices":[{"damage_healed":0.0,"max_hp_gain":0.0,"max_hp_loss":0.0,"gold_gain":75.0,"event_name":"World of Goop","player_choice":"Gather Gold","floor":4.0,"gold_loss":0.0,"damage_taken":11.0},{"damage_healed":0.0,"max_hp_gain":0.0,"max_hp_loss":0.0,"gold_gain":0.0,"event_name":"Big Fish","player_choice":"Box","floor":7.0,"gold_loss":0.0,"damage_taken":0.0,"relics_obtained":["Pocketwatch"],"cards_obtained":["Regret"]},{"damage_healed":0.0,"max_hp_gain":0.0,"max_hp_loss":0.0,"gold_gain":175.0,"event_name":"Liars Game","player_choice":"AGREE","floor":10.0,"gold_loss":0.0,"damage_taken":0.0,"cards_obtained":["Doubt"]},{"damage_healed":0,"gold_gain":0,"player_choice":"Traded Relic","damage_taken":0,"relics_obtained":["Nloth\u0027s Gift"],"max_hp_gain":0,"max_hp_loss":0,"event_name":"N\u0027loth","floor":19,"relics_lost":["Darkstone Periapt"],"gold_loss":0},{"damage_healed":0,"gold_gain":0,"player_choice":"Inject Mutagens","damage_taken":0,"relics_obtained":["MutagenicStrength"],"max_hp_gain":0,"max_hp_loss":0,"event_name":"Drug Dealer","floor":21,"gold_loss":0},{"damage_healed":0,"gold_gain":0,"player_choice":"Read","damage_taken":0,"max_hp_gain":0,"max_hp_loss":0,"event_name":"The Library","floor":22,"gold_loss":0,"cards_obtained":["True Grit"]},{"cards_removed":["Doubt"],"damage_healed":0,"gold_gain":0,"player_choice":"Purged","damage_taken":0,"max_hp_gain":0,"max_hp_loss":0,"event_name":"Purifier","floor":24,"gold_loss":0},{"damage_healed":0,"gold_gain":0,"player_choice":"Copied","damage_taken":0,"max_hp_gain":0,"max_hp_loss":0,"event_name":"Duplicator","floor":44,"gold_loss":0,"cards_obtained":["Burning Pact"]}],"is_beta":false,"boss_relics":[{"not_picked":["SacredBark","Snecko Eye"],"picked":"Pandora\u0027s Box"},{"not_picked":["Philosopher\u0027s Stone","Black Star"],"picked":"Calling Bell"}],"items_purged_floors":[12,37,39],"is_endless":false,"potions_floor_spawned":[2,5,8,14,20,27,28,33,36,38],"killed_by":"Writhing Mass","ascension_level":0}}