{"host":"2qyxu97h6u4ukicb","time":1614208285,"event":{"mods":["AchievementEnabler","BaseMod","BetterRewards","Colored Map","Colored Powertips","Minty Spire (QoL Compilation)","Replay The Spire","Shop Mod","StSLib"],"gold_per_floor":[112,112,129,129,142,177,177,177,177,177,188,188,208,225,225,324,324,339,339,339,339,67,99,99,99],"floor_reached":24,"language":"ENG","playtime":1092,"items_purged":[],"score":214,"play_id":"c421583f-5d6e-412c-93f3-8bfd22ea67cc","local_time":"20210224171125","is_ascension_mode":false,"campfire_choices":[{"data":"Limit Break","floor":7,"key":"SMITH"},{"data":"Infernal Blade","floor":10,"key":"SMITH"},{"floor":12,"key":"REST"}],"circlet_count":0,"master_deck":["Strike_R","Strike_R","Strike_R","Strike_R","Strike_R","Defend_R","Defend_R","Defend_R","Bash","Cleave","Run Through","Limit Break+1","Infernal Blade+1","Massacre","Rupture","Demon Form","Cleave","J.A.X.","Double Tap"],"relics":["Burning Blood","NeowsBlessing","Durian","Ginger","Replay:Bottled Steam","Electric Blood","Nilry\u0027s Codex","Toy Ornithopter","White Beast Statue"],"acts_visited":["Exordium","TheCity"],"potions_floor_usage":[16,16,18,23,23],"damage_taken":[{"damage":0,"enemies":"2 Louse","floor":1,"turns":1},{"damage":0,"enemies":"Cultist","floor":3,"turns":1},{"damage":0,"enemies":"Jaw Worm","floor":5,"turns":1},{"damage":31,"enemies":"3 Sentries","floor":6,"turns":8},{"damage":13,"enemies":"Red Slaver","floor":11,"turns":3},{"damage":12,"enemies":"Gremlin Gang","floor":13,"turns":3},{"damage":14,"enemies":"Blue Slaver","floor":14,"turns":3},{"damage":48,"enemies":"Slime Boss","floor":16,"turns":11},{"damage":39,"enemies":"3 Byrds","floor":18,"turns":4},{"damage":43,"enemies":"Slavers","floor":23,"turns":3},{"damage":15,"enemies":"Spheric Guardian","floor":24,"turns":2}],"seed_played":"6492429031320368913","potions_obtained":[{"floor":1,"key":"LifebloodPotion"},{"floor":13,"key":"Languid Potion"},{"floor":14,"key":"FearPotion"},{"floor":16,"key":"Block Potion"}],"is_trial":false,"path_per_floor":["M","$","M","?","M","E","R","?","T","R","M","R","M","M","R_BF","B",null,"M","?","?","?","$","E","M"],"character_chosen":"IRONCLAD","items_purchased":["Toy Ornithopter","LifebloodPotion","Strength Potion"],"campfire_rested":1,"item_purchase_floors":[22,22,22],"current_hp_per_floor":[80,80,80,85,85,60,60,60,60,60,53,78,72,64,64,22,85,52,36,36,36,36,9,0,0],"gold":99,"neow_bonus":"THREE_ENEMY_KILL","is_daily":false,"chose_seed":false,"campfire_upgraded":2,"win_rate":0.0,"timestamp":1614208285,"path_taken":["M","$","M","?","?","E","R","?","T","R","M","R","M","M","R_BF","BOSS","M","?","?","?","$","E","M"],"items_purchased_type":["Relic","Potion","Potion"],"build_version":"2020-12-22","purchased_purges":0,"victory":false,"max_hp_per_floor":[80,80,80,85,85,85,85,85,85,85,85,85,85,85,85,85,85,85,85,85,85,85,85,85,85],"card_choices":[{"not_picked":["Hemokinesis","Sentinel","Warcry"],"picked":"SKIP","floor":1},{"not_picked":["Thunderclap","Rage"],"picked":"Cleave","floor":3},{"not_picked":["Cleave","Combust"],"picked":"Run Through","floor":5},{"not_picked":["Shrug It Off","Combust"],"picked":"Limit Break","floor":6},{"not_picked":["Warcry","Intimidate","Dropkick"],"picked":"SKIP","floor":11},{"not_picked":["Run Through","Shrug It Off"],"picked":"Massacre","floor":13},{"not_picked":["Feel No Pain","Armaments"],"picked":"Rupture","floor":14},{"not_picked":["Bludgeon","Barricade"],"picked":"Demon Form","floor":16},{"not_picked":["Burning Pact+1","True Grit+1"],"picked":"Cleave","floor":18},{"not_picked":["Feel No Pain+1","Shrug It Off"],"picked":"Double Tap","floor":23}],"player_experience":853707,"relics_obtained":[{"floor":6,"key":"Ginger"},{"floor":9,"key":"Replay:Bottled Steam"},{"floor":19,"key":"Nilry\u0027s Codex"},{"floor":23,"key":"White Beast Statue"}],"event_choices":[{"damage_healed":0,"gold_gain":0,"player_choice":"Gave Potion","damage_taken":0,"relics_obtained":["Durian"],"max_hp_gain":0,"max_hp_loss":0,"event_name":"WeMeetAgain","floor":4,"gold_loss":0},{"damage_healed":0,"gold_gain":0,"cards_transformed":["Defend_R"],"player_choice":"Transformed","damage_taken":0,"max_hp_gain":0,"max_hp_loss":0,"event_name":"Transmorgrifier","floor":8,"gold_loss":0,"cards_obtained":["Infernal Blade"]},{"damage_healed":0,"gold_gain":0,"player_choice":"Ignored","damage_taken":0,"max_hp_gain":0,"max_hp_loss":0,"event_name":"Purifier","floor":15,"gold_loss":0},{"damage_healed":0,"gold_gain":0,"player_choice":"Obtained Book","damage_taken":16,"max_hp_gain":0,"max_hp_loss":0,"event_name":"Cursed Tome","floor":19,"gold_loss":0},{"damage_healed":0,"gold_gain":0,"player_choice":"Obtain J.A.X.","damage_taken":0,"max_hp_gain":0,"max_hp_loss":0,"event_name":"Drug Dealer","floor":20,"gold_loss":0,"cards_obtained":["J.A.X."]},{"damage_healed":0,"gold_gain":0,"player_choice":"Ignored","damage_taken":0,"max_hp_gain":0,"max_hp_loss":0,"event_name":"Ghosts","floor":21,"gold_loss":0}],"is_beta":false,"boss_relics":[{"not_picked":["Empty Cage","Painkiller Herb"],"picked":"Electric Blood"}],"items_purged_floors":[],"is_endless":false,"potions_floor_spawned":[1,13,14,16],"killed_by":"Spheric Guardian","ascension_level":0}}