{"host":"ovivighfa421z0zp","time":1614179636,"event":{"mods":["BaseMod","Colored Map","DeckTracker","Keyboard Shortcuts","Minty Spire (QoL Compilation)","Permanent Neow","Quick Restart","Replay The Spire","StSLib","SuperFastMode","The Cursed","The Hierophant"],"gold_per_floor":[360,360,18,36,36,62,79,79,149,169,181,181,181,181,181,199,199,274,274,292,212,212,225,239,271,271,289,289,289,289,289,289],"floor_reached":31,"language":"KOR","playtime":1515,"items_purged":[],"score":510,"play_id":"809abda5-e152-4620-aeed-1a88e99d609e","local_time":"20210225001356","is_ascension_mode":true,"campfire_choices":[{"data":"Inflame","floor":8.0,"key":"SMITH"},{"floor":14.0,"key":"REST"},{"floor":17.0,"key":"REST"},{"floor":26.0,"key":"REST"},{"floor":29.0,"key":"REST"}],"circlet_count":0,"master_deck":["AscendersBane","Bash","Run Through","Rupture","ReplayTheSpireMod:Stacked+1","ReplayTheSpireMod:Stacked+1","Battle Trance+1","Flame Barrier+1","Inflame+1","Battle Trance+1","Armaments+1","Pommel Strike","Whirlwind","Juggernaut","Pummel","Reckless Charge","ReplayTheSpireMod:Strike From Hell","Dropkick","Clash","Sword Boomerang","Heavy Blade","Pummel","Impervious+1","ReplayTheSpireMod:Muscle Training+1","Ghostly+1","Ghostly+1","Ghostly+1","Burning Pact+1","Havoc+1","Demon Form+1"],"relics":["Burning Blood","Toxic Egg 2","Kunai","Matryoshka","Pandora\u0027s Box","TungstenRod","Boot","Replay:Bottled Steam"],"acts_visited":["Exordium","TheCity"],"potions_floor_usage":[],"damage_taken":[{"damage":0.0,"enemies":"2 Louse","floor":1.0,"turns":6.0},{"damage":5.0,"enemies":"Small Slimes","floor":4.0,"turns":5.0},{"damage":50.0,"enemies":"3 Sentries","floor":6.0,"turns":17.0},{"damage":3.0,"enemies":"Cultist","floor":7.0,"turns":5.0},{"damage":32.0,"enemies":"2 Fungi Beasts","floor":10.0,"turns":6.0},{"damage":6.0,"enemies":"Large Slime","floor":11.0,"turns":6.0},{"damage":15.0,"enemies":"Red Slaver","floor":16.0,"turns":4.0},{"damage":38.0,"enemies":"Slime Boss","floor":18.0,"turns":10.0},{"damage":19.0,"enemies":"Chosen","floor":20.0,"turns":5.0},{"damage":3.0,"enemies":"Spheric Guardian","floor":23.0,"turns":4.0},{"damage":3.0,"enemies":"Snake Plant","floor":24.0,"turns":4.0},{"damage":33.0,"enemies":"Slavers","floor":25.0,"turns":7.0},{"damage":12.0,"enemies":"Centurion and Healer","floor":27.0,"turns":7.0},{"damage":0,"enemies":"Book of Stabbing","floor":31,"turns":1}],"seed_played":"5526527228402941222","potions_obtained":[{"floor":7.0,"key":"Weak Potion"},{"floor":10.0,"key":"Explosive Potion"},{"floor":16.0,"key":"Adrenaline Potion"},{"floor":18.0,"key":"SneckoOil"},{"floor":24.0,"key":"Swift Potion"},{"floor":25.0,"key":"ColorlessPotion"}],"is_trial":false,"path_per_floor":["M","?","$","M","$","E","M","R","T","M","M","PTL","PTL","R","?","M","R","B",null,"M","?","?","M","M","E","R","M","T","R","?","E"],"character_chosen":"IRONCLAD","items_purchased":["Toxic Egg 2","ReplayTheSpireMod:Stacked+1"],"campfire_rested":4,"item_purchase_floors":[3,3],"current_hp_per_floor":[74,74,74,75,75,31,34,34,34,8,8,8,8,30,30,21,43,11,59,46,46,37,37,37,10,21,15,15,26,26,26,26],"gold":289,"neow_bonus":"TWO_FIFTY_GOLD","is_daily":false,"chose_seed":false,"campfire_upgraded":1,"win_rate":0.0,"timestamp":1614179636,"path_taken":["M","?","$","M","$","E","M","R","T","M","M","PTL","PTL","R","?","?","R","BOSS","M","?","?","M","M","E","R","M","T","R","?","E"],"items_purchased_type":["Relic","Card"],"build_version":"2020-12-22","purchased_purges":0,"victory":false,"max_hp_per_floor":[75,75,75,75,75,75,75,75,75,75,75,75,75,75,75,75,75,75,75,75,75,37,37,37,37,37,37,37,37,37,37,37],"card_choices":[{"not_picked":["Flex","Armaments"],"picked":"Run Through","floor":1.0},{"not_picked":["Anger","Pommel Strike"],"picked":"Battle Trance+1","floor":4.0},{"not_picked":["Twin Strike","Flex+1"],"picked":"Flame Barrier+1","floor":6.0},{"not_picked":["Thunderclap","Body Slam"],"picked":"Inflame","floor":7.0},{"not_picked":["Iron Wave","Pummel"],"picked":"Battle Trance+1","floor":10.0},{"not_picked":["Power Through+1","Wild Strike"],"picked":"Armaments+1","floor":11.0},{"not_picked":["Armaments+1","Juggernaut"],"picked":"Whirlwind","floor":16.0},{"not_picked":["Reaper","Exhume+1"],"picked":"Juggernaut","floor":18.0},{"not_picked":["Shrug It Off+1","Sword Boomerang"],"picked":"ReplayTheSpireMod:Muscle Training+1","floor":20.0},{"not_picked":["Warcry+1","Perfected Strike"],"picked":"Burning Pact+1","floor":23.0},{"not_picked":["Rampage","Power Through+1","Clothesline"],"picked":"SKIP","floor":24.0},{"not_picked":["Searing Blow","Entrench+1"],"picked":"Havoc+1","floor":25.0},{"not_picked":["Defy Death+1","Sentinel+1"],"picked":"Demon Form","floor":27.0}],"player_experience":859978,"relics_obtained":[{"floor":6.0,"key":"Kunai"},{"floor":9.0,"key":"Matryoshka"},{"floor":25.0,"key":"TungstenRod"},{"floor":28.0,"key":"Boot"},{"floor":28.0,"key":"Replay:Bottled Steam"}],"event_choices":[{"damage_healed":0.0,"max_hp_gain":0.0,"max_hp_loss":0.0,"gold_gain":0.0,"cards_transformed":["Defend_Br"],"event_name":"Living Wall","player_choice":"Change","floor":2.0,"gold_loss":0.0,"damage_taken":0.0,"cards_obtained":["Rupture"]},{"damage_healed":0.0,"max_hp_gain":0.0,"max_hp_loss":0.0,"gold_gain":0.0,"cards_transformed":["TheCursedMod:Defend_TheCursed"],"event_name":"Transmorgrifier","player_choice":"Transformed","floor":15.0,"gold_loss":0.0,"damage_taken":0.0,"cards_obtained":["Pommel Strike"]},{"damage_healed":0.0,"max_hp_gain":0.0,"max_hp_loss":38.0,"gold_gain":0.0,"event_name":"Ghosts","player_choice":"Became a Ghost","floor":22.0,"gold_loss":0.0,"damage_taken":0.0,"cards_obtained":["Ghostly","Ghostly","Ghostly"]},{"damage_healed":0.0,"max_hp_gain":0.0,"max_hp_loss":0.0,"gold_gain":0.0,"event_name":"Accursed Blacksmith","player_choice":"Forge","floor":30.0,"gold_loss":0.0,"damage_taken":0.0,"cards_upgraded":["Demon Form"]}],"is_beta":false,"boss_relics":[{"not_picked":["Honey Jar","Replay:Ancient Bell"],"picked":"Pandora\u0027s Box"}],"items_purged_floors":[],"is_endless":false,"potions_floor_spawned":[7,10,16,18,24,25],"killed_by":"Book of Stabbing","ascension_level":20}}