{"host":"clf2hd4adhiiw0zf","time":1614185074,"event":{"mods":["AchievementEnabler","Aspiration","BaseMod","Beaked The Cultist","Bestiary","Dark Map","Downfall","Gremlin Mod","Hermit","Hubris","Infinite Spire","Jorbs\u0027s Wanderer Trilogy","Marisa????????","Minty Spire (QoL Compilation)","Monster B Gone","Quick Restart","Reliquary","Replay The Spire","Shop Mod","Spire Arcade","StSLib","The Construct","The Cursed","The Disciple","The Marked","Wide Potions"],"gold_per_floor":[99,110,170,170,170,184,184,216,16,36,55,68,80,97,115,218,218,118,130,144,162,175,185,211,226,260,260,273,273,273,289,309,405,405,405,425,442,442,442,472,472,796,796,796,796],"floor_reached":43,"language":"ENG","playtime":2112,"items_purged":[],"score":545,"play_id":"62f38680-c9e1-4582-93e6-a6acafd17c3b","local_time":"20210224094434","is_ascension_mode":true,"campfire_choices":[{"floor":1.0,"key":"RECALL"},{"floor":9.0,"key":"REST"},{"data":"Guardian:BaubleBeam","floor":35.0,"key":"SMITH"}],"circlet_count":0,"master_deck":["AscendersBane","Guardian:Strike_Guardian","Guardian:Strike_Guardian","Guardian:Strike_Guardian","Guardian:Strike_Guardian","Guardian:Defend_Guardian","Guardian:Defend_Guardian","Guardian:Defend_Guardian","Guardian:Defend_Guardian","Guardian:CurlUp","Guardian:TwinSlam+1","Guardian:DonusPower","Guardian:Reroute","Guardian:PolyBeam","Guardian:HyperBeam_Guardian","Guardian:Suspension","Guardian:Clone","Guardian:ShieldCharger","Guardian:FastForward","Guardian:Gem_Cyan","Guardian:BronzeArmor+1","Guardian:MultiBeam","Guardian:PiercingHide+1","Guardian:Gem_Green","Guardian:Gem_Blue","Guardian:MultiBeam+1","Guardian:BaubleBeam+1","Guardian:ExploitGems","hubris:Rewind","Guardian:FastForward","Guardian:Orbwalk+1"],"relics":["expansioncontent:StudyCardRelic","reliquary:RosewoodLute","Guardian:PickAxe","aspiration:EmptySkull","downfall:HeartBlessingRed","downfall:HeartBlessingGreen","Snecko Eye","downfall:HeartBlessingBlue","hexamod:BolsterEngine","Guardian:SackOfGems","bronze:BronzeIdol","hubris:Towel","Replay:Grab Bag","aspiration:FutureDiary","ReplayTheSpireMod:DimensionalGlitch","beaked:SacredDeck","infinitespire:Golems Mask","Anchor","Guardian:GemstoneGun","Old Coin"],"acts_visited":["Exordium","TheCity","TheBeyond"],"potions_floor_usage":[43],"damage_taken":[{"damage":0.0,"enemies":"Small Slimes","floor":2.0,"turns":3.0},{"damage":26.0,"enemies":"Lagavulin Event","floor":3.0,"turns":7.0},{"damage":20.0,"enemies":"Lagavulin Event","floor":4.0,"turns":4.0},{"damage":3.0,"enemies":"2 Louse","floor":6.0,"turns":3.0},{"damage":13.0,"enemies":"Replay:BlueRogue","floor":8.0,"turns":5.0},{"damage":0.0,"enemies":"Cultist","floor":10.0,"turns":3.0},{"damage":0.0,"enemies":"Exordium Wildlife","floor":11.0,"turns":2.0},{"damage":0.0,"enemies":"2 Fungi Beasts","floor":12.0,"turns":3.0},{"damage":3.0,"enemies":"Red Slaver","floor":13.0,"turns":3.0},{"damage":0.0,"enemies":"Large Slime","floor":14.0,"turns":3.0},{"damage":0.0,"enemies":"Exordium Wildlife","floor":15.0,"turns":2.0},{"damage":15.0,"enemies":"DF_ARCHETYPE_STREAMLINE","floor":16.0,"turns":5.0},{"damage":11.0,"enemies":"Spheric Guardian","floor":19.0,"turns":3.0},{"damage":0.0,"enemies":"3 Byrds","floor":20.0,"turns":3.0},{"damage":8.0,"enemies":"Centurion and Healer","floor":21.0,"turns":2.0},{"damage":10.0,"enemies":"Snecko","floor":22.0,"turns":3.0},{"damage":12.0,"enemies":"Shelled Parasite and Fungi","floor":23.0,"turns":4.0},{"damage":12.0,"enemies":"Snake Plant","floor":25.0,"turns":2.0},{"damage":6.0,"enemies":"Nightmare","floor":26.0,"turns":8.0},{"damage":8.0,"enemies":"Centurion and Healer","floor":28.0,"turns":2.0},{"damage":11.0,"enemies":"Sentry and Sphere","floor":31.0,"turns":3.0},{"damage":0.0,"enemies":"Chosen and Byrds","floor":32.0,"turns":5.0},{"damage":0.0,"enemies":"WA_ARCHETYPE_CALM","floor":33.0,"turns":1.0},{"damage":0.0,"enemies":"Orb Walker","floor":36.0,"turns":2.0},{"damage":0.0,"enemies":"3 Shapes","floor":37.0,"turns":1.0},{"damage":27.0,"enemies":"Nemesis","floor":40.0,"turns":5.0},{"damage":20,"enemies":"Maw","floor":43,"turns":2}],"seed_played":"8452243172432695099","potions_obtained":[{"floor":6.0,"key":"Flashbang"},{"floor":10.0,"key":"Elixir"},{"floor":12.0,"key":"Block Potion"},{"floor":15.0,"key":"Elixir"},{"floor":21.0,"key":"PowerPotion"},{"floor":30.0,"key":"infinitespire:BlackPotion"},{"floor":30.0,"key":"hexamod:SoulburnPotion"},{"floor":30.0,"key":"AttackPotion"},{"floor":31.0,"key":"Dexterity Potion"},{"floor":37.0,"key":"EssenceOfSteel"}],"is_trial":false,"path_per_floor":["R","M","?","?","?","M","T","E","R","M","M","M","M","M","M","B",null,"R","M","M","M","M","M","T","M","NM","AVR","M","?","?","M","M","B",null,"R","M","M","?","?","E","T","?","M"],"character_chosen":"GUARDIAN","items_purchased":[],"campfire_rested":1,"item_purchase_floors":[],"current_hp_per_floor":[72,72,46,20,20,17,17,4,28,28,28,28,25,25,25,10,63,73,62,62,54,44,32,32,20,14,14,6,6,6,5,5,5,69,69,69,69,69,69,42,42,6,0,0,0],"gold":796,"neow_bonus":"BOSS_RELIC","is_daily":false,"chose_seed":false,"campfire_upgraded":1,"win_rate":0.0,"timestamp":1614185074,"path_taken":["R","M","?","?","?","M","T","E","R","M","M","M","M","M","M","BOSS","R","M","M","M","M","M","T","M","NM","AVR","M","?","?","M","M","BOSS","R","M","M","?","?","E","T","?","M"],"items_purchased_type":[],"build_version":"2020-12-22","purchased_purges":0,"victory":false,"max_hp_per_floor":[80,80,80,80,80,80,80,80,80,80,80,80,80,80,80,80,80,90,90,90,90,90,90,90,90,90,90,90,90,90,90,90,90,90,90,90,90,90,90,90,90,90,90,90,90],"card_choices":[{"not_picked":["Guardian:Incinerate","Guardian:Clone"],"picked":"Guardian:FloatingOrbs","floor":2.0},{"not_picked":["Guardian:Gem_Green","Guardian:Gem_Blue"],"picked":"Guardian:DonusPower","floor":3.0},{"not_picked":["Guardian:SentryBeam","Guardian:Gem_Lightblue"],"picked":"Guardian:Reroute","floor":6.0},{"not_picked":["Guardian:SpikerProtocol","Guardian:Incinerate"],"picked":"Guardian:PolyBeam","floor":8.0},{"not_picked":["Guardian:Gem_Red","Guardian:Emergency"],"picked":"Guardian:HyperBeam_Guardian","floor":10.0},{"not_picked":["Guardian:CrystalBeam","Guardian:TemporalShield"],"picked":"Guardian:Suspension","floor":11.0},{"not_picked":["Guardian:CrystalBeam","Guardian:Gem_Cyan"],"picked":"Guardian:Clone","floor":12.0},{"not_picked":["Guardian:GuardianWhirl","Guardian:StasisEngine"],"picked":"Guardian:ShieldCharger","floor":13.0},{"not_picked":["Guardian:WalkerClaw","Guardian:PrismaticBeam"],"picked":"Guardian:Gem_Crimson","floor":14.0},{"not_picked":["Guardian:Gem_Green","Guardian:Planning","Guardian:Suspension"],"picked":"SKIP","floor":15.0},{"not_picked":["Guardian:GemFinder","Guardian:FierceBash"],"picked":"Guardian:FastForward","floor":16.0},{"not_picked":["Guardian:Incinerate","Guardian:Gem_Lightblue"],"picked":"Guardian:BronzeArmor+1","floor":19.0},{"not_picked":["Guardian:WalkerClaw","Guardian:EvasiveProtocol"],"picked":"Guardian:MultiBeam","floor":20.0},{"not_picked":["Guardian:TemporalStrike","Guardian:Recover"],"picked":"Guardian:PiercingHide+1","floor":21.0},{"not_picked":["Guardian:Suspension","Guardian:TemporalShield","Guardian:MultiBeam"],"picked":"SKIP","floor":22.0},{"not_picked":["Guardian:Suspension","Guardian:Gem_Red","Guardian:Gem_Purple"],"picked":"SKIP","floor":23.0},{"not_picked":["Guardian:TemporalShield","Guardian:GuardianWhirl","Guardian:Suspension"],"picked":"SKIP","floor":25.0},{"not_picked":["Guardian:Suspension","Guardian:VentSteam"],"picked":"Guardian:MultiBeam+1","floor":26.0},{"not_picked":["Guardian:SentryBeam+1","Guardian:Planning+1"],"picked":"Guardian:Gem_Orange","floor":28.0},{"not_picked":["Guardian:Gem_Fragmented","Guardian:PrismaticBeam","Guardian:Recover"],"picked":"SKIP","floor":31.0},{"not_picked":["Guardian:RollAttack+1","Guardian:PrimingBeam"],"picked":"Guardian:BaubleBeam","floor":32.0},{"not_picked":["Guardian:StasisEngine","Guardian:Gem_Synthetic"],"picked":"Guardian:ExploitGems","floor":33.0},{"not_picked":["Guardian:Gem_Red","Guardian:Gem_Blue","Guardian:Emergency+1"],"picked":"SKIP","floor":36.0},{"not_picked":["Guardian:Gem_Cyan","Guardian:Gem_White"],"picked":"Guardian:FastForward","floor":37.0},{"not_picked":["Guardian:CrystalBeam+1","Guardian:Gem_Cyan"],"picked":"Guardian:Orbwalk+1","floor":40.0}],"player_experience":404333,"relics_obtained":[{"floor":3.0,"key":"reliquary:RosewoodLute"},{"floor":8.0,"key":"aspiration:EmptySkull"},{"floor":24.0,"key":"hexamod:BolsterEngine"},{"floor":26.0,"key":"Guardian:SackOfGems"},{"floor":40.0,"key":"Anchor"},{"floor":41.0,"key":"Guardian:GemstoneGun"},{"floor":42.0,"key":"Old Coin"}],"event_choices":[{"damage_healed":0.0,"max_hp_gain":0.0,"max_hp_loss":0.0,"gold_gain":0.0,"event_name":"Lab","player_choice":"Got Potions","floor":30.0,"gold_loss":0.0,"damage_taken":0.0},{"cards_removed":["Guardian:FloatingOrbs"],"damage_healed":0.0,"max_hp_gain":0.0,"max_hp_loss":0.0,"gold_gain":0.0,"event_name":"Falling","player_choice":"Removed Power","floor":38.0,"gold_loss":0.0,"damage_taken":0.0}],"is_beta":false,"boss_relics":[{"not_picked":["aspiration:SecretTechniqueScroll","Sozu"],"picked":"Snecko Eye"},{"not_picked":["bronze:MakeshiftBattery","Black Star"],"picked":"Replay:Grab Bag"},{"not_picked":["Busted Crown","reliquary:Craggleroot"],"picked":"aspiration:FutureDiary"},{"not_picked":["hubris:GrandSneckoEye","infinitespire:Cupcake"],"picked":"ReplayTheSpireMod:DimensionalGlitch"},{"not_picked":["hubris:BlackHole","Astrolabe"],"picked":"beaked:SacredDeck"}],"items_purged_floors":[],"is_endless":true,"potions_floor_spawned":[4,6,10,12,15,21,22,23,25,31,37],"killed_by":"Maw","ascension_level":10}}