{"host":"z439itq93uucuvou","time":1614137671,"event":{"mods":["BaseMod","Colored Powertips","Downfall","Jorbs\u0027s Wanderer Trilogy","Minty Spire (QoL Compilation)","StSLib"],"gold_per_floor":[399,409,419,57,57,83,83,100,159,159,175,200,200,232,245,344,344,244,262,275,291,301,301,301,301,201,15,15,47,78,98,113,113,113,113],"floor_reached":33,"language":"ENG","playtime":2288,"items_purged":["bronze:Strike","bronze:Strike"],"score":367,"play_id":"aa9e95fc-fc99-4386-8db9-e042dc2706fd","local_time":"20210223193431","is_ascension_mode":true,"campfire_choices":[{"data":"bronze:Goto","floor":1.0,"key":"SMITH"},{"floor":10,"key":"REST"},{"floor":18,"key":"RECALL"},{"data":"bronze:Boost","floor":26,"key":"SMITH"}],"circlet_count":0,"master_deck":["bronze:Strike","bronze:Strike","bronze:Defend","bronze:Defend","bronze:Defend","bronze:Defend","bronze:Replicate","bronze:Goto+1","bronze:Overheat","bronze:OilSpill+1","bronze:InfiniteLoop+1","bronze:NullPointer","bronze:ClassDefault","bronze:Philosophize+1","bronze:Optimize","bronze:HardenedForm","bronze:OilSpill","bronze:Assembly","bronze:DigitalCarnage","bronze:Boost+1","Ghostly","Ghostly","Ghostly","Ghostly","Ghostly","bronze:Overload","bronze:Verify","bronze:Overheat+1"],"relics":["bronze:BronzeCore","Old Coin","OrangePellets","Art of War","Guardian:PocketSentry","Singing Bowl","Bronze Scales","Oddly Smooth Stone","bronze:MakeshiftBattery","downfall:HeartBlessingGreen","Sundial","bronze:BottledCode","downfall:HeartBlessingRed","Matryoshka","Dead Branch","Gambling Chip"],"acts_visited":["Exordium","TheCity"],"potions_floor_usage":[11,14,16,16,22,33],"damage_taken":[{"damage":0,"enemies":"Small Slimes","floor":2,"turns":4},{"damage":6,"enemies":"Jaw Worm","floor":3,"turns":3},{"damage":10,"enemies":"downfall:FleeingMerchant","floor":4,"turns":4},{"damage":8,"enemies":"Lagavulin","floor":6,"turns":5},{"damage":0,"enemies":"2 Louse","floor":8,"turns":2},{"damage":22,"enemies":"3 Sentries","floor":9,"turns":5},{"damage":0,"enemies":"Lots of Slimes","floor":11,"turns":3},{"damage":9,"enemies":"3 Sentries","floor":14,"turns":4},{"damage":6,"enemies":"Large Slime","floor":15,"turns":4},{"damage":6,"enemies":"WA_ARCHETYPE_RETAIN","floor":16,"turns":5},{"damage":27,"enemies":"downfall:LooterAlt2","floor":19,"turns":3},{"damage":0,"enemies":"Chosen","floor":20,"turns":3},{"damage":11,"enemies":"Snecko","floor":21,"turns":4},{"damage":15,"enemies":"Snake Plant","floor":22,"turns":3},{"damage":0,"enemies":"downfall:FleeingMerchant","floor":27,"turns":4},{"damage":0,"enemies":"downfall:FleeingMerchant","floor":29,"turns":4},{"damage":0,"enemies":"Slavers","floor":30,"turns":3},{"damage":1,"enemies":"Sentry and Sphere","floor":31,"turns":3},{"damage":0,"enemies":"Snecko","floor":32,"turns":3},{"damage":29,"enemies":"DF_ARCHETYPE_CLAW","floor":33,"turns":5}],"seed_played":"-7593159300982772323","potions_obtained":[{"floor":2,"key":"Energy Potion"},{"floor":9,"key":"SteroidPotion"},{"floor":14,"key":"SteroidPotion"},{"floor":15,"key":"Guardian:BlockOnCardUsePotion"},{"floor":16,"key":"Weak Potion"},{"floor":21,"key":"Weak Potion"},{"floor":31,"key":"LiquidBronze"}],"is_trial":false,"path_per_floor":["R","M","M","$","?","E","T","M","?","R","M","T","?","E","M","B",null,"R","M","M","M","M","?","T","?","R","$","T","$","E","M","M","B"],"character_chosen":"THE_AUTOMATON","items_purchased":["OrangePellets","bronze:NullPointer","bronze:ClassDefault","bronze:Verify","Dead Branch"],"campfire_rested":1,"item_purchase_floors":[4,4,4,27,29],"current_hp_per_floor":[63,63,57,47,44,36,36,36,14,32,34,34,34,25,19,13,65,65,38,38,29,16,16,16,16,16,16,16,18,20,21,21,0,0,0],"gold":113,"neow_bonus":"ONE_RARE_RELIC","is_daily":false,"chose_seed":false,"campfire_upgraded":2,"win_rate":0.0,"timestamp":1614137671,"path_taken":["R","M","M","$","?","E","T","M","?","R","M","?","?","E","M","BOSS","R","M","M","M","?","?","T","?","R","$","?","$","E","?","M","BOSS"],"items_purchased_type":["Relic","Card","Card","Card","Relic"],"build_version":"2020-12-22","purchased_purges":2,"victory":false,"max_hp_per_floor":[63,63,63,63,63,63,63,63,63,63,65,65,65,65,65,65,65,65,65,65,67,69,34,34,24,24,24,24,26,28,30,30,30,30,30],"card_choices":[{"not_picked":["bronze:ChildClass","bronze:Repulsor"],"picked":"bronze:Overheat","floor":2},{"not_picked":["bronze:Repulsor","bronze:Refactor"],"picked":"bronze:OilSpill","floor":3},{"not_picked":["bronze:Library","bronze:BitShift"],"picked":"bronze:InfiniteLoop","floor":4},{"not_picked":["bronze:WildBeam","bronze:NullPointer","bronze:BugBarrage"],"picked":"SKIP","floor":6},{"not_picked":["bronze:Deprecate","bronze:BugBarrage"],"picked":"bronze:Philosophize","floor":8},{"not_picked":["bronze:CloningBeam","bronze:Safeguard"],"picked":"bronze:Optimize","floor":9},{"not_picked":["bronze:Constructor","bronze:BitShift","bronze:Invalidate"],"picked":"Singing Bowl","floor":11},{"not_picked":["bronze:FollowUp","bronze:ItsAFeature"],"picked":"bronze:HardenedForm","floor":14},{"not_picked":["bronze:WildBeam","bronze:WhirlingStrike"],"picked":"bronze:OilSpill","floor":15},{"not_picked":["bronze:FindAndReplace","bronze:AlphaBuild"],"picked":"bronze:Assembly","floor":16},{"not_picked":["bronze:DelayedSlice","bronze:DelayedGuard"],"picked":"bronze:DigitalCarnage","floor":19},{"not_picked":["bronze:Philosophize","bronze:Refactor"],"picked":"bronze:Boost","floor":20},{"not_picked":["bronze:Constructor","bronze:Shield","bronze:Backtrace+1"],"picked":"Singing Bowl","floor":21},{"not_picked":["bronze:Refactor+1","bronze:BitShift","bronze:BuggyMess+1"],"picked":"Singing Bowl","floor":22},{"not_picked":["bronze:Backtrace","bronze:Allocate+1"],"picked":"bronze:Overload","floor":27},{"not_picked":["bronze:DelayedGuard","bronze:Turbo","bronze:Return"],"picked":"Singing Bowl","floor":29},{"not_picked":["bronze:DelayedSlice+1","bronze:Safeguard","bronze:BitShift"],"picked":"Singing Bowl","floor":30},{"not_picked":["bronze:Library","bronze:ForceShield+1","bronze:FineTuning"],"picked":"Singing Bowl","floor":31},{"not_picked":["bronze:BitShift","bronze:Iterate"],"picked":"bronze:Overheat+1","floor":32}],"player_experience":1755755,"relics_obtained":[{"floor":6,"key":"Guardian:PocketSentry"},{"floor":7,"key":"Singing Bowl"},{"floor":12,"key":"Oddly Smooth Stone"},{"floor":24,"key":"Sundial"},{"floor":28,"key":"Matryoshka"},{"floor":30,"key":"Gambling Chip"}],"event_choices":[{"damage_healed":0,"gold_gain":0,"player_choice":"Success","damage_taken":3,"relics_obtained":["Art of War"],"max_hp_gain":0,"max_hp_loss":0,"event_name":"Scrap Ooze","floor":5,"gold_loss":0},{"damage_healed":0,"gold_gain":0,"player_choice":"Became a Ghost","damage_taken":0,"max_hp_gain":0,"max_hp_loss":35,"event_name":"Ghosts","floor":23,"gold_loss":0,"cards_obtained":["Ghostly","Ghostly","Ghostly","Ghostly","Ghostly"]}],"is_beta":false,"boss_relics":[{"not_picked":["Coffee Dripper","Runic Dome"],"picked":"bronze:MakeshiftBattery"}],"items_purged_floors":[4,27],"is_endless":false,"potions_floor_spawned":[2,9,14,15,16,21,31],"killed_by":"DF_ARCHETYPE_CLAW","ascension_level":1}}