{"host":"e5vsl4ezcfxwu44d","time":1614140975,"event":{"mods":["BaseMod","Colored Powertips","Downfall","Highlight Path","Minty Spire (QoL Compilation)","StSLib","Unceasing Turn Reminder"],"gold_per_floor":[99,117,134,134,134,146,214,245,245,45,77,23,23,23,33,131,131,31,45,58,43,56,56,56,66,78,78,88,98,124,144,164,259,259,259,277,289,189,206,206,206,206,206,221,237,248,248,277,297,297,297,297],"floor_reached":50,"language":"ENG","playtime":5700,"items_purged":["bronze:Strike","bronze:ClassDefault"],"score":533,"play_id":"db401767-18bd-4639-acaf-2f4952ad51e8","local_time":"20210223212935","is_ascension_mode":false,"campfire_choices":[{"floor":1.0,"key":"RECALL"},{"floor":10.0,"key":"REST"},{"floor":13.0,"key":"REST"},{"data":"bronze:Virus","floor":18.0,"key":"SMITH"},{"data":"bronze:MaxOutput","floor":23.0,"key":"SMITH"},{"data":"bronze:BuggyMess","floor":27.0,"key":"SMITH"},{"data":"bronze:Virus","floor":35,"key":"SMITH"},{"data":"expansioncontent:InvincibleStrength","floor":43,"key":"SMITH"},{"data":"bronze:SpaghettiCode","floor":47,"key":"SMITH"}],"circlet_count":0,"master_deck":["bronze:Strike","bronze:Strike","bronze:Defend","bronze:Defend","bronze:Defend","bronze:Defend","bronze:Replicate","bronze:Goto","bronze:InfiniteBeams","bronze:Spike","bronze:OilSpill","bronze:WildBeam","bronze:Break","bronze:Refactor+1","bronze:SpaghettiCode+1","bronze:ForceShield","bronze:DelayedSlice","bronze:Virus+1","bronze:Shield+1","bronze:MaxOutput+1","bronze:Frontload","bronze:BugBarrage","bronze:BuggyMess+1","bronze:BugBarrage+1","bronze:Virus+1","bronze:BuggyMess+1","bronze:Refactor+1","expansioncontent:InvincibleStrength+1","bronze:Mutator","bronze:DigitalCarnage"],"relics":["bronze:BronzeCore","Potion Belt","Anchor","Shuriken","downfall:HeartBlessingRed","downfall:HeartBlessingBlue","Pantograph","Runic Pyramid","downfall:HeartBlessingGreen","Question Card","Mercury Hourglass","Tiny Chest","Cursed Key","Letter Opener","Toxic Egg 2"],"acts_visited":["Exordium","TheCity","TheBeyond"],"potions_floor_usage":[28,28,33,44,44,48,49,50,50],"damage_taken":[{"damage":4.0,"enemies":"Small Slimes","floor":2.0,"turns":3.0},{"damage":3.0,"enemies":"Jaw Worm","floor":3.0,"turns":4.0},{"damage":50.0,"enemies":"Jaw Worm","floor":5.0,"turns":4.0},{"damage":1.0,"enemies":"Cultist","floor":6.0,"turns":3.0},{"damage":10.0,"enemies":"Lagavulin","floor":8.0,"turns":6.0},{"damage":13.0,"enemies":"3 Sentries","floor":11.0,"turns":4.0},{"damage":5.0,"enemies":"downfall:FleeingMerchant","floor":12.0,"turns":4.0},{"damage":5.0,"enemies":"Exordium Thugs","floor":15.0,"turns":3.0},{"damage":12.0,"enemies":"SI_SHIV_ARCHETYPE","floor":16.0,"turns":5.0},{"damage":0.0,"enemies":"Chosen","floor":19.0,"turns":3.0},{"damage":0.0,"enemies":"downfall:LooterAlt2","floor":20.0,"turns":3.0},{"damage":15.0,"enemies":"downfall:FleeingMerchant","floor":21.0,"turns":4.0},{"damage":10.0,"enemies":"Centurion and Healer","floor":22.0,"turns":3.0},{"damage":0.0,"enemies":"downfall:FleeingMerchant","floor":25.0,"turns":1.0},{"damage":0.0,"enemies":"Cultist and Chosen","floor":26.0,"turns":4.0},{"damage":9,"enemies":"Sentry and Sphere","floor":28,"turns":4},{"damage":3,"enemies":"Chosen and Byrds","floor":29,"turns":6},{"damage":9,"enemies":"Slavers","floor":30,"turns":2},{"damage":7,"enemies":"Centurion and Healer","floor":31,"turns":4},{"damage":0,"enemies":"Snecko","floor":32,"turns":3},{"damage":17,"enemies":"WA_ARCHETYPE_CALM","floor":33,"turns":8},{"damage":0,"enemies":"Orb Walker","floor":36,"turns":3},{"damage":5,"enemies":"3 Shapes","floor":37,"turns":2},{"damage":0,"enemies":"Spire Growth","floor":39,"turns":4},{"damage":14,"enemies":"Writhing Mass","floor":44,"turns":5},{"damage":10,"enemies":"4 Shapes","floor":45,"turns":4},{"damage":13,"enemies":"Spire Growth","floor":46,"turns":4},{"damage":39,"enemies":"Giant Head","floor":48,"turns":6},{"damage":26,"enemies":"Writhing Mass","floor":49,"turns":4},{"damage":42,"enemies":"IC_BLOCK_ARCHETYPE","floor":50,"turns":7}],"seed_played":"-4566740079686570727","potions_obtained":[{"floor":2.0,"key":"Energy Potion"},{"floor":5.0,"key":"Block Potion"},{"floor":6.0,"key":"SteroidPotion"},{"floor":11.0,"key":"CultistPotion"},{"floor":14.0,"key":"Fruit Juice"},{"floor":14.0,"key":"EssenceOfSteel"},{"floor":14.0,"key":"FairyPotion"},{"floor":19.0,"key":"sneckomod:MuddlingPotion"},{"floor":22.0,"key":"Weak Potion"},{"floor":29,"key":"Fruit Juice"},{"floor":32,"key":"SpeedPotion"},{"floor":33,"key":"Explosive Potion"},{"floor":36,"key":"AttackPotion"},{"floor":44,"key":"BlessingOfTheForge"},{"floor":46,"key":"hexamod:SoulburnPotion"},{"floor":48,"key":"AttackPotion"},{"floor":49,"key":"Explosive Potion"}],"is_trial":false,"path_per_floor":["R","M","M","?","?","M","T","E","?","R","E","$","R","?","M","B",null,"R","M","M","$","M","R","T","$","M","R","M","M","E","M","M","B",null,"R","M","M","$","M","?","T","?","R","M","M","M","R","E","M","B"],"character_chosen":"THE_AUTOMATON","items_purchased":["bronze:ForceShield","Mercury Hourglass"],"campfire_rested":2,"item_purchase_floors":[12,25],"current_hp_per_floor":[70,66,63,63,13,12,12,2,2,36,23,18,42,47,42,55,85,85,85,85,70,60,60,60,60,60,60,51,48,39,32,32,45,90,90,90,85,85,85,85,85,77,77,63,53,40,40,1,8,0,0,0],"gold":297,"neow_bonus":"RANDOM_COMMON_RELIC","is_daily":false,"chose_seed":false,"campfire_upgraded":6,"win_rate":0.0,"timestamp":1614140975,"path_taken":["R","M","M","?","?","M","T","E","?","R","E","?","R","?","M","BOSS","R","M","M","$","?","R","T","$","M","R","M","M","E","M","M","BOSS","R","M","M","$","M","?","T","?","R","M","M","M","R","E","M","BOSS"],"items_purchased_type":["Card","Relic"],"build_version":"2020-12-22","purchased_purges":2,"victory":false,"max_hp_per_floor":[70,70,70,70,70,70,70,70,70,80,80,80,80,85,85,85,85,85,85,85,85,85,85,85,85,85,85,85,85,85,85,85,90,90,90,90,90,90,90,90,90,90,90,90,90,90,90,90,90,90,90,90],"card_choices":[{"not_picked":["bronze:Overheat","bronze:CutThrough"],"picked":"bronze:ClassDefault","floor":2.0},{"not_picked":["bronze:Deprecate","bronze:Overheat"],"picked":"bronze:InfiniteBeams","floor":3.0},{"not_picked":[],"picked":"bronze:Spike","floor":5.0},{"not_picked":["bronze:Philosophize","bronze:Turbo"],"picked":"bronze:OilSpill","floor":5.0},{"not_picked":["bronze:DelayedSlice","bronze:NullPointer"],"picked":"bronze:WildBeam","floor":6.0},{"not_picked":["bronze:Iterate","bronze:BitShift"],"picked":"bronze:Break","floor":8.0},{"not_picked":["bronze:DarkDash","bronze:BuggyMess"],"picked":"bronze:Refactor","floor":11.0},{"not_picked":["bronze:WildBeam","bronze:Invalidate"],"picked":"bronze:SpaghettiCode","floor":12.0},{"not_picked":["bronze:DarkDash","bronze:Invalidate"],"picked":"bronze:DelayedSlice","floor":15.0},{"not_picked":["bronze:Assembly","bronze:RecursiveStrike"],"picked":"bronze:Virus","floor":16.0},{"not_picked":["bronze:DigitalCarnage+1","bronze:WhirlingStrike+1"],"picked":"bronze:Shield+1","floor":19.0},{"not_picked":["bronze:Turbo","bronze:DelayedSlice"],"picked":"bronze:MaxOutput","floor":20.0},{"not_picked":["bronze:DelayedGuard","bronze:NullPointer"],"picked":"bronze:Frontload","floor":21.0},{"not_picked":["bronze:ClassDefault+1","bronze:DelayedSlice","bronze:Separator"],"picked":"SKIP","floor":22.0},{"not_picked":["bronze:Shield+1","bronze:WhirlingStrike","bronze:Shell+1"],"picked":"bronze:BugBarrage","floor":25.0},{"not_picked":["bronze:Constructor","bronze:DelayedGuard","bronze:WildBeam"],"picked":"bronze:BuggyMess","floor":26.0},{"not_picked":["bronze:ForLoop","bronze:WildBeam","bronze:Overload","bronze:Turbo+1"],"picked":"SKIP","floor":28},{"not_picked":["bronze:Constructor","bronze:Backtrace","bronze:BuggyMess","bronze:ThunderWave"],"picked":"SKIP","floor":29},{"not_picked":["bronze:Backtrace+1","bronze:Flail","bronze:Boost","bronze:FineTuning+1"],"picked":"SKIP","floor":30},{"not_picked":["bronze:BitShift","bronze:Flail","bronze:Branch+1"],"picked":"bronze:BugBarrage+1","floor":31},{"not_picked":["bronze:BugBarrage","bronze:BitShift","bronze:Overheat","bronze:CutThrough"],"picked":"SKIP","floor":32},{"not_picked":["bronze:FindAndReplace","bronze:InfiniteLoop","bronze:AlphaBuild"],"picked":"bronze:Virus","floor":33},{"not_picked":["bronze:Repair","bronze:DigitalCarnage","bronze:Backtrace+1"],"picked":"bronze:BuggyMess+1","floor":36},{"not_picked":["bronze:Shell","bronze:Frontload+1","bronze:MaxOutput+1"],"picked":"bronze:Refactor+1","floor":37},{"not_picked":["bronze:FollowUp","bronze:WildBeam+1","bronze:DelayedSlice+1","bronze:CutThrough"],"picked":"SKIP","floor":39},{"not_picked":["expansioncontent:LastStand","expansioncontent:YouAreMine"],"picked":"expansioncontent:InvincibleStrength","floor":40},{"not_picked":["bronze:DelayedGuard+1","bronze:Shield","bronze:Turbo","bronze:OilSpill"],"picked":"SKIP","floor":44},{"not_picked":["bronze:BitShift","bronze:Overheat+1","bronze:DelayedGuard+1","bronze:Deprecate"],"picked":"SKIP","floor":45},{"not_picked":["bronze:Invalidate","bronze:Constructor","bronze:WhirlingStrike","bronze:Fortify"],"picked":"SKIP","floor":46},{"not_picked":["bronze:Terminator+1","bronze:BugBarrage","bronze:Iterate+1"],"picked":"bronze:Mutator","floor":48},{"not_picked":["bronze:Overheat","bronze:Deprecate+1","bronze:Return+1"],"picked":"bronze:DigitalCarnage","floor":49}],"player_experience":236550,"relics_obtained":[{"floor":8.0,"key":"Shuriken"},{"floor":11.0,"key":"Pantograph"},{"floor":24.0,"key":"Question Card"},{"floor":30,"key":"Tiny Chest"},{"floor":41,"key":"Letter Opener"},{"floor":48,"key":"Toxic Egg 2"}],"event_choices":[{"damage_healed":0.0,"max_hp_gain":0.0,"max_hp_loss":0.0,"gold_gain":0.0,"event_name":"Lab","player_choice":"Got Potions","floor":14.0,"gold_loss":0.0,"damage_taken":0.0}],"is_beta":false,"boss_relics":[{"not_picked":["bronze:PlatinumCore","Busted Crown"],"picked":"Runic Pyramid"},{"not_picked":["Snecko Eye","Fusion Hammer"],"picked":"Cursed Key"}],"items_purged_floors":[25,38],"is_endless":false,"potions_floor_spawned":[2,5,6,11,19,22,29,32,33,36,44,46,48,49],"killed_by":"IC_BLOCK_ARCHETYPE","ascension_level":0}}