{"host":"cvi30shpqg1ukvbr","time":1614166088,"event":{"mods":["Act Like it!","BaseMod","Better Altar","Better Match","Better Note","Better Sensory Stone","Better Skull","Better Third Choice","Conspire","GifTheSpireLib","Hubris","Infinite Spire","Minty Spire (QoL Compilation)","Relic Stats","Replay The Spire","Shop Mod","Spicy Shops","StSLib","Stuff the Spire"],"gold_per_floor":[112,123,139,153,53,114,114,153,153,153,210,210,210,238,238,243,243],"floor_reached":16,"language":"ENG","playtime":630,"items_purged":[],"score":126,"play_id":"eba3e630-3875-438b-b65f-9a80daac9e69","local_time":"20210224202808","is_ascension_mode":true,"campfire_choices":[{"data":"Terror","floor":7,"key":"SMITH"},{"floor":10,"key":"REST"},{"floor":13,"key":"REST"},{"data":"Neutralize","floor":15,"key":"SMITH"}],"circlet_count":0,"master_deck":["Strike_G","Strike_G","Strike_G","Strike_G","Strike_G","Defend_G","Defend_G","Defend_G","Defend_G","Defend_G","Survivor","Neutralize+1","Accuracy","Sucker Punch","Flying Knee","Caltrops","conspire:SpireCoStock","Terror+1","conspire:PoisonWeapons","ReplayTheSpireMod:Scrap Shanks","Outmaneuver"],"relics":["Replay:Bronze Core","MealTicket","infinitespire:FocusingShard","Akabeko","StuffTheSpire:DarkSteelAnvil"],"acts_visited":["Exordium"],"potions_floor_usage":[6],"damage_taken":[{"damage":0,"enemies":"Small Slimes","floor":1,"turns":3},{"damage":0,"enemies":"2 Louse","floor":2,"turns":3},{"damage":1,"enemies":"Cultist","floor":3,"turns":4},{"damage":3,"enemies":"conspire:2 RoseBushes","floor":4,"turns":9},{"damage":17,"enemies":"3 Sentries","floor":6,"turns":10},{"damage":18,"enemies":"Lagavulin","floor":8,"turns":10},{"damage":37,"enemies":"Gremlin Nob","floor":11,"turns":4},{"damage":5,"enemies":"2 Fungi Beasts","floor":14,"turns":3},{"damage":44,"enemies":"Fading Forest","floor":16,"turns":7}],"seed_played":"163051661195816856","potions_obtained":[{"floor":1,"key":"Toxic Potion"},{"floor":6,"key":"Languid Potion"},{"floor":14,"key":"SteroidPotion"}],"is_trial":false,"path_per_floor":["M","M","M","M","?","E","R","E","T","R","E","?","R","M","R","B"],"character_chosen":"THE_SILENT","items_purchased":[],"campfire_rested":2,"item_purchase_floors":[],"current_hp_per_floor":[70,70,69,66,66,49,49,31,31,52,15,15,36,31,31,0,0],"gold":243,"neow_bonus":"BOSS_RELIC","is_daily":false,"chose_seed":false,"campfire_upgraded":2,"win_rate":0.0,"timestamp":1614166088,"path_taken":["M","M","M","M","?","E","R","E","T","R","E","?","R","?","R","BOSS"],"items_purchased_type":[],"build_version":"2020-12-22","purchased_purges":0,"victory":false,"max_hp_per_floor":[70,70,70,70,70,70,70,70,70,70,70,70,70,70,70,70,70],"relic_stats":{"counters":[9,53],"MealTicket":0,"obtain_stats":[{"Replay:Bronze Core":0,"MealTicket":6,"StuffTheSpire:DarkSteelAnvil":12,"infinitespire:FocusingShard":8,"Akabeko":11,"Ring of the Snake":0},{"Replay:Bronze Core":0,"MealTicket":5,"StuffTheSpire:DarkSteelAnvil":7,"infinitespire:FocusingShard":6,"Akabeko":7,"Ring of the Snake":0},{"Replay:Bronze Core":0,"MealTicket":29,"StuffTheSpire:DarkSteelAnvil":43,"infinitespire:FocusingShard":39,"Akabeko":43,"Ring of the Snake":0}]},"card_choices":[{"not_picked":["Draining Mist","Dash"],"picked":"Accuracy","floor":1},{"not_picked":["Flying Knee","Dodge and Roll"],"picked":"Sucker Punch","floor":2},{"not_picked":["Eviscerate","Backflip"],"picked":"Flying Knee","floor":3},{"not_picked":["Hidden Blade","Outmaneuver"],"picked":"Caltrops","floor":4},{"not_picked":["Slice","Burst"],"picked":"Terror","floor":6},{"not_picked":["ReplayTheSpireMod:Shiv Toss","Sucker Punch"],"picked":"conspire:PoisonWeapons","floor":8},{"not_picked":["Dodge and Roll","Flying Knee"],"picked":"ReplayTheSpireMod:Scrap Shanks","floor":11},{"not_picked":["hubris:SlightOfHand","ReplayTheSpireMod:Shiv Toss"],"picked":"Outmaneuver","floor":14}],"player_experience":1861975,"relics_obtained":[{"floor":6,"key":"MealTicket"},{"floor":8,"key":"infinitespire:FocusingShard"},{"floor":11,"key":"Akabeko"}],"event_choices":[{"damage_healed":0,"gold_gain":0,"player_choice":"Invest 2","damage_taken":0,"max_hp_gain":0,"max_hp_loss":0,"event_name":"conspire:Investor","floor":5,"gold_loss":0},{"cards_removed":["conspire:SpireCoStock"],"damage_healed":0,"gold_gain":0,"player_choice":"Gave Card","damage_taken":0,"relics_obtained":["StuffTheSpire:DarkSteelAnvil"],"max_hp_gain":0,"max_hp_loss":0,"event_name":"WeMeetAgain","floor":12,"gold_loss":0}],"is_beta":false,"boss_relics":[],"items_purged_floors":[],"is_endless":false,"potions_floor_spawned":[1,6,14],"killed_by":"Fading Forest","ascension_level":1}}