{"host":"iovigr651ajk16h5","time":1614137856,"event":{"mods":["2.2 Compatiblity","AchievementEnabler","Aspiration","BaseMod","Better Altar","Better Match","Better Note","Better Sensory Stone","Better Skull","Better Third Choice","Block Reminder","CapriCore","Colored Map","Ekko","Energized Spire","GifTheSpireLib","GungeonMod","Halation","Hermit","Highlight Path","Hubris","Infinite Spire","Koishi","Luminous","Marisa????????","Minty Spire (QoL Compilation)","Nova Terra(??·??)","Onozuka Komachi Mod","Permanent Neow","Prisma Mod","Quick Restart","Railgun Mod","Remilia??????","Replay The Spire","StSLib","Stuff the Spire","Td1madao Mod","The Administrix","The Bladedancer","The Bug Knight","The Construct","The Exalted","The Immortal","The Marked","The Problem Sleuth","The Servant 0.9.4","TheFirefly","TheSwordswoman","Trackpad","Waifu the Spire","WarShipGirlsR/????R mod","everything is the same but u backflip on backflip"],"gold_per_floor":[119,91,108,108,108,141,141,141,167,184,199,73,102,102,102,206,206,225,225,239,259,259,285,285,285,285,285,305,305,320,353,353,353,353],"floor_reached":33,"language":"ENG","playtime":1049,"items_purged":["Injury"],"score":343,"play_id":"3e5563d2-9a5b-4bd4-9c7e-b4295fd9d795","local_time":"20210223223736","is_ascension_mode":false,"campfire_choices":[{"floor":7,"key":"REST"},{"floor":15,"key":"REST"},{"floor":24,"key":"REST"},{"floor":27,"key":"RECALL"},{"floor":32,"key":"REST"}],"circlet_count":0,"master_deck":["theMarked:Strike","theMarked:Strike","theMarked:Strike","theMarked:Strike","theMarked:Strike","theMarked:Defend","theMarked:Defend","theMarked:Defend","theMarked:Defend","theMarked:SoldierOfQuellstein","theMarked:Friction","theMarked:PowerFlow+1","theMarked:Friction+1","theMarked:ChainLightning+1","theMarked:UnarmedFury+1","theMarked:RepellingDischarge","theMarked:EternalStudent","theMarked:GodGivenPower+1","theMarked:EmpowerWeapon+1","theMarked:Aftermath+1","theMarked:Maelstrom+1"],"relics":["theMarked:ArtifactOfAir","NeowsBlessing","Molten Egg 2","hubris:EvacipatedBox","Tiny Chest","trackpad:BottledShadow","trackpad:CultistFigurine","Bromod:ArcaneGuardian","Bromod:ArcaneEnergize","DemoMod:ClearGuonStone","ReplayFunnel","Replay:Bottled Eggs","Ice Cream"],"acts_visited":["Exordium","TheCity"],"potions_floor_usage":[16,21,31],"damage_taken":[{"damage":0,"enemies":"Small Slimes","floor":1,"turns":1},{"damage":0,"enemies":"2 Louse","floor":3,"turns":1},{"damage":0,"enemies":"Lagavulin","floor":6,"turns":1},{"damage":0,"enemies":"Jaw Worm","floor":10,"turns":2},{"damage":14,"enemies":"Lots of Slimes","floor":11,"turns":3},{"damage":0,"enemies":"Gremlin Nob","floor":13,"turns":2},{"damage":70,"enemies":"Hexaghost","floor":16,"turns":9},{"damage":10,"enemies":"Shell Parasite","floor":18,"turns":3},{"damage":5,"enemies":"Chosen","floor":20,"turns":4},{"damage":0,"enemies":"Sentry and Sphere","floor":21,"turns":3},{"damage":10,"enemies":"Book of Stabbing","floor":23,"turns":4},{"damage":4,"enemies":"Cultist and Chosen","floor":28,"turns":4},{"damage":5,"enemies":"Shelled Parasite and Fungi","floor":30,"turns":4},{"damage":54,"enemies":"Gremlin Leader","floor":31,"turns":6},{"damage":27,"enemies":"hubris:MusketHawk","floor":33,"turns":4}],"seed_played":"8402739892227039173","potions_obtained":[{"floor":1,"key":"Elixir"},{"floor":13,"key":"LiquidBronze"},{"floor":16,"key":"Strength Potion"},{"floor":18,"key":"DistilledChaos"},{"floor":21,"key":"FearPotion"},{"floor":23,"key":"PowerPotion"},{"floor":31,"key":"SpeedPotion"}],"is_trial":false,"path_per_floor":["M","?","M","?","$","E","R","T","T","M","M","$","E","T","R","B",null,"M","?","M","M","?","E","R","?","T","R","M","T","M","E","R_BF","B"],"character_chosen":"THE_DEFAULT","items_purchased":["hubris:EvacipatedBox","theMarked:RepellingDischarge"],"campfire_rested":4,"item_purchase_floors":[5,12],"current_hp_per_floor":[72,72,72,72,53,53,72,72,72,72,58,58,58,58,72,2,72,62,62,57,57,57,47,68,68,68,68,64,64,59,5,26,0,0],"gold":353,"neow_bonus":"THREE_ENEMY_KILL","is_daily":false,"chose_seed":false,"campfire_upgraded":0,"win_rate":0.0,"timestamp":1614137856,"path_taken":["M","?","M","?","?","E","R","?","T","M","?","?","E","?","R","BOSS","M","?","M","M","?","E","R","?","T","R","M","?","M","E","R_BF","BOSS"],"items_purchased_type":["Relic","Card"],"build_version":"2020-12-22","purchased_purges":1,"victory":false,"max_hp_per_floor":[72,72,72,72,72,72,72,72,72,72,72,72,72,72,72,72,72,72,72,72,72,72,72,72,72,72,72,72,72,72,72,72,72,72],"card_choices":[{"not_picked":["theMarked:Heritage","theMarked:TwofoldDefense"],"picked":"theMarked:Friction","floor":1},{"not_picked":["theMarked:Parkour","theMarked:TwofoldDefense"],"picked":"theMarked:PowerFlow","floor":3},{"not_picked":["theMarked:ContemptForTheProud+1","theMarked:ShockingTouch+1"],"picked":"theMarked:Friction","floor":6},{"not_picked":["theMarked:TwofoldDefense","theMarked:WardOff"],"picked":"theMarked:ChainLightning+1","floor":10},{"not_picked":["theMarked:TakeCover","theMarked:WastefulAttack+1"],"picked":"theMarked:UnarmedFury+1","floor":11},{"not_picked":["theMarked:TakeCover","theMarked:Improvise","theMarked:Parkour+1"],"picked":"SKIP","floor":13},{"not_picked":["theMarked:Defy+1","theMarked:ThrowWeapon+1"],"picked":"theMarked:EternalStudent","floor":16},{"not_picked":["theMarked:ChainLightning+1","theMarked:Improvise+1"],"picked":"theMarked:GodGivenPower+1","floor":18},{"not_picked":["theMarked:Improvise","theMarked:ResourceFulStrike+1","theMarked:RepellingDischarge"],"picked":"SKIP","floor":20},{"not_picked":["theMarked:Memento+1","theMarked:Convert","theMarked:HeightenedSenses"],"picked":"SKIP","floor":21},{"not_picked":["theMarked:PowerFlow+1","theMarked:TunnelVision+1"],"picked":"theMarked:EmpowerWeapon+1","floor":23},{"not_picked":["theMarked:Toughness","theMarked:HeightenedSenses+1","theMarked:WastefulAttack+1"],"picked":"SKIP","floor":28},{"not_picked":["theMarked:SelfDefenseTraining+1","theMarked:ElectricStrings+1"],"picked":"theMarked:Aftermath+1","floor":30},{"not_picked":["theMarked:SwordAndMagic+1","theMarked:HeightenedSenses"],"picked":"theMarked:Maelstrom+1","floor":31}],"player_experience":407530,"relics_obtained":[{"floor":6,"key":"Tiny Chest"},{"floor":8,"key":"trackpad:BottledShadow"},{"floor":9,"key":"trackpad:CultistFigurine"},{"floor":13,"key":"Bromod:ArcaneGuardian"},{"floor":23,"key":"DemoMod:ClearGuonStone"},{"floor":26,"key":"ReplayFunnel"},{"floor":29,"key":"Replay:Bottled Eggs"},{"floor":31,"key":"Ice Cream"}],"event_choices":[{"damage_healed":0,"gold_gain":0,"player_choice":"Left","damage_taken":0,"max_hp_gain":0,"max_hp_loss":0,"event_name":"betterThird:BetterGoop","floor":2,"gold_loss":28},{"damage_healed":0,"gold_gain":0,"player_choice":"Upgraded","damage_taken":0,"max_hp_gain":0,"max_hp_loss":0,"event_name":"Upgrade Shrine","floor":19,"gold_loss":0,"cards_upgraded":["theMarked:Friction"]},{"damage_healed":0,"gold_gain":0,"player_choice":"Got Potions","damage_taken":0,"max_hp_gain":0,"max_hp_loss":0,"event_name":"Lab","floor":22,"gold_loss":0},{"damage_healed":0,"gold_gain":0,"player_choice":"Ignored","damage_taken":0,"max_hp_gain":0,"max_hp_loss":0,"event_name":"N\u0027loth","floor":25,"gold_loss":0}],"is_beta":false,"boss_relics":[{"not_picked":["Bromod:ArcaneGrace","energizedSpire:StickyHand","Replay:Ancient Bell"],"picked":"Bromod:ArcaneEnergize"}],"items_purged_floors":[12],"is_endless":false,"potions_floor_spawned":[1,13,16,18,21,23,31],"killed_by":"hubris:MusketHawk","ascension_level":0}}