{"host":"i1peby39mt3us2ef","time":1614202687,"event":{"mods":["BaseMod","Better Altar","Better Match","Better Note","Better Sensory Stone","Better Skull","Downfall","Minty Spire (QoL Compilation)","Reliquary","Replay The Spire","StSLib"],"gold_per_floor":[112,129,146,71,16,16,29,29,55,80,80,80,96,129,129,129,129],"floor_reached":16,"language":"ENG","playtime":1037,"items_purged":["ReplayTheSpireMod:Splinters"],"score":102,"play_id":"bc3bff8b-7a91-4d10-82fd-a7d4ba1123ac","local_time":"20210224143807","is_ascension_mode":false,"campfire_choices":[{"data":"Time Bomb","floor":6,"key":"SMITH"},{"floor":11,"key":"REST"},{"floor":15,"key":"REST"}],"circlet_count":0,"master_deck":["Strike_B","Strike_B","Strike_B","Strike_B","Defend_B","Defend_B","Defend_B","Defend_B","Zap","Dualcast","Time Bomb+1","Skim","Gash","Doom and Gloom+1","Cold Snap","Compile Driver","Rebound","ReplayTheSpireMod:GoodbyeWorld"],"relics":["Cracked Core","reliquary:OuijaBoard","Golden Idol","Boot","Blood Vial"],"acts_visited":["Exordium"],"potions_floor_usage":[16],"damage_taken":[{"damage":0,"enemies":"Cultist","floor":1,"turns":4},{"damage":6,"enemies":"Jaw Worm","floor":2,"turns":4},{"damage":3,"enemies":"2 Louse","floor":3,"turns":3},{"damage":28,"enemies":"Exordium Thugs","floor":7,"turns":4},{"damage":12,"enemies":"3 Louse","floor":10,"turns":3},{"damage":2,"enemies":"2 Fungi Beasts","floor":13,"turns":3},{"damage":14,"enemies":"Replay:BlueRogue","floor":14,"turns":5},{"damage":38,"enemies":"Slime Boss","floor":16,"turns":6}],"seed_played":"-4198691515587156444","potions_obtained":[{"floor":7,"key":"DuplicationPotion"},{"floor":10,"key":"ColorlessPotion"}],"is_trial":false,"path_per_floor":["M","M","M","$","$","R","M","?","T","M","R","T","M","E","R","B"],"character_chosen":"DEFECT","items_purchased":["Doom and Gloom+1"],"campfire_rested":2,"item_purchase_floors":[5],"current_hp_per_floor":[75,69,66,66,66,66,38,20,20,8,30,30,28,14,36,0,0],"gold":129,"neow_bonus":"ONE_RARE_RELIC","is_daily":false,"chose_seed":false,"campfire_upgraded":1,"win_rate":0.0,"timestamp":1614202687,"path_taken":["M","M","M","?","$","R","?","?","T","M","R","?","M","E","R","BOSS"],"items_purchased_type":["Card"],"build_version":"2020-12-22","purchased_purges":1,"victory":false,"max_hp_per_floor":[75,75,75,75,75,75,75,75,75,75,75,75,75,75,75,75,75],"card_choices":[{"not_picked":["Barrage","Aggregate"],"picked":"Time Bomb","floor":1},{"not_picked":["Double Energy","Steam"],"picked":"Skim","floor":2},{"not_picked":["Darkness","BootSequence"],"picked":"Gash","floor":3},{"not_picked":["Rip and Tear","Streamline"],"picked":"Cold Snap","floor":7},{"not_picked":["BasicCrystalCard","ReplayTheSpireMod:System Scan"],"picked":"Compile Driver","floor":10},{"not_picked":["Steam","Aggregate"],"picked":"Rebound","floor":13},{"not_picked":["Stack","Darkness"],"picked":"ReplayTheSpireMod:GoodbyeWorld","floor":14}],"player_experience":93052,"relics_obtained":[{"floor":9,"key":"Boot"},{"floor":14,"key":"Blood Vial"}],"event_choices":[{"damage_healed":0,"gold_gain":0,"player_choice":"Take Damage","damage_taken":18,"relics_obtained":["Golden Idol"],"max_hp_gain":0,"max_hp_loss":0,"event_name":"Golden Idol","floor":8,"gold_loss":0}],"is_beta":false,"boss_relics":[],"items_purged_floors":[4],"is_endless":false,"potions_floor_spawned":[7,10],"killed_by":"Slime Boss","ascension_level":0}}