{"host":"6406jj8da6015sxr","time":1614177287,"event":{"mods":["AchievementEnabler","BaseMod","Colored Map","DeckTracker","Keyboard Shortcuts","Minty Spire (QoL Compilation)","Permanent Neow","Relic Stats","SuperFastMode","everything is the same but u backflip on backflip"],"gold_per_floor":[51,87,162,217,217,217,0,0,0,55,20,63,63,95,107,119,119],"floor_reached":16,"language":"KOR","playtime":483,"items_purged":["Strike_G"],"score":266,"play_id":"59a2e630-4dc7-48e9-b30e-6d43248ee9da","local_time":"20210224233447","is_ascension_mode":true,"campfire_choices":[{"data":"HandOfGreed","floor":6.0,"key":"SMITH"},{"data":"Dagger Spray","floor":8.0,"key":"SMITH"},{"data":"Neutralize","floor":15.0,"key":"SMITH"}],"circlet_count":0,"master_deck":["AscendersBane","Strike_G","Strike_G","Strike_G","Defend_G","Defend_G","Defend_G","Defend_G","Defend_G","Survivor","Neutralize+1","HandOfGreed+1","Flying Knee","Dagger Spray","Deflect","Dagger Spray+1","Catalyst","Reflex","Tools of the Trade","Well Laid Plans"],"relics":["Ring of the Snake","Gremlin Horn","FossilizedHelix","Strawberry","MawBank"],"acts_visited":["Exordium"],"potions_floor_usage":[],"damage_taken":[{"damage":5.0,"enemies":"Small Slimes","floor":1.0,"turns":5.0},{"damage":2.0,"enemies":"Jaw Worm","floor":2.0,"turns":6.0},{"damage":3.0,"enemies":"2 Louse","floor":4.0,"turns":4.0},{"damage":15.0,"enemies":"Lagavulin","floor":10.0,"turns":5.0},{"damage":0.0,"enemies":"Exordium Wildlife","floor":12.0,"turns":2.0},{"damage":0.0,"enemies":"Gremlin Nob","floor":14.0,"turns":3.0},{"damage":33,"enemies":"Hexaghost","floor":16,"turns":12}],"seed_played":"-9039926368627395368","potions_obtained":[{"floor":4.0,"key":"Strength Potion"},{"floor":12.0,"key":"Poison Potion"}],"is_trial":false,"path_per_floor":["M","M","?","M","?","R","$","R","T","E","?","M","?","E","R","B"],"character_chosen":"THE_SILENT","items_purchased":["Dagger Spray","LiquidMemories"],"campfire_rested":0,"item_purchase_floors":[7,7],"current_hp_per_floor":[54,52,41,38,33,33,33,33,33,25,43,43,43,43,43,10,10],"gold":119,"neow_bonus":"RANDOM_COLORLESS_2","is_daily":false,"chose_seed":false,"campfire_upgraded":3,"win_rate":0.0,"timestamp":1614177287,"path_taken":["M","M","?","M","?","R","?","R","T","E","?","M","?","E","R","BOSS"],"items_purchased_type":["Card","Potion"],"build_version":"2020-12-22","purchased_purges":1,"victory":false,"max_hp_per_floor":[66,66,66,66,66,66,66,66,66,73,73,73,73,73,73,73,73],"relic_stats":{"Gremlin Horn":[1,1],"counters":[7,37],"MawBank":24,"obtain_stats":[{"Gremlin Horn":5,"Strawberry":10,"MawBank":14,"FossilizedHelix":9,"Ring of the Snake":0},{"Gremlin Horn":3,"Strawberry":4,"MawBank":6,"FossilizedHelix":3,"Ring of the Snake":0},{"Gremlin Horn":15,"Strawberry":20,"MawBank":25,"FossilizedHelix":15,"Ring of the Snake":0}],"Ring of the Snake":[14]},"card_choices":[{"not_picked":["Master of Strategy","Chrysalis"],"picked":"HandOfGreed","floor":0.0},{"not_picked":["PiercingWail","Setup"],"picked":"Flying Knee","floor":1.0},{"not_picked":["Deflect","Bane"],"picked":"Dagger Spray","floor":2.0},{"not_picked":["Bane","Prepared"],"picked":"Deflect","floor":4.0},{"not_picked":["Poisoned Stab","Flechettes"],"picked":"Catalyst","floor":10.0},{"not_picked":["Skewer","Backflip"],"picked":"Reflex","floor":12.0},{"not_picked":["Dash","Acrobatics"],"picked":"Well Laid Plans","floor":14.0}],"player_experience":102822,"relics_obtained":[{"floor":9.0,"key":"FossilizedHelix"},{"floor":10.0,"key":"Strawberry"},{"floor":14.0,"key":"MawBank"}],"event_choices":[{"damage_healed":0.0,"max_hp_gain":0.0,"max_hp_loss":0.0,"gold_gain":75.0,"event_name":"World of Goop","player_choice":"Gather Gold","floor":3.0,"gold_loss":0.0,"damage_taken":11.0},{"damage_healed":0.0,"max_hp_gain":0.0,"max_hp_loss":0.0,"gold_gain":0.0,"event_name":"Scrap Ooze","player_choice":"Success","floor":5.0,"gold_loss":0.0,"damage_taken":5.0,"relics_obtained":["Gremlin Horn"]},{"damage_healed":18.0,"max_hp_gain":0.0,"max_hp_loss":0.0,"gold_gain":0.0,"event_name":"The Cleric","player_choice":"Healed","floor":11.0,"gold_loss":35.0,"damage_taken":0.0},{"damage_healed":0.0,"max_hp_gain":0.0,"max_hp_loss":0.0,"gold_gain":0.0,"cards_transformed":["Strike_G"],"event_name":"Living Wall","player_choice":"Change","floor":13.0,"gold_loss":0.0,"damage_taken":0.0,"cards_obtained":["Tools of the Trade"]}],"is_beta":false,"boss_relics":[],"items_purged_floors":[7],"is_endless":false,"potions_floor_spawned":[4,12],"killed_by":"Hexaghost","ascension_level":20}}