{"host":"prxrhpgaxnj4om9r","time":1614130513,"event":{"mods":["AchievementEnabler","BaseMod","Colored Map","DeckTracker","Minty Spire (QoL Compilation)"],"gold_per_floor":[116,116,116,116,130,130,155,166,192,192,227,242,49,62,62,166,166,182,182,97,112,124,124,138,138,138,138,138,138,149,176,176,280,280,299,324,60,75,88,88,88],"floor_reached":40,"language":"KOR","playtime":1718,"items_purged":["Writhe"],"score":598,"play_id":"f85775d2-b675-4fdf-a03c-3de250e710e2","local_time":"20210224103513","is_ascension_mode":true,"campfire_choices":[{"data":"Envenom","floor":6,"key":"SMITH"},{"floor":10,"key":"REST"},{"floor":15,"key":"REST"},{"floor":23,"key":"REST"},{"data":"After Image","floor":29,"key":"SMITH"},{"floor":32,"key":"REST"}],"circlet_count":0,"master_deck":["Survivor","Neutralize","Dark Shackles","Acrobatics","Envenom+1","Footwork","All Out Attack","Dagger Spray","Corpse Explosion","Poisoned Stab","Flying Knee","After Image+1","CurseOfTheBell","Leg Sweep+1","Deflect","Bane+1","Sucker Punch+1","Blur","Reflex","Dodge and Roll+1","Storm of Steel","Unload","All Out Attack","Dodge and Roll","Choke","Distraction","Finisher","Infinite Blades","Backflip","Deadly Poison","Dagger Throw+1","Deadly Poison+1"],"relics":["Ring of the Snake","Art of War","Boot","Singing Bowl","Vajra","Calling Bell","Bag of Marbles","Mercury Hourglass","Ginger","Tiny Chest","Pear","Bag of Preparation","Snake Skull","Pandora\u0027s Box","Ancient Tea Set","ClockworkSouvenir"],"acts_visited":["Exordium","TheCity","TheBeyond"],"potions_floor_usage":[7,11,11,12,22,31,31,33],"damage_taken":[{"damage":7,"enemies":"2 Louse","floor":1,"turns":3},{"damage":0,"enemies":"Small Slimes","floor":5,"turns":4},{"damage":33,"enemies":"Gremlin Nob","floor":7,"turns":5},{"damage":2,"enemies":"Cultist","floor":8,"turns":4},{"damage":19,"enemies":"Lagavulin","floor":11,"turns":4},{"damage":2,"enemies":"2 Fungi Beasts","floor":12,"turns":2},{"damage":1,"enemies":"Looter","floor":14,"turns":3},{"damage":22,"enemies":"Hexaghost","floor":16,"turns":9},{"damage":20,"enemies":"Chosen","floor":18,"turns":5},{"damage":20,"enemies":"Shell Parasite","floor":21,"turns":5},{"damage":4,"enemies":"Sentry and Sphere","floor":22,"turns":4},{"damage":18,"enemies":"Centurion and Healer","floor":24,"turns":3},{"damage":31,"enemies":"Shelled Parasite and Fungi","floor":30,"turns":7},{"damage":18,"enemies":"Gremlin Leader","floor":31,"turns":7},{"damage":31,"enemies":"Automaton","floor":33,"turns":10},{"damage":7,"enemies":"3 Shapes","floor":35,"turns":5},{"damage":0,"enemies":"3 Darklings","floor":38,"turns":2},{"damage":19,"enemies":"Maw","floor":39,"turns":7},{"damage":79,"enemies":"Reptomancer","floor":40,"turns":5}],"seed_played":"1391420771256566286","potions_obtained":[{"floor":5,"key":"CunningPotion"},{"floor":7,"key":"Poison Potion"},{"floor":8,"key":"PowerPotion"},{"floor":11,"key":"GhostInAJar"},{"floor":18,"key":"SpeedPotion"},{"floor":21,"key":"GhostInAJar"},{"floor":22,"key":"Swift Potion"},{"floor":30,"key":"Swift Potion"},{"floor":39,"key":"FairyPotion"}],"is_trial":false,"path_per_floor":["M","?","?","?","M","R","E","M","T","R","E","M","$","M","R","B",null,"M","?","?","M","M","R","M","?","T","?","?","R","M","E","R","B",null,"M","T","$","M","M","E"],"character_chosen":"THE_SILENT","items_purchased":["Vajra","Poisoned Stab","ClockworkSouvenir","Deadly Poison"],"campfire_rested":4,"item_purchase_floors":[13,13,37,37],"current_hp_per_floor":[56,61,61,61,61,61,28,26,26,48,29,29,29,28,51,29,65,45,70,70,50,46,69,51,51,61,61,61,61,32,14,40,9,69,62,62,62,62,43,0,0],"gold":88,"neow_bonus":"RANDOM_COLORLESS","is_daily":false,"chose_seed":false,"campfire_upgraded":2,"win_rate":0.0,"timestamp":1614130513,"path_taken":["M","?","?","?","M","R","E","M","T","R","E","M","$","M","R","BOSS","M","?","?","M","M","R","M","?","T","?","?","R","M","E","R","BOSS","M","?","$","M","?","E"],"items_purchased_type":["Relic","Card","Relic","Card"],"build_version":"2020-12-22","purchased_purges":1,"victory":false,"max_hp_per_floor":[70,75,75,75,75,75,75,75,75,75,75,77,77,77,77,77,77,77,77,77,77,77,77,77,77,87,87,87,87,89,89,89,89,89,89,89,89,89,89,89,89],"card_choices":[{"not_picked":["Panacea","Good Instincts"],"picked":"Dark Shackles","floor":0},{"not_picked":["Crippling Poison","Terror"],"picked":"Acrobatics","floor":1},{"not_picked":["Deadly Poison","Dagger Throw"],"picked":"Footwork","floor":5},{"not_picked":["Slice","Bouncing Flask"],"picked":"All Out Attack","floor":7},{"not_picked":["Calculated Gamble","Setup"],"picked":"Dagger Spray","floor":8},{"not_picked":["Calculated Gamble","Escape Plan"],"picked":"Corpse Explosion","floor":11},{"not_picked":["Dagger Spray","Quick Slash","Heel Hook"],"picked":"Singing Bowl","floor":12},{"not_picked":["Sucker Punch","Slice"],"picked":"Flying Knee","floor":14},{"not_picked":["Corpse Explosion","Tools of the Trade"],"picked":"After Image","floor":16},{"not_picked":["Slice","Dagger Throw"],"picked":"Leg Sweep+1","floor":18},{"not_picked":["Riddle With Holes","Quick Slash"],"picked":"Deflect","floor":21},{"not_picked":["Underhanded Strike","Concentrate"],"picked":"Bane+1","floor":22},{"not_picked":["After Image","Infinite Blades"],"picked":"Sucker Punch+1","floor":24},{"not_picked":["Deflect","Bane+1","Catalyst"],"picked":"Singing Bowl","floor":30},{"not_picked":["Bouncing Flask","Cloak And Dagger"],"picked":"Dodge and Roll+1","floor":31},{"not_picked":["Night Terror","Grand Finale"],"picked":"Storm of Steel","floor":33},{"not_picked":["Tactician","Prepared+1"],"picked":"Backflip","floor":35},{"not_picked":["Masterful Stab","Leg Sweep"],"picked":"Dagger Throw+1","floor":38},{"not_picked":["Infinite Blades+1","Predator"],"picked":"Deadly Poison+1","floor":39}],"player_experience":617960,"relics_obtained":[{"floor":7,"key":"Art of War"},{"floor":9,"key":"Boot"},{"floor":11,"key":"Singing Bowl"},{"floor":17,"key":"Bag of Marbles"},{"floor":17,"key":"Mercury Hourglass"},{"floor":17,"key":"Ginger"},{"floor":26,"key":"Pear"},{"floor":31,"key":"Snake Skull"},{"floor":36,"key":"Ancient Tea Set"}],"event_choices":[{"damage_healed":0,"gold_gain":0,"player_choice":"Donut","damage_taken":0,"max_hp_gain":5,"max_hp_loss":0,"event_name":"Big Fish","floor":2,"gold_loss":0},{"damage_healed":0,"gold_gain":0,"player_choice":"Leave","damage_taken":0,"max_hp_gain":0,"max_hp_loss":0,"event_name":"The Cleric","floor":3,"gold_loss":0},{"damage_healed":0,"gold_gain":0,"cards_transformed":["Defend_G"],"player_choice":"Change","damage_taken":0,"max_hp_gain":0,"max_hp_loss":0,"event_name":"Living Wall","floor":4,"gold_loss":0,"cards_obtained":["Envenom"]},{"damage_healed":25,"gold_gain":0,"player_choice":"Heal","damage_taken":0,"max_hp_gain":0,"max_hp_loss":0,"event_name":"The Library","floor":19,"gold_loss":0},{"damage_healed":0,"gold_gain":0,"player_choice":"Obtained Relic","damage_taken":0,"relics_obtained":["Tiny Chest"],"max_hp_gain":0,"max_hp_loss":0,"event_name":"Addict","floor":20,"gold_loss":85},{"damage_healed":0,"gold_gain":0,"cards_transformed":["Defend_G","Defend_G"],"player_choice":"Became Test Subject","damage_taken":0,"max_hp_gain":0,"max_hp_loss":0,"event_name":"Drug Dealer","floor":25,"gold_loss":0,"cards_obtained":["Blur","Reflex"]},{"damage_healed":0,"gold_gain":0,"player_choice":"Opened","damage_taken":0,"relics_obtained":["Bag of Preparation"],"max_hp_gain":0,"max_hp_loss":0,"event_name":"The Mausoleum","floor":27,"gold_loss":0,"cards_obtained":["Writhe"]},{"damage_healed":0,"gold_gain":0,"player_choice":"Ignored","damage_taken":0,"max_hp_gain":0,"max_hp_loss":0,"event_name":"Ghosts","floor":28,"gold_loss":0}],"is_beta":false,"boss_relics":[{"not_picked":["Black Star","Fusion Hammer"],"picked":"Calling Bell"},{"not_picked":["SlaversCollar","Empty Cage"],"picked":"Pandora\u0027s Box"}],"items_purged_floors":[37],"is_endless":false,"potions_floor_spawned":[5,7,8,11,18,21,22,30,39],"killed_by":"Reptomancer","ascension_level":6}}