{"host":"js2su9tbbk4rmjfl","time":1614192504,"event":{"mods":["AchievementEnabler","BaseMod","Block Reminder","Colored Map","Colored Powertips","Highlight Path","Minty Spire (QoL Compilation)","Relic Stats"],"gold_per_floor":[111,61,61,76,26,26,36,36,60,60,78,28,28,40,40,40,40],"floor_reached":16,"language":"ENG","playtime":410,"items_purged":["Strike_R","Defend_R","Strike_R"],"score":176,"play_id":"68692330-3030-40ca-9a4a-9182e9667a72","local_time":"20210224194824","is_ascension_mode":true,"campfire_choices":[{"data":"Cleave","floor":6,"key":"SMITH"},{"data":"Uppercut","floor":8,"key":"SMITH"},{"data":"Defend_R","floor":10,"key":"SMITH"},{"data":"Power Through","floor":13,"key":"SMITH"},{"data":"Defend_R","floor":15,"key":"SMITH"}],"circlet_count":0,"master_deck":["AscendersBane","Strike_R+1","Strike_R+1","Strike_R","Defend_R+1","Defend_R+1","Defend_R+1","Bash+1","Cleave+1","Uppercut+1","Power Through+1"],"relics":["Burning Blood","Smiling Mask","Whetstone"],"acts_visited":["Exordium"],"potions_floor_usage":[16],"damage_taken":[{"damage":11,"enemies":"2 Louse","floor":1,"turns":2},{"damage":1,"enemies":"Small Slimes","floor":4,"turns":3},{"damage":0,"enemies":"Cultist","floor":7,"turns":3},{"damage":7,"enemies":"2 Fungi Beasts","floor":11,"turns":4},{"damage":11,"enemies":"Exordium Wildlife","floor":14,"turns":3},{"damage":49,"enemies":"Slime Boss","floor":16,"turns":8}],"seed_played":"-7819017120636196272","potions_obtained":[{"floor":7,"key":"Dexterity Potion"}],"is_trial":false,"path_per_floor":["M","$","?","M","$","R","M","R","T","R","M","$","R","M","R","B"],"character_chosen":"IRONCLAD","items_purchased":[],"campfire_rested":0,"item_purchase_floors":[],"current_hp_per_floor":[63,63,40,45,45,45,51,51,51,51,50,50,50,45,45,0,0],"gold":40,"neow_bonus":"RANDOM_COMMON_RELIC","is_daily":false,"chose_seed":false,"campfire_upgraded":5,"win_rate":0.0,"timestamp":1614192504,"path_taken":["M","$","?","M","$","R","M","R","T","R","M","$","R","M","R","BOSS"],"items_purchased_type":[],"build_version":"2020-12-22","purchased_purges":3,"victory":false,"max_hp_per_floor":[75,75,75,75,75,75,75,75,75,75,75,75,75,75,75,75,75],"relic_stats":{"counters":[6,23],"Whetstone":["Strike_R","Strike_R"],"Smiling Mask":150,"obtain_stats":[{"Whetstone":9,"Smiling Mask":0,"Burning Blood":0},{"Whetstone":3,"Smiling Mask":0,"Burning Blood":0},{"Whetstone":8,"Smiling Mask":0,"Burning Blood":0}],"Burning Blood":30},"card_choices":[{"not_picked":["Shrug It Off","Second Wind"],"picked":"Cleave","floor":1},{"not_picked":["Armaments","Heavy Blade","Cleave"],"picked":"SKIP","floor":4},{"not_picked":["Iron Wave","Warcry"],"picked":"Uppercut","floor":7},{"not_picked":["Carnage","Blood for Blood"],"picked":"Power Through","floor":11},{"not_picked":["Havoc","Evolve","Perfected Strike"],"picked":"SKIP","floor":14}],"player_experience":916977,"relics_obtained":[{"floor":9,"key":"Whetstone"}],"event_choices":[{"damage_healed":0,"gold_gain":0,"player_choice":"Entered Light","damage_taken":23,"max_hp_gain":0,"max_hp_loss":0,"event_name":"Shining Light","floor":3,"gold_loss":0,"cards_upgraded":["Bash","Defend_R"]}],"is_beta":false,"boss_relics":[],"items_purged_floors":[2,5,12],"is_endless":false,"potions_floor_spawned":[7],"killed_by":"Slime Boss","ascension_level":19}}