{"host":"lsq35p0sdkx2xifo","time":1614158645,"event":{"mods":["AchievementEnabler","BaseMod","Highlight Path","Minty Spire (QoL Compilation)","StSLib"],"gold_per_floor":[117,136,61,61,76,102,102,122,146,146,157,157,157,185,185,264,264,240,253,68,68,68,68,100,100,126,155,155,155,155],"floor_reached":29,"language":"ENG","playtime":941,"items_purged":["Strike_R","Defend_R"],"score":563,"play_id":"50f67fb9-b788-4c06-87b8-d1302aad668a","local_time":"20210224012405","is_ascension_mode":true,"campfire_choices":[{"floor":7,"key":"REST"},{"data":"Combust","floor":10,"key":"SMITH"},{"data":"Bash","floor":13,"key":"SMITH"},{"floor":15,"key":"REST"},{"data":"Juggernaut","floor":23,"key":"SMITH"},{"floor":25,"key":"REST"}],"circlet_count":0,"master_deck":["AscendersBane","Defend_R","Defend_R","Defend_R","Bash+1","Blood for Blood+1","Combust+1","Intimidate","Clothesline","Second Wind","Flex","Hemokinesis","Juggernaut+1","Iron Wave+1","Warcry","Disarm","Bite","Bite","Bite","Bite","Bite"],"relics":["Burning Blood","Incense Burner","Juzu Bracelet","PreservedInsect","Vajra","Regal Pillow","SlaversCollar","Orichalcum","Bronze Scales","Matryoshka"],"acts_visited":["Exordium","TheCity"],"potions_floor_usage":[6,11,18,19],"damage_taken":[{"damage":4,"enemies":"Jaw Worm","floor":1,"turns":5},{"damage":7,"enemies":"2 Louse","floor":2,"turns":3},{"damage":1,"enemies":"Cultist","floor":5,"turns":3},{"damage":50,"enemies":"Lagavulin","floor":6,"turns":6},{"damage":6,"enemies":"Looter","floor":8,"turns":3},{"damage":1,"enemies":"2 Fungi Beasts","floor":11,"turns":3},{"damage":25,"enemies":"3 Sentries","floor":14,"turns":5},{"damage":42,"enemies":"Hexaghost","floor":16,"turns":8},{"damage":19,"enemies":"2 Thieves","floor":18,"turns":4},{"damage":7,"enemies":"Chosen","floor":19,"turns":4},{"damage":51,"enemies":"Slavers","floor":24,"turns":5},{"damage":33,"enemies":"Book of Stabbing","floor":27,"turns":4},{"damage":12,"enemies":"Colosseum Slavers","floor":28,"turns":4},{"damage":25,"enemies":"Shelled Parasite and Fungi","floor":29,"turns":1}],"seed_played":"385484281271626686","potions_obtained":[{"floor":2,"key":"Weak Potion"},{"floor":6,"key":"ColorlessPotion"},{"floor":8,"key":"ElixirPotion"},{"floor":11,"key":"SteroidPotion"},{"floor":18,"key":"Block Potion"}],"is_trial":false,"path_per_floor":["M","M","$","?","M","E","R","M","T","R","M","T","R","E","R","B",null,"M","M","$","?","?","R","E","R","T","E","?","M"],"character_chosen":"IRONCLAD","items_purchased":["Disarm"],"campfire_rested":3,"item_purchase_floors":[20],"current_hp_per_floor":[68,67,67,67,68,24,44,44,44,44,49,49,49,30,65,29,58,45,44,44,44,47,47,10,39,39,22,20,0,0],"gold":155,"neow_bonus":"ONE_RARE_RELIC","is_daily":false,"chose_seed":false,"campfire_upgraded":3,"win_rate":0.0,"timestamp":1614158645,"path_taken":["M","M","$","?","M","E","R","M","T","R","M","?","R","E","R","BOSS","M","M","$","?","?","R","E","R","T","E","?","M"],"items_purchased_type":["Card"],"build_version":"2020-12-22","purchased_purges":2,"victory":false,"max_hp_per_floor":[68,68,68,68,68,68,68,68,68,68,68,68,68,68,68,68,68,68,68,68,47,47,47,47,47,47,47,47,47,47],"card_choices":[{"not_picked":["Iron Wave","Clash"],"picked":"Blood for Blood","floor":1},{"not_picked":["Power Through","Clash"],"picked":"Combust","floor":2},{"not_picked":["Sever Soul","Thunderclap"],"picked":"Intimidate","floor":5},{"not_picked":["Sword Boomerang","Juggernaut"],"picked":"Clothesline","floor":6},{"not_picked":["Sword Boomerang","Clash"],"picked":"Second Wind","floor":8},{"not_picked":["Uppercut","Cleave"],"picked":"Flex","floor":11},{"not_picked":["Twin Strike","Flex"],"picked":"Hemokinesis","floor":14},{"not_picked":["Exhume","Corruption"],"picked":"Juggernaut","floor":16},{"not_picked":["Clothesline","Armaments"],"picked":"Iron Wave+1","floor":18},{"not_picked":["Second Wind","Sever Soul"],"picked":"Warcry","floor":19},{"not_picked":["Body Slam","Impervious","Perfected Strike"],"picked":"SKIP","floor":24},{"not_picked":["Second Wind","Body Slam+1","Heavy Blade"],"picked":"SKIP","floor":27}],"player_experience":1310424,"relics_obtained":[{"floor":6,"key":"Juzu Bracelet"},{"floor":9,"key":"PreservedInsect"},{"floor":12,"key":"Vajra"},{"floor":14,"key":"Regal Pillow"},{"floor":24,"key":"Orichalcum"},{"floor":26,"key":"Bronze Scales"},{"floor":27,"key":"Matryoshka"}],"event_choices":[{"damage_healed":0,"gold_gain":0,"player_choice":"Grow","damage_taken":0,"max_hp_gain":0,"max_hp_loss":0,"event_name":"Living Wall","floor":4,"gold_loss":0,"cards_upgraded":["Blood for Blood"]},{"damage_healed":0,"gold_gain":0,"player_choice":"Became a vampire","damage_taken":0,"max_hp_gain":0,"max_hp_loss":21,"event_name":"Vampires","floor":21,"gold_loss":0,"cards_obtained":["Bite","Bite","Bite","Bite","Bite"]},{"damage_healed":9,"gold_gain":0,"player_choice":"Heal","damage_taken":0,"max_hp_gain":0,"max_hp_loss":0,"event_name":"The Library","floor":22,"gold_loss":0},{"damage_healed":0,"gold_gain":0,"player_choice":"Fight","damage_taken":0,"max_hp_gain":0,"max_hp_loss":0,"event_name":"Colosseum","floor":28,"gold_loss":0},{"damage_healed":0,"gold_gain":0,"player_choice":"Fled From Nobs","damage_taken":0,"max_hp_gain":0,"max_hp_loss":0,"event_name":"Colosseum","floor":28,"gold_loss":0}],"is_beta":false,"boss_relics":[{"not_picked":["Runic Pyramid","Empty Cage"],"picked":"SlaversCollar"}],"items_purged_floors":[3,20],"is_endless":false,"potions_floor_spawned":[2,6,8,11,18,28],"killed_by":"Shelled Parasite and Fungi","ascension_level":20}}