{"host":"6k83u4w3pgxa5yg2","time":1614181343,"event":{"mods":["2.2 Compatiblity","AchievementEnabler","Act Like it!","Aspiration","Astrologer","BaseMod","Better Note","Better Sensory Stone","Block Reminder","CapriCore","Card Forge","Conspire","Custom Start","Defuse TimeMaze Blight","Dio Mod","Downfall","Friendly Minions","Gensokyo","Hallownest","Hermit","HololiveMod","Hubris","Hyrulean Relics","Infinite Spire","Koishi","KomeijiMod","Library of Ruina","Library of Ruina Extra","Lobotomy","LobotomyExtend","Mari Mod (Legacy)","Mari\u0027s V1 Patch","MarisaÅiñ∂âJÅ@ñÇóùçπÅj","Minty Spire (QoL Compilation)","MostiFishMod","Railgun Mod","ReimuÅiîé??öÎÅj","Relic Stats","RemiliaÅiÂQïƒ‰ª?Åj","Replay The Spire","RumiaBox-òIïƒ?ìIê_îÈ·¥éq","Small Relic Pack","StSLib","The Animator","The Bladedancer","The Gatherer","The Immortal","The Poker Player","The Wild Card","TheBandit","TheVelvet","Transform Curses","Uncapped","Waifu the Spire","Wandering Minibosses","WarShipGirlsR/??è≠èóR mod","Yohane!","Yuyuko","Åyå˜î\ModÅz?ñæìIç≈?Boss","Åy?ï®?îvÅzREMEMod"],"gold_per_floor":[116,116,116,127,147,147,78,110,135,135,135,151,151,168,168,264,264,275,288,288,307,327,327,357,357,357,357,386,60,71,81,81,176,176,191,206,148,166,23,23,38,38,38,66,66,66,80,96,96,198,198,209,209,209,209,225,262,275,305,305,321,321,21,32,42,42,146,146,166,81,81,81,81,100,111,111,164,164,164,164,164,184,184,291,291,291],"floor_reached":85,"language":"ENG","playtime":6869,"items_purged":[],"score":1769,"play_id":"20f74f5d-83c7-4478-9d8b-bac1d8538f7f","local_time":"20210224074223","is_ascension_mode":false,"campfire_choices":[{"floor":6,"key":"REST"},{"data":"FlyingSword","floor":10,"key":"SMITH"},{"data":"Dodge","floor":13,"key":"SMITH"},{"floor":15,"key":"DIG"},{"floor":23,"key":"REST"},{"data":"CleanUp","floor":25,"key":"SMITH"},{"data":"FleetFootsteps","floor":27,"key":"SMITH"},{"data":"Reload","floor":32,"key":"SMITH"},{"data":"FieryDragonSlash","floor":40,"key":"SMITH"},{"data":"SparkingSpear","floor":42,"key":"SMITH"},{"data":"LawAndOrder","floor":46,"key":"SMITH"},{"data":"Faith","floor":49,"key":"SMITH"},{"data":"YoureTooSlow","floor":62,"key":"SMITH"},{"data":"StrikeDown","floor":66,"key":"SMITH"},{"floor":76,"key":"REST"},{"floor":79,"key":"REST"},{"floor":81,"key":"REST"},{"data":"WaitUp","floor":83,"key":"SMITH"}],"circlet_count":0,"master_deck":["Dodge+1","LightDefense","LightAttack","LightAttack","LightAttack","LightDefense","LightDefense","LightDefense","ChargeAndCover","FocusedStrikes","MariMod:Mari_Tea_Time","Parry2","FendThisOffIfYouCan","SkyClearingCut","FlyingSword+1","GatherIntel","TendonChords","LawAndOrder+1","CleanUp+1","StructuralAnalysis","GaleKick","HighKick+1","PreemptiveStrike","FleetFootsteps+1","WillOfThePrescript+1","Riposte","CoordinatedAssault","Reload+1","SturdyDefense+1","AutomatedMovement+1","DaringDecision","BiAn","SilentMist+1","FieryDragonSlash+1","SparkingSpear+1","RulesOfTheBackstreets+1","Faith+1","SpearedSweep+1","RagingStormLove","SuanNi","JiaoTu","WaitUp+1","Unlock1","YoureTooSlow+1","StrikeDown+1","Diversion","Punishment","infinitespire:Oblivion","GrazeTheGrass+1","Thrust+1","ToOvercomeCrisis+1","infinitespire:Menacing","QuickSuppression","WillProduceFineSilk"],"relics":["PageOfLibrarian","REME_ComplimentaryCards","DaveBox","aspiration:Nostalgia","Gatherer:AlchemyBag","ImprovedEquipment","SynthV:TestCard","LetterFromLob","hubris:Towel","aspiration:BabyByrd","PageOfDeadButterflies","Replay:Baseball","Mercury Hourglass","PageOfFairyFestival","PageOfBigBadWolf","Toy Ornithopter","Orichalcum","hubris:Backtick","aspiration:HatOfInfinitePower","wanderingMiniBosses:CarrionFlame","PageOfBloodbath","aspiration:FetidBarrel","infinitespire:ShieldingShard","PageOfBlackSwan","Golden Idol","PageOfLittleHelper","infinitespire:Broken Mirror","PageOfPunishingBird","Vajra","PageOfOzma","BirthdayGift-Tetrahedron","Replay:Wax Seal","JellyFishMachine","hubris:TerracottaHorce"],"acts_visited":["Exordium","TheCity","Hallownest:KingdomsEdge","Exordium","TheCity","TheBeyond"],"potions_floor_usage":[28,35,44,50,50,65],"damage_taken":[{"damage":2,"enemies":"conspire:RoseBush","floor":1,"turns":5},{"damage":0,"enemies":"Small Slimes","floor":4,"turns":3},{"damage":0,"enemies":"Jaw Worm","floor":5,"turns":4},{"damage":22,"enemies":"Lagavulin","floor":8,"turns":4},{"damage":3,"enemies":"conspire:2 RoseBushes","floor":12,"turns":3},{"damage":0,"enemies":"3 Louse","floor":14,"turns":2},{"damage":0,"enemies":"Slime Boss","floor":16,"turns":5},{"damage":0,"enemies":"Chosen","floor":18,"turns":3},{"damage":7,"enemies":"3 Byrds","floor":19,"turns":5},{"damage":13,"enemies":"3 Cultists","floor":21,"turns":5},{"damage":0,"enemies":"Snecko","floor":22,"turns":2},{"damage":0,"enemies":"conspire:SneckoGhost","floor":24,"turns":3},{"damage":5,"enemies":"Nightmare","floor":28,"turns":4},{"damage":0,"enemies":"Sentry and Sphere","floor":30,"turns":3},{"damage":0,"enemies":"3 Cultists","floor":31,"turns":3},{"damage":28,"enemies":"hubris:MusketHawk","floor":33,"turns":7},{"damage":20,"enemies":"Hallownest:2_Littles","floor":35,"turns":5},{"damage":0,"enemies":"Hallownest:3_Siblings","floor":36,"turns":4},{"damage":2,"enemies":"Hallownest:2_Wandering_and_1_Horned","floor":38,"turns":5},{"damage":1,"enemies":"Hallownest:Xero_Hu_Marmu","floor":41,"turns":4},{"damage":8,"enemies":"Hallownest:eliteCollector","floor":44,"turns":6},{"damage":0,"enemies":"Hallownest:Slobbering_and_Violent","floor":47,"turns":4},{"damage":0,"enemies":"Hallownest:Shield_Sturdy","floor":48,"turns":1},{"damage":0,"enemies":"Hallownest:BossGreyPrinceZote","floor":50,"turns":6},{"damage":0,"enemies":"Jaw Worm","floor":52,"turns":1},{"damage":0,"enemies":"Small Slimes","floor":56,"turns":1},{"damage":0,"enemies":"3 Sentries","floor":57,"turns":1},{"damage":0,"enemies":"Cultist","floor":58,"turns":1},{"damage":0,"enemies":"3 Louse","floor":61,"turns":1},{"damage":0,"enemies":"Large Slime","floor":64,"turns":3},{"damage":0,"enemies":"Looter","floor":65,"turns":2},{"damage":5,"enemies":"The Guardian","floor":67,"turns":6},{"damage":0,"enemies":"3 Byrds","floor":69,"turns":1},{"damage":0,"enemies":"Shell Parasite","floor":74,"turns":1},{"damage":0,"enemies":"Shelled Parasite and Fungi","floor":75,"turns":2},{"damage":0,"enemies":"Snake Plant","floor":82,"turns":1},{"damage":0,"enemies":"conspire:MysteriousRune","floor":84,"turns":3}],"seed_played":"4180872214076903351","potions_obtained":[{"floor":1,"key":"Elixir"},{"floor":8,"key":"Block Potion"},{"floor":12,"key":"ZuzhouPotion:ReiMu"},{"floor":14,"key":"ColorlessPotion"},{"floor":28,"key":"DistilledChaos"},{"floor":41,"key":"Adrenaline Potion"},{"floor":44,"key":"Reflective Coating"},{"floor":58,"key":"Toxic Potion"},{"floor":64,"key":"Explosive Potion"},{"floor":65,"key":"Fruit Juice"},{"floor":69,"key":"LiquidMemories"}],"is_trial":false,"path_per_floor":["M","?","?","M","M","R","$","E","T","R","E","M","R","M","R","B",null,"M","M","?","M","M","R","E","R","T","R","NM","$","M","M","R","B",null,"M","M","$","M","$","R","M","R","T","E","?","R","M","M","R","B",null,"M","?","?","?","M","E","M","?","T","M","R","$","M","M","R","B",null,"M","?","?","T","$","M","M","R","T","AVR","R","?","R","M","R","B",null],"character_chosen":"Librarian","items_purchased":["FlyingSword","Riposte","CoordinatedAssault","Reload","Orichalcum","SilentMist+1","PageOfBloodbath","PageOfPunishingBird","BirthdayGift-Tetrahedron"],"campfire_rested":5,"item_purchase_floors":[7,29,29,29,29,37,39,63,73],"current_hp_per_floor":[58,58,58,58,58,78,78,56,56,56,56,52,52,55,55,58,223,58,51,51,41,44,66,66,66,66,66,67,67,74,74,74,56,74,74,74,74,74,74,74,74,74,74,73,73,73,74,74,74,74,74,74,74,56,56,64,74,74,74,74,74,74,74,74,79,79,79,79,79,79,79,79,2,6,14,37,37,37,60,60,79,79,79,79,79,79],"gold":291,"neow_bonus":"NOSTALGIA","is_daily":false,"chose_seed":false,"campfire_upgraded":12,"win_rate":0.0,"timestamp":1614181343,"path_taken":["M","?","?","M","M","R","$","E","T","R","E","M","R","M","R","BOSS","M","M","?","M","M","R","E","R","T","R","NM","$","M","M","R","BOSS","M","M","$","M","$","R","M","R","T","E","?","R","M","M","R","BOSS","M","?","?","?","M","E","M","?","T","M","R","$","?","M","R","BOSS","M","?","?","?","?","M","M","R","T","AVR","R","?","R","?","R","BOSS"],"items_purchased_type":["Card","Card","Card","Card","Relic","Card","Relic","Relic","Relic"],"build_version":"2020-12-22","purchased_purges":0,"victory":false,"max_hp_per_floor":[79,79,79,71,78,78,78,223,223,223,223,223,223,223,223,223,223,223,223,223,74,74,74,74,74,74,74,74,74,74,74,74,74,74,74,74,74,74,74,74,74,74,74,74,74,74,74,74,74,74,74,74,74,74,74,74,74,74,74,74,74,74,74,74,79,79,79,79,79,79,79,79,79,79,79,79,79,79,79,79,79,79,79,79,79,79],"relic_stats":{"counters":[37,119],"Golden Idol":96,"Orichalcum":[18],"obtain_stats":[{"DaveBox":0,"Vajra":70,"hubris:TerracottaHorce":85,"PageOfDeadButterflies":8,"PageOfFairyFestival":24,"hubris:Backtick":34,"infinitespire:ShieldingShard":44,"aspiration:BabyByrd":3,"Replay:Wax Seal":77,"BirthdayGift-Tetrahedron":73,"PageOfBigBadWolf":26,"PageOfOzma":72,"aspiration:Nostalgia":0,"aspiration:FetidBarrel":43,"Golden Idol":54,"JellyFishMachine":78,"ImprovedEquipment":0,"PageOfBloodbath":39,"PageOfLittleHelper":57,"PageOfPunishingBird":63,"hubris:Towel":2,"Orichalcum":29,"Mercury Hourglass":15,"PageOfLibrarian":0,"Replay:Baseball":9,"SynthV:TestCard":1,"PageOfBlackSwan":51,"wanderingMiniBosses:CarrionFlame":38,"infinitespire:Broken Mirror":60,"LetterFromLob":1,"aspiration:HatOfInfinitePower":34,"Gatherer:AlchemyBag":0,"Toy Ornithopter":28,"REME_ComplimentaryCards":0},{"DaveBox":0,"Vajra":33,"hubris:TerracottaHorce":37,"PageOfDeadButterflies":4,"PageOfFairyFestival":12,"hubris:Backtick":16,"infinitespire:ShieldingShard":21,"aspiration:BabyByrd":1,"Replay:Wax Seal":35,"BirthdayGift-Tetrahedron":33,"PageOfBigBadWolf":12,"PageOfOzma":33,"aspiration:Nostalgia":0,"aspiration:FetidBarrel":20,"Golden Idol":25,"JellyFishMachine":35,"ImprovedEquipment":0,"PageOfBloodbath":19,"PageOfLittleHelper":27,"PageOfPunishingBird":29,"hubris:Towel":1,"Orichalcum":13,"Mercury Hourglass":6,"PageOfLibrarian":0,"Replay:Baseball":4,"SynthV:TestCard":1,"PageOfBlackSwan":24,"wanderingMiniBosses:CarrionFlame":19,"infinitespire:Broken Mirror":28,"LetterFromLob":1,"aspiration:HatOfInfinitePower":16,"Gatherer:AlchemyBag":0,"Toy Ornithopter":13,"REME_ComplimentaryCards":0},{"DaveBox":0,"Vajra":112,"hubris:TerracottaHorce":119,"PageOfDeadButterflies":16,"PageOfFairyFestival":43,"hubris:Backtick":60,"infinitespire:ShieldingShard":84,"aspiration:BabyByrd":5,"Replay:Wax Seal":115,"BirthdayGift-Tetrahedron":112,"PageOfBigBadWolf":43,"PageOfOzma":112,"aspiration:Nostalgia":0,"aspiration:FetidBarrel":78,"Golden Idol":96,"JellyFishMachine":115,"ImprovedEquipment":0,"PageOfBloodbath":74,"PageOfLittleHelper":98,"PageOfPunishingBird":100,"hubris:Towel":5,"Orichalcum":47,"Mercury Hourglass":21,"PageOfLibrarian":0,"Replay:Baseball":16,"SynthV:TestCard":5,"PageOfBlackSwan":95,"wanderingMiniBosses:CarrionFlame":74,"infinitespire:Broken Mirror":99,"LetterFromLob":5,"aspiration:HatOfInfinitePower":60,"Gatherer:AlchemyBag":0,"Toy Ornithopter":47,"REME_ComplimentaryCards":0}],"Toy Ornithopter":5,"Mercury Hourglass":[397]},"card_choices":[{"not_picked":["DaringDecision","SerpentSwordTechnique","ViolentFlame","LawAndOrder","WillOfThePrescript","EnergyStrike","Eliminate","Standoff"],"picked":"Parry2","floor":1},{"not_picked":["ViolentFlame","SmokingPipe","SharpNails","HandleRequest","BackAttack","AutonomousRush","SpearedSweep","Unlock1","GuidanceOfTheGears","GuardingStance"],"picked":"FendThisOffIfYouCan","floor":4},{"not_picked":["Multislash","GreatSerpentsImpact","PinpointShot","FieryDragonSlash","UpbeatPerformance","StrongStrike","Standoff","FlowOfTheSword","SetFire","IronWall"],"picked":"SkyClearingCut","floor":5},{"not_picked":["GoinFirst","FierceOnslaught","EnergyBeam","AbsorbImpact","Quickness","EnergyShield","Parry","JiaoTu","Pound","BackAttack"],"picked":"GatherIntel","floor":8},{"not_picked":["EnergyShield","SmokingPipe","DefenseOrder","RatsGuideToSurvival","Quickness","NightInTheBackstreets","DevastatingThrash","HardRehearsal","AsThePrescriptOrders","GuidanceOfTheGears"],"picked":"TendonChords","floor":12},{"not_picked":["BindingArms","Duel_lor","DefenseOrder","MirageStorm","AsThePrescriptOrders","TimeForALittleTest","FieryWaltz","BiAn","Leap_lor","DarkCloud"],"picked":"LawAndOrder","floor":14},{"not_picked":["Cruelty","GroundSmash","Commandeering","ChargeUp"],"picked":"CleanUp","floor":16},{"not_picked":["LawAndOrder","Tailoring","Reload","DesperateStruggle","SuppressingShot","AlloutWar","PinpointShot","QuickSuppression","GuardingStance+1","BlazingStrike"],"picked":"StructuralAnalysis","floor":18},{"not_picked":["Quickness","HardRehearsal","Struggle","PreemptiveStrike","HandleRequest","ProselytesBlade+1","QuickSuppression+1","RushDown+1","StrikeDown+1","MultiHit"],"picked":"GaleKick","floor":19},{"not_picked":["FierceOnslaught","SunsetBlade","Multislash","DriedUp","DevastatingThrash+1","UpbeatPerformance","RapidGashes+1","DefenseOrder","NightInTheBackstreets","DesperateStruggle"],"picked":"HighKick+1","floor":21},{"not_picked":["SunsetBlade","Wallop_lor","SilentNight","SmokingPipe","Unlock1","FleetFootsteps","Tailoring","Reload","FleetEdge","Bvapour"],"picked":"PreemptiveStrike","floor":22},{"not_picked":["Parry","SmokingPipe","Disposal","Diversion+1","FendThisOffIfYouCan","ClassAndRespect","Thirst","StrikeDown","Overpower","TendonChords+1"],"picked":"FleetFootsteps","floor":24},{"not_picked":["StrikeDown","QuickSuppression","ConcentratedFire","EnergyStrike","SinglePointStab+1","MultiHit+1","UpbeatPerformance","FormingStorm","BulkyImpact","UndertakePrescript"],"picked":"WillOfThePrescript+1","floor":28},{"not_picked":["OpportunitySpotted","StrikeDown","UndertakePrescript","SuanNi","Pound","Thirst","Faith+1","HighSpeedStabbing","Zzzzzap","SunsetBlade"],"picked":"SturdyDefense+1","floor":30},{"not_picked":["SinglePointStab+1","Gigigig","Pound","ButterflySlash","Thirst+1","Leap_lor+1","ForTheFamily","Reload","PreparedMind","SnakesPrey"],"picked":"AutomatedMovement+1","floor":31},{"not_picked":["ChargeUp","MindCrush","SenseQuarry","MirageStorm"],"picked":"DaringDecision","floor":33},{"not_picked":["Endure","SpearedSweep","Faith","YouOnlyLiveOnce","YourShield","AlloutWar+1","SomberProcuration","EnergyShield","PreemptiveStrike","Zzzzzap+1"],"picked":"BiAn","floor":35},{"not_picked":["Standoff+1","Parry2+1","Leap_lor","SavageMode","StructuralAnalysis+1","SuppressingShot","GuardingStance+1","SharpSwipe","BizarreAttack","BiAn","GreatSerpentsImpact+1"],"picked":"SKIP","floor":36},{"not_picked":["MultiHit+1","AGoldenOpportunity+1","PreemptiveStrike+1","SuppressingShot+1","Parry","CleanUp","GreatSerpentsImpact","Eject+1","AsThePrescriptOrders","SpearedSweep"],"picked":"FieryDragonSlash","floor":38},{"not_picked":["Thirst+1","TimeForALittleTest+1","EnergyShield+1","PuppetBlockade","SnakesPrey","GrazeTheGrass","Parry2+1","Ripple","BlowItUp+1","MindWhip+1"],"picked":"SparkingSpear","floor":41},{"not_picked":["GreatSerpentsImpact","Laceration","DeepDrag+1","SerpentSwordTechnique+1","WildCard","SetFire","Wallop_lor","TrashDisposal","EndlessBattle+1","UpbeatPerformance"],"picked":"RulesOfTheBackstreets+1","floor":44},{"not_picked":["TasteMyFlamingBat+1","BindingArms","SunsetBlade","Transpierce","EnergyStrike+1","FierceCharge","Preparation","ExtractFuel+1","Thrust","PuppetBlockade+1"],"picked":"Faith","floor":47},{"not_picked":["MultiHit","FlyingSword+1","FlashOfSunup+1","UpbeatPerformance","DefenseOrder","HighKick","StructuralAnalysis","CleanUp","AutonomousRush","FleetFootsteps"],"picked":"SpearedSweep+1","floor":48},{"not_picked":["RepressedFlesh","Transpierce","SenseQuarry","RipSpace"],"picked":"RagingStormLove","floor":50},{"not_picked":["Multislash","UnavoidableGaze","HandlingWork","NightInTheBackstreets","DarkCloud","StrikeDown","FleetEdge","Bvapour","WrathOfTorment","SerpentSwordTechnique"],"picked":"SuanNi","floor":52},{"not_picked":["Diversion","BindingChains","SmokingPipe","SunsetBlade","ClassAndRespect","Unlock1","Creak","WillOfThePrescript","MultiBlock","RipSpace"],"picked":"JiaoTu","floor":56},{"not_picked":["FieryDragonSlash","PinpointShot","TendonChords","PreemptiveStrike","ChopItOff","CrackOfDawn","ChiWen","PuppetBlockade","FaintMemories","UnforgettableMelody"],"picked":"WaitUp","floor":57},{"not_picked":["LeRegole","DefenseOrder","HiddenBlade","TimeForALittleTest","SnakesPrey","ShrineToMusic","ForcefulGesture","CoordinatedAssault","SomberProcuration","Zzzzzap"],"picked":"Unlock1","floor":58},{"not_picked":["RhinoRam","Leap_lor","BizarreAttack","RapidGashes","EmotionalTurbulence","Track","ToWhereThePrescriptPoints","Endure","EnergyCycle","AbsorbImpact"],"picked":"YoureTooSlow","floor":61},{"not_picked":["SharpenedBlade","Endure","JiaoTu","EnergyCycle","WillOfThePrescript","BlazingStrike","Standoff","BiXi","SerpentSwordTechnique","Outburst"],"picked":"StrikeDown","floor":64},{"not_picked":["Leap_lor","WildCard","SunsetBlade","PreemptiveStrike","UnavoidableGaze","Pound","RipSpace","NightInTheBackstreets","Feast","TraceOfFumes"],"picked":"Diversion","floor":65},{"not_picked":["Tttonst","GutHarvesting","Eradication","EnergyBeam"],"picked":"Punishment","floor":67},{"not_picked":["infinitespire:DeathsTouch","infinitespire:Starlight"],"picked":"infinitespire:Oblivion","floor":68},{"not_picked":["Wallop_lor","StructuralAnalysis","SharpSwipe","EnergyCycle","InkOver","FlashOfSunup","HandleRequest","MindWhip","PreparedMind","GuardingStance"],"picked":"GrazeTheGrass+1","floor":69},{"not_picked":["BiAn+1","UpbeatPerformance","AsThePrescriptOrders+1","GreatSerpentsImpact","Wallop_lor","UncannyStrike","Unlock1","WildCard+1","PreemptiveStrike","Standoff"],"picked":"Thrust+1","floor":74},{"not_picked":["FeatherShield","Parry2","DefenseOrder","Outburst","GuidanceOfTheGears","FeelinGood","FieryDragonSlash+1","Quickness","NightInTheBackstreets","HeavyPeaks+1"],"picked":"ToOvercomeCrisis+1","floor":75},{"not_picked":["GreatSerpentsImpact","Overcharge","Unlock1+1","Quickness","EnergyShield","WrathOfTorment","AsThePrescriptOrders","Rewind","DefenseOrder","MirageStorm"],"picked":"QuickSuppression","floor":82},{"not_picked":["MirageStorm","GutHarvesting","RepressedFlesh","Tttonst"],"picked":"WillProduceFineSilk","floor":84}],"player_experience":305017,"relics_obtained":[{"floor":1,"key":"SynthV:TestCard"},{"floor":1,"key":"LetterFromLob"},{"floor":8,"key":"PageOfDeadButterflies"},{"floor":9,"key":"Replay:Baseball"},{"floor":15,"key":"Mercury Hourglass"},{"floor":24,"key":"PageOfFairyFestival"},{"floor":26,"key":"PageOfBigBadWolf"},{"floor":28,"key":"Toy Ornithopter"},{"floor":38,"key":"wanderingMiniBosses:CarrionFlame"},{"floor":43,"key":"aspiration:FetidBarrel"},{"floor":44,"key":"infinitespire:ShieldingShard"},{"floor":57,"key":"PageOfLittleHelper"},{"floor":60,"key":"infinitespire:Broken Mirror"},{"floor":72,"key":"PageOfOzma"},{"floor":77,"key":"Replay:Wax Seal"}],"event_choices":[{"cards_removed":["FlyingSword"],"damage_healed":0,"gold_gain":0,"player_choice":"Give","damage_taken":0,"max_hp_gain":0,"max_hp_loss":0,"event_name":"betterNote:BetterNote","floor":20,"gold_loss":0,"cards_obtained":["None"]},{"damage_healed":0,"gold_gain":0,"player_choice":"Leave","damage_taken":0,"max_hp_gain":0,"max_hp_loss":0,"event_name":"conspire:Investor","floor":45,"gold_loss":0},{"damage_healed":0,"gold_gain":0,"player_choice":"Take Damage","damage_taken":18,"relics_obtained":["Golden Idol"],"max_hp_gain":0,"max_hp_loss":0,"event_name":"Golden Idol","floor":54,"gold_loss":0},{"damage_healed":0,"gold_gain":0,"player_choice":"Disagree","damage_taken":0,"max_hp_gain":0,"max_hp_loss":0,"event_name":"conspire:LoneGhost","floor":55,"gold_loss":0},{"damage_healed":0,"gold_gain":30,"player_choice":"Searched \u00271\u0027 times","damage_taken":0,"max_hp_gain":0,"max_hp_loss":0,"event_name":"Dead Adventurer","floor":59,"gold_loss":0},{"damage_healed":0,"gold_gain":0,"player_choice":"Obtained Relic","damage_taken":0,"relics_obtained":["Vajra"],"max_hp_gain":0,"max_hp_loss":0,"event_name":"Addict","floor":70,"gold_loss":85},{"damage_healed":0,"gold_gain":0,"player_choice":"Ignored","damage_taken":0,"max_hp_gain":0,"max_hp_loss":0,"event_name":"Vampires","floor":71,"gold_loss":0}],"is_beta":false,"boss_relics":[{"not_picked":["infinitespire:Cupcake","MoonlightInvasionPlan","aspiration:RitualDagger"]},{"not_picked":["Astrolabe","Cursed Key"],"picked":"hubris:Backtick"},{"not_picked":["EE1DDrone","aspiration:FutureDiary"],"picked":"PageOfBlackSwan"},{"not_picked":["conspire:SeveredTorchhead","infinitespire:Cupcake","hubris:VirtuousBlindfold"]},{"not_picked":["aspiration:SecretTechniqueScroll","EE1DDrone"],"picked":"hubris:TerracottaHorce"}],"items_purged_floors":[],"is_endless":true,"potions_floor_spawned":[1,4,8,12,14,18,24,28,30,41,44,48,58,64,65,69,74,84],"ascension_level":0}}