{"host":"363rf8rl7gb9fsj6","time":1614199513,"event":{"mods":["BaseMod","Minty Spire (QoL Compilation)"],"gold_per_floor":[111,129,43,43,59,59,85,99,99,99,133,133,147,162,162,264,264,282,282,294,42,42,42,42],"floor_reached":23,"language":"DEU","playtime":2374,"items_purged":["Strike_R"],"score":262,"play_id":"89949f2f-dfd4-47cc-8a13-62ed9169488c","local_time":"20210224214513","is_ascension_mode":true,"campfire_choices":[{"data":"Bloodletting","floor":6,"key":"SMITH"},{"floor":10,"key":"REST"},{"data":"Bloodletting","floor":12,"key":"SMITH"},{"data":"Bash","floor":15,"key":"SMITH"}],"circlet_count":0,"master_deck":["Strike_R","Strike_R","Strike_R","Strike_R","Defend_R","Defend_R","Defend_R","Defend_R","Bash+1","Sword Boomerang","Whirlwind+1","Bloodletting+1","Twin Strike","Sword Boomerang","Bloodletting+1","Sword Boomerang","Fire Breathing+1","Sword Boomerang","Clash","Rupture+1","Flex","Panacea","Forethought","Madness","Jack Of All Trades","Forethought"],"relics":["Sozu","PreservedInsect","Centennial Puzzle","Frozen Egg 2","Peace Pipe","Lantern"],"acts_visited":["Exordium","TheCity"],"potions_floor_usage":[],"damage_taken":[{"damage":6,"enemies":"Jaw Worm","floor":1,"turns":2},{"damage":0,"enemies":"Cultist","floor":2,"turns":2},{"damage":0,"enemies":"Small Slimes","floor":5,"turns":3},{"damage":16,"enemies":"Gremlin Nob","floor":7,"turns":3},{"damage":13,"enemies":"Red Slaver","floor":8,"turns":2},{"damage":0,"enemies":"3 Sentries","floor":11,"turns":1},{"damage":6,"enemies":"Lots of Slimes","floor":13,"turns":2},{"damage":0,"enemies":"Exordium Wildlife","floor":14,"turns":1},{"damage":43,"enemies":"Hexaghost","floor":16,"turns":5},{"damage":3,"enemies":"3 Byrds","floor":18,"turns":3},{"damage":5,"enemies":"Chosen","floor":20,"turns":4},{"damage":31,"enemies":"Slavers","floor":23,"turns":2}],"seed_played":"9135491246877316413","potions_obtained":[],"is_trial":false,"path_per_floor":["M","M","$","?","M","R","E","M","T","R","E","R","M","M","R","B",null,"M","?","M","$","?","E"],"character_chosen":"IRONCLAD","items_purchased":["Bloodletting","Twin Strike","Flex","Lantern"],"campfire_rested":1,"item_purchase_floors":[3,3,21,21],"current_hp_per_floor":[74,74,74,74,74,74,58,45,45,69,69,69,63,63,63,20,80,77,77,72,72,26,0,0],"gold":42,"neow_bonus":"BOSS_RELIC","is_daily":false,"chose_seed":false,"campfire_upgraded":3,"win_rate":0.0,"timestamp":1614199513,"path_taken":["M","M","$","?","M","R","E","M","T","R","E","R","M","M","R","BOSS","M","?","M","$","?","E"],"items_purchased_type":["Card","Card","Card","Relic"],"build_version":"2020-12-22","purchased_purges":1,"victory":false,"max_hp_per_floor":[80,80,80,80,80,80,80,80,80,80,80,80,80,80,80,80,80,80,80,80,80,80,80,80],"card_choices":[{"not_picked":["Perfected Strike","Infernal Blade"],"picked":"Sword Boomerang","floor":1},{"not_picked":["Perfected Strike","Clothesline"],"picked":"Whirlwind","floor":2},{"not_picked":["Wild Strike","Pommel Strike"],"picked":"Sword Boomerang","floor":5},{"not_picked":["Dark Embrace","Burning Pact"],"picked":"Bloodletting","floor":7},{"not_picked":["Clash","Cleave"],"picked":"Sword Boomerang","floor":8},{"not_picked":["Clothesline","Ghostly Armor"],"picked":"Fire Breathing+1","floor":11},{"not_picked":["Heavy Blade","Perfected Strike"],"picked":"Sword Boomerang","floor":13},{"not_picked":["Pommel Strike","Evolve+1"],"picked":"Clash","floor":14},{"not_picked":["Rampage","Battle Trance","Wild Strike"],"picked":"SKIP","floor":18},{"not_picked":["Ghostly Armor+1","Shrug It Off"],"picked":"Rupture+1","floor":20}],"player_experience":52036,"relics_obtained":[{"floor":7,"key":"PreservedInsect"},{"floor":9,"key":"Centennial Puzzle"},{"floor":11,"key":"Frozen Egg 2"}],"event_choices":[{"damage_healed":0,"gold_gain":0,"player_choice":"Forge","damage_taken":0,"max_hp_gain":0,"max_hp_loss":0,"event_name":"Accursed Blacksmith","floor":4,"gold_loss":0,"cards_upgraded":["Whirlwind"]},{"damage_healed":0,"gold_gain":0,"player_choice":"Opened","damage_taken":0,"relics_obtained":["Peace Pipe"],"max_hp_gain":0,"max_hp_loss":0,"event_name":"The Mausoleum","floor":19,"gold_loss":0},{"damage_healed":0,"gold_gain":0,"player_choice":"CARD CARD CARD CARD CARD ","damage_taken":46,"max_hp_gain":0,"max_hp_loss":0,"event_name":"Knowing Skull","floor":22,"potions_obtained":[],"gold_loss":0,"cards_obtained":["Panacea","Forethought","Madness","Jack Of All Trades","Forethought"]}],"is_beta":false,"boss_relics":[{"not_picked":[]}],"items_purged_floors":[21],"is_endless":false,"potions_floor_spawned":[11,13,14,16,20],"killed_by":"Slavers","ascension_level":1}}