{"host":"u7bb6mvzuirwfcqo","time":1614135637,"event":{"mods":["2.2 Compatiblity","AchievementEnabler","BaseMod","Card Forge","Downfall","Hermit","Minty Spire (QoL Compilation)","Relic Stats","StSLib"],"gold_per_floor":[111,131,145,157,171,171,196,196,196,209,209,209,223,223,223,318,318,338,47,146,61,71,403,403,418,442,472,487,516,516,48,48,48,48,48],"floor_reached":33,"language":"ENG","playtime":1566,"items_purged":[],"score":307,"play_id":"b6bc4957-019f-4b9a-adb9-40f70139fe2f","local_time":"20210223220037","is_ascension_mode":false,"campfire_choices":[{"data":"Guardian:Orbwalk","floor":6.0,"key":"SMITH"},{"data":"Guardian:Suspension","floor":8.0,"key":"SMITH"},{"data":"Guardian:TimeBomb","floor":12.0,"key":"SMITH"},{"data":"Guardian:RollAttack","floor":15.0,"key":"SMITH"},{"data":"Guardian:WalkerClaw","floor":24.0,"key":"SMITH"},{"floor":32.0,"key":"REST"}],"circlet_count":0,"master_deck":["Guardian:Strike_Guardian","Guardian:Defend_Guardian","Guardian:Defend_Guardian","Guardian:Defend_Guardian","Guardian:Defend_Guardian","Guardian:CurlUp","Guardian:TwinSlam","Guardian:TemporalStrike","Guardian:TimeBomb+1","Guardian:Suspension+1","Guardian:Orbwalk+1","Guardian:EvasiveProtocol","Guardian:Preprogram","Guardian:RollAttack+1","Parasite","Guardian:Emergency+1","Guardian:RevengeProtocol+1","Guardian:MultiBeam+1","Guardian:Recover","Guardian:WalkerClaw+1","Guardian:TemporalStrike","Guardian:FastForward","Guardian:TimeCapacitor","Guardian:Planning","Guardian:CrystalBeam","Guardian:BronzeOrb+1","Guardian:Orbwalk+1","Guardian:GuardianWhirl","Guardian:Incinerate","Guardian:FastForward","Guardian:Gem_Red"],"relics":["Guardian:ModeShifter","Hammer of Thor","Seething Fire","Anvil of the Gods","NeowsBlessing","Bottled Lightning","Mummified Hand","Astrolabe","Toy Ornithopter","Old Coin","Dream Catcher","Frozen Egg 2","Nunchaku","Boot","CaptainsWheel"],"acts_visited":["Exordium","TheCity"],"potions_floor_usage":[],"damage_taken":[{"damage":0.0,"enemies":"Jaw Worm","floor":1.0,"turns":1.0},{"damage":0.0,"enemies":"Cultist","floor":2.0,"turns":1.0},{"damage":0.0,"enemies":"Small Slimes","floor":3.0,"turns":1.0},{"damage":14.0,"enemies":"3 Louse","floor":4.0,"turns":4.0},{"damage":8.0,"enemies":"Exordium Wildlife","floor":5.0,"turns":5.0},{"damage":21.0,"enemies":"3 Sentries","floor":7.0,"turns":8.0},{"damage":7.0,"enemies":"Gremlin Gang","floor":10.0,"turns":5.0},{"damage":10.0,"enemies":"Large Slime","floor":13.0,"turns":4.0},{"damage":18.0,"enemies":"Slime Boss","floor":16.0,"turns":11.0},{"damage":4.0,"enemies":"3 Byrds","floor":18.0,"turns":3.0},{"damage":2.0,"enemies":"Spheric Guardian","floor":22.0,"turns":4.0},{"damage":38.0,"enemies":"Book of Stabbing","floor":23.0,"turns":7.0},{"damage":7.0,"enemies":"Snake Plant","floor":25.0,"turns":4.0},{"damage":16.0,"enemies":"Slavers","floor":27.0,"turns":4.0},{"damage":24.0,"enemies":"Chosen and Byrds","floor":28.0,"turns":7.0},{"damage":18.0,"enemies":"Gremlin Leader","floor":29.0,"turns":6.0},{"damage":55,"enemies":"Automaton","floor":33,"turns":6}],"seed_played":"2212650638522271342","potions_obtained":[{"floor":2.0,"key":"Fire Potion"},{"floor":4.0,"key":"FairyPotion"},{"floor":5.0,"key":"Ancient Potion"},{"floor":10.0,"key":"Swift Potion"},{"floor":23.0,"key":"DuplicationPotion"},{"floor":25.0,"key":"Slimebound:ThreeZeroPotion"},{"floor":27.0,"key":"Energy Potion"}],"is_trial":false,"path_per_floor":["M","M","M","M","M","R","E","R","T","M","?","R","M","?","R","B",null,"M","$","?","?","M","E","R","M","T","E","M","E","?","$","R","B"],"character_chosen":"GUARDIAN","items_purchased":["Guardian:WalkerClaw","Guardian:TemporalStrike","Guardian:FastForward","Guardian:TimeCapacitor","Guardian:Incinerate","CaptainsWheel","Guardian:FastForward"],"campfire_rested":1,"item_purchase_floors":[19,19,19,19,31,31,31],"current_hp_per_floor":[80,80,80,66,58,58,37,37,37,30,30,30,20,40,40,22,80,76,76,76,76,74,36,36,34,34,23,24,11,11,11,35,0,0,0],"gold":48,"neow_bonus":"THREE_ENEMY_KILL","is_daily":false,"chose_seed":false,"campfire_upgraded":5,"win_rate":0.0,"timestamp":1614135637,"path_taken":["M","M","M","M","M","R","E","R","T","M","?","R","?","?","R","BOSS","M","$","?","?","M","E","R","M","T","E","M","E","?","$","R","BOSS"],"items_purchased_type":["Card","Card","Card","Card","Card","Relic","Card"],"build_version":"2020-12-22","purchased_purges":0,"victory":false,"max_hp_per_floor":[80,80,80,80,80,80,80,80,80,80,80,80,80,80,80,80,80,80,80,80,80,80,80,80,80,80,80,80,80,80,80,80,80,80,80],"relic_stats":{"Dream Catcher":1,"Nunchaku":[0],"counters":[17,79],"Mummified Hand":[31],"Astrolabe":["Guardian:Emergency","Guardian:RevengeProtocol","Guardian:MultiBeam"],"Boot":[2],"obtain_stats":[{"NeowsBlessing":0,"Astrolabe":17,"Guardian:ModeShifter":0,"Hammer of Thor":0,"Seething Fire":0,"Frozen Egg 2":27,"Boot":30,"Old Coin":23,"Dream Catcher":26,"Nunchaku":29,"CaptainsWheel":31,"Anvil of the Gods":0,"Mummified Hand":9,"Bottled Lightning":7,"Toy Ornithopter":21},{"NeowsBlessing":0,"Astrolabe":9,"Guardian:ModeShifter":0,"Hammer of Thor":0,"Seething Fire":0,"Frozen Egg 2":14,"Boot":16,"Old Coin":12,"Dream Catcher":13,"Nunchaku":16,"CaptainsWheel":16,"Anvil of the Gods":0,"Mummified Hand":6,"Bottled Lightning":6,"Toy Ornithopter":10},{"NeowsBlessing":0,"Astrolabe":38,"Guardian:ModeShifter":0,"Hammer of Thor":0,"Seething Fire":0,"Frozen Egg 2":60,"Boot":73,"Old Coin":52,"Dream Catcher":56,"Nunchaku":73,"CaptainsWheel":73,"Anvil of the Gods":0,"Mummified Hand":19,"Bottled Lightning":19,"Toy Ornithopter":41}],"Toy Ornithopter":15},"card_choices":[{"not_picked":["Guardian:TemporalShield","Guardian:BronzeOrb"],"picked":"Guardian:TemporalStrike","floor":1.0},{"not_picked":["Guardian:TemporalShield","Guardian:Gem_Red"],"picked":"Guardian:TimeBomb","floor":2.0},{"not_picked":["Guardian:CrystalBeam","Guardian:FloatingOrbs"],"picked":"Guardian:Gem_Lightblue","floor":3.0},{"not_picked":["Guardian:FastForward","Guardian:CrystalBeam"],"picked":"Guardian:Suspension","floor":4.0},{"not_picked":["Guardian:Preprogram","Guardian:ChargeCore"],"picked":"Guardian:Orbwalk","floor":5.0},{"not_picked":["Guardian:ArmoredProtocol","Guardian:Gem_Red"],"picked":"Guardian:EvasiveProtocol","floor":7.0},{"not_picked":["Guardian:WalkerClaw","Guardian:Gem_Red"],"picked":"Guardian:Preprogram","floor":10.0},{"not_picked":["Guardian:PiercingHide","Guardian:Gem_Green"],"picked":"Guardian:RollAttack","floor":13.0},{"not_picked":["Guardian:ConstructionForm","Guardian:HyperBeam_Guardian"],"picked":"Guardian:Gem_Orange","floor":16.0},{"not_picked":["Guardian:Incinerate","Guardian:Gem_Purple"],"picked":"Guardian:Recover","floor":18.0},{"not_picked":["Guardian:ArmoredProtocol","Guardian:DonusPower"],"picked":"Guardian:Planning","floor":22.0},{"not_picked":["Guardian:TemporalShield","Guardian:ArmoredProtocol"],"picked":"Guardian:CrystalBeam","floor":23.0},{"not_picked":["Guardian:RevengeProtocol","Guardian:TimeCapacitor"],"picked":"Guardian:BronzeOrb+1","floor":25.0},{"not_picked":["Guardian:ChargeCore","Guardian:Incinerate"],"picked":"Guardian:Gem_Blue","floor":27.0},{"not_picked":["Guardian:TimeBomb+1","Guardian:WalkerClaw"],"picked":"Guardian:Orbwalk+1","floor":28.0},{"not_picked":["Guardian:PrismaticBarrier","Guardian:TemporalStrike"],"picked":"Guardian:GuardianWhirl","floor":29.0},{"not_picked":["Guardian:Harden","Guardian:PrimingBeam"],"picked":"Guardian:Gem_Red","floor":32.0}],"player_experience":101399,"relics_obtained":[{"floor":7.0,"key":"Bottled Lightning"},{"floor":9.0,"key":"Mummified Hand"},{"floor":23.0,"key":"Old Coin"},{"floor":26.0,"key":"Dream Catcher"},{"floor":27.0,"key":"Frozen Egg 2"},{"floor":29.0,"key":"Nunchaku"}],"event_choices":[{"damage_healed":20.0,"max_hp_gain":0.0,"max_hp_loss":0.0,"gold_gain":0.0,"event_name":"Mushrooms","player_choice":"Healed and dodged fight","floor":14.0,"gold_loss":0.0,"damage_taken":0.0,"cards_obtained":["Parasite"]},{"damage_healed":0.0,"max_hp_gain":0.0,"max_hp_loss":0.0,"gold_gain":99.0,"event_name":"Nest","player_choice":"Stole From Cult","floor":20.0,"gold_loss":0.0,"damage_taken":0.0},{"damage_healed":0.0,"max_hp_gain":0.0,"max_hp_loss":0.0,"gold_gain":0.0,"event_name":"Addict","player_choice":"Obtained Relic","floor":21.0,"gold_loss":85.0,"damage_taken":0.0,"relics_obtained":["Toy Ornithopter"]},{"damage_healed":0.0,"max_hp_gain":0.0,"max_hp_loss":0.0,"gold_gain":0.0,"event_name":"The Mausoleum","player_choice":"Opened","floor":30.0,"gold_loss":0.0,"damage_taken":0.0,"relics_obtained":["Boot"]}],"is_beta":false,"boss_relics":[{"not_picked":["Fusion Hammer","Velvet Choker"],"picked":"Astrolabe"}],"items_purged_floors":[],"is_endless":false,"potions_floor_spawned":[2,4,5,10,13,18,23,25,27],"killed_by":"Automaton","ascension_level":0}}