{"host":"dbo0lztt1pyfwysk","time":1614196448,"event":{"mods":["Act Like it!","BaseMod","Conspire","Downfall","Gensokyo","GifTheSpireLib","Hubris","Infinite Spire","KinomotoSakuraMod(????)","Koishi","Luminous","Marisa????????","Minty Spire (QoL Compilation)","Prisma Mod","Remilia??????","Replay The Spire","Ruina","Shade Mod","Shop Mod","StSLib","The Druid"],"gold_per_floor":[115,65,11,11,28,28,54,65,65,80,91,91,91,115,115,241,241,257,257,277,45,45,84,84,84,84,84,109,144,144,157,157,157,157],"floor_reached":33,"language":"ENG","playtime":1249,"items_purged":["conspire:GhostlyStrike","conspire:GhostlyStrike"],"score":577,"play_id":"154adad5-fc79-4d9f-9246-f795f9a36b73","local_time":"20210224205408","is_ascension_mode":true,"campfire_choices":[{"data":"Blade Dance","floor":6,"key":"SMITH"},{"data":"Terror","floor":15,"key":"SMITH"},{"data":"Footwork","floor":24,"key":"SMITH"},{"data":"Accuracy","floor":27,"key":"SMITH"},{"data":"Infinite Blades","floor":30,"key":"SMITH"},{"data":"Neutralize","floor":32,"key":"SMITH"}],"circlet_count":0,"master_deck":["AscendersBane","conspire:GhostlyStrike","conspire:GhostlyStrike","conspire:GhostlyDefend+1","conspire:GhostlyDefend","conspire:GhostlyDefend","conspire:GhostlyDefend","conspire:GhostlyDefend","Survivor","Neutralize+1","Infinite Blades+1","Blade Dance+1","Choke","Cloak And Dagger+1","Deflect","Footwork+1","Terror+1","Cloak And Dagger+1","Accuracy+1"],"relics":["Ring of the Snake","NeowsBlessing","Unceasing Top","Paper Crane","Golden Idol","hubris:TerracottaHorce","Replay:Bottled Snecko","WristBlade","War Paint","Ancient Tea Set","Quantum Egg","hubris:MysteriousPyramids"],"acts_visited":["Exordium","Exordium"],"potions_floor_usage":[16,20,33,33],"damage_taken":[{"damage":0,"enemies":"Cultist","floor":1,"turns":1},{"damage":0,"enemies":"Small Slimes","floor":5,"turns":1},{"damage":0,"enemies":"3 Sentries","floor":7,"turns":1},{"damage":0,"enemies":"Jaw Worm","floor":8,"turns":5},{"damage":0,"enemies":"2 Fungi Beasts","floor":10,"turns":3},{"damage":0,"enemies":"Looter","floor":11,"turns":2},{"damage":3,"enemies":"Large Slime","floor":14,"turns":6},{"damage":19,"enemies":"The Guardian","floor":16,"turns":10},{"damage":20,"enemies":"ruina:BadWolf","floor":18,"turns":8},{"damage":0,"enemies":"ruina:2_Scarecrows","floor":20,"turns":4},{"damage":0,"enemies":"Nightmare","floor":23,"turns":6},{"damage":0,"enemies":"ruina:QueenOfHate","floor":28,"turns":3},{"damage":0,"enemies":"ruina:Mountain","floor":29,"turns":4},{"damage":0,"enemies":"ruina:KingOfGreed","floor":31,"turns":1},{"damage":41,"enemies":"ruina:Red_and_Wolf","floor":33,"turns":5}],"seed_played":"-8841676241686556306","potions_obtained":[{"floor":8,"key":"ColorlessPotion"},{"floor":10,"key":"Elixir"},{"floor":16,"key":"LifebloodPotion"},{"floor":18,"key":"Block Potion"},{"floor":23,"key":"LiquidBronze"}],"is_trial":false,"path_per_floor":["M","?","$","?","M","R","E","M","T","M","M","?","?","M","R","B",null,"M","AVR","M","$","?","NM","R","?","T","R","M","E","R","M","R","B"],"character_chosen":"THE_SILENT","items_purchased":["Blade Dance","War Paint"],"campfire_rested":0,"item_purchase_floors":[3,21],"current_hp_per_floor":[63,63,63,63,63,63,63,63,63,63,63,63,63,60,60,41,59,39,39,39,39,39,39,39,39,39,39,39,39,39,39,39,0,0],"gold":157,"neow_bonus":"THREE_ENEMY_KILL","is_daily":false,"chose_seed":false,"campfire_upgraded":6,"win_rate":0.0,"timestamp":1614196448,"path_taken":["M","?","$","?","M","R","E","M","T","M","M","?","?","M","R","BOSS","M","AVR","M","$","?","NM","R","?","T","R","M","E","R","M","R","BOSS"],"items_purchased_type":["Card","Relic"],"build_version":"2020-12-22","purchased_purges":2,"victory":false,"max_hp_per_floor":[70,70,70,70,70,70,70,70,70,70,70,65,65,65,65,65,65,65,65,65,65,65,65,65,65,65,65,65,65,65,65,65,65,65],"card_choices":[{"not_picked":["Prepared","Backflip"],"picked":"Infinite Blades","floor":1},{"not_picked":["Toxin Wave","Escape Plan"],"picked":"Choke","floor":5},{"not_picked":["Hidden Blade","Caltrops"],"picked":"Cloak And Dagger","floor":7},{"not_picked":["hubris:Counter","Quick Slash"],"picked":"Deflect","floor":8},{"not_picked":["Dagger Throw","Eviscerate","Underhanded Strike"],"picked":"SKIP","floor":10},{"not_picked":["Hidden Blade","Deflect"],"picked":"Footwork","floor":11},{"not_picked":["Quick Slash","Outmaneuver"],"picked":"Terror","floor":14},{"not_picked":["Endless Agony","Fluid Movement"],"picked":"Cloak And Dagger+1","floor":18},{"not_picked":["Tactician","conspire:PoisonWeapons"],"picked":"Accuracy","floor":20},{"not_picked":["Fluid Movement","Tools of the Trade","Bane"],"picked":"SKIP","floor":23},{"not_picked":["Hidden Blade","Acrobatics","Phantasmal Killer"],"picked":"SKIP","floor":28},{"not_picked":["hubris:SlightOfHand","Atom Bomb","ReplayTheSpireMod:Exploit Weakness"],"picked":"SKIP","floor":29},{"not_picked":["Heel Hook+1","Cloak And Dagger","Quick Slash"],"picked":"SKIP","floor":31}],"player_experience":703392,"relics_obtained":[{"floor":7,"key":"Unceasing Top"},{"floor":9,"key":"Paper Crane"},{"floor":23,"key":"Ancient Tea Set"},{"floor":26,"key":"Quantum Egg"},{"floor":29,"key":"hubris:MysteriousPyramids"}],"event_choices":[{"cards_removed":["Strike_G"],"damage_healed":0,"gold_gain":0,"player_choice":"Card Removal","damage_taken":0,"max_hp_gain":0,"max_hp_loss":0,"event_name":"The Cleric","floor":2,"gold_loss":50},{"damage_healed":0,"gold_gain":0,"player_choice":"Lose Max HP","damage_taken":0,"relics_obtained":["Golden Idol"],"max_hp_gain":0,"max_hp_loss":5,"event_name":"Golden Idol","floor":12,"gold_loss":0},{"damage_healed":0,"gold_gain":0,"player_choice":"Agree","damage_taken":0,"max_hp_gain":0,"max_hp_loss":0,"event_name":"conspire:LoneGhost","floor":13,"gold_loss":0}],"is_beta":false,"boss_relics":[{"not_picked":["Tiny House","hubris:CrackedHourglass"],"picked":"hubris:TerracottaHorce"}],"items_purged_floors":[19,21],"is_endless":false,"potions_floor_spawned":[8,10,16,18,23,28,31],"killed_by":"ruina:Red_and_Wolf","ascension_level":12}}