{"host":"z37g2hkgkh2zjyzk","time":1614126816,"event":{"mods":["2.2 Compatiblity","AchievementEnabler","BaseMod","Bestiary","Colored Map","Colored Powertips","Curses Come First","Highlight Path","Keyboard Shortcuts","Minty Spire (QoL Compilation)","Relic Stats","StSLib","SuperFastMode"],"gold_per_floor":[112,112,122,140,158,158,183,183,233,233,244,83,100,128,128,233,233,245,320,340,55,65,100,100,110,161,177,60,60,60],"floor_reached":29,"language":"ENG","playtime":1462,"items_purged":["Regret"],"score":347,"play_id":"61156340-ea76-427e-9bde-8ca583daa40e","local_time":"20210224013336","is_ascension_mode":true,"campfire_choices":[{"data":"Go for the Eyes","floor":6,"key":"SMITH"},{"floor":8,"key":"REST"},{"data":"Zap","floor":15,"key":"SMITH"},{"floor":24,"key":"REST"}],"circlet_count":0,"master_deck":["Strike_B","Strike_B","Strike_B","Strike_B","Defend_B","Defend_B","Defend_B","Defend_B","Zap+1","Dualcast","Gash","Cold Snap","Go for the Eyes+1","Rebound","Coolheaded","Scrape","Beam Cell","Beam Cell","Core Surge","Gash+1","Sweeping Beam","Scrape","Hologram+1","Scrape+1","Defragment","Coolheaded"],"relics":["Philosopher\u0027s Stone","Sundial","Anchor","Orichalcum","Bag of Marbles","Oddly Smooth Stone","Inserter","Cables","Tiny Chest","Strawberry"],"acts_visited":["Exordium","TheCity"],"potions_floor_usage":[16,16,16,25],"damage_taken":[{"damage":0,"enemies":"2 Louse","floor":1,"turns":3},{"damage":2,"enemies":"Cultist","floor":3,"turns":3},{"damage":0,"enemies":"Small Slimes","floor":4,"turns":3},{"damage":5,"enemies":"Looter","floor":5,"turns":3},{"damage":30,"enemies":"3 Sentries","floor":7,"turns":9},{"damage":1,"enemies":"Lots of Slimes","floor":11,"turns":3},{"damage":3,"enemies":"Blue Slaver","floor":13,"turns":3},{"damage":1,"enemies":"Gremlin Nob","floor":14,"turns":3},{"damage":14,"enemies":"The Guardian","floor":16,"turns":13},{"damage":14,"enemies":"Shell Parasite","floor":18,"turns":4},{"damage":6,"enemies":"Spheric Guardian","floor":20,"turns":3},{"damage":5,"enemies":"Cultist and Chosen","floor":22,"turns":4},{"damage":23,"enemies":"Slavers","floor":23,"turns":5},{"damage":23,"enemies":"3 Cultists","floor":25,"turns":6},{"damage":2,"enemies":"Snecko","floor":27,"turns":6},{"damage":21,"enemies":"Snake Plant","floor":29,"turns":2}],"seed_played":"-3158900813602396721","potions_obtained":[{"floor":3,"key":"FocusPotion"},{"floor":5,"key":"BlessingOfTheForge"},{"floor":11,"key":"PotionOfCapacity"},{"floor":14,"key":"Weak Potion"},{"floor":18,"key":"SkillPotion"},{"floor":25,"key":"Ancient Potion"}],"is_trial":false,"path_per_floor":["M","?","M","M","M","R","E","R","T","?","M","$","M","E","R","B",null,"M","?","M","$","M","E","R","M","T","M","$","M"],"character_chosen":"DEFECT","items_purchased":["Scrape","Beam Cell","Scrape","Cables","Defragment","Coolheaded"],"campfire_rested":2,"item_purchase_floors":[12,12,21,21,28,28],"current_hp_per_floor":[68,68,66,66,61,61,31,53,53,53,52,52,49,48,48,34,65,51,44,38,38,33,10,32,9,16,14,14,0,0],"gold":60,"neow_bonus":"BOSS_RELIC","is_daily":false,"chose_seed":false,"campfire_upgraded":2,"win_rate":0.0,"timestamp":1614126816,"path_taken":["M","?","M","M","?","R","E","R","T","?","M","$","M","E","R","BOSS","M","?","M","$","M","E","R","M","T","?","?","M"],"items_purchased_type":["Card","Card","Card","Relic","Card","Card"],"build_version":"2020-12-22","purchased_purges":1,"victory":false,"max_hp_per_floor":[75,75,75,75,75,75,75,75,75,75,75,75,75,75,75,75,75,75,75,75,75,75,75,75,75,82,82,82,82,82],"relic_stats":{"Inserter":[15],"counters":[16,73],"Sundial":[10],"Tiny Chest":0,"Orichalcum":[144],"obtain_stats":[{"Anchor":7,"Inserter":17,"Sundial":2,"Strawberry":26,"Oddly Smooth Stone":14,"Philosopher\u0027s Stone":0,"Tiny Chest":23,"Bag of Marbles":10,"Orichalcum":9,"Cracked Core":0,"Cables":21},{"Anchor":5,"Inserter":9,"Sundial":1,"Strawberry":14,"Oddly Smooth Stone":8,"Philosopher\u0027s Stone":0,"Tiny Chest":13,"Bag of Marbles":5,"Orichalcum":5,"Cracked Core":0,"Cables":11},{"Anchor":21,"Inserter":43,"Sundial":3,"Strawberry":65,"Oddly Smooth Stone":30,"Philosopher\u0027s Stone":0,"Tiny Chest":59,"Bag of Marbles":21,"Orichalcum":21,"Cracked Core":0,"Cables":50}],"Cables":[18,7,11,0,0]},"card_choices":[{"not_picked":["Stack","Recycle"],"picked":"Steam Power","floor":1},{"not_picked":["Storm","Reprogram"],"picked":"Gash","floor":3},{"not_picked":["Barrage","Tempest"],"picked":"Cold Snap","floor":4},{"not_picked":["Steam","Leap"],"picked":"Go for the Eyes","floor":5},{"not_picked":["Hello World","Meteor Strike"],"picked":"Rebound","floor":7},{"not_picked":["Lockon","Storm"],"picked":"Coolheaded","floor":11},{"not_picked":["Redo","Hello World"],"picked":"Beam Cell","floor":13},{"not_picked":["Chaos","Conserve Battery","Stack"],"picked":"SKIP","floor":14},{"not_picked":["Echo Form","Buffer"],"picked":"Core Surge","floor":16},{"not_picked":["Rebound","Stack"],"picked":"Gash+1","floor":18},{"not_picked":["Cold Snap","Go for the Eyes+1"],"picked":"Sweeping Beam","floor":20},{"not_picked":["Leap","Undo","Compile Driver"],"picked":"SKIP","floor":22},{"not_picked":["Chaos+1","Static Discharge"],"picked":"Hologram+1","floor":23},{"not_picked":["Conserve Battery","Rebound","Lockon"],"picked":"SKIP","floor":25},{"not_picked":["Double Energy","Consume"],"picked":"Scrape+1","floor":27}],"player_experience":240449,"relics_obtained":[{"floor":7,"key":"Anchor"},{"floor":9,"key":"Orichalcum"},{"floor":14,"key":"Oddly Smooth Stone"},{"floor":23,"key":"Tiny Chest"},{"floor":26,"key":"Strawberry"}],"event_choices":[{"cards_removed":["Steam Power"],"damage_healed":0,"gold_gain":0,"player_choice":"Gave Card","damage_taken":0,"relics_obtained":["Sundial"],"max_hp_gain":0,"max_hp_loss":0,"event_name":"WeMeetAgain","floor":2,"gold_loss":0},{"damage_healed":0,"gold_gain":0,"player_choice":"Box","damage_taken":0,"relics_obtained":["Bag of Marbles"],"max_hp_gain":0,"max_hp_loss":0,"event_name":"Big Fish","floor":10,"gold_loss":0,"cards_obtained":["Regret"]},{"damage_healed":0,"gold_gain":75,"player_choice":"Touch","damage_taken":7,"max_hp_gain":0,"max_hp_loss":0,"event_name":"FaceTrader","floor":19,"gold_loss":0}],"is_beta":false,"boss_relics":[{"not_picked":["Nuclear Battery","Fusion Hammer"],"picked":"Inserter"}],"items_purged_floors":[12],"is_endless":false,"potions_floor_spawned":[3,5,11,13,14,18,25],"killed_by":"Snake Plant","ascension_level":7}}