{"host":"96dqtlax74dz00hw","time":1614202830,"event":{"mods":["Bard","BaseMod","Better Altar","ChefMod","Colored Powertips","Downfall","Hermit","Minty Spire (QoL Compilation)","Permanent Neow","Rare Cards Sparkle","StSLib","The Cursed","The Disciple","The Edgeheg","The IronCluck","The Problem Sleuth"],"gold_per_floor":[117,117,117,128,145,145,145,145,145,145,73,91,121,132,132,229,229,247,247,259,271,3,3,23,23,23,43,72,88,88,99,99,202,202,221,221,221,183,203,203,203],"floor_reached":40,"language":"ENG","playtime":2739,"items_purged":["downfall:Bewildered"],"score":404,"play_id":"23db19f4-a2f2-4f15-98ab-3184d8fc9254","local_time":"20210224134030","is_ascension_mode":false,"campfire_choices":[{"data":"Mayhem","floor":6,"key":"SMITH"},{"data":"hermit:Misfire","floor":8,"key":"SMITH"},{"data":"hermit:PistolWhip","floor":10,"key":"SMITH"},{"data":"hermit:HighCaliber","floor":15,"key":"SMITH"},{"data":"hermit:HighCaliber","floor":23,"key":"SMITH"},{"data":"hermit:Adapt","floor":25,"key":"SMITH"},{"data":"hermit:Maintenance","floor":30,"key":"SMITH"},{"data":"hermit:BodyArmor","floor":32,"key":"SMITH"}],"circlet_count":0,"master_deck":["hermit:Strike_Hermit","hermit:Strike_Hermit","hermit:Strike_Hermit","hermit:Strike_Hermit","hermit:Defend_Hermit","hermit:Defend_Hermit","hermit:Defend_Hermit","hermit:Defend_Hermit","hermit:Snapshot","hermit:Covet","Mayhem+1","hermit:Glare","Regret","hermit:Misfire+1","hermit:PistolWhip+1","hermit:Determination","hermit:Vantage","hermit:HighCaliber+1","hermit:Desperado","hermit:Adapt+1","hermit:FullyLoaded+1","Writhe","hermit:HighCaliber+1","hermit:Manifest+1","hermit:Maintenance+1","hermit:WideOpen+1","hermit:BodyArmor+1","hermit:Spite","hermit:GoldenBullet+1","Pain","hermit:Maintenance"],"relics":["hermit:Momento","Peace Pipe","MealTicket","StrikeDummy","Bottled Tornado","White Beast Statue","Sozu","MawBank","sneckomod:BabySnecko","Medical Kit","hermit:Horseshoe","Turnip","Black Star","WarpedTongs"],"acts_visited":["Exordium","TheCity","TheBeyond"],"potions_floor_usage":[16,16,27,29],"damage_taken":[{"damage":0,"enemies":"2 Louse","floor":1,"turns":2},{"damage":0,"enemies":"Small Slimes","floor":4,"turns":3},{"damage":0,"enemies":"Cultist","floor":5,"turns":3},{"damage":6,"enemies":"Exordium Wildlife","floor":12,"turns":3},{"damage":15,"enemies":"3 Sentries","floor":13,"turns":6},{"damage":2,"enemies":"Blue Slaver","floor":14,"turns":2},{"damage":6,"enemies":"Slime Boss","floor":16,"turns":5},{"damage":7,"enemies":"Shell Parasite","floor":18,"turns":4},{"damage":20,"enemies":"2 Thieves","floor":24,"turns":3},{"damage":0,"enemies":"Snecko","floor":27,"turns":4},{"damage":14,"enemies":"Slavers","floor":28,"turns":6},{"damage":0,"enemies":"Snake Plant","floor":29,"turns":3},{"damage":12,"enemies":"Shelled Parasite and Fungi","floor":31,"turns":4},{"damage":28,"enemies":"Collector","floor":33,"turns":8},{"damage":23,"enemies":"3 Shapes","floor":35,"turns":6},{"damage":25,"enemies":"3 Darklings","floor":39,"turns":6},{"damage":61,"enemies":"Giant Head","floor":40,"turns":8}],"seed_played":"2034723084830152639","potions_obtained":[{"floor":1,"key":"PowerPotion"},{"floor":4,"key":"bronze:BurnAndBuffPotion"},{"floor":12,"key":"Ancient Potion"},{"floor":14,"key":"DistilledChaos"},{"floor":16,"key":"SpeedPotion"}],"is_trial":false,"path_per_floor":["M","?","?","M","M","R","?","R","T","R","$","M","E","M","R","B",null,"M","?","?","?","$","R","M","R","T","M","E","M","R","M","R","B",null,"M","?","?","$","M","E"],"character_chosen":"HERMIT","items_purchased":["hermit:Determination","hermit:HighCaliber","Medical Kit","hermit:Maintenance"],"campfire_rested":0,"item_purchase_floors":[11,22,22,38],"current_hp_per_floor":[54,42,42,42,42,42,42,42,42,42,57,51,36,34,34,28,75,68,68,68,68,75,75,55,55,55,55,41,41,41,29,29,1,75,52,52,52,67,42,0,0],"gold":203,"neow_bonus":"RANDOM_COLORLESS_2","is_daily":false,"chose_seed":false,"campfire_upgraded":8,"win_rate":0.0,"timestamp":1614202830,"path_taken":["M","?","?","M","M","R","?","R","T","R","$","M","E","M","R","BOSS","M","?","?","?","$","R","M","R","T","?","E","M","R","M","R","BOSS","M","?","?","$","?","E"],"items_purchased_type":["Card","Card","Relic","Card"],"build_version":"2020-12-22","purchased_purges":1,"victory":false,"max_hp_per_floor":[75,75,75,75,75,75,75,75,75,75,75,75,75,75,75,75,75,75,75,75,75,75,75,75,75,75,75,75,75,75,75,75,75,75,75,75,75,75,75,75,75],"card_choices":[{"not_picked":["Chrysalis","Magnetism"],"picked":"Mayhem","floor":0},{"not_picked":["hermit:Combo","hermit:Roulette"],"picked":"hermit:Glare","floor":1},{"not_picked":["hermit:Gestalt","hermit:Desperado"],"picked":"hermit:Misfire","floor":4},{"not_picked":["hermit:Dive","hermit:WideOpen"],"picked":"hermit:PistolWhip","floor":5},{"not_picked":["hermit:CalledShot","hermit:RoundhouseKick"],"picked":"hermit:Vantage","floor":12},{"not_picked":["hermit:Magnum","hermit:Midnight"],"picked":"hermit:HighCaliber","floor":13},{"not_picked":["hermit:CalledShot","hermit:LowProfile"],"picked":"hermit:Desperado","floor":14},{"not_picked":["hermit:Gambit","hermit:EternalForm"],"picked":"hermit:Adapt","floor":16},{"not_picked":["hermit:Headshot+1","hermit:Horror+1"],"picked":"hermit:FullyLoaded+1","floor":18},{"not_picked":["hermit:Virtue","hermit:LuckOfTheDraw+1"],"picked":"hermit:Manifest+1","floor":24},{"not_picked":["hermit:CursedWeapon","hermit:Roulette+1"],"picked":"hermit:Maintenance","floor":27},{"not_picked":["hermit:Feint","hermit:TrackingShot+1"],"picked":"hermit:WideOpen+1","floor":28},{"not_picked":["hermit:DeadOrAlive","hermit:ItchyTrigger+1"],"picked":"hermit:BodyArmor","floor":29},{"not_picked":["hermit:TrackingShot","hermit:Glare"],"picked":"hermit:Spite","floor":31},{"not_picked":["hermit:FullyLoaded","hermit:HoleUp+1"],"picked":"hermit:GoldenBullet+1","floor":35},{"not_picked":["hermit:Vantage+1","hermit:Coalescence+1","hermit:Malice"],"picked":"SKIP","floor":39}],"player_experience":931456,"relics_obtained":[{"floor":9,"key":"Bottled Tornado"},{"floor":13,"key":"White Beast Statue"},{"floor":26,"key":"hermit:Horseshoe"},{"floor":28,"key":"Turnip"}],"event_choices":[{"damage_healed":0,"gold_gain":0,"player_choice":"Success","damage_taken":12,"relics_obtained":["Peace Pipe"],"max_hp_gain":0,"max_hp_loss":0,"event_name":"Scrap Ooze","floor":2,"gold_loss":0},{"damage_healed":0,"gold_gain":0,"player_choice":"Box","damage_taken":0,"relics_obtained":["MealTicket"],"max_hp_gain":0,"max_hp_loss":0,"event_name":"Big Fish","floor":3,"gold_loss":0,"cards_obtained":["Regret"]},{"damage_healed":0,"gold_gain":0,"player_choice":"Gave Potion","damage_taken":0,"relics_obtained":["StrikeDummy"],"max_hp_gain":0,"max_hp_loss":0,"event_name":"WeMeetAgain","floor":7,"gold_loss":0},{"damage_healed":0,"gold_gain":0,"player_choice":"Opened","damage_taken":0,"relics_obtained":["MawBank"],"max_hp_gain":0,"max_hp_loss":0,"event_name":"The Mausoleum","floor":19,"gold_loss":0,"cards_obtained":["Writhe"]},{"damage_healed":0,"gold_gain":0,"player_choice":"Bought 0 Potions","damage_taken":0,"max_hp_gain":0,"max_hp_loss":0,"event_name":"The Woman in Blue","floor":21,"gold_loss":0},{"damage_healed":0,"gold_gain":0,"player_choice":"Rummage","damage_taken":0,"relics_obtained":["WarpedTongs"],"max_hp_gain":0,"max_hp_loss":0,"event_name":"Accursed Blacksmith","floor":37,"gold_loss":0,"cards_obtained":["Pain"]}],"is_beta":false,"boss_relics":[{"not_picked":["Fusion Hammer","Pandora\u0027s Box"],"picked":"Sozu"},{"not_picked":["hermit:BartenderGlass","hermit:DentedPlate"],"picked":"Black Star"}],"items_purged_floors":[22],"is_endless":false,"potions_floor_spawned":[1,4,12,14,16,18,24,27,28,29,31,33,35,39],"killed_by":"Giant Head","ascension_level":0}}