{"host":"oigynbtg272c19pw","time":1614168221,"event":{"mods":["BaseMod","Colored Map","Minty Spire (QoL Compilation)","Relic Stats","Slay the Relics Exporter","StSLib"],"gold_per_floor":[119,44,56,75,75,75,75,75,75,95,138,138,157,201,201,299,299,323,344,358,377,49,83,106,145,145,185,185,209,244,258,258,354,354,369,40,40,56,56,56,77,120,120,136,136,160,198,211,211,211,211,211,211,31,62,62],"floor_reached":57,"playtime":3415,"items_purged":["Defend_R"],"score":3062,"play_id":"59139a8d-1514-43a4-985c-44cd32351b19","local_time":"20210224130341","is_ascension_mode":true,"campfire_choices":[{"data":"Armaments","floor":6.0,"key":"SMITH"},{"floor":8.0,"key":"REST"},{"data":"Shockwave","floor":12.0,"key":"SMITH"},{"data":"Disarm","floor":15.0,"key":"SMITH"},{"data":"Wallop","floor":28,"key":"SMITH"},{"data":"The Bomb","floor":32,"key":"SMITH"},{"floor":40,"key":"RECALL"},{"data":"Offering","floor":45,"key":"SMITH"},{"data":"Second Wind","floor":49,"key":"SMITH"},{"data":"Backflip","floor":53,"key":"SMITH"}],"circlet_count":0,"master_deck":["AscendersBane","Strike_R","Strike_R","Strike_R","Defend_R","Defend_R","Defend_R","Bash","Offering+1","Bludgeon+1","Armaments+1","Disarm+1","Shockwave+1","Carnage","Battle Trance","Shrug It Off","Second Wind+1","Corruption","Clothesline","Burning Pact","The Bomb+1","Wallop+1","Backflip+1","Shrug It Off","Envenom+1","Shrug It Off+1","DevaForm+1","Dark Embrace+1","Feel No Pain+1","Evolve+1","Panacea","Bloodletting","Finisher+1","Meditate+1","Double Energy+1","Body Slam","Dark Embrace+1"],"relics":["Burning Blood","Golden Idol","Torii","Mummified Hand","The Courier","Snecko Eye","PrismaticShard","Paper Frog","Vajra","Ice Cream","Meat on the Bone","Tiny Chest","Frozen Egg 2","Mark of Pain","Medical Kit","Anchor","CaptainsWheel","Bag of Preparation","Toy Ornithopter"],"acts_visited":["Exordium","TheCity","TheBeyond","TheEnding"],"potions_floor_usage":[25,27,33,38,56,56],"damage_taken":[{"damage":5.0,"enemies":"2 Louse","floor":1.0,"turns":3.0},{"damage":1.0,"enemies":"Small Slimes","floor":3.0,"turns":3.0},{"damage":6.0,"enemies":"Jaw Worm","floor":4.0,"turns":3.0},{"damage":6.0,"enemies":"2 Fungi Beasts","floor":10.0,"turns":3.0},{"damage":6.0,"enemies":"Lagavulin","floor":11.0,"turns":6.0},{"damage":10.0,"enemies":"Red Slaver","floor":13.0,"turns":3.0},{"damage":6.0,"enemies":"Gremlin Nob","floor":14.0,"turns":2.0},{"damage":22.0,"enemies":"Hexaghost","floor":16.0,"turns":9.0},{"damage":0.0,"enemies":"Shell Parasite","floor":18.0,"turns":2.0},{"damage":6.0,"enemies":"3 Byrds","floor":19.0,"turns":3.0},{"damage":6.0,"enemies":"Snake Plant","floor":20.0,"turns":2.0},{"damage":24.0,"enemies":"Shelled Parasite and Fungi","floor":21.0,"turns":4.0},{"damage":7,"enemies":"Gremlin Leader","floor":23,"turns":3},{"damage":0,"enemies":"Snecko","floor":24,"turns":2},{"damage":1,"enemies":"Book of Stabbing","floor":25,"turns":4},{"damage":13,"enemies":"Gremlin Leader","floor":27,"turns":3},{"damage":6,"enemies":"3 Cultists","floor":29,"turns":3},{"damage":19,"enemies":"Slavers","floor":30,"turns":4},{"damage":6,"enemies":"Snake Plant","floor":31,"turns":2},{"damage":34,"enemies":"Automaton","floor":33,"turns":6},{"damage":0,"enemies":"Orb Walker","floor":35,"turns":3},{"damage":7,"enemies":"3 Darklings","floor":38,"turns":5},{"damage":6,"enemies":"4 Shapes","floor":41,"turns":4},{"damage":0,"enemies":"Nemesis","floor":42,"turns":5},{"damage":6,"enemies":"Spire Growth","floor":44,"turns":2},{"damage":0,"enemies":"Maw","floor":46,"turns":5},{"damage":19,"enemies":"Giant Head","floor":47,"turns":5},{"damage":0,"enemies":"Sphere and 2 Shapes","floor":48,"turns":4},{"damage":15,"enemies":"Donu and Deca","floor":50,"turns":6},{"damage":25,"enemies":"Time Eater","floor":51,"turns":7},{"damage":6,"enemies":"Shield and Spear","floor":55,"turns":3},{"damage":42,"enemies":"The Heart","floor":56,"turns":6}],"seed_played":"-802979659883805218","potions_obtained":[{"floor":4.0,"key":"DistilledChaos"},{"floor":11.0,"key":"BloodPotion"},{"floor":14.0,"key":"BlessingOfTheForge"},{"floor":21.0,"key":"SneckoOil"},{"floor":25,"key":"BlessingOfTheForge"},{"floor":27,"key":"AttackPotion"},{"floor":33,"key":"Block Potion"},{"floor":38,"key":"BloodPotion"},{"floor":44,"key":"DuplicationPotion"}],"is_trial":false,"path_per_floor":["M","$","M","M","?","R","?","R","T","M","E","R","M","E","R","B",null,"M","M","M","M","$","E","M","E","T","E","R","M","E","M","R","B",null,"M","$","?","M","?","R","M","E","T","M","R","M","E","M","R","B","B",null,"R","$","E","B",null],"character_chosen":"IRONCLAD","items_purchased":["PrismaticShard","Paper Frog","Medical Kit","Dark Embrace+1","Feel No Pain+1","Evolve+1","Bag of Preparation","Body Slam"],"campfire_rested":1,"item_purchase_floors":[22,22,36,36,36,36,54,54],"current_hp_per_floor":[51,51,56,56,56,56,30,52,52,52,52,52,48,48,48,32,64,70,70,70,52,52,51,57,62,62,55,55,55,54,54,54,38,66,72,72,71,70,60,60,60,66,66,66,66,71,58,64,64,55,48,65,65,65,65,53],"gold":62,"neow_bonus":"TRANSFORM_TWO_CARDS","is_daily":false,"chose_seed":false,"campfire_upgraded":8,"win_rate":0.0,"timestamp":1614168221,"path_taken":["M","$","M","M","?","R","?","R","T","M","E","R","M","E","R","BOSS","M","M","M","M","$","E","M","E","T","E","R","M","E","M","R","BOSS","M","$","?","M","?","R","M","E","T","M","R","M","E","M","R","BOSS","BOSS","R","$","E","BOSS"],"items_purchased_type":["Relic","Relic","Relic","Card","Card","Card","Relic","Card"],"build_version":"2020-12-13","purchased_purges":1,"victory":true,"max_hp_per_floor":[75,75,75,75,75,75,75,75,75,75,75,75,75,75,75,75,75,75,75,75,75,75,75,75,75,75,75,75,75,75,75,75,75,75,75,75,71,71,71,71,71,71,71,71,71,71,71,71,71,71,71,71,71,71,71,71],"relic_stats":{"Torii":11,"counters":[32,125],"Golden Idol":224,"Mummified Hand":[142],"Snecko Eye":[241,241,229,254],"Tiny Chest":0,"Bag of Preparation":[4],"Medical Kit":[35],"obtain_stats":[{"Ice Cream":25,"Torii":9,"Golden Idol":7,"Vajra":23,"The Courier":14,"Bag of Preparation":54,"Frozen Egg 2":30,"PrismaticShard":22,"Medical Kit":36,"Burning Blood":0,"Anchor":42,"CaptainsWheel":47,"Mummified Hand":11,"Snecko Eye":17,"Tiny Chest":27,"Mark of Pain":34,"Toy Ornithopter":55,"Paper Frog":22,"Meat on the Bone":26},{"Ice Cream":15,"Torii":3,"Golden Idol":3,"Vajra":13,"The Courier":7,"Bag of Preparation":30,"Frozen Egg 2":18,"PrismaticShard":12,"Medical Kit":21,"Burning Blood":0,"Anchor":24,"CaptainsWheel":27,"Mummified Hand":5,"Snecko Eye":8,"Tiny Chest":16,"Mark of Pain":20,"Toy Ornithopter":31,"Paper Frog":12,"Meat on the Bone":15},{"Ice Cream":52,"Torii":9,"Golden Idol":9,"Vajra":46,"The Courier":23,"Bag of Preparation":116,"Frozen Egg 2":62,"PrismaticShard":43,"Medical Kit":73,"Burning Blood":0,"Anchor":87,"CaptainsWheel":99,"Mummified Hand":18,"Snecko Eye":32,"Tiny Chest":55,"Mark of Pain":70,"Toy Ornithopter":119,"Paper Frog":43,"Meat on the Bone":52}],"Burning Blood":191,"Toy Ornithopter":10,"Meat on the Bone":36},"card_choices":[{"not_picked":["Sword Boomerang","True Grit"],"picked":"Armaments","floor":1.0},{"not_picked":["True Grit","Battle Trance"],"picked":"Disarm","floor":3.0},{"not_picked":["Twin Strike","Clothesline"],"picked":"Shockwave","floor":4.0},{"not_picked":["Reckless Charge","Havoc"],"picked":"Carnage","floor":10.0},{"not_picked":["Fiend Fire","Sentinel"],"picked":"Battle Trance","floor":11.0},{"not_picked":["Heavy Blade","Combust"],"picked":"Shrug It Off","floor":13.0},{"not_picked":["Carnage","Shrug It Off"],"picked":"Second Wind","floor":14.0},{"not_picked":["Brutality","Impervious"],"picked":"Corruption","floor":16.0},{"not_picked":["Perfected Strike","Spot Weakness","Flex+1"],"picked":"SKIP","floor":18.0},{"not_picked":["Pommel Strike","Thunderclap+1","Headbutt"],"picked":"SKIP","floor":19.0},{"not_picked":["Inflame","Wild Strike"],"picked":"Clothesline","floor":20.0},{"not_picked":["Fire Breathing","Pommel Strike"],"picked":"Burning Pact","floor":21.0},{"not_picked":["Heavy Blade","Blood for Blood"],"picked":"The Bomb","floor":23},{"not_picked":["Armaments","Barrage"],"picked":"Wallop","floor":24},{"not_picked":["Capacitor","Shrug It Off"],"picked":"Backflip","floor":25},{"not_picked":["Evaluate","Storm"],"picked":"Shrug It Off","floor":27},{"not_picked":["Evaluate","Vengeance","WindmillStrike"],"picked":"SKIP","floor":29},{"not_picked":["Blizzard","Melter"],"picked":"Envenom+1","floor":30},{"not_picked":["Coolheaded","ClearTheMind"],"picked":"Shrug It Off+1","floor":31},{"not_picked":["Glass Knife","Offering"],"picked":"DevaForm+1","floor":33},{"not_picked":["Good Instincts","Go for the Eyes","Twin Strike"],"picked":"SKIP","floor":35},{"not_picked":["Sweeping Beam+1","Redo+1","EmptyFist"],"picked":"SKIP","floor":38},{"not_picked":["Mind Blast","Finesse"],"picked":"Panacea","floor":39},{"not_picked":["Dagger Throw+1","Gash"],"picked":"Bloodletting","floor":41},{"not_picked":["Evaluate+1","Sweeping Beam+1"],"picked":"Finisher+1","floor":42},{"not_picked":["All Out Attack","JustLucky"],"picked":"Meditate+1","floor":44},{"not_picked":["Flex","Pray"],"picked":"Double Energy+1","floor":46},{"not_picked":["Doppelganger","Coolheaded","Capacitor+1"],"picked":"SKIP","floor":47},{"not_picked":["Backflip","Coolheaded+1","JustLucky"],"picked":"SKIP","floor":48},{"not_picked":["Power Through","Stack+1"],"picked":"Dark Embrace+1","floor":55}],"player_experience":1653453,"relics_obtained":[{"floor":9.0,"key":"Torii"},{"floor":11.0,"key":"Mummified Hand"},{"floor":14.0,"key":"The Courier"},{"floor":23,"key":"Vajra"},{"floor":25,"key":"Ice Cream"},{"floor":26,"key":"Meat on the Bone"},{"floor":27,"key":"Tiny Chest"},{"floor":30,"key":"Frozen Egg 2"},{"floor":42,"key":"Anchor"},{"floor":47,"key":"CaptainsWheel"},{"floor":55,"key":"Toy Ornithopter"}],"event_choices":[{"damage_healed":0.0,"max_hp_gain":0.0,"max_hp_loss":0.0,"gold_gain":0.0,"event_name":"Living Wall","player_choice":"Grow","floor":5.0,"gold_loss":0.0,"damage_taken":0.0,"cards_upgraded":["Bludgeon"]},{"damage_healed":0.0,"max_hp_gain":0.0,"max_hp_loss":0.0,"gold_gain":0.0,"event_name":"Golden Idol","player_choice":"Take Damage","floor":7.0,"gold_loss":0.0,"damage_taken":26.0,"relics_obtained":["Golden Idol"]},{"damage_healed":0,"gold_gain":0,"player_choice":"Max HP","damage_taken":0,"max_hp_gain":0,"max_hp_loss":4,"event_name":"Winding Halls","floor":37,"gold_loss":0},{"damage_healed":0,"gold_gain":0,"player_choice":"Memory 3","damage_taken":10,"max_hp_gain":0,"max_hp_loss":0,"event_name":"SensoryStone","floor":39,"gold_loss":0}],"is_beta":false,"boss_relics":[{"not_picked":["Philosopher\u0027s Stone","Black Star"],"picked":"Snecko Eye"},{"not_picked":["SlaversCollar","Pandora\u0027s Box"],"picked":"Mark of Pain"}],"items_purged_floors":[2],"is_endless":false,"potions_floor_spawned":[4,11,14,16,18,21,25,27,30,33,38,42,44,47,55],"ascension_level":20}}