{"host":"pirkuvwza0ghvq8i","time":1614135266,"event":{"mods":["Aspiration","BaseMod","Colored Map","Colored Powertips","DeckTracker","Hero for Fun","Highlight Path","Hubris","Infinite Spire","Minty Spire (QoL Compilation)","Quick Restart","Random Character Button","Relic Sorter","Replay The Spire","StSLib","Synergy Search","The Blackbeard","The Cursed","The Disciple","The Jungle","The Necromancer","The Runesmith"],"gold_per_floor":[18,18,35,48,48,80,80,80,80,105,105,55,67,97,97,192,192,202,202,219,237,250,278,278,278,278,278,297,329,346,356,356,460,460,475,487,487,334,334,334,360,360,360,393,404,415,429,462,462,462,462,462,205,235,235],"floor_reached":56,"language":"ENG","playtime":1661,"items_purged":["Defend_Y"],"score":1747,"play_id":"03b497e0-a0a9-4a3f-b378-b6a8e5b6c1ba","local_time":"20210223185426","is_ascension_mode":false,"campfire_choices":[{"floor":11,"key":"RECALL"},{"data":"Wear_Disguise","floor":24,"key":"SMITH"},{"data":"Serious_Punch","floor":32,"key":"SMITH"},{"data":"Consecutive_Normal_Punch","floor":40,"key":"SMITH"},{"data":"Pot Of Greed","floor":42,"key":"SMITH"},{"data":"Pot Of Greed","floor":49,"key":"SMITH"},{"data":"Pot Of Greed","floor":52,"key":"SMITH"}],"circlet_count":0,"master_deck":["Strike_Y","Strike_Y","Strike_Y","Strike_Y","Strike_Y","Defend_Y","Defend_Y","Defend_Y","Slap","Slap","Side_Hop+1","Side_Hop","Consecutive_Normal_Punch+1","Slap","Serious_Side_Hops","Serious_Punch+1","Slap","Slap","Wear_Disguise+1","Oh","Consecutive_Normal_Punch","Slap","Serious_Side_Hops","Toss_Stone+1","Pot Of Greed+1","Pot Of Greed+1","Pot Of Greed+1","Toss_Stone+1","Hop+1"],"relics":["Cape","NeowsBlessing","aspiration:ArtOfWarUpgrade","White Beast Statue","Smiling Mask","War Paint","infinitespire:Beetle Shell","infinitespire:Beetle Shell","Simple Rune","Black Star","Bag of Marbles","aspiration:HiddenCompartment","Grinning Jar","Mango","FossilizedHelix","Bottled Lightning","Centennial Puzzle","Golden Egg","Iron Hammer","Replay:PocketPolymizer","hubris:SlimyHat"],"acts_visited":["Exordium","TheCity","TheBeyond","TheEnding"],"potions_floor_usage":[],"damage_taken":[{"damage":0,"enemies":"Small Slimes","floor":1,"turns":1},{"damage":0,"enemies":"Cultist","floor":3,"turns":1},{"damage":0,"enemies":"Jaw Worm","floor":4,"turns":1},{"damage":0,"enemies":"Lagavulin","floor":6,"turns":1},{"damage":0,"enemies":"Gremlin Nob","floor":10,"turns":1},{"damage":0,"enemies":"Looter","floor":13,"turns":1},{"damage":0,"enemies":"Lagavulin","floor":14,"turns":1},{"damage":0,"enemies":"The Guardian","floor":16,"turns":1},{"damage":0,"enemies":"3 Byrds","floor":18,"turns":1},{"damage":0,"enemies":"2 Thieves","floor":20,"turns":1},{"damage":0,"enemies":"Snecko","floor":21,"turns":1},{"damage":0,"enemies":"Snake Plant","floor":22,"turns":1},{"damage":0,"enemies":"Replay:Snechameleon","floor":23,"turns":1},{"damage":0,"enemies":"Cultist and Chosen","floor":28,"turns":1},{"damage":0,"enemies":"Slavers","floor":29,"turns":1},{"damage":0,"enemies":"3 Cultists","floor":30,"turns":1},{"damage":0,"enemies":"Snake Plant","floor":31,"turns":1},{"damage":0,"enemies":"Collector","floor":33,"turns":1},{"damage":0,"enemies":"3 Shapes","floor":35,"turns":1},{"damage":0,"enemies":"3 Darklings","floor":36,"turns":1},{"damage":0,"enemies":"Reptomancer","floor":41,"turns":1},{"damage":0,"enemies":"Nightmare","floor":44,"turns":1},{"damage":0,"enemies":"Maw","floor":45,"turns":1},{"damage":0,"enemies":"Jaw Worm Horde","floor":46,"turns":1},{"damage":0,"enemies":"Writhing Mass","floor":47,"turns":1},{"damage":0,"enemies":"Reptomancer","floor":48,"turns":2},{"damage":0,"enemies":"Time Eater","floor":50,"turns":1},{"damage":0,"enemies":"Shield and Spear","floor":54,"turns":1},{"damage":0,"enemies":"The Heart","floor":55,"turns":2}],"seed_played":"8193379278326381463","potions_obtained":[{"floor":1,"key":"Dexterity Potion"},{"floor":6,"key":"Block Potion"},{"floor":10,"key":"Explosive Potion"}],"is_trial":false,"path_per_floor":["M","?","M","M","$","E","R","$","T","E","R","?","M","E","R","B",null,"M","AVR","M","M","M","E","R","?","T","$","M","E","M","M","R","B",null,"M","M","?","$","?","R","E","R","T","NM","M","M","M","E","R","B",null,"R","$","E","B",null],"character_chosen":"OPM","items_purchased":["Bag of Marbles","Iron Hammer"],"campfire_rested":0,"item_purchase_floors":[38,53],"current_hp_per_floor":[999,999,999,999,999,999,999,999,999,999,999,999,999,999,999,999,999,999,999,999,999,999,999,999,999,999,999,999,999,999,999,999,999,999,999,999,949,949,949,949,949,949,963,963,963,963,963,963,963,963,963,963,963,963,963],"gold":235,"neow_bonus":"THREE_ENEMY_KILL","is_daily":false,"chose_seed":false,"campfire_upgraded":6,"win_rate":0.0,"timestamp":1614135266,"path_taken":["M","?","M","M","$","E","R","$","T","E","R","?","M","E","R","BOSS","M","AVR","M","M","M","E","R","?","T","$","M","E","?","M","R","BOSS","M","M","?","$","?","R","E","R","T","NM","M","M","M","E","R","BOSS","R","$","E","BOSS"],"items_purchased_type":["Relic","Relic"],"build_version":"2020-12-22","purchased_purges":1,"victory":true,"max_hp_per_floor":[999,999,999,999,999,999,999,999,999,999,999,999,999,999,999,999,999,999,999,999,999,999,999,999,999,999,999,999,999,999,999,999,999,999,999,999,949,949,949,949,949,949,963,963,963,963,963,963,963,963,963,963,963,963,963],"card_choices":[{"not_picked":["Yawn","Side_Hop"],"picked":"Slap","floor":1},{"not_picked":["Ignore","Normal_Punch"],"picked":"Slap","floor":3},{"not_picked":["Yawn","Hop"],"picked":"Side_Hop","floor":4},{"not_picked":["Ignore","Yawn"],"picked":"Side_Hop","floor":6},{"not_picked":["Hop","Side_Hop"],"picked":"Consecutive_Normal_Punch","floor":10},{"not_picked":["Side_Hop","Terrifying_Presence"],"picked":"Slap","floor":13},{"not_picked":["Get_Hopes_Up","Ignore"],"picked":"Serious_Side_Hops","floor":14},{"not_picked":["Get_Hopes_Up","Oh"],"picked":"Serious_Punch","floor":16},{"not_picked":["Do_Nothing","Ignore"],"picked":"Slap","floor":18},{"not_picked":["Hop","Ignore"],"picked":"Slap","floor":20},{"not_picked":["Yawn","Wear_Disguise","Side_Hop"],"picked":"SKIP","floor":21},{"not_picked":["Normal_Punch","Do_Nothing"],"picked":"Wear_Disguise","floor":22},{"not_picked":["Normal_Punch+1","Slap"],"picked":"Oh","floor":23},{"not_picked":["Do_Nothing+1","Toss_Stone","Slap+1"],"picked":"SKIP","floor":28},{"not_picked":["Ignore","Toss_Stone","Hop"],"picked":"SKIP","floor":29},{"not_picked":["Yawn","Normal_Punch"],"picked":"Consecutive_Normal_Punch","floor":30},{"not_picked":["Yawn","Side_Hop"],"picked":"Slap","floor":31},{"not_picked":["Hip_Strike","Get_Hopes_Up"],"picked":"Serious_Side_Hops","floor":33},{"not_picked":["Ignore+1","Consecutive_Normal_Punch+1"],"picked":"Toss_Stone+1","floor":35},{"not_picked":["Do_Nothing","Side_Hop+1","Normal_Punch"],"picked":"SKIP","floor":36},{"not_picked":["Wear_Disguise+1","Yawn+1"],"picked":"Toss_Stone+1","floor":41},{"not_picked":["Side_Hop+1","Do_Nothing","Yawn"],"picked":"SKIP","floor":44},{"not_picked":["Consecutive_Normal_Punch","Side_Hop","Slap+1"],"picked":"SKIP","floor":45},{"not_picked":["Hip_Strike","Wear_Disguise","Normal_Punch+1"],"picked":"SKIP","floor":46},{"not_picked":["Normal_Punch+1","Yawn","Slap"],"picked":"SKIP","floor":47},{"not_picked":["Yawn","Side_Hop+1","Ignore+1"],"picked":"SKIP","floor":48},{"not_picked":["Ignore+1","Yawn+1"],"picked":"Hop+1","floor":54}],"player_experience":123812,"relics_obtained":[{"floor":6,"key":"Art of War"},{"floor":9,"key":"White Beast Statue"},{"floor":10,"key":"Smiling Mask"},{"floor":14,"key":"War Paint"},{"floor":23,"key":"infinitespire:Beetle Shell"},{"floor":29,"key":"Simple Rune"},{"floor":41,"key":"aspiration:HiddenCompartment"},{"floor":41,"key":"Grinning Jar"},{"floor":43,"key":"Mango"},{"floor":44,"key":"FossilizedHelix"},{"floor":44,"key":"Bottled Lightning"},{"floor":48,"key":"Centennial Puzzle"},{"floor":48,"key":"Golden Egg"},{"floor":54,"key":"Replay:PocketPolymizer"},{"floor":54,"key":"hubris:SlimyHat"}],"event_choices":[{"cards_removed":["Defend_Y"],"damage_healed":0,"gold_gain":0,"player_choice":"Card Removal","damage_taken":0,"max_hp_gain":0,"max_hp_loss":0,"event_name":"The Cleric","floor":12,"gold_loss":50},{"damage_healed":0,"gold_gain":0,"player_choice":"Bought 0 Potions","damage_taken":0,"max_hp_gain":0,"max_hp_loss":0,"event_name":"The Woman in Blue","floor":25,"gold_loss":0},{"damage_healed":0,"gold_gain":0,"player_choice":"Max HP","damage_taken":0,"max_hp_gain":0,"max_hp_loss":50,"event_name":"Winding Halls","floor":37,"gold_loss":0}],"is_beta":false,"boss_relics":[{"not_picked":[]},{"not_picked":["hubris:RunicObelisk","Painkiller Herb"],"picked":"Black Star"}],"items_purged_floors":[19],"is_endless":false,"potions_floor_spawned":[1,6,10,13,14,16,18,20,21,22,23,28,29,30,31,33,35,36,41,44,45,46,47,48,54],"ascension_level":0}}