{"host":"5tzvto3beate6p8b","time":1614159412,"event":{"mods":["BaseMod","Colored Map","DeckTracker","Minty Spire (QoL Compilation)","Relic Stats","StSLib","SuperFastMode"],"gold_per_floor":[117,117,117,42,117,152,152,173,221,262,281,281,302,363,363,459,459,484,503,51,51,66,66,79,79,79,123,142,195,216,240,240,338,338,358,427,452,467,43,43,79,79,79,117,117,1,1,26,26,26,26],"floor_reached":50,"language":"JPN","playtime":2209,"items_purged":["Writhe","Strike_B","Strike_B"],"score":1156,"play_id":"163e0c13-44c1-4dc8-9777-d0d53b97bd17","local_time":"20210224183652","is_ascension_mode":true,"campfire_choices":[{"data":"Zap","floor":7.0,"key":"SMITH"},{"data":"Electrodynamics","floor":12.0,"key":"SMITH"},{"data":"Darkness","floor":15.0,"key":"SMITH"},{"data":"Defragment","floor":23.0,"key":"SMITH"},{"floor":25.0,"key":"REST"},{"floor":32.0,"key":"REST"},{"data":"Darkness","floor":40.0,"key":"SMITH"},{"floor":42.0,"key":"REST"},{"floor":45.0,"key":"REST"},{"data":"Fission","floor":47.0,"key":"SMITH"},{"floor":49,"key":"REST"}],"circlet_count":0,"master_deck":["AscendersBane","Strike_B","Strike_B","Defend_B","Defend_B","Defend_B","Defend_B","Zap+1","Dualcast","Doom and Gloom","Hologram+1","Rip and Tear","Electrodynamics+1","Compile Driver","Darkness+1","Rainbow","Chill+1","Rip and Tear","Defragment+1","Ball Lightning","Skim+1","Lockon+1","Conserve Battery","Redo","Darkness+1","Fission+1","Lockon","Static Discharge","Darkness+1","Stack","Loop","Ball Lightning+1","Defragment","FTL+1"],"relics":["Cracked Core","Sundial","Golden Idol","Shuriken","DataDisk","Omamori","Velvet Choker","Matryoshka","Pantograph","War Paint","FossilizedHelix","Smiling Mask","Oddly Smooth Stone","Bronze Scales","Philosopher\u0027s Stone","Thread and Needle","Lizard Tail","Ancient Tea Set","Shovel","Blood Vial"],"acts_visited":["Exordium","TheCity","TheBeyond"],"potions_floor_usage":[50],"damage_taken":[{"damage":1.0,"enemies":"Cultist","floor":1.0,"turns":3.0},{"damage":15.0,"enemies":"3 Sentries","floor":6.0,"turns":4.0},{"damage":4.0,"enemies":"Jaw Worm","floor":8.0,"turns":3.0},{"damage":22.0,"enemies":"Lagavulin","floor":10.0,"turns":5.0},{"damage":0.0,"enemies":"Small Slimes","floor":11.0,"turns":2.0},{"damage":14.0,"enemies":"Exordium Wildlife","floor":13.0,"turns":3.0},{"damage":0.0,"enemies":"Slime Boss","floor":16.0,"turns":5.0},{"damage":2.0,"enemies":"2 Thieves","floor":18.0,"turns":3.0},{"damage":0.0,"enemies":"Chosen","floor":19.0,"turns":3.0},{"damage":19.0,"enemies":"Shelled Parasite and Fungi","floor":22.0,"turns":4.0},{"damage":20.0,"enemies":"Snecko","floor":24.0,"turns":4.0},{"damage":6.0,"enemies":"Slavers","floor":27.0,"turns":4.0},{"damage":10.0,"enemies":"Snake Plant","floor":28.0,"turns":3.0},{"damage":0.0,"enemies":"Centurion and Healer","floor":30.0,"turns":5.0},{"damage":0.0,"enemies":"Chosen and Byrds","floor":31.0,"turns":2.0},{"damage":26.0,"enemies":"Champ","floor":33.0,"turns":6.0},{"damage":0.0,"enemies":"3 Shapes","floor":35.0,"turns":3.0},{"damage":17.0,"enemies":"2 Orb Walkers","floor":36.0,"turns":2.0},{"damage":11.0,"enemies":"3 Darklings","floor":37.0,"turns":4.0},{"damage":0.0,"enemies":"Spire Growth","floor":38.0,"turns":3.0},{"damage":55.0,"enemies":"Nemesis","floor":41.0,"turns":7.0},{"damage":35.0,"enemies":"Reptomancer","floor":44.0,"turns":5.0},{"damage":23,"enemies":"Transient","floor":48,"turns":6},{"damage":113,"enemies":"Awakened One","floor":50,"turns":7}],"seed_played":"5722596269452149336","potions_obtained":[{"floor":1.0,"key":"DuplicationPotion"},{"floor":11.0,"key":"BlessingOfTheForge"},{"floor":13.0,"key":"Block Potion"},{"floor":18.0,"key":"CultistPotion"},{"floor":19.0,"key":"ColorlessPotion"},{"floor":22.0,"key":"Fire Potion"},{"floor":31.0,"key":"Explosive Potion"},{"floor":33.0,"key":"DistilledChaos"},{"floor":38.0,"key":"Dexterity Potion"},{"floor":41.0,"key":"Block Potion"}],"is_trial":false,"path_per_floor":["M","T","?","$","?","E","R","M","T","E","M","R","M","?","R","B",null,"M","M","$","?","M","R","M","R","T","E","M","T","M","M","R","B",null,"M","?","M","M","$","R","E","R","T","E","R","$","R","M","R","B"],"character_chosen":"DEFECT","items_purchased":["Defragment","Matryoshka","Lizard Tail","Loop","FairyPotion"],"campfire_rested":5,"item_purchase_floors":[20,20,39,39,46],"current_hp_per_floor":[77,77,77,77,66,51,51,47,47,25,25,25,11,11,11,11,61,59,59,59,59,40,40,20,43,43,37,27,27,27,27,50,49,70,70,53,42,42,42,42,30,53,53,18,41,41,41,20,43,0,0],"gold":26,"neow_bonus":"TWENTY_PERCENT_HP_BONUS","is_daily":false,"chose_seed":false,"campfire_upgraded":6,"win_rate":0.0,"timestamp":1614159412,"path_taken":["M","?","?","$","?","E","R","M","T","E","M","R","?","?","R","BOSS","M","M","$","?","M","R","M","R","T","E","M","?","?","M","R","BOSS","M","?","M","M","$","R","E","R","T","E","R","$","R","M","R","BOSS"],"items_purchased_type":["Card","Relic","Relic","Card","Potion"],"build_version":"2020-12-22","purchased_purges":3,"victory":false,"max_hp_per_floor":[85,85,77,77,77,77,77,77,77,77,77,77,77,77,77,77,77,77,77,77,77,77,77,77,77,77,77,77,77,77,77,77,77,77,77,77,77,77,77,77,77,77,77,77,77,77,77,77,77,77,77],"relic_stats":{"Blood Vial":4,"Lizard Tail":38,"Shovel":0,"counters":[24,96],"Sundial":[8],"Golden Idol":149,"Shuriken":[10],"Pantograph":50,"Bronze Scales":[135],"War Paint":["Skim","Hologram"],"Smiling Mask":75,"obtain_stats":[{"Golden Idol":3,"Velvet Choker":17,"Oddly Smooth Stone":29,"Thread and Needle":36,"Omamori":10,"War Paint":26,"Smiling Mask":27,"Ancient Tea Set":41,"Blood Vial":44,"DataDisk":9,"Lizard Tail":39,"Matryoshka":20,"Shovel":43,"Sundial":2,"Shuriken":6,"Pantograph":21,"Bronze Scales":29,"Philosopher\u0027s Stone":34,"Cracked Core":0,"FossilizedHelix":26},{"Golden Idol":1,"Velvet Choker":7,"Oddly Smooth Stone":13,"Thread and Needle":18,"Omamori":4,"War Paint":11,"Smiling Mask":12,"Ancient Tea Set":21,"Blood Vial":22,"DataDisk":3,"Lizard Tail":20,"Matryoshka":9,"Shovel":21,"Sundial":1,"Shuriken":2,"Pantograph":9,"Bronze Scales":13,"Philosopher\u0027s Stone":16,"Cracked Core":0,"FossilizedHelix":11},{"Golden Idol":3,"Velvet Choker":25,"Oddly Smooth Stone":46,"Thread and Needle":64,"Omamori":15,"War Paint":39,"Smiling Mask":43,"Ancient Tea Set":78,"Blood Vial":83,"DataDisk":10,"Lizard Tail":71,"Matryoshka":31,"Shovel":78,"Sundial":3,"Shuriken":7,"Pantograph":31,"Bronze Scales":46,"Philosopher\u0027s Stone":59,"Cracked Core":0,"FossilizedHelix":39}]},"card_choices":[{"not_picked":["Beam Cell","Redo"],"picked":"Doom and Gloom","floor":1.0},{"not_picked":["Conserve Battery","Stack"],"picked":"Hologram","floor":6.0},{"not_picked":["Gash","Rebound"],"picked":"Rip and Tear","floor":8.0},{"not_picked":["Beam Cell","Go for the Eyes"],"picked":"Electrodynamics","floor":10.0},{"not_picked":["Sweeping Beam","Gash"],"picked":"Compile Driver","floor":11.0},{"not_picked":["Beam Cell","Cold Snap"],"picked":"Darkness","floor":13.0},{"not_picked":["Meteor Strike","Creative AI"],"picked":"Rainbow","floor":16.0},{"not_picked":["Turbo","Lockon"],"picked":"Chill+1","floor":18.0},{"not_picked":["Recycle","Turbo"],"picked":"Rip and Tear","floor":19.0},{"not_picked":["Rebound","Gash"],"picked":"Ball Lightning","floor":22.0},{"not_picked":["Hello World","Rebound"],"picked":"Skim","floor":24.0},{"not_picked":["Hologram","Melter"],"picked":"Lockon+1","floor":27.0},{"not_picked":["Beam Cell","Steam"],"picked":"Conserve Battery","floor":28.0},{"not_picked":["Turbo+1","Force Field"],"picked":"Redo","floor":30.0},{"not_picked":["Hologram","Conserve Battery"],"picked":"Darkness+1","floor":31.0},{"not_picked":["Electrodynamics","Echo Form"],"picked":"Fission","floor":33.0},{"not_picked":["Cold Snap","Heatsinks"],"picked":"Lockon","floor":35.0},{"not_picked":["Barrage","Go for the Eyes+1"],"picked":"Static Discharge","floor":36.0},{"not_picked":["Auto Shields","Coolheaded"],"picked":"Darkness","floor":37.0},{"not_picked":["Sweeping Beam","Leap"],"picked":"Stack","floor":38.0},{"not_picked":["Rebound","Cold Snap"],"picked":"Ball Lightning+1","floor":41.0},{"not_picked":["Barrage","Static Discharge+1"],"picked":"Defragment","floor":44.0},{"not_picked":["Ball Lightning","All For One"],"picked":"FTL+1","floor":48}],"player_experience":856367,"relics_obtained":[{"floor":2.0,"key":"Sundial"},{"floor":6.0,"key":"Shuriken"},{"floor":9.0,"key":"DataDisk"},{"floor":10.0,"key":"Omamori"},{"floor":26.0,"key":"War Paint"},{"floor":26.0,"key":"FossilizedHelix"},{"floor":27.0,"key":"Smiling Mask"},{"floor":29.0,"key":"Oddly Smooth Stone"},{"floor":29.0,"key":"Bronze Scales"},{"floor":36.0,"key":"Thread and Needle"},{"floor":41.0,"key":"Ancient Tea Set"},{"floor":43.0,"key":"Shovel"},{"floor":44.0,"key":"Blood Vial"}],"event_choices":[{"damage_healed":0.0,"max_hp_gain":0.0,"max_hp_loss":8.0,"gold_gain":0.0,"event_name":"Golden Idol","player_choice":"Lose Max HP","floor":3.0,"gold_loss":0.0,"damage_taken":0.0,"relics_obtained":["Golden Idol"]},{"damage_healed":0.0,"max_hp_gain":0.0,"max_hp_loss":0.0,"gold_gain":75.0,"event_name":"World of Goop","player_choice":"Gather Gold","floor":5.0,"gold_loss":0.0,"damage_taken":11.0},{"damage_healed":0.0,"max_hp_gain":0.0,"max_hp_loss":0.0,"gold_gain":61.0,"event_name":"Golden Wing","player_choice":"Gained Gold","floor":14.0,"gold_loss":0.0,"damage_taken":0.0},{"damage_healed":0.0,"max_hp_gain":0.0,"max_hp_loss":0.0,"gold_gain":0.0,"event_name":"The Mausoleum","player_choice":"Opened","floor":21.0,"gold_loss":0.0,"damage_taken":0.0,"relics_obtained":["Pantograph"],"cards_obtained":["Writhe"]},{"damage_healed":0.0,"max_hp_gain":0.0,"max_hp_loss":0.0,"gold_gain":0.0,"event_name":"Mysterious Sphere","player_choice":"Fight","floor":36.0,"gold_loss":0.0,"damage_taken":0.0}],"is_beta":false,"boss_relics":[{"not_picked":["Tiny House","SlaversCollar"],"picked":"Velvet Choker"},{"not_picked":["Runic Pyramid","Coffee Dripper"],"picked":"Philosopher\u0027s Stone"}],"items_purged_floors":[4,20,39],"is_endless":false,"potions_floor_spawned":[1,11,13,18,19,22,31,33,36,38,41,48],"killed_by":"Awakened One","ascension_level":19}}