{"host":"t9zjxed0utvsfjwc","time":1614153016,"event":{"mods":["2.2 Compatiblity","A Penny For Your Troubles","Act Like it!","Aspiration","BaseMod","Bestiary","Better Altar","Better Match","Better Note","Better Sensory Stone","Better Skull","Better Synergies","Better Third Choice","Better Vampires","BetterRewards","Block Reminder","Bossed Relics","Colored Map","Colored Powertips","Conspire","Defuse TimeMaze Blight","Downfall","Energized Spire","Friendly Minions","GifTheSpireLib","Hermit","Highlight Path","Hubris","Infinite Spire","Minty Spire (QoL Compilation)","Quick Restart","Rare Cards Sparkle","Relic Sorter","Relic Stats","Reliquary","Replay The Spire","StS++","StSLib","Stuff the Spire","The Hierophant","Unceasing Turn Reminder","Wandering Minibosses","everything is the same but u backflip on backflip"],"gold_per_floor":[117,135,135,147,72,72,103,122,122,122,140,203,103,115,115,115,115],"floor_reached":16,"language":"ENG","playtime":1242,"items_purged":["Defend_R","Strike_R"],"score":107,"play_id":"8bbf79b3-fda6-4684-822a-2aa86c660a33","local_time":"20210224075016","is_ascension_mode":true,"campfire_choices":[{"data":"True Grit","floor":6,"key":"SMITH"},{"floor":15,"key":"DIG"}],"circlet_count":0,"master_deck":["Strike_R","Strike_R","Strike_R","Defend_R","Defend_R","Defend_R","Bash","True Grit+1","Iron Wave","Feel No Pain+1","Iron Wave","Iron Wave","Uppercut"],"relics":["Burning Blood","NeowsBlessing","FaceOfCleric","Frozen Egg 2","Torii","reliquary:Knoch","Orichalcum"],"acts_visited":["Exordium"],"potions_floor_usage":[11,16],"damage_taken":[{"damage":0,"enemies":"Cultist","floor":1,"turns":1},{"damage":0,"enemies":"Jaw Worm","floor":2,"turns":1},{"damage":0,"enemies":"2 Louse","floor":4,"turns":1},{"damage":63,"enemies":"Lagavulin","floor":7,"turns":7},{"damage":10,"enemies":"Looter","floor":8,"turns":4},{"damage":1,"enemies":"Lots of Slimes","floor":11,"turns":5},{"damage":11,"enemies":"conspire:MimicChest","floor":12,"turns":20},{"damage":8,"enemies":"2 Fungi Beasts","floor":14,"turns":5},{"damage":27,"enemies":"The Guardian","floor":16,"turns":5}],"seed_played":"7769531041948008431","potions_obtained":[{"floor":4,"key":"Fire Potion"},{"floor":8,"key":"Elixir"},{"floor":14,"key":"Venom Potion"}],"is_trial":false,"path_per_floor":["M","M","?","M","$","R","E","M","T","?","M","?","$","M","R_BF","B"],"character_chosen":"IRONCLAD","items_purchased":[],"campfire_rested":0,"item_purchase_floors":[],"current_hp_per_floor":[80,80,80,81,81,81,25,22,22,22,28,24,24,23,23,0,0],"gold":115,"neow_bonus":"THREE_ENEMY_KILL","is_daily":false,"chose_seed":false,"campfire_upgraded":1,"win_rate":0.0,"timestamp":1614153016,"path_taken":["M","?","?","?","?","R","E","M","T","?","?","?","$","M","R_BF","BOSS"],"items_purchased_type":[],"build_version":"2020-12-22","purchased_purges":2,"victory":false,"max_hp_per_floor":[80,80,80,81,81,81,82,83,83,83,84,85,85,86,86,86,86],"relic_stats":{"FaceOfCleric":6,"Torii":11,"counters":[9,49],"Orichalcum":[6],"obtain_stats":[{"NeowsBlessing":0,"FaceOfCleric":3,"Torii":9,"reliquary:Knoch":12,"Frozen Egg 2":7,"Orichalcum":15,"Burning Blood":0},{"NeowsBlessing":0,"FaceOfCleric":2,"Torii":5,"reliquary:Knoch":7,"Frozen Egg 2":4,"Orichalcum":8,"Burning Blood":0},{"NeowsBlessing":0,"FaceOfCleric":2,"Torii":14,"reliquary:Knoch":39,"Frozen Egg 2":10,"Orichalcum":44,"Burning Blood":0}],"Burning Blood":30},"card_choices":[{"not_picked":["Headbutt","Armaments"],"picked":"True Grit","floor":1},{"not_picked":["Reckless Charge","Sword Boomerang","StSpp:TheBiggerTheyAre"],"picked":"SKIP","floor":2},{"not_picked":["infinitespire:OneForAll","StuffTheSpire:Slingshot"],"picked":"Iron Wave","floor":4},{"not_picked":["Anger","ReplayTheSpireMod:LeadingStrike"],"picked":"Feel No Pain+1","floor":7},{"not_picked":["Replay:Undeath\u0027s Touch","Havoc"],"picked":"Iron Wave","floor":8},{"not_picked":["Clash","Run Through"],"picked":"Iron Wave","floor":11},{"not_picked":["StuffTheSpire:Slingshot","Heavy Blade"],"picked":"Uppercut","floor":12},{"not_picked":["Run Through","Sword Boomerang","hubris:CleavingFinish"],"picked":"SKIP","floor":14}],"player_experience":551086,"relics_obtained":[{"floor":7,"key":"Frozen Egg 2"},{"floor":9,"key":"Torii"},{"floor":12,"key":"reliquary:Knoch"},{"floor":15,"key":"Orichalcum"}],"event_choices":[{"damage_healed":0,"gold_gain":0,"player_choice":"Trade","damage_taken":0,"relics_obtained":["FaceOfCleric"],"max_hp_gain":0,"max_hp_loss":0,"event_name":"FaceTrader","floor":3,"gold_loss":0},{"cards_removed":["Strike_R"],"damage_healed":0,"gold_gain":0,"player_choice":"Purged","damage_taken":0,"max_hp_gain":0,"max_hp_loss":0,"event_name":"Purifier","floor":10,"gold_loss":0}],"is_beta":false,"boss_relics":[],"items_purged_floors":[5,13],"is_endless":false,"potions_floor_spawned":[4,8,14],"killed_by":"The Guardian","ascension_level":1}}