{"host":"ow66nzv2xecjoor3","time":1614126828,"event":{"mods":["BaseMod","Bestiary","Block Reminder","Colored Powertips","Curses Come First","Highlight Path","Keyboard Shortcuts","Minty Spire (QoL Compilation)","Permanent Neow","Relic Stats","StSLib","UnlockEverythingMod"],"gold_per_floor":[16,35,51,62,62,62,141,141,166,197,212,49,89,109,109,109,109],"floor_reached":16,"language":"ENG","playtime":594,"items_purged":[],"score":224,"play_id":"cf22a7a5-f383-4738-9c9a-c2f94441220b","local_time":"20210223183348","is_ascension_mode":true,"campfire_choices":[{"data":"Whirlwind","floor":6,"key":"SMITH"},{"data":"Bash","floor":8,"key":"SMITH"},{"data":"Inflame","floor":15,"key":"SMITH"}],"circlet_count":0,"master_deck":["AscendersBane","Strike_R","Strike_R","Strike_R","Strike_R","Strike_R","Defend_R","Defend_R","Defend_R","Defend_R","Bash+1","Whirlwind+1","Armaments","Flame Barrier","Iron Wave","Headbutt","Exhume","Inflame+1","Metallicize"],"relics":["Burning Blood","Calipers","Golden Idol","Potion Belt","Oddly Smooth Stone","Nunchaku","Bag of Marbles","Sundial"],"acts_visited":["Exordium"],"potions_floor_usage":[3,7,13],"damage_taken":[{"damage":14,"enemies":"Jaw Worm","floor":1,"turns":5},{"damage":1,"enemies":"2 Louse","floor":2,"turns":2},{"damage":1,"enemies":"Cultist","floor":3,"turns":3},{"damage":6,"enemies":"Exordium Wildlife","floor":4,"turns":5},{"damage":11,"enemies":"3 Sentries","floor":7,"turns":4},{"damage":32,"enemies":"Gremlin Nob","floor":10,"turns":4},{"damage":0,"enemies":"Looter","floor":11,"turns":4},{"damage":14,"enemies":"3 Sentries","floor":13,"turns":3},{"damage":7,"enemies":"Blue Slaver","floor":14,"turns":7},{"damage":35,"enemies":"Slime Boss","floor":16,"turns":8}],"seed_played":"8087238403743241391","potions_obtained":[{"floor":1,"key":"EssenceOfSteel"},{"floor":2,"key":"Fire Potion"},{"floor":3,"key":"LiquidBronze"},{"floor":11,"key":"SkillPotion"}],"is_trial":false,"path_per_floor":["M","M","M","M","?","R","?","R","T","E","M","$","E","M","R","B"],"character_chosen":"IRONCLAD","items_purchased":["Bag of Marbles"],"campfire_rested":0,"item_purchase_floors":[12],"current_hp_per_floor":[60,65,70,70,68,68,63,63,63,37,43,43,35,34,34,0,0],"gold":109,"neow_bonus":"ONE_RARE_RELIC","is_daily":false,"chose_seed":false,"campfire_upgraded":3,"win_rate":0.0,"timestamp":1614126828,"path_taken":["M","M","M","M","?","R","?","R","T","E","M","$","E","M","R","BOSS"],"items_purchased_type":["Relic"],"build_version":"2020-12-22","purchased_purges":0,"victory":false,"max_hp_per_floor":[75,75,75,75,68,68,68,68,68,68,68,68,68,68,68,68,68],"relic_stats":{"Nunchaku":[2],"counters":[10,45],"Golden Idol":45,"Sundial":[2],"obtain_stats":[{"Potion Belt":7,"Nunchaku":10,"Calipers":0,"Golden Idol":5,"Sundial":13,"Oddly Smooth Stone":9,"Bag of Marbles":12,"Burning Blood":0},{"Potion Belt":4,"Nunchaku":6,"Calipers":0,"Golden Idol":4,"Sundial":8,"Oddly Smooth Stone":5,"Bag of Marbles":7,"Burning Blood":0},{"Potion Belt":15,"Nunchaku":23,"Calipers":0,"Golden Idol":15,"Sundial":30,"Oddly Smooth Stone":19,"Bag of Marbles":27,"Burning Blood":0}],"Burning Blood":54},"card_choices":[{"not_picked":["Rage","Clothesline"],"picked":"Whirlwind","floor":1},{"not_picked":["Twin Strike","Perfected Strike"],"picked":"Armaments","floor":2},{"not_picked":["Sword Boomerang","Twin Strike"],"picked":"Flame Barrier","floor":3},{"not_picked":["Armaments","Havoc"],"picked":"Iron Wave","floor":4},{"not_picked":["Cleave","Warcry"],"picked":"Headbutt","floor":7},{"not_picked":["Pommel Strike","Clothesline"],"picked":"Exhume","floor":10},{"not_picked":["Sever Soul","Havoc"],"picked":"Inflame","floor":11},{"not_picked":["Heavy Blade","Perfected Strike","Sword Boomerang"],"picked":"SKIP","floor":13},{"not_picked":["Flex","Wild Strike"],"picked":"Metallicize","floor":14}],"player_experience":2956168,"relics_obtained":[{"floor":9,"key":"Oddly Smooth Stone"},{"floor":10,"key":"Nunchaku"},{"floor":13,"key":"Sundial"}],"event_choices":[{"damage_healed":0,"gold_gain":0,"player_choice":"Lose Max HP","damage_taken":0,"relics_obtained":["Golden Idol"],"max_hp_gain":0,"max_hp_loss":7,"event_name":"Golden Idol","floor":5,"gold_loss":0},{"damage_healed":0,"gold_gain":0,"player_choice":"Searched \u00273\u0027 times","damage_taken":0,"relics_obtained":["Potion Belt"],"max_hp_gain":0,"max_hp_loss":0,"event_name":"Dead Adventurer","floor":7,"gold_loss":0}],"is_beta":false,"boss_relics":[],"items_purged_floors":[],"is_endless":false,"potions_floor_spawned":[1,2,3,11],"killed_by":"Slime Boss","ascension_level":20}}