{"host":"ufhw4cf0hh51lveu","time":1614153359,"event":{"mods":["BaseMod","DeckTracker","Lobotomy","Minty Spire (QoL Compilation)","SuperFastMode"],"gold_per_floor":[116,7,33,50,50,50,63,63,140,17,17,34,34,53,53,154,154,171,189,189,189,200,200,218,253,253,253,266,266,266,278,278,278,278],"floor_reached":33,"language":"KOR","playtime":816,"items_purged":["Strike_G"],"score":237,"play_id":"386227d7-8377-4f2d-a992-b7a7c8ad34bc","local_time":"20210224165559","is_ascension_mode":false,"campfire_choices":[{"data":"Sucker Punch","floor":6,"key":"SMITH"},{"data":"Well Laid Plans","floor":11,"key":"SMITH"},{"data":"Sucker Punch","floor":13,"key":"SMITH"},{"data":"Neutralize","floor":15,"key":"SMITH"},{"data":"Caltrops","floor":23,"key":"SMITH"},{"floor":27,"key":"REST"},{"floor":30,"key":"REST"},{"floor":32,"key":"REST"}],"circlet_count":0,"master_deck":["Strike_G+1","Defend_G+1","Defend_G+1","Defend_G+1","Defend_G+1","Survivor","Neutralize+1","Backstab","Sucker Punch+1","Poisoned Stab","Well Laid Plans+1","Sucker Punch+1","Poisoned Stab","Dodge and Roll+1","Malaise+1","Acrobatics+1","Caltrops+1","Leg Sweep+1","Dagger Spray+1","Deflect+1"],"relics":["Ring of the Snake","Boot","Toxic Egg 2","Empty Cage","Red Mask","Letter Opener","Nloth\u0027s Gift"],"acts_visited":["Exordium","TheCity"],"potions_floor_usage":[16,16,19,25,28,31,31,33],"damage_taken":[{"damage":2,"enemies":"Cultist","floor":1,"turns":5},{"damage":0,"enemies":"Jaw Worm","floor":4,"turns":3},{"damage":0,"enemies":"Small Slimes","floor":7,"turns":2},{"damage":4,"enemies":"Red Slaver","floor":12,"turns":3},{"damage":0,"enemies":"3 Louse","floor":14,"turns":3},{"damage":28,"enemies":"Slime Boss","floor":16,"turns":13},{"damage":9,"enemies":"Spheric Guardian","floor":18,"turns":6},{"damage":11,"enemies":"2 Thieves","floor":19,"turns":4},{"damage":4,"enemies":"Snake Plant","floor":22,"turns":5},{"damage":17,"enemies":"Snecko","floor":24,"turns":7},{"damage":22,"enemies":"Masked Bandits","floor":25,"turns":7},{"damage":17,"enemies":"3 Cultists","floor":28,"turns":5},{"damage":3,"enemies":"Snake Plant","floor":31,"turns":5},{"damage":73,"enemies":"Automaton","floor":33,"turns":12}],"seed_played":"7205697450435061908","potions_obtained":[{"floor":1,"key":"Energy Potion"},{"floor":8,"key":"Swift Potion"},{"floor":8,"key":"SneckoOil"},{"floor":8,"key":"DistilledChaos"},{"floor":16,"key":"SpeedPotion"},{"floor":18,"key":"AttackPotion"},{"floor":24,"key":"Poison Potion"},{"floor":25,"key":"Strength Potion"},{"floor":28,"key":"SteroidPotion"}],"is_trial":false,"path_per_floor":["M","$","T","M","?","R","M","?","T","$","R","M","R","M","R","B",null,"M","M","?","?","M","R","M","?","T","R","M","?","R","M","R","B"],"character_chosen":"THE_SILENT","items_purchased":["Backstab","Well Laid Plans","Sucker Punch"],"campfire_rested":3,"item_purchase_floors":[2,10,10],"current_hp_per_floor":[47,47,47,47,47,47,47,47,47,47,47,43,43,43,43,15,70,61,50,50,50,46,46,29,7,7,28,11,11,32,29,50,0,0],"gold":278,"neow_bonus":"ONE_RARE_RELIC","is_daily":false,"chose_seed":false,"campfire_upgraded":5,"win_rate":0.0,"timestamp":1614153359,"path_taken":["M","$","?","M","?","R","?","?","T","$","R","?","R","M","R","BOSS","M","M","?","?","M","R","M","?","T","R","M","?","R","M","R","BOSS"],"items_purchased_type":["Card","Card","Card"],"build_version":"2020-12-22","purchased_purges":1,"victory":false,"max_hp_per_floor":[70,70,70,70,70,70,70,70,70,70,70,70,70,70,70,70,70,70,70,70,70,70,70,70,70,70,70,70,70,70,70,70,70,70],"card_choices":[{"not_picked":["Distraction","Caltrops","Blur"],"picked":"SKIP","floor":1},{"not_picked":["Flechettes","Choke"],"picked":"Sucker Punch","floor":4},{"not_picked":["Cloak And Dagger","Prepared"],"picked":"Poisoned Stab","floor":7},{"not_picked":["Slice","Cloak And Dagger+1"],"picked":"Poisoned Stab","floor":12},{"not_picked":["Predator","Dagger Throw"],"picked":"Dodge and Roll+1","floor":14},{"not_picked":["Burst+1","After Image"],"picked":"Malaise+1","floor":16},{"not_picked":["Finisher","Well Laid Plans+1","Expertise+1"],"picked":"SKIP","floor":18},{"not_picked":["Backstab","Bane+1"],"picked":"Acrobatics+1","floor":19},{"not_picked":["Accuracy","Outmaneuver+1"],"picked":"Dagger Spray+1","floor":22},{"not_picked":["Accuracy","Dagger Throw","Choke"],"picked":"SKIP","floor":24},{"not_picked":["Flying Knee","Footwork+1","Deflect+1"],"picked":"SKIP","floor":28},{"not_picked":["Caltrops","Slice+1"],"picked":"Deflect+1","floor":31}],"player_experience":82059,"relics_obtained":[{"floor":3,"key":"Boot"},{"floor":9,"key":"Toxic Egg 2"},{"floor":25,"key":"Red Mask"},{"floor":26,"key":"Letter Opener"}],"event_choices":[{"damage_healed":0,"gold_gain":0,"player_choice":"Ignored","damage_taken":0,"max_hp_gain":0,"max_hp_loss":0,"event_name":"Shining Light","floor":5,"gold_loss":0},{"damage_healed":0,"gold_gain":0,"player_choice":"Got Potions","damage_taken":0,"max_hp_gain":0,"max_hp_loss":0,"event_name":"Lab","floor":8,"gold_loss":0},{"damage_healed":0,"gold_gain":0,"player_choice":"Simplicity","damage_taken":0,"max_hp_gain":0,"max_hp_loss":0,"event_name":"Back to Basics","floor":20,"gold_loss":0,"cards_upgraded":["Strike_G","Strike_G","Defend_G","Defend_G","Defend_G","Defend_G","Defend_G"]},{"damage_healed":0,"gold_gain":0,"cards_transformed":["Defend_G","Strike_G"],"player_choice":"Became Test Subject","damage_taken":0,"max_hp_gain":0,"max_hp_loss":0,"event_name":"Drug Dealer","floor":21,"gold_loss":0,"cards_obtained":["Caltrops","Leg Sweep"]},{"damage_healed":0,"gold_gain":0,"player_choice":"Fought Bandits","damage_taken":0,"max_hp_gain":0,"max_hp_loss":0,"event_name":"Masked Bandits","floor":25,"gold_loss":0},{"damage_healed":0,"gold_gain":0,"player_choice":"Traded Relic","damage_taken":0,"relics_obtained":["Nloth\u0027s Gift"],"max_hp_gain":0,"max_hp_loss":0,"event_name":"N\u0027loth","floor":29,"relics_lost":["Du-Vu Doll"],"gold_loss":0}],"is_beta":false,"boss_relics":[{"not_picked":["Runic Dome","Cursed Key"],"picked":"Empty Cage"}],"items_purged_floors":[2],"is_endless":false,"potions_floor_spawned":[1,14,16,18,24,25,28],"killed_by":"Automaton","ascension_level":0}}