{"host":"9pm4ffml2aj85aj7","time":1614166952,"event":{"mods":["Act Like it!","BaseMod","BetterRewards","Bossed Relics","Gensokyo","GifTheSpireLib","Library of Ruina","Library of Ruina Extra","Lobotomy","LobotomyExtend","Minty Spire (QoL Compilation)","Relic Filter Mod","Remilia£®¿Ÿ√◊¿Ú—«£©","Replay The Spire","Shop Mod","StSLib","The Jungle","Wide Potions"],"gold_per_floor":[115,65,65,65,65,65,65,65,65,65,65,77,77,89,89,194,194,209,209,83,83,133,159,2,35,106,106,6,6,6],"floor_reached":29,"language":"ZHS","playtime":1031,"items_purged":["Pound","Leap_lor+1"],"score":343,"play_id":"8cee16ec-2f92-4ee7-9c9c-b05093246a9a","local_time":"20210224194232","daily_mods":["SealedDeck","Time Dilation","Flight","Lethality"],"is_ascension_mode":false,"campfire_choices":[{"data":"EnergyStrike","floor":6,"key":"SMITH"},{"data":"QuickSuppression","floor":7,"key":"SMITH"},{"data":"Concentration","floor":8,"key":"SMITH"},{"data":"HighKick","floor":11,"key":"SMITH"},{"data":"GrazeTheGrass","floor":13,"key":"SMITH"},{"data":"MindWhip","floor":15,"key":"SMITH"},{"floor":27,"key":"REST"}],"circlet_count":0,"master_deck":["Unlock1+1","RapidGashes+1","EnergyStrike+1","HighKick+1","QuickSuppression+1","Concentration+1","GrazeTheGrass+1","MindWhip+1","EnergyStrike+1","UpbeatPerformance+1"],"relics":["PageOfLibrarian","LetterFromLob","PageOfGreed","Empty Cage","PageOfTheQueenOfHatred","PageOfTheKnightOfDespair","Nunchaku","PageOfWrath","PageOfApocalypseBird"],"acts_visited":["Exordium","theJungle:Jungle"],"potions_floor_usage":[23,23,29],"damage_taken":[{"damage":0,"enemies":"Small Slimes","floor":1,"turns":1},{"damage":0,"enemies":"2 Louse","floor":12,"turns":1},{"damage":0,"enemies":"Cultist","floor":14,"turns":1},{"damage":6,"enemies":"Slime Boss","floor":16,"turns":3},{"damage":2,"enemies":"theJungle:GiantWrat","floor":18,"turns":2},{"damage":4,"enemies":"theJungle:MamaSnecko","floor":23,"turns":2},{"damage":4,"enemies":"theJungle:Cassacara","floor":25,"turns":2},{"damage":71,"enemies":"theJungle:MUSHROOMGANG","floor":29,"turns":3}],"seed_played":"572930761461646728","potions_obtained":[{"floor":12,"key":"Doom Potion"},{"floor":14,"key":"Doom Potion"},{"floor":16,"key":"Strength Potion"}],"is_trial":true,"path_per_floor":["M","?","$","?","?","R","R","R","T","?","R","M","R","M","R","B",null,"M","T","$","?","?","E","$","E","T","R","$","M"],"character_chosen":"Librarian","items_purchased":["PowerPotion","Nunchaku"],"campfire_rested":1,"item_purchase_floors":[20,24],"current_hp_per_floor":[60,60,60,60,48,48,48,48,48,48,48,48,48,48,48,57,76,75,75,75,76,66,71,71,70,70,70,70,0,0],"gold":6,"neow_bonus":"","is_daily":false,"chose_seed":false,"campfire_upgraded":6,"win_rate":0.0,"timestamp":1614166952,"path_taken":["M","?","$","?","?","R","R","R","T","?","R","M","R","M","R","BOSS","M","?","$","?","?","E","$","E","T","R","$","M"],"items_purchased_type":["Potion","Relic"],"build_version":"2020-12-22","purchased_purges":2,"victory":false,"max_hp_per_floor":[60,60,60,60,60,60,60,60,60,60,60,63,63,76,76,76,76,76,76,76,76,76,76,76,70,70,70,70,70,70],"card_choices":[{"not_picked":["Brawl","BackstreetsDash","BackAttack","Marionette","WillOfThePrescript","Laceration","StrongStrike","IngredientHunt"],"picked":"Concentration","floor":1},{"not_picked":["WillOfThePrescript","Wallop_lor","CircusKnives","UnforgettableMelody","Rewind","Standoff","BackAttack","EndlessBattle"],"picked":"GrazeTheGrass","floor":12},{"not_picked":["LossOfSenses","UnforgettableMelody","SnakeSlit","TrimTheIngredients","DirtyBlow","YoureTooSlow","Feast","Quickness"],"picked":"MindWhip","floor":14},{"not_picked":["EndlessBattle","MindWhip","ShockingBlow","SearingSword","PreemptiveStrike","SkitterAway","Zzzzzap","Castigation"],"picked":"EnergyStrike+1","floor":18},{"not_picked":["ICanCookAnything","SkyClearingCut","MultiHit+1","WillOfThePrescript","DestructiveImpact+1","SnakeSlit","ClassAndRespect","HighKick","Overcharge+1"],"picked":"SKIP","floor":23},{"not_picked":["Brawl","SturdyDefense","Eject","GreatSerpentsImpact","DarkCloud","Reload+1","Diversion","Gamble"],"picked":"UpbeatPerformance+1","floor":25}],"player_experience":58307,"relics_obtained":[{"floor":1,"key":"LetterFromLob"},{"floor":9,"key":"PageOfGreed"},{"floor":19,"key":"PageOfTheQueenOfHatred"},{"floor":23,"key":"PageOfTheKnightOfDespair"},{"floor":25,"key":"PageOfWrath"},{"floor":26,"key":"PageOfApocalypseBird"}],"event_choices":[{"cards_removed":["ExtractFuel"],"damage_healed":0,"gold_gain":0,"player_choice":"Card Removal","damage_taken":0,"max_hp_gain":0,"max_hp_loss":0,"event_name":"The Cleric","floor":2,"gold_loss":50},{"damage_healed":0,"gold_gain":0,"player_choice":"Entered Light","damage_taken":12,"max_hp_gain":0,"max_hp_loss":0,"event_name":"Shining Light","floor":5,"gold_loss":0,"cards_upgraded":["Leap_lor","Unlock1"]},{"damage_healed":0,"gold_gain":0,"player_choice":"Upgraded","damage_taken":0,"max_hp_gain":0,"max_hp_loss":0,"event_name":"Upgrade Shrine","floor":10,"gold_loss":0,"cards_upgraded":["RapidGashes"]}],"is_beta":false,"boss_relics":[{"not_picked":["Tiny House","Velvet Choker"],"picked":"Empty Cage"}],"items_purged_floors":[20,28],"is_endless":false,"potions_floor_spawned":[12,14,16],"killed_by":"theJungle:MUSHROOMGANG","ascension_level":0}}