{"host":"sav7uxregyirlf69","time":1614130881,"event":{"mods":["AchievementEnabler","BaseMod","Colored Map","DeckTracker","Keyboard Shortcuts","Minty Spire (QoL Compilation)","READ ME - Guardian Mod","StSLib","SuperFastMode"],"gold_per_floor":[118,133,133,156,156,156,169,187,211,228,57,85,85,98,98,172,222,240,253,273,273,323,323,323,343,370,384,384,394,171,187,187,187,187],"floor_reached":33,"language":"KOR","playtime":769,"items_purged":["Strike_B"],"score":502,"play_id":"85505968-2e4e-481c-a2bc-9c94a1299d6b","local_time":"20210224104121","is_ascension_mode":true,"campfire_choices":[{"data":"Dramatic Entrance","floor":6,"key":"SMITH"},{"data":"Streamline","floor":13,"key":"SMITH"},{"data":"Chaos","floor":15,"key":"SMITH"},{"data":"Reboot","floor":23,"key":"SMITH"},{"floor":32,"key":"REST"}],"circlet_count":0,"master_deck":["AscendersBane","Strike_B+1","Defend_B","Defend_B","Defend_B","Zap","Dualcast","Dramatic Entrance+1","BootSequence","Cold Snap","Streamline+1","Go for the Eyes","Coolheaded","Chaos+1","Reboot+1","Capacitor","Barrage","Hologram","Darkness+1","Ghostly","Ghostly","Ghostly","Undo","Panacea","Stack+1"],"relics":["Cracked Core","Strawberry","Lantern","TheAbacus","DataDisk","Tiny House"],"acts_visited":["Exordium","TheCity"],"potions_floor_usage":[12,16,27,33,33],"damage_taken":[{"damage":6,"enemies":"Jaw Worm","floor":1,"turns":4},{"damage":0,"enemies":"Cultist","floor":2,"turns":3},{"damage":0,"enemies":"Small Slimes","floor":7,"turns":1},{"damage":1,"enemies":"Looter","floor":8,"turns":3},{"damage":7,"enemies":"Exordium Thugs","floor":10,"turns":4},{"damage":16,"enemies":"3 Sentries","floor":12,"turns":6},{"damage":2,"enemies":"Exordium Wildlife","floor":14,"turns":3},{"damage":12,"enemies":"Hexaghost","floor":16,"turns":11},{"damage":10,"enemies":"Shell Parasite","floor":18,"turns":5},{"damage":0,"enemies":"Chosen","floor":19,"turns":3},{"damage":28,"enemies":"Sentry and Sphere","floor":20,"turns":8},{"damage":12,"enemies":"Cultist and Chosen","floor":25,"turns":6},{"damage":23,"enemies":"Shelled Parasite and Fungi","floor":27,"turns":7},{"damage":0,"enemies":"Snake Plant","floor":29,"turns":4},{"damage":8,"enemies":"Centurion and Healer","floor":31,"turns":6},{"damage":29,"enemies":"Champ","floor":33,"turns":12}],"seed_played":"-6994452704001409277","potions_obtained":[{"floor":1,"key":"FocusPotion"},{"floor":2,"key":"Regen Potion"},{"floor":17,"key":"Regen Potion"},{"floor":20,"key":"Energy Potion"},{"floor":27,"key":"Energy Potion"}],"is_trial":false,"path_per_floor":["M","M","?","T","?","R","M","M","T","M","$","E","R","M","R","B",null,"M","M","M","?","?","R","?","M","T","M","?","M","$","M","R","B"],"character_chosen":"DEFECT","items_purchased":["TheAbacus","Undo","Panacea"],"campfire_rested":1,"item_purchase_floors":[11,30,30],"current_hp_per_floor":[58,58,51,58,58,58,58,57,57,50,50,49,49,47,47,35,72,62,62,34,34,34,34,34,22,22,14,14,14,14,6,18,0,0],"gold":187,"neow_bonus":"RANDOM_COLORLESS","is_daily":false,"chose_seed":false,"campfire_upgraded":4,"win_rate":0.0,"timestamp":1614130881,"path_taken":["M","M","?","?","?","R","M","M","T","?","$","E","R","M","R","BOSS","M","M","M","?","?","R","?","?","T","M","?","M","?","M","R","BOSS"],"items_purchased_type":["Relic","Card","Card"],"build_version":"2020-12-22","purchased_purges":1,"victory":false,"max_hp_per_floor":[71,71,71,78,78,78,78,78,78,78,78,78,78,78,78,78,83,83,83,83,83,83,83,83,83,83,83,41,41,41,41,41,41,41],"card_choices":[{"not_picked":["Purity","Enlightenment"],"picked":"Dramatic Entrance","floor":0},{"not_picked":["Coolheaded","Rebound"],"picked":"BootSequence","floor":1},{"not_picked":["Undo","Turbo"],"picked":"Cold Snap","floor":2},{"not_picked":["Compile Driver","Hello World"],"picked":"Streamline","floor":7},{"not_picked":["Compile Driver","Stack"],"picked":"Go for the Eyes","floor":8},{"not_picked":["Redo","Stack","Go for the Eyes"],"picked":"SKIP","floor":10},{"not_picked":["Reboot","Turbo"],"picked":"Coolheaded","floor":12},{"not_picked":["Sweeping Beam","Streamline"],"picked":"Chaos","floor":14},{"not_picked":["Fission","Meteor Strike"],"picked":"Reboot","floor":16},{"not_picked":["Steam","Lockon"],"picked":"Capacitor","floor":18},{"not_picked":["Beam Cell","Coolheaded","Gash"],"picked":"SKIP","floor":19},{"not_picked":["Skim","Steam"],"picked":"Barrage","floor":20},{"not_picked":["Fusion","Steam"],"picked":"Hologram","floor":25},{"not_picked":["Amplify","Capacitor"],"picked":"Darkness+1","floor":27},{"not_picked":["Conserve Battery","Storm","Cold Snap+1"],"picked":"SKIP","floor":29},{"not_picked":["Conserve Battery","Storm","Cold Snap+1"],"picked":"SKIP","floor":29},{"not_picked":["Cold Snap","Rebound"],"picked":"Stack+1","floor":31}],"player_experience":1679989,"relics_obtained":[{"floor":4,"key":"Strawberry"},{"floor":9,"key":"Lantern"},{"floor":12,"key":"DataDisk"}],"event_choices":[{"cards_removed":["Strike_B"],"damage_healed":0,"gold_gain":0,"player_choice":"Card Removal","damage_taken":7,"max_hp_gain":0,"max_hp_loss":0,"event_name":"Golden Wing","floor":3,"gold_loss":0},{"cards_removed":["Strike_B"],"damage_healed":0,"gold_gain":0,"player_choice":"Purged","damage_taken":0,"max_hp_gain":0,"max_hp_loss":0,"event_name":"Purifier","floor":5,"gold_loss":0},{"damage_healed":0,"gold_gain":0,"player_choice":"Ignored","damage_taken":0,"max_hp_gain":0,"max_hp_loss":0,"event_name":"Cursed Tome","floor":21,"gold_loss":0},{"damage_healed":0,"gold_gain":50,"player_choice":"Stole From Cult","damage_taken":0,"max_hp_gain":0,"max_hp_loss":0,"event_name":"Nest","floor":22,"gold_loss":0},{"cards_removed":["Defend_B"],"damage_healed":0,"gold_gain":0,"player_choice":"Elegance","damage_taken":0,"max_hp_gain":0,"max_hp_loss":0,"event_name":"Back to Basics","floor":24,"gold_loss":0},{"damage_healed":0,"gold_gain":0,"player_choice":"Became a Ghost","damage_taken":0,"max_hp_gain":0,"max_hp_loss":42,"event_name":"Ghosts","floor":28,"gold_loss":0,"cards_obtained":["Ghostly","Ghostly","Ghostly"]}],"is_beta":false,"boss_relics":[{"not_picked":["SacredBark","SlaversCollar"],"picked":"Tiny House"}],"items_purged_floors":[30],"is_endless":false,"potions_floor_spawned":[1,2,7,20,27,29],"killed_by":"Champ","ascension_level":20}}