{"host":"iyj530209nkhhjuz","time":1614169106,"event":{"mods":["AchievementEnabler","BaseMod","Better Match","Better Note","Better Third Choice","BetterRewards","Colored Map","Colored Powertips","Dark Map","Fox Events","Highlight Path","Minty Spire (QoL Compilation)","Permanent Neow","Random Character Button","Rare Cards Sparkle","Relic Stats","StSLib","Waifu the Spire"],"gold_per_floor":[136,89,160,193,227,273,317,345,422,472,472,506,547,580,592,722,811,862,910,922,1011,650,713,752,803,1180,1243,1243,1243,1243,1283,1283,1399,1476,1539,1605,1643,1667,846,897,974,974,1077,31,65,398,398,447,447,447,447,447,49,84,84],"floor_reached":56,"language":"ENG","playtime":7972,"items_purged":["Strike_R","Strike_R","Strike_R","Strike_R","Defend_R"],"score":2712,"play_id":"527181e4-6541-4786-a718-a6af7a0b6167","local_time":"20210224131826","is_ascension_mode":true,"campfire_choices":[{"data":"Dark Embrace","floor":15,"key":"SMITH"},{"data":"Dark Embrace","floor":29,"key":"SMITH"},{"data":"Rupture","floor":32,"key":"SMITH"},{"data":"Rupture","floor":42,"key":"SMITH"},{"data":"Limit Break","floor":47,"key":"SMITH"},{"floor":49,"key":"RECALL"},{"data":"Rupture","floor":52,"key":"SMITH"}],"circlet_count":0,"master_deck":["AscendersBane","Strike_R","Defend_R","Defend_R","Defend_R","Bash","Headbutt","Metallicize","Seeing Red","HandOfGreed","Armaments","Feel No Pain","Dark Embrace+1","Iron Wave","Seeing Red","Whirlwind","Wild Strike","Rupture+1","Seeing Red","Wild Strike","Dark Embrace+1","Brutality","Pummel","Immolate","Flex+1","Power Through","Combust+1","Seek+1","Combust+1","Limit Break+1","Wild Strike","Shockwave","Mayhem","Rupture+1","Reckless Charge","Impatience","Bloodletting","Fire Breathing","Feel No Pain","Feel No Pain","Rupture+1","Headbutt+1","Fire Breathing","Offering","Bloodletting","Second Wind","Wild Strike","Dark Embrace"],"relics":["Burning Blood","Lee\u0027s Waffle","Akabeko","Meat on the Bone","MealTicket","Self Forming Clay","Tiny Chest","Medical Kit","betterThird:SlimedRelic","foxEvents:LuckyCharm","Omamori","Nunchaku","Juzu Bracelet","Pantograph","MawBank","SlaversCollar","Matryoshka","Orichalcum","Boot","Gremlin Horn","StrikeDummy","Old Coin","GremlinMask","Bottled Lightning","Mark of Pain","Champion Belt","Paper Frog","WingedGreaves","Pear","The Courier","Bag of Preparation","Bronze Scales","Turnip","ClockworkSouvenir","HornCleat","Blue Candle","Shuriken","Mummified Hand"],"acts_visited":["Exordium","TheCity","TheBeyond","TheEnding"],"potions_floor_usage":[14,24,33,36,38,55],"damage_taken":[{"damage":4,"enemies":"Jaw Worm","floor":1,"turns":5},{"damage":26,"enemies":"Colosseum Slavers","floor":3,"turns":6},{"damage":0,"enemies":"Small Slimes","floor":4,"turns":3},{"damage":0,"enemies":"2 Louse","floor":5,"turns":2},{"damage":2,"enemies":"Gremlin Nob","floor":6,"turns":4},{"damage":0,"enemies":"Large Slime","floor":7,"turns":6},{"damage":29,"enemies":"Lagavulin","floor":8,"turns":8},{"damage":21,"enemies":"Gremlin Nob","floor":10,"turns":5},{"damage":11,"enemies":"Gremlin Gang","floor":12,"turns":7},{"damage":4,"enemies":"2 Fungi Beasts","floor":13,"turns":2},{"damage":15,"enemies":"3 Sentries","floor":14,"turns":4},{"damage":47,"enemies":"Slime Boss","floor":16,"turns":12},{"damage":17,"enemies":"3 Byrds","floor":18,"turns":8},{"damage":24,"enemies":"Spheric Guardian","floor":19,"turns":6},{"damage":22,"enemies":"Book of Stabbing","floor":23,"turns":7},{"damage":13,"enemies":"Snake Plant","floor":24,"turns":3},{"damage":29,"enemies":"Slavers","floor":25,"turns":4},{"damage":27,"enemies":"Chosen and Byrds","floor":27,"turns":10},{"damage":19,"enemies":"Gremlin Leader","floor":31,"turns":6},{"damage":27,"enemies":"Automaton","floor":33,"turns":6},{"damage":12,"enemies":"3 Shapes","floor":35,"turns":4},{"damage":24,"enemies":"2 Orb Walkers","floor":36,"turns":3},{"damage":3,"enemies":"3 Darklings","floor":37,"turns":2},{"damage":19,"enemies":"Transient","floor":38,"turns":5},{"damage":22,"enemies":"Reptomancer","floor":40,"turns":5},{"damage":9,"enemies":"Giant Head","floor":45,"turns":5},{"damage":22,"enemies":"Reptomancer","floor":48,"turns":4},{"damage":33,"enemies":"Time Eater","floor":50,"turns":7},{"damage":20,"enemies":"Shield and Spear","floor":54,"turns":3},{"damage":85,"enemies":"The Heart","floor":55,"turns":5}],"seed_played":"-6452350962088210401","potions_obtained":[{"floor":1,"key":"Regen Potion"},{"floor":3,"key":"Dexterity Potion"},{"floor":10,"key":"BloodPotion"},{"floor":19,"key":"SteroidPotion"},{"floor":24,"key":"Regen Potion"},{"floor":33,"key":"SpeedPotion"},{"floor":35,"key":"PowerPotion"},{"floor":36,"key":"LiquidBronze"}],"is_trial":false,"path_per_floor":["M","?","?","M","M","E","M","E","T","E","?","M","M","E","R","B",null,"M","M","$","T","$","E","M","E","T","M","?","R","?","E","R","B",null,"M","?","M","M","$","E","T","R","T","$","E","?","R","E","R","B",null,"R","$","E","B",null],"character_chosen":"IRONCLAD","items_purchased":["Lee\u0027s Waffle","Akabeko","Meat on the Bone","MealTicket","Headbutt","Metallicize","Self Forming Clay","Seeing Red","Tiny Chest","HandOfGreed","Medical Kit","Armaments","Feel No Pain","Orichalcum","Immolate","Mayhem","Paper Frog","Rupture","Reckless Charge","Impatience","Bag of Preparation","Bronze Scales","Turnip","ClockworkSouvenir","HornCleat","Fire Breathing","Feel No Pain","Feel No Pain","Rupture","Offering","FairyPotion","Bloodletting","Second Wind","Wild Strike","Swift Potion"],"campfire_rested":0,"item_purchase_floors":[0,0,0,0,0,0,0,0,0,0,0,0,0,22,22,39,39,39,39,39,44,44,44,44,44,44,44,44,44,53,53,53,53,53,53],"current_hp_per_floor":[82,71,51,57,63,67,73,50,50,47,47,54,56,59,59,53,75,64,58,73,73,82,66,75,52,52,43,43,43,43,42,42,60,77,71,53,56,55,70,54,64,64,64,79,76,76,76,60,60,58,84,84,92,78,25],"gold":84,"neow_bonus":"","is_daily":false,"chose_seed":false,"campfire_upgraded":6,"win_rate":0.0,"timestamp":1614169106,"path_taken":["M","?","?","M","M","E","M","E","T","E","?","M","M","E","R","BOSS","M","M","$","?","$","E","M","E","T","M","?","R","?","E","R","BOSS","M","?","M","M","$","E","?","R","T","$","E","?","R","E","R","BOSS","R","$","E","BOSS"],"items_purchased_type":["Relic","Relic","Relic","Relic","Card","Card","Relic","Card","Relic","Card","Relic","Card","Card","Relic","Card","Card","Relic","Card","Card","Card","Relic","Relic","Relic","Relic","Relic","Card","Card","Card","Card","Card","Potion","Card","Card","Card","Potion"],"build_version":"2020-12-22","purchased_purges":5,"victory":true,"max_hp_per_floor":[82,82,82,82,82,82,82,82,82,82,82,82,82,82,82,82,82,82,82,82,82,82,82,82,82,82,82,82,82,82,82,82,82,82,82,82,82,82,82,82,92,92,92,92,92,92,92,92,92,92,92,92,92,92,92],"relic_stats":{"Lee\u0027s Waffle":62,"Gremlin Horn":[20,20],"counters":[203,944],"Self Forming Clay":[555],"Blue Candle":[12],"Juzu Bracelet":1,"Bag of Preparation":[113],"Orichalcum":[390],"Medical Kit":[395],"MawBank":96,"Boot":[10],"Burning Blood":1097,"Nunchaku":[23],"Shuriken":[16],"Mummified Hand":[18],"Pantograph":102,"Bronze Scales":[114],"MealTicket":62,"Tiny Chest":2,"Turnip":[2],"Champion Belt":[8],"obtain_stats":[{"Ginger":46,"Whetstone":0,"Boot":45,"Old Coin":26,"Sundial":42,"MealTicket":0,"Fusion Hammer":34,"HandDrill":0,"Pear":0,"Blue Candle":31,"Pen Nib":54,"Akabeko":27,"SlaversCollar":0,"Bird Faced Urn":34,"Mark of Pain":34,"StrikeDummy":43,"Unceasing Top":43,"Lantern":0,"Regal Pillow":0,"Singing Bowl":0,"Torii":38,"Magic Flower":23,"StoneCalendar":40,"GremlinMask":30,"Bag of Preparation":6,"Ancient Tea Set":14,"Smiling Mask":24,"Burning Blood":0,"Matryoshka":21,"WingedGreaves":40,"Chemical X":53,"InkBottle":6,"Paper Frog":12,"Lee\u0027s Waffle":0,"Golden Idol":0,"Self Forming Clay":10,"Thread and Needle":9,"The Courier":0,"PreservedInsect":26,"Omamori":6,"Frozen Egg 2":0,"MawBank":45,"Ornamental Fan":23,"betterThird:SlimedRelic":2,"Orrery":0,"Turnip":41,"Art of War":0,"Bottled Lightning":41,"Champion Belt":36,"Toy Ornithopter":12,"Mark of the Bloom":45,"Calipers":0,"Tiny House":17,"Gremlin Horn":25,"CeramicFish":10,"Vajra":0,"Lizard Tail":0,"Centennial Puzzle":6,"HornCleat":19,"FaceOfCleric":14,"DollysMirror":0,"Strawberry":31,"Prayer Wheel":8,"Toxic Egg 2":0,"Happy Flower":54,"Dead Branch":0,"Astrolabe":17,"Oddly Smooth Stone":0,"Charon\u0027s Ashes":12,"Letter Opener":21,"War Paint":48,"Question Card":0,"Du-Vu Doll":0,"OrangePellets":36,"Bottled Flame":43,"Brimstone":0,"Shuriken":31,"Bronze Scales":0,"Molten Egg 2":25,"foxEvents:LuckyCharm":14,"Black Star":17,"Pocketwatch":7,"Meat on the Bone":0,"Darkstone Periapt":25,"SacredBark":17,"Juzu Bracelet":48,"ClockworkSouvenir":44,"SsserpentHead":28,"Nunchaku":45,"Dream Catcher":12,"Mummified Hand":54,"Pantograph":0,"Tiny Chest":0,"Red Mask":0,"Red Skull":34,"Runic Pyramid":0,"Orichalcum":0,"Medical Kit":53,"White Beast Statue":9,"Mercury Hourglass":22,"Calling Bell":34,"Anchor":53,"CaptainsWheel":36,"Bag of Marbles":54,"Membership Card":39,"FossilizedHelix":47},{"Ginger":2,"Whetstone":61,"Boot":139,"Old Coin":190,"Sundial":55,"MealTicket":173,"Fusion Hammer":81,"HandDrill":61,"Pear":7,"Blue Candle":80,"Pen Nib":94,"Akabeko":22,"SlaversCollar":0,"Bird Faced Urn":24,"Mark of Pain":111,"StrikeDummy":28,"Unceasing Top":115,"Lantern":0,"Regal Pillow":0,"Singing Bowl":33,"Torii":53,"Magic Flower":77,"StoneCalendar":54,"GremlinMask":191,"Bag of Preparation":38,"Ancient Tea Set":15,"Smiling Mask":77,"Burning Blood":0,"Matryoshka":187,"WingedGreaves":198,"Chemical X":142,"InkBottle":66,"Paper Frog":151,"Lee\u0027s Waffle":173,"Golden Idol":0,"Self Forming Clay":12,"Thread and Needle":39,"The Courier":0,"PreservedInsect":109,"Omamori":178,"Frozen Egg 2":61,"MawBank":1,"Ornamental Fan":20,"betterThird:SlimedRelic":96,"Orrery":61,"Turnip":114,"Art of War":0,"Bottled Lightning":28,"Champion Belt":195,"Toy Ornithopter":14,"Mark of the Bloom":116,"Calipers":0,"Tiny House":44,"Gremlin Horn":190,"CeramicFish":100,"Vajra":95,"Lizard Tail":95,"Centennial Puzzle":98,"HornCleat":17,"FaceOfCleric":126,"DollysMirror":0,"Strawberry":50,"Prayer Wheel":39,"Toxic Egg 2":0,"Happy Flower":6,"Dead Branch":7,"Astrolabe":104,"Oddly Smooth Stone":33,"Charon\u0027s Ashes":70,"Letter Opener":46,"War Paint":92,"Question Card":0,"Du-Vu Doll":144,"OrangePellets":25,"Bottled Flame":55,"Brimstone":144,"Shuriken":162,"Bronze Scales":0,"Molten Egg 2":160,"foxEvents:LuckyCharm":43,"Black Star":152,"Pocketwatch":10,"Meat on the Bone":173,"Darkstone Periapt":21,"SacredBark":16,"Juzu Bracelet":58,"ClockworkSouvenir":198,"SsserpentHead":49,"Nunchaku":29,"Dream Catcher":102,"Mummified Hand":202,"Pantograph":121,"Tiny Chest":173,"Red Mask":0,"Red Skull":24,"Runic Pyramid":0,"Orichalcum":0,"Medical Kit":93,"White Beast Statue":11,"Mercury Hourglass":19,"Calling Bell":24,"Anchor":93,"CaptainsWheel":113,"Bag of Marbles":32,"Membership Card":113,"FossilizedHelix":117},{"Ginger":13,"Whetstone":295,"Boot":684,"Old Coin":879,"Sundial":259,"MealTicket":787,"Fusion Hammer":394,"HandDrill":295,"Pear":52,"Blue Candle":385,"Pen Nib":461,"Akabeko":110,"SlaversCollar":0,"Bird Faced Urn":122,"Mark of Pain":550,"StrikeDummy":132,"Unceasing Top":565,"Lantern":0,"Regal Pillow":0,"Singing Bowl":157,"Torii":250,"Magic Flower":367,"StoneCalendar":255,"GremlinMask":889,"Bag of Preparation":178,"Ancient Tea Set":81,"Smiling Mask":367,"Burning Blood":0,"Matryoshka":865,"WingedGreaves":920,"Chemical X":698,"InkBottle":312,"Paper Frog":721,"Lee\u0027s Waffle":787,"Golden Idol":0,"Self Forming Clay":71,"Thread and Needle":182,"The Courier":0,"PreservedInsect":538,"Omamori":807,"Frozen Egg 2":295,"MawBank":7,"Ornamental Fan":105,"betterThird:SlimedRelic":477,"Orrery":295,"Turnip":562,"Art of War":0,"Bottled Lightning":132,"Champion Belt":908,"Toy Ornithopter":78,"Mark of the Bloom":573,"Calipers":0,"Tiny House":204,"Gremlin Horn":879,"CeramicFish":488,"Vajra":474,"Lizard Tail":474,"Centennial Puzzle":483,"HornCleat":93,"FaceOfCleric":617,"DollysMirror":0,"Strawberry":233,"Prayer Wheel":182,"Toxic Egg 2":0,"Happy Flower":44,"Dead Branch":52,"Astrolabe":510,"Oddly Smooth Stone":157,"Charon\u0027s Ashes":333,"Letter Opener":214,"War Paint":448,"Question Card":0,"Du-Vu Doll":706,"OrangePellets":123,"Bottled Flame":259,"Brimstone":706,"Shuriken":754,"Bronze Scales":0,"Molten Egg 2":748,"foxEvents:LuckyCharm":195,"Black Star":725,"Pocketwatch":64,"Meat on the Bone":787,"Darkstone Periapt":106,"SacredBark":88,"Juzu Bracelet":274,"ClockworkSouvenir":920,"SsserpentHead":227,"Nunchaku":136,"Dream Catcher":495,"Mummified Hand":939,"Pantograph":593,"Tiny Chest":787,"Red Mask":0,"Red Skull":122,"Runic Pyramid":0,"Orichalcum":0,"Medical Kit":455,"White Beast Statue":66,"Mercury Hourglass":99,"Calling Bell":122,"Anchor":455,"CaptainsWheel":557,"Bag of Marbles":151,"Membership Card":557,"FossilizedHelix":577}],"Meat on the Bone":96},"card_choices":[{"not_picked":["Pommel Strike","Headbutt"],"picked":"Dark Embrace","floor":1},{"not_picked":["Anger","Spot Weakness"],"picked":"Iron Wave","floor":4},{"not_picked":["Clothesline","Warcry","Infernal Blade"],"picked":"SKIP","floor":5},{"not_picked":["Clothesline","Iron Wave"],"picked":"Seeing Red","floor":6},{"not_picked":["Ghostly Armor","Twin Strike"],"picked":"Whirlwind","floor":7},{"not_picked":["Immolate","Dark Embrace"],"picked":"Wild Strike","floor":8},{"not_picked":["Cleave","Rage"],"picked":"Rupture","floor":10},{"not_picked":["Warcry","Rage"],"picked":"Seeing Red","floor":12},{"not_picked":["True Grit","Cleave"],"picked":"Wild Strike","floor":13},{"not_picked":["Entrench","Shockwave"],"picked":"Dark Embrace","floor":14},{"not_picked":["Immolate","Impervious"],"picked":"Brutality","floor":16},{"not_picked":["Clothesline","Thunderclap","Warcry"],"picked":"SKIP","floor":18},{"not_picked":["Wild Strike","Cleave"],"picked":"Pummel","floor":19},{"not_picked":["Cleave","Sentinel","Shrug It Off"],"picked":"SKIP","floor":23},{"not_picked":["Warcry","Hemokinesis"],"picked":"Flex+1","floor":24},{"not_picked":["Rage","Wild Strike"],"picked":"Power Through","floor":25},{"not_picked":["Twin Strike","Reckless Charge"],"picked":"Combust+1","floor":27},{"not_picked":["Sword Boomerang","Body Slam"],"picked":"Combust+1","floor":31},{"not_picked":["Impervious","Fiend Fire"],"picked":"Limit Break","floor":33},{"not_picked":["Pommel Strike+1","Intimidate"],"picked":"Wild Strike","floor":35},{"not_picked":["Warcry","Immolate"],"picked":"Shockwave","floor":37},{"not_picked":["Flex","Iron Wave","Havoc+1"],"picked":"SKIP","floor":38},{"not_picked":["Infernal Blade","Blood for Blood"],"picked":"Bloodletting","floor":40},{"not_picked":["Heavy Blade","Wild Strike"],"picked":"Headbutt+1","floor":45},{"not_picked":["Iron Wave+1","Combust+1"],"picked":"Fire Breathing","floor":48},{"not_picked":["Twin Strike","Demon Form"],"picked":"Dark Embrace","floor":54}],"player_experience":547987,"relics_obtained":[{"floor":3,"key":"foxEvents:LuckyCharm"},{"floor":6,"key":"Omamori"},{"floor":8,"key":"Nunchaku"},{"floor":9,"key":"Juzu Bracelet"},{"floor":10,"key":"Pantograph"},{"floor":14,"key":"MawBank"},{"floor":21,"key":"Matryoshka"},{"floor":23,"key":"Boot"},{"floor":25,"key":"Gremlin Horn"},{"floor":26,"key":"StrikeDummy"},{"floor":26,"key":"Old Coin"},{"floor":31,"key":"Bottled Lightning"},{"floor":36,"key":"Champion Belt"},{"floor":40,"key":"WingedGreaves"},{"floor":41,"key":"Pear"},{"floor":41,"key":"The Courier"},{"floor":45,"key":"Blue Candle"},{"floor":48,"key":"Shuriken"},{"floor":54,"key":"Mummified Hand"}],"event_choices":[{"damage_healed":0,"gold_gain":0,"player_choice":"Slimed","damage_taken":11,"max_hp_gain":0,"max_hp_loss":0,"event_name":"betterThird:BetterGoop","floor":2,"gold_loss":47},{"damage_healed":0,"gold_gain":0,"player_choice":"Take Wound","damage_taken":0,"relics_obtained":["Golden Idol"],"max_hp_gain":0,"max_hp_loss":0,"event_name":"Golden Idol","floor":11,"gold_loss":0,"cards_obtained":["Injury"]},{"cards_removed":["Seek"],"damage_healed":0,"gold_gain":0,"player_choice":"Take \u0026 Give","damage_taken":0,"max_hp_gain":0,"max_hp_loss":0,"event_name":"betterNote:BetterNote","floor":28,"gold_loss":0,"cards_obtained":["Seek"]},{"damage_healed":0,"gold_gain":0,"player_choice":"Trade","damage_taken":0,"relics_obtained":["GremlinMask"],"max_hp_gain":0,"max_hp_loss":0,"event_name":"FaceTrader","floor":30,"gold_loss":0},{"damage_healed":0,"gold_gain":0,"player_choice":"Fight","damage_taken":0,"max_hp_gain":0,"max_hp_loss":0,"event_name":"Mysterious Sphere","floor":36,"gold_loss":0},{"damage_healed":0,"gold_gain":333,"player_choice":"Gave Idol","damage_taken":0,"max_hp_gain":0,"max_hp_loss":0,"event_name":"The Moai Head","floor":46,"relics_lost":["Golden Idol"],"gold_loss":0}],"is_beta":false,"boss_relics":[{"not_picked":["Philosopher\u0027s Stone","Coffee Dripper"],"picked":"SlaversCollar"},{"not_picked":["Snecko Eye","Tiny House"],"picked":"Mark of Pain"}],"items_purged_floors":[0,0,0,22,39],"is_endless":false,"potions_floor_spawned":[1,3,4,10,12,13,19,24,25,31,33,35,36],"ascension_level":15}}