{"host":"zx8rmvlb08usbkpl","time":1614195652,"event":{"mods":["BaseMod","BetterRewards","Colored Powertips","Dota2Spire","Downfall","GifTheSpireLib","Marisa????????","Minty Spire (QoL Compilation)","Quick Restart","StSLib","Stuff the Spire","The Bug Knight","The Senshi"],"gold_per_floor":[112,126,144,124,138,173,173,185,185,199,199,232,232,246,246,346,396,412,412,412,432,443,443,476,486,486,502,519,519,534,546,546,643,643,663,18,0,0,0,0,0],"floor_reached":40,"language":"ENG","playtime":9843,"items_purged":["Strike_G"],"score":472,"play_id":"3f3f5c28-07df-4614-bc18-6b9482a5077d","local_time":"20210224144052","is_ascension_mode":false,"campfire_choices":[{"data":"Wraith Form v2","floor":7,"key":"SMITH"},{"data":"Flying Knee","floor":11,"key":"SMITH"},{"data":"Bane","floor":15,"key":"SMITH"},{"data":"Tactician","floor":23,"key":"SMITH"},{"data":"StuffTheSpire:Incursion","floor":29,"key":"SMITH"},{"data":"Burst","floor":32,"key":"SMITH"}],"circlet_count":0,"master_deck":["Strike_G","Strike_G+1","Strike_G","Strike_G","Defend_G","Defend_G","Defend_G","Defend_G","Defend_G","Survivor","Neutralize","Backflip","Flying Knee+1","Acrobatics","Dagger Spray","Wraith Form v2+1","StuffTheSpire:Injection","StuffTheSpire:Injection","Tactician+1","StuffTheSpire:Sprint","Bane+1","Burst+1","Poisoned Stab","Flying Knee","Writhe","Noxious Fumes","StuffTheSpire:Incursion+1","Catalyst","Dagger Throw+1","StuffTheSpire:Incantation+1","Caltrops+1","Deflect","Adrenaline","Well Laid Plans","Forethought","HandOfGreed","Master of Strategy"],"relics":["Ring of the Snake","Bronze Scales","Meat on the Bone","Dota2Spire:OctarineCore","Pantograph","Tiny House","Pen Nib","FaceOfCleric","Juzu Bracelet","White Beast Statue","StuffTheSpire:RunicConfusion","Centennial Puzzle","StuffTheSpire:Barrel","Red Mask"],"acts_visited":["Exordium","TheCity","TheBeyond"],"potions_floor_usage":[6,12,21,24,24,27,27,33,33],"damage_taken":[{"damage":0,"enemies":"Cultist","floor":1,"turns":5},{"damage":0,"enemies":"Jaw Worm","floor":2,"turns":5},{"damage":9,"enemies":"Small Slimes","floor":3,"turns":4},{"damage":15,"enemies":"Exordium Thugs","floor":5,"turns":9},{"damage":7,"enemies":"3 Sentries","floor":6,"turns":7},{"damage":7,"enemies":"3 Louse","floor":8,"turns":2},{"damage":5,"enemies":"Red Slaver","floor":10,"turns":3},{"damage":14,"enemies":"Gremlin Nob","floor":12,"turns":6},{"damage":0,"enemies":"Gremlin Gang","floor":14,"turns":3},{"damage":24,"enemies":"Slime Boss","floor":16,"turns":10},{"damage":16,"enemies":"2 Thieves","floor":18,"turns":4},{"damage":10,"enemies":"3 Byrds","floor":21,"turns":3},{"damage":13,"enemies":"Centurion and Healer","floor":22,"turns":6},{"damage":17,"enemies":"Book of Stabbing","floor":24,"turns":4},{"damage":6,"enemies":"Chosen and Byrds","floor":25,"turns":6},{"damage":18,"enemies":"3 Cultists","floor":27,"turns":4},{"damage":15,"enemies":"Shelled Parasite and Fungi","floor":28,"turns":4},{"damage":12,"enemies":"Snake Plant","floor":30,"turns":3},{"damage":17,"enemies":"Centurion and Healer","floor":31,"turns":3},{"damage":53,"enemies":"Automaton","floor":33,"turns":11},{"damage":44,"enemies":"3 Shapes","floor":35,"turns":5},{"damage":58,"enemies":"Reptomancer","floor":40,"turns":3}],"seed_played":"1826296397324883549","potions_obtained":[{"floor":3,"key":"Regen Potion"},{"floor":4,"key":"BlessingOfTheForge"},{"floor":8,"key":"sneckomod:MuddlingPotion"},{"floor":16,"key":"Poison Potion"},{"floor":17,"key":"Dexterity Potion"},{"floor":18,"key":"LiquidBronze"},{"floor":21,"key":"Dota2Spire:HealingSalve"},{"floor":24,"key":"Dota2Spire:HealingSalve"},{"floor":27,"key":"champ:CounterPotion"},{"floor":28,"key":"Strength Potion"},{"floor":30,"key":"SpeedPotion"},{"floor":33,"key":"Swift Potion"},{"floor":35,"key":"Fire Potion"}],"is_trial":false,"path_per_floor":["M","M","M","?","M","E","R","M","T","M","R","E","?","M","R","B",null,"M","?","?","M","M","R","E","M","T","M","M","R","M","M","R","B",null,"M","$","?","?","$","E"],"character_chosen":"THE_SILENT","items_purchased":["Well Laid Plans","Centennial Puzzle","Forethought","StuffTheSpire:Barrel","FearPotion","PowerPotion"],"campfire_rested":0,"item_purchase_floors":[36,36,36,36,36,36],"current_hp_per_floor":[70,70,61,61,46,39,39,32,32,39,39,40,40,40,40,41,75,59,59,59,50,50,50,43,50,50,51,49,49,50,46,46,31,84,53,53,53,48,48,0,0],"gold":0,"neow_bonus":"THREE_CARDS","is_daily":false,"chose_seed":false,"campfire_upgraded":6,"win_rate":0.0,"timestamp":1614195652,"path_taken":["M","?","M","?","M","E","R","?","T","M","R","E","?","M","R","BOSS","M","?","?","M","?","R","E","M","T","M","M","R","M","M","R","BOSS","M","$","?","?","?","E"],"items_purchased_type":["Card","Relic","Card","Relic","Potion","Potion"],"build_version":"2020-12-22","purchased_purges":1,"victory":false,"max_hp_per_floor":[70,70,70,70,70,70,70,70,70,70,70,70,70,70,70,70,75,75,75,75,76,77,77,78,79,79,80,81,81,82,83,83,84,84,85,85,85,85,85,85,85],"card_choices":[{"not_picked":["Concentrate","Finisher"],"picked":"Backflip","floor":0},{"not_picked":["Sucker Punch","Setup"],"picked":"Flying Knee","floor":1},{"not_picked":["Finisher","StuffTheSpire:BrimstoneBlast"],"picked":"Acrobatics","floor":2},{"not_picked":["Slice","StuffTheSpire:ReptileScales"],"picked":"Dagger Spray","floor":3},{"not_picked":["Slice","Flying Knee"],"picked":"Wraith Form v2","floor":5},{"not_picked":["Blade Dance","StuffTheSpire:Shiver"],"picked":"StuffTheSpire:Injection","floor":6},{"not_picked":["StuffTheSpire:ClusterCrunch","Riddle With Holes"],"picked":"StuffTheSpire:Injection","floor":8},{"not_picked":["PiercingWail","StuffTheSpire:Fury"],"picked":"Tactician","floor":10},{"not_picked":["Backflip","Concentrate"],"picked":"StuffTheSpire:Sprint","floor":12},{"not_picked":["Well Laid Plans","Outmaneuver"],"picked":"Bane","floor":14},{"not_picked":["Venomology","Phantasmal Killer"],"picked":"Burst","floor":16},{"not_picked":["Underhanded Strike","PiercingWail"],"picked":"Poisoned Stab","floor":17},{"not_picked":["Deflect+1","Slice"],"picked":"Flying Knee","floor":18},{"not_picked":["Acrobatics","Dagger Spray"],"picked":"Noxious Fumes","floor":21},{"not_picked":["Reflex","Calculated Gamble"],"picked":"StuffTheSpire:Incursion","floor":22},{"not_picked":["StuffTheSpire:Python","Underhanded Strike"],"picked":"Catalyst","floor":24},{"not_picked":["Burst","Bouncing Flask","Skewer"],"picked":"SKIP","floor":25},{"not_picked":["StuffTheSpire:BrimstoneBlast","Bane"],"picked":"Dagger Throw+1","floor":27},{"not_picked":["Backflip","Dagger Spray"],"picked":"StuffTheSpire:Incantation+1","floor":28},{"not_picked":["Flying Knee","Prepared"],"picked":"Caltrops+1","floor":30},{"not_picked":["StuffTheSpire:Python","Acrobatics"],"picked":"Deflect","floor":31},{"not_picked":["A Thousand Cuts","Malaise"],"picked":"Adrenaline","floor":33},{"not_picked":["Dagger Spray+1","Choke","PiercingWail+1"],"picked":"SKIP","floor":35},{"not_picked":["Trip","The Bomb"],"picked":"HandOfGreed","floor":38},{"not_picked":["Enlightenment","Metamorphosis"],"picked":"Master of Strategy","floor":38}],"player_experience":1007750,"relics_obtained":[{"floor":6,"key":"Bronze Scales"},{"floor":9,"key":"Meat on the Bone"},{"floor":12,"key":"Dota2Spire:OctarineCore"},{"floor":24,"key":"Juzu Bracelet"},{"floor":26,"key":"White Beast Statue"}],"event_choices":[{"damage_healed":0,"gold_gain":0,"player_choice":"Bought 1 Potion","damage_taken":0,"max_hp_gain":0,"max_hp_loss":0,"event_name":"The Woman in Blue","floor":4,"gold_loss":0},{"damage_healed":0,"gold_gain":0,"player_choice":"Gave Potion","damage_taken":0,"relics_obtained":["Pantograph"],"max_hp_gain":0,"max_hp_loss":0,"event_name":"WeMeetAgain","floor":13,"gold_loss":0},{"damage_healed":0,"gold_gain":0,"player_choice":"Opened","damage_taken":0,"relics_obtained":["Pen Nib"],"max_hp_gain":0,"max_hp_loss":0,"event_name":"The Mausoleum","floor":19,"gold_loss":0,"cards_obtained":["Writhe"]},{"damage_healed":0,"gold_gain":0,"player_choice":"Trade","damage_taken":0,"relics_obtained":["FaceOfCleric"],"max_hp_gain":0,"max_hp_loss":0,"event_name":"FaceTrader","floor":20,"gold_loss":0},{"damage_healed":0,"gold_gain":0,"player_choice":"Paid","damage_taken":0,"relics_obtained":["Red Mask"],"max_hp_gain":0,"max_hp_loss":0,"event_name":"Tomb of Lord Red Mask","floor":37,"gold_loss":18},{"damage_healed":0,"gold_gain":0,"player_choice":"Memory 2","damage_taken":5,"max_hp_gain":0,"max_hp_loss":0,"event_name":"SensoryStone","floor":38,"gold_loss":0}],"is_beta":false,"boss_relics":[{"not_picked":["Busted Crown","Coffee Dripper"],"picked":"Tiny House"},{"not_picked":["Pandora\u0027s Box","bronze:MakeshiftBattery"],"picked":"StuffTheSpire:RunicConfusion"}],"items_purged_floors":[36],"is_endless":false,"potions_floor_spawned":[3,8,16,18,21,24,27,28,30,31,33,35],"killed_by":"Reptomancer","ascension_level":0}}