{"host":"ndqkyrxelzss439h","time":1614125240,"event":{"mods":["2.2 Compatiblity","Act Like it!","BaseMod","Better Third Choice","Colored Map","Colored Powertips","Hallownest","Highlight Path","Minty Spire (QoL Compilation)","Permanent Neow","Quick Restart","Replay The Spire","StSLib","The Bug Knight"],"gold_per_floor":[117,117,117,136,151,151,178,178,178,196,226,226,253,131,131,232,232,248,0,0,359,369,399,399,409,409,428,454,467,131,149,149,252,252,270,90,108,108,119,145,64,64,64,75,101,101,129,4,4,4],"floor_reached":51,"language":"ENG","playtime":4571,"items_purged":["HollowMod:FocusHealStart","HollowMod:NailStrikeStart","HollowMod:NailStrikeStart"],"score":972,"play_id":"c60e36ea-251e-492a-831f-7541a5cba167","local_time":"20210223190720","is_ascension_mode":true,"campfire_choices":[{"data":"HollowMod:VoidDash","floor":6,"key":"SMITH"},{"data":"HollowMod:ShadowDash","floor":8,"key":"SMITH"},{"data":"HollowMod:LordofShades","floor":12,"key":"SMITH"},{"data":"HollowMod:ShadowDash","floor":15,"key":"SMITH"},{"data":"HollowMod:VengefulVoid","floor":24,"key":"SMITH"},{"data":"HollowMod:AbyssShriek","floor":32,"key":"SMITH"},{"data":"HollowMod:BlackTendrils","floor":42,"key":"SMITH"},{"data":"HollowMod:WraithStrike","floor":46,"key":"SMITH"},{"data":"HollowMod:VoidDash","floor":49,"key":"SMITH"}],"circlet_count":0,"master_deck":["HollowMod:NailStrikeStart","HollowMod:NailStrikeStart","HollowMod:QuickDashStart","HollowMod:QuickDashStart","HollowMod:QuickDashStart","HollowMod:QuickDashStart","HollowMod:PogoStrike","HollowMod:VoidDash+1","HollowMod:ShadowDash+1","HollowMod:ShadowDash+1","HollowMod:LordofShades+1","HollowMod:VengefulVoid+1","HollowMod:VoidDash+1","HollowMod:NewLastStag","HollowMod:CloakDash","HollowMod:SiblingsSouls","HollowMod:AbyssShriek+1","HollowMod:MantisMark+1","HollowMod:AbyssShriek+1","HollowMod:VoidDash+1","HollowMod:DescendingDark+1","HollowMod:WraithStrike+1","HollowMod:VengefulVoid+1","HollowMod:BlackTendrils+1","HollowMod:DescendingDark+1"],"relics":["HollowMod:VesselMask","HornCleat","ReplayTheSpireMod:Shallot","StoneCalendar","Boot","Painkiller Herb","FossilizedHelix","Bottled Lightning","Anchor","Guide Book","Hallownest:StagBellRelic1","Replay:Wax Seal","Letter Opener","Simple Rune","Nunchaku"],"acts_visited":["Hallownest:Greenpath","Hallownest:CityofTears","Hallownest:KingdomsEdge"],"potions_floor_usage":[4,16,25],"damage_taken":[{"damage":0,"enemies":"Hallownest:2_Tiktiks_and_1_Crawlid","floor":1,"turns":4},{"damage":0,"enemies":"Hallownest:2_Baldur","floor":4,"turns":3},{"damage":0,"enemies":"Hallownest:monsterHuskGuard","floor":5,"turns":4},{"damage":17,"enemies":"Hallownest:eliteMossKnight","floor":7,"turns":23},{"damage":0,"enemies":"Hallownest:monsterFoolEater","floor":10,"turns":5},{"damage":0,"enemies":"Hallownest:eliteVengeflyKing","floor":11,"turns":8},{"damage":20,"enemies":"Hallownest:BossBrokenVessel","floor":16,"turns":9},{"damage":0,"enemies":"Hallownest:3_Youths","floor":18,"turns":4},{"damage":0,"enemies":"Hallownest:2_Mistakes","floor":22,"turns":5},{"damage":0,"enemies":"Hallownest:eliteSoulWarrior","floor":23,"turns":5},{"damage":0,"enemies":"Hallownest:2_Husk_Sentries","floor":25,"turns":3},{"damage":0,"enemies":"Hallownest:2_Flukemon","floor":27,"turns":5},{"damage":0,"enemies":"Hallownest:Nosk","floor":28,"turns":7},{"damage":0,"enemies":"Hallownest:3_Mistakes","floor":29,"turns":3},{"damage":0,"enemies":"Hallownest:monsterMisterMushroom","floor":31,"turns":4},{"damage":0,"enemies":"Hallownest:BossMantisLord","floor":33,"turns":3},{"damage":0,"enemies":"Hallownest:Shield_Heavy","floor":35,"turns":3},{"damage":0,"enemies":"Hallownest:2_Littles","floor":37,"turns":3},{"damage":0,"enemies":"Hallownest:Shield_Sturdy","floor":39,"turns":4},{"damage":5,"enemies":"Hallownest:eliteHiveKnight","floor":40,"turns":9},{"damage":0,"enemies":"Hallownest:Xero_Hu_Marmu","floor":44,"turns":4},{"damage":0,"enemies":"Hallownest:StalkingDevout","floor":45,"turns":4},{"damage":19,"enemies":"Hallownest:eliteHiveKnight","floor":47,"turns":7},{"damage":0,"enemies":"Hallownest:Radiance","floor":50,"turns":7}],"seed_played":"-1746133167250381117","potions_obtained":[{"floor":10,"key":"Energy Potion"},{"floor":11,"key":"SkillPotion"},{"floor":16,"key":"Elixir"},{"floor":25,"key":"CultistPotion"},{"floor":28,"key":"Weak Potion"},{"floor":29,"key":"Energy Potion"},{"floor":33,"key":"Strength Potion"},{"floor":44,"key":"FairyPotion"}],"is_trial":false,"path_per_floor":["M","?","T","M","M","R","E","R","T","M","E","R","T","$","R","B",null,"?","?","T","?","?","E","T","?","T","?","E","?","T","?","T","B",null,"?","?","?","?","?","E","T","T","T","?","E","T","E","T","T","B",null],"character_chosen":"THE_BUGKNIGHT","items_purchased":["HollowMod:VengefulVoid","HollowMod:AbyssShriek","Guide Book","HollowMod:BlackTendrils"],"campfire_rested":0,"item_purchase_floors":[14,30,30,41],"current_hp_per_floor":[54,54,54,63,63,63,46,46,46,52,52,52,52,52,52,32,75,75,75,75,75,75,75,75,75,75,75,75,75,75,75,75,75,75,75,75,75,75,75,70,70,70,70,74,75,75,65,65,65,75],"gold":4,"neow_bonus":"THREE_RARE_CARDS","is_daily":false,"chose_seed":false,"campfire_upgraded":9,"win_rate":0.0,"timestamp":1614125240,"path_taken":["M","?","?","M","M","R","E","R","T","M","E","R","?","$","R","BOSS","?","?","T","?","?","E","T","?","T","?","E","?","T","?","T","BOSS","?","?","?","?","?","E","T","T","T","?","E","T","E","T","T","BOSS"],"items_purchased_type":["Card","Card","Relic","Card"],"build_version":"2020-12-22","purchased_purges":3,"victory":true,"max_hp_per_floor":[75,75,75,75,75,75,75,75,75,75,75,75,75,75,75,75,75,75,75,75,75,75,75,75,75,75,75,75,75,75,75,75,75,75,75,75,75,75,75,75,75,75,75,75,75,75,75,75,75,75],"card_choices":[{"not_picked":["HollowMod:ZotesMagnificence","HollowMod:NewInfectedGuardian"],"picked":"HollowMod:VoidDash","floor":0},{"not_picked":["HollowMod:HeavyBlow","HollowMod:InfectedCysts","HollowMod:SoulShaman"],"picked":"SKIP","floor":1},{"not_picked":["HollowMod:SoulSplash","HollowMod:InfectedCysts","HollowMod:HowlingWraiths"],"picked":"SKIP","floor":4},{"not_picked":["HollowMod:ShapeofUnn","HollowMod:DashSlash","HollowMod:NewJinnsSoul"],"picked":"SKIP","floor":5},{"not_picked":["HollowMod:MonarchWings","HollowMod:FastStrike"],"picked":"HollowMod:ShadowDash","floor":7},{"not_picked":["HollowMod:SlysStrikes","HollowMod:SiblingsShadow"],"picked":"HollowMod:ShadowDash","floor":10},{"not_picked":["HollowMod:FallenFury","HollowMod:DescendingDark"],"picked":"HollowMod:LordofShades","floor":11},{"not_picked":["HollowMod:Weaversong","HollowMod:NewInfectedGuardian"],"picked":"HollowMod:VoidDash","floor":16},{"not_picked":["HollowMod:DashSlash+1","HollowMod:SoulVessel+1","HollowMod:MothsMistake"],"picked":"SKIP","floor":18},{"not_picked":["HollowMod:SharpenedNail","HollowMod:MothsMistake"],"picked":"HollowMod:CloakDash","floor":22},{"not_picked":["HollowMod:ZotesMagnificence","HollowMod:InfectedCysts+1"],"picked":"HollowMod:SiblingsSouls","floor":23},{"not_picked":["HollowMod:HeavyBlow","HollowMod:InfectedAttack","HollowMod:SoulVessel"],"picked":"SKIP","floor":25},{"not_picked":["HollowMod:FastStrike+1","HollowMod:HeavyBlow"],"picked":"HollowMod:AbyssShriek+1","floor":27},{"not_picked":["HollowMod:HeavyBlow","HollowMod:CloakDash"],"picked":"HollowMod:MantisMark","floor":28},{"not_picked":["HollowMod:DreamGate","HollowMod:SoulVessel+1","HollowMod:CornifersMapStart"],"picked":"SKIP","floor":29},{"not_picked":["HollowMod:VengefulSpirit+1","HollowMod:GrimmsGift","HollowMod:SiblingsSouls"],"picked":"SKIP","floor":31},{"not_picked":["HollowMod:Hiveblood","HollowMod:MidwifesHunger"],"picked":"HollowMod:VoidDash","floor":33},{"not_picked":["HollowMod:HowlingWraiths+1","HollowMod:NewJinnsSoul+1","HollowMod:PerfectDash+1"],"picked":"SKIP","floor":35},{"not_picked":["HollowMod:SiblingsSouls","HollowMod:InfectedAttack+1"],"picked":"HollowMod:DescendingDark+1","floor":37},{"not_picked":["HollowMod:SoulStrike","HollowMod:GoodIntentions"],"picked":"HollowMod:WraithStrike","floor":39},{"not_picked":["HollowMod:FastStrike+1","HollowMod:HowlingWraiths+1"],"picked":"HollowMod:VengefulVoid+1","floor":40},{"not_picked":["HollowMod:Grubsong+1","HollowMod:SoulShaman"],"picked":"HollowMod:DescendingDark+1","floor":44},{"not_picked":["HollowMod:ChannelNail","HollowMod:DoubleDash","HollowMod:DashSlash+1"],"picked":"SKIP","floor":45},{"not_picked":["HollowMod:DreamGate+1","HollowMod:PureVessel","HollowMod:DoubleDash+1"],"picked":"SKIP","floor":47}],"player_experience":106070,"relics_obtained":[{"floor":3,"key":"HornCleat"},{"floor":7,"key":"ReplayTheSpireMod:Shallot"},{"floor":9,"key":"StoneCalendar"},{"floor":11,"key":"Darkstone Periapt"},{"floor":13,"key":"Boot"},{"floor":23,"key":"FossilizedHelix"},{"floor":26,"key":"Bottled Lightning"},{"floor":28,"key":"Anchor"},{"floor":40,"key":"Replay:Wax Seal"},{"floor":43,"key":"Letter Opener"},{"floor":45,"key":"Simple Rune"},{"floor":47,"key":"Nunchaku"}],"event_choices":[],"is_beta":false,"boss_relics":[{"not_picked":["Replay:Bronze Core","Busted Crown"],"picked":"Painkiller Herb"},{"not_picked":["Ring of Chaos","Astrolabe","ReplayTheSpireMod:DimensionalGlitch"]}],"items_purged_floors":[14,30,48],"is_endless":false,"potions_floor_spawned":[10,11,16,25,28,29,31,33,35,39,44],"ascension_level":1}}