{"host":"sum4dy402bbv9y4o","time":1614200198,"event":{"mods":["Aspiration","BaseMod","Conspire","Highlight Path","Minty Spire (QoL Compilation)","StSLib"],"gold_per_floor":[12,27,44,57,107,107,137,149,149,149,164,164,180,215,215,215,215],"floor_reached":16,"language":"ENG","playtime":525,"items_purged":[],"score":278,"play_id":"0a8bcef6-4313-4806-874f-561cc97b01aa","local_time":"20210224235638","is_ascension_mode":true,"campfire_choices":[{"data":"Eruption","floor":6.0,"key":"SMITH"},{"data":"SashWhip","floor":10.0,"key":"SMITH"},{"data":"SashWhip","floor":15.0,"key":"SMITH"}],"circlet_count":0,"master_deck":["AscendersBane","Strike_P","Strike_P","Strike_P","Strike_P","Defend_P","Defend_P","Defend_P","Defend_P","Eruption+1","Vigilance","SashWhip+1","FlurryOfBlows","SashWhip+1","BowlingBash","Halt","Halt","FlurryOfBlows"],"relics":["PureWater","Shovel","Boot","aspiration:AnachronicSnailShell","aspiration:HatOfInfinitePower"],"acts_visited":["Exordium"],"potions_floor_usage":[16],"damage_taken":[{"damage":0.0,"enemies":"Small Slimes","floor":1.0,"turns":2.0},{"damage":1.0,"enemies":"Cultist","floor":2.0,"turns":3.0},{"damage":0.0,"enemies":"2 Louse","floor":3.0,"turns":4.0},{"damage":4.0,"enemies":"Red Slaver","floor":4.0,"turns":4.0},{"damage":17.0,"enemies":"Lagavulin","floor":7.0,"turns":7.0},{"damage":1.0,"enemies":"3 Louse","floor":8.0,"turns":2.0},{"damage":0.0,"enemies":"Blue Slaver","floor":11.0,"turns":3.0},{"damage":0.0,"enemies":"Gremlin Gang","floor":13.0,"turns":3.0},{"damage":0.0,"enemies":"3 Sentries","floor":14.0,"turns":4.0},{"damage":42,"enemies":"Hexaghost","floor":16,"turns":10}],"seed_played":"4110226950388869132","potions_obtained":[{"floor":1.0,"key":"LiquidBronze"},{"floor":2.0,"key":"DuplicationPotion"},{"floor":7.0,"key":"Strength Potion"},{"floor":13.0,"key":"Swift Potion"}],"is_trial":false,"path_per_floor":["M","M","M","M","?","R","E","M","T","R","M","?","M","E","R","B"],"character_chosen":"WATCHER","items_purchased":[],"campfire_rested":0,"item_purchase_floors":[],"current_hp_per_floor":[61,60,60,56,50,50,33,32,32,32,32,32,32,32,32,0,0],"gold":215,"neow_bonus":"ONE_RARE_RELIC","is_daily":false,"chose_seed":false,"campfire_upgraded":3,"win_rate":0.0,"timestamp":1614200198,"path_taken":["M","M","M","M","?","R","E","?","T","R","M","?","?","E","R","BOSS"],"items_purchased_type":[],"build_version":"2020-12-22","purchased_purges":0,"victory":false,"max_hp_per_floor":[68,68,68,68,68,68,68,68,68,68,68,68,68,68,68,68,68],"card_choices":[{"not_picked":["CrushJoints","Prostrate"],"picked":"SashWhip","floor":1.0},{"not_picked":["Crescendo","CutThroughFate"],"picked":"FlurryOfBlows","floor":2.0},{"not_picked":["EmptyBody","ThirdEye"],"picked":"SashWhip","floor":3.0},{"not_picked":["ThirdEye","WreathOfFlame"],"picked":"BowlingBash","floor":4.0},{"not_picked":["Indignation","SashWhip","DeusExMachina"],"picked":"SKIP","floor":7.0},{"not_picked":["Swivel","EmptyBody"],"picked":"Halt","floor":8.0},{"not_picked":["FollowUp","EmptyFist"],"picked":"Halt","floor":11.0},{"not_picked":["ClearTheMind","SignatureMove"],"picked":"FlurryOfBlows","floor":13.0},{"not_picked":["BowlingBash","Pray","Weave"],"picked":"SKIP","floor":14.0}],"player_experience":3140286,"relics_obtained":[{"floor":7.0,"key":"Boot"},{"floor":9.0,"key":"aspiration:AnachronicSnailShell"},{"floor":14.0,"key":"aspiration:HatOfInfinitePower"}],"event_choices":[{"damage_healed":0.0,"max_hp_gain":0.0,"max_hp_loss":0.0,"gold_gain":50.0,"event_name":"FaceTrader","player_choice":"Touch","floor":5.0,"gold_loss":0.0,"damage_taken":6.0},{"damage_healed":0.0,"max_hp_gain":0.0,"max_hp_loss":0.0,"gold_gain":0.0,"event_name":"Match and Keep!","player_choice":"0 cards matched","floor":12.0,"gold_loss":0.0,"damage_taken":0.0,"cards_obtained":[]}],"is_beta":false,"boss_relics":[],"items_purged_floors":[],"is_endless":false,"potions_floor_spawned":[1,2,7,13],"killed_by":"Hexaghost","ascension_level":20}}