{"host":"s229x1smnerk6mew","time":1614142913,"event":{"mods":["BaseMod","Bestiary","Minty Spire (QoL Compilation)","Relic Stats"],"gold_per_floor":[116,116,130,55,0,0,13,44,71,86,104,104,131,131,131,202,202,214,225,252,272,272,272,272,272],"floor_reached":24,"language":"ENG","playtime":743,"items_purged":[],"score":412,"play_id":"cd3432ed-b322-4168-8123-13988b750412","local_time":"20210224160153","is_ascension_mode":true,"campfire_choices":[{"data":"Carnage","floor":6,"key":"SMITH"},{"data":"Inflame","floor":15,"key":"SMITH"},{"data":"Armaments","floor":23,"key":"SMITH"}],"circlet_count":0,"master_deck":["AscendersBane","Strike_R","Strike_R","Strike_R","Defend_R","Defend_R","Defend_R","Defend_R","Bash+1","Shrug It Off","Carnage+1","Twin Strike","Immolate","Inflame+1","Barricade","Armaments+1","Shockwave","Shrug It Off"],"relics":["Burning Blood","Tiny Chest","Bag of Marbles","Bronze Scales","Oddly Smooth Stone","Velvet Choker","Happy Flower"],"acts_visited":["Exordium","TheCity"],"potions_floor_usage":[13,21,21],"damage_taken":[{"damage":4,"enemies":"Jaw Worm","floor":1,"turns":5},{"damage":10,"enemies":"2 Louse","floor":3,"turns":2},{"damage":0,"enemies":"Cultist","floor":7,"turns":2},{"damage":31,"enemies":"Gremlin Nob","floor":8,"turns":4},{"damage":0,"enemies":"Blue Slaver","floor":10,"turns":1},{"damage":0,"enemies":"2 Fungi Beasts","floor":11,"turns":1},{"damage":16,"enemies":"Lagavulin","floor":13,"turns":5},{"damage":24,"enemies":"The Guardian","floor":16,"turns":14},{"damage":21,"enemies":"Shell Parasite","floor":18,"turns":4},{"damage":5,"enemies":"3 Byrds","floor":19,"turns":2},{"damage":35,"enemies":"Shelled Parasite and Fungi","floor":21,"turns":6},{"damage":29,"enemies":"Slavers","floor":24,"turns":3}],"seed_played":"9011883279767057086","potions_obtained":[{"floor":1,"key":"Block Potion"},{"floor":8,"key":"SteroidPotion"},{"floor":16,"key":"SpeedPotion"}],"is_trial":false,"path_per_floor":["M","?","M","?","?","R","M","E","T","M","M","?","E","?","R","B",null,"M","M","T","M","?","R","E"],"character_chosen":"IRONCLAD","items_purchased":[],"campfire_rested":0,"item_purchase_floors":[],"current_hp_per_floor":[70,75,71,71,71,71,77,52,52,58,64,64,54,54,54,36,69,54,55,55,26,26,26,0,0],"gold":272,"neow_bonus":"UPGRADE_CARD","is_daily":false,"chose_seed":false,"campfire_upgraded":3,"win_rate":0.0,"timestamp":1614142913,"path_taken":["M","?","M","?","?","R","M","E","T","M","?","?","E","?","R","BOSS","M","M","?","?","?","R","E"],"items_purchased_type":[],"build_version":"2020-12-22","purchased_purges":0,"victory":false,"max_hp_per_floor":[75,80,80,80,80,80,80,80,80,80,80,80,80,80,80,80,80,80,80,80,80,80,80,80,80],"relic_stats":{"Happy Flower":[3],"counters":[12,49],"Bronze Scales":[123],"Tiny Chest":1,"obtain_stats":[{"Happy Flower":20,"Bronze Scales":9,"Oddly Smooth Stone":13,"Velvet Choker":17,"Tiny Chest":5,"Bag of Marbles":8,"Burning Blood":0},{"Happy Flower":10,"Bronze Scales":4,"Oddly Smooth Stone":7,"Velvet Choker":8,"Tiny Chest":2,"Bag of Marbles":4,"Burning Blood":0},{"Happy Flower":40,"Bronze Scales":13,"Oddly Smooth Stone":20,"Velvet Choker":34,"Tiny Chest":7,"Bag of Marbles":13,"Burning Blood":0}],"Burning Blood":66},"card_choices":[{"not_picked":["Metallicize","Clothesline"],"picked":"Shrug It Off","floor":1},{"not_picked":["Combust","Rampage"],"picked":"Carnage","floor":3},{"not_picked":["Sword Boomerang","Body Slam"],"picked":"Twin Strike","floor":7},{"not_picked":["Sword Boomerang","Warcry"],"picked":"Immolate","floor":8},{"not_picked":["Dropkick","Headbutt","Wild Strike"],"picked":"SKIP","floor":10},{"not_picked":["Thunderclap","Heavy Blade","Cleave"],"picked":"SKIP","floor":11},{"not_picked":["Sever Soul","Rampage","Twin Strike"],"picked":"SKIP","floor":13},{"not_picked":["Double Tap","Fiend Fire"],"picked":"Barricade","floor":16},{"not_picked":["Bloodletting+1","Iron Wave"],"picked":"Armaments","floor":18},{"not_picked":["Wild Strike","Sword Boomerang","Pommel Strike"],"picked":"SKIP","floor":19},{"not_picked":["Anger","True Grit"],"picked":"Shockwave","floor":21}],"player_experience":2101177,"relics_obtained":[{"floor":8,"key":"Bag of Marbles"},{"floor":9,"key":"Bronze Scales"},{"floor":13,"key":"Oddly Smooth Stone"},{"floor":20,"key":"Happy Flower"}],"event_choices":[{"damage_healed":0,"gold_gain":0,"player_choice":"Donut","damage_taken":0,"max_hp_gain":5,"max_hp_loss":0,"event_name":"Big Fish","floor":2,"gold_loss":0},{"cards_removed":["Strike_R"],"damage_healed":0,"gold_gain":0,"player_choice":"Card Removal","damage_taken":0,"max_hp_gain":0,"max_hp_loss":0,"event_name":"The Cleric","floor":4,"gold_loss":75},{"damage_healed":0,"gold_gain":0,"player_choice":"Paid Gold","damage_taken":0,"relics_obtained":["Tiny Chest"],"max_hp_gain":0,"max_hp_loss":0,"event_name":"WeMeetAgain","floor":5,"gold_loss":55},{"damage_healed":0,"gold_gain":0,"player_choice":"Ignored","damage_taken":0,"max_hp_gain":0,"max_hp_loss":0,"event_name":"Liars Game","floor":12,"gold_loss":0},{"damage_healed":0,"gold_gain":0,"cards_transformed":["Strike_R"],"player_choice":"Change","damage_taken":0,"max_hp_gain":0,"max_hp_loss":0,"event_name":"Living Wall","floor":14,"gold_loss":0,"cards_obtained":["Inflame"]},{"damage_healed":0,"gold_gain":0,"player_choice":"Copied","damage_taken":0,"max_hp_gain":0,"max_hp_loss":0,"event_name":"Duplicator","floor":22,"gold_loss":0,"cards_obtained":["Shrug It Off"]}],"is_beta":false,"boss_relics":[{"not_picked":["SlaversCollar","Busted Crown"],"picked":"Velvet Choker"}],"items_purged_floors":[],"is_endless":false,"potions_floor_spawned":[1,8,11,16],"killed_by":"Slavers","ascension_level":20}}