{"host":"5tir6155jnoxijqh","time":1614164098,"event":{"mods":["BaseMod","Downfall","Hermit","Library of Ruina","Library of Ruina Extra","Lobotomy","Minty Spire (QoL Compilation)","Shop Mod","Spicy Shops","StSLib","WarShipGirlsR/’ΩΩ¢…Ÿ≈ÆR mod"],"gold_per_floor":[111,111,130,145,145,180,200,53,53,53,67,101,126,150,150,271,271,285,285,303,218,72,115,115,129,129,142,157,157,157],"floor_reached":29,"language":"ZHS","playtime":3110,"items_purged":["LightAttack"],"score":436,"play_id":"d3cf5c58-26a4-495b-b1e9-7d8359186ee0","local_time":"20210224185458","is_ascension_mode":true,"campfire_choices":[{"floor":10.0,"key":"REST"},{"floor":15.0,"key":"REST"},{"data":"Enlightenment","floor":24.0,"key":"SMITH"}],"circlet_count":0,"master_deck":["Dodge","LightDefense","LightAttack","LightDefense","LightDefense","LightDefense","ChargeAndCover","FocusedStrikes","Enlightenment+1","RushDown","Quickness","QuickSuppression","EnergyCycle","Disposal","RushDown","BattleCommand","FaintMemories","BiXi","CleanUp","BiXi+1","Concentration","FierceCharge","DesperateStruggle+1","Collision","IronWall"],"relics":["PageOfLibrarian","Golden Idol","PageOfAlriune","Sling","Shuriken","Bottled Lightning","Coffee Dripper","Guardian:PocketSentry","PageOfScorchedGirl","Gremlin Horn","PageOfNosferatu"],"acts_visited":["Exordium","TheCity"],"potions_floor_usage":[],"damage_taken":[{"damage":7.0,"enemies":"2 Louse","floor":1.0,"turns":3.0},{"damage":0.0,"enemies":"Small Slimes","floor":3.0,"turns":2.0},{"damage":0.0,"enemies":"Cultist","floor":4.0,"turns":2.0},{"damage":23.0,"enemies":"Lagavulin","floor":6.0,"turns":4.0},{"damage":5.0,"enemies":"Exordium Wildlife","floor":7.0,"turns":3.0},{"damage":11.0,"enemies":"Gremlin Gang","floor":11.0,"turns":4.0},{"damage":0.0,"enemies":"Gremlin Nob","floor":12.0,"turns":2.0},{"damage":7.0,"enemies":"Large Slime","floor":13.0,"turns":4.0},{"damage":0.0,"enemies":"Looter","floor":14.0,"turns":1.0},{"damage":7.0,"enemies":"The Guardian","floor":16.0,"turns":5.0},{"damage":0.0,"enemies":"Spheric Guardian","floor":18.0,"turns":3.0},{"damage":10.0,"enemies":"Shell Parasite","floor":20.0,"turns":3.0},{"damage":0.0,"enemies":"Gremlin Leader","floor":23.0,"turns":7.0},{"damage":12.0,"enemies":"Centurion and Healer","floor":25.0,"turns":4.0},{"damage":0.0,"enemies":"Snecko","floor":27.0,"turns":3.0},{"damage":2.0,"enemies":"3 Cultists","floor":28.0,"turns":3.0},{"damage":12,"enemies":"Snake Plant","floor":29,"turns":2}],"seed_played":"3708444080848687180","potions_obtained":[{"floor":3.0,"key":"Explosive Potion"},{"floor":7.0,"key":"BlessingOfTheForge"},{"floor":11.0,"key":"bronze:BurnAndBuffPotion"},{"floor":12.0,"key":"DistilledChaos"},{"floor":14.0,"key":"Fire Potion"},{"floor":18.0,"key":"FearPotion"},{"floor":27.0,"key":"ColorlessPotion"}],"is_trial":false,"path_per_floor":["M","?","M","M","?","E","M","$","T","R","M","E","M","M","R","B",null,"M","?","M","?","$","E","R","M","T","M","M","M"],"character_chosen":"Librarian","items_purchased":["Sling","FierceCharge"],"campfire_rested":2,"item_purchase_floors":[8,22],"current_hp_per_floor":[53,32,32,32,32,9,4,4,4,27,16,16,9,9,32,25,64,64,64,54,54,54,54,54,45,9,9,7,0,0],"gold":157,"neow_bonus":"RANDOM_COLORLESS","is_daily":false,"chose_seed":false,"campfire_upgraded":1,"win_rate":0.0,"timestamp":1614164098,"path_taken":["M","?","M","M","?","E","?","$","T","R","M","E","M","M","R","BOSS","M","?","?","?","$","E","R","M","T","M","M","M"],"items_purchased_type":["Relic","Card"],"build_version":"2020-12-22","purchased_purges":1,"victory":false,"max_hp_per_floor":[84,84,84,77,77,68,201,201,201,77,77,77,77,77,77,77,77,91,91,91,91,91,91,91,91,127,127,127,127,127],"card_choices":[{"not_picked":["Dramatic Entrance","Good Instincts"],"picked":"Enlightenment","floor":0.0},{"not_picked":["SparkingSpear","EnergyCycle","FieryDragonSlash","EnergyStrike","Reload","BiXi","Outburst","EnergyShield"],"picked":"RushDown","floor":1.0},{"not_picked":["DefenseOrder","FleetFootsteps","BizarreAttack","SharpSwipe","AutonomousRush","SerpentineBarrier","Feast","Thrust"],"picked":"Quickness","floor":3.0},{"not_picked":["IdentifyWeakpoint","SetFire","Unlock1","Thrust","OpportunitySpotted","BackstreetsDash","Decapitation","BackAttack"],"picked":"QuickSuppression","floor":4.0},{"not_picked":["ForTheFamily","PuppetBlockade","HardRehearsal","ProselytesBlade","Parry","FlyingSword","SilentMist","Standoff"],"picked":"EnergyCycle","floor":6.0},{"not_picked":["SunsetBlade","SpearedSweep","PinpointShot","TrimTheIngredients","Crush","DestructiveImpact","Collision","Rewind"],"picked":"Disposal","floor":7.0},{"not_picked":["MultiHit","SnakesPrey","PinpointShot","StrikeDown","EnergyShield","MirageStorm","Reload","IllEndYou"],"picked":"RushDown","floor":11.0},{"not_picked":["WillBeTasty","StrongStrike","HighKick","GrazeTheGrass","DefenseOrder","ClassAndRespect","Quickness","SpearedSweep"],"picked":"BattleCommand","floor":12.0},{"not_picked":["GaleKick","GuardingStance","MultiBlock","StartinOutLightly","Unlock1","ElectricShock","UpbeatPerformance","StrikeDown"],"picked":"FaintMemories","floor":13.0},{"not_picked":["BlowItUp","BladeWhirl","SunsetBlade","MultiHit","Parry","UpbeatPerformance","Parry2","SnakesPrey"],"picked":"BiXi","floor":14.0},{"not_picked":["ChargeUp","Transpierce"],"picked":"CleanUp","floor":16.0},{"not_picked":["UnforgettableMelody","Ripple","EndlessBattle","HighKick","SpearedSweep","HandleRequest+1","DesperateStruggle+1","StructuralAnalysis"],"picked":"BiXi+1","floor":18.0},{"not_picked":["StayCalm","ClassAndRespect","EndlessBattle","DaringDecision","BiAn+1","RhinoRam","ConcentratedFire","CoordinatedAssault+1"],"picked":"Concentration","floor":20.0},{"not_picked":["EnergyStrike","SparkingSpear","BlowItUp+1","ChopItOff","EmotionalTurbulence","RapidGashes","InnerArdor","SummaryJudgment"],"picked":"DesperateStruggle+1","floor":23.0},{"not_picked":["Diversion+1","Faith","StartinOutLightly","Eliminate","SharpSwipe","GuidanceOfTheGears+1","AGoldenOpportunity","DefenseOrder"],"picked":"Collision","floor":25.0},{"not_picked":["FleetFootsteps+1","InhaleSmoke","EndlessBattle","BackAttack+1","Endure","SmokingPipe+1","UpbeatPerformance","Castigation","Unlock1"],"picked":"SKIP","floor":27.0},{"not_picked":["EnergyShield","Rewind","StrikeDown","ClassAndRespect+1","MultiBlock","TimeForALittleTest","StrongStrike","PinpointShot"],"picked":"IronWall","floor":28.0}],"player_experience":417404,"relics_obtained":[{"floor":6.0,"key":"PageOfAlriune"},{"floor":9.0,"key":"Shuriken"},{"floor":12.0,"key":"Bottled Lightning"},{"floor":23.0,"key":"Gremlin Horn"},{"floor":26.0,"key":"PageOfNosferatu"}],"event_choices":[{"damage_healed":0.0,"max_hp_gain":0.0,"max_hp_loss":0.0,"gold_gain":0.0,"event_name":"Golden Idol","player_choice":"Take Damage","floor":2.0,"gold_loss":0.0,"damage_taken":21.0,"relics_obtained":["Golden Idol"]},{"cards_removed":["LightAttack"],"damage_healed":0.0,"max_hp_gain":0.0,"max_hp_loss":0.0,"gold_gain":0.0,"event_name":"Purifier","player_choice":"Purged","floor":5.0,"gold_loss":0.0,"damage_taken":0.0},{"damage_healed":0.0,"max_hp_gain":0.0,"max_hp_loss":0.0,"gold_gain":0.0,"event_name":"WeMeetAgain","player_choice":"Gave Potion","floor":19.0,"gold_loss":0.0,"damage_taken":0.0,"relics_obtained":["Guardian:PocketSentry"]},{"damage_healed":0.0,"max_hp_gain":0.0,"max_hp_loss":0.0,"gold_gain":0.0,"event_name":"Addict","player_choice":"Obtained Relic","floor":21.0,"gold_loss":85.0,"damage_taken":0.0,"relics_obtained":["PageOfScorchedGirl"]}],"is_beta":false,"boss_relics":[{"not_picked":["Fusion Hammer","Tiny House"],"picked":"Coffee Dripper"}],"items_purged_floors":[22],"is_endless":false,"potions_floor_spawned":[3,7,11,12,14,18,27],"killed_by":"Snake Plant","ascension_level":5}}