{"host":"pheno","time":1614174477,"event":{"mods":["BaseMod","Minty Spire (QoL Compilation)","Reliquary","Robot Space Explorer","StSLib","The Marked"],"gold_per_floor":[115,131,131,145,160,160,189,250,275,225,225,235,235,255,255,350,350,370,380,380,119,138,187,102,114,114,114,144,144,144,155,155,257,307,317,369,16,26,38,68,143,193,193,223,236,236,236,265,265,265,265,265,29,59,59],"floor_reached":56,"language":"ZHS","playtime":3504,"items_purged":["Writhe"],"score":1405,"play_id":"94460cbc-8580-48bb-a2b4-0a189c4d7b61","local_time":"20210224214757","is_ascension_mode":false,"campfire_choices":[{"data":"RobotSpaceExplorer:PlasmaMissile","floor":6.0,"key":"SMITH"},{"data":"RobotSpaceExplorer:MiniLasers","floor":11.0,"key":"SMITH"},{"data":"RobotSpaceExplorer:ToxicBomb","floor":13.0,"key":"SMITH"},{"floor":15.0,"key":"RECALL"},{"floor":27.0,"key":"REST"},{"data":"HandOfGreed","floor":30.0,"key":"SMITH"},{"data":"RobotSpaceExplorer:StarLightning","floor":32.0,"key":"SMITH"},{"floor":46.0,"key":"REST"},{"data":"RobotSpaceExplorer:Blaster","floor":47.0,"key":"SMITH"},{"data":"RobotSpaceExplorer:ShovelStrike","floor":49.0,"key":"SMITH"},{"data":"RobotSpaceExplorer:PowerCollector","floor":52.0,"key":"SMITH"}],"circlet_count":0,"master_deck":["RobotSpaceExplorer:Strike","RobotSpaceExplorer:Strike","RobotSpaceExplorer:Strike","RobotSpaceExplorer:Strike","RobotSpaceExplorer:Defend","RobotSpaceExplorer:Defend","RobotSpaceExplorer:Defend","RobotSpaceExplorer:Scan","RobotSpaceExplorer:MiniLasers+1","RobotSpaceExplorer:ScrapMissile","RobotSpaceExplorer:ToxicBomb+1","RobotSpaceExplorer:Electropulse","RobotSpaceExplorer:PlasmaMissile+1","RobotSpaceExplorer:ShovelStrike+1","RobotSpaceExplorer:StunGrenade","RobotSpaceExplorer:SwiftStep","RobotSpaceExplorer:DroneSwarm","RobotSpaceExplorer:FreezeRay","RobotSpaceExplorer:StarLightning+1","HandOfGreed+1","RobotSpaceExplorer:MiniDrones","RobotSpaceExplorer:Pulsar+1","RobotSpaceExplorer:MetalStrike+1","RobotSpaceExplorer:TrailblazerForm","RobotSpaceExplorer:Accelerator+1","RobotSpaceExplorer:StarLightning+1","RobotSpaceExplorer:Counterblock+1","RobotSpaceExplorer:PowerCollector+1","Panache","RobotSpaceExplorer:FrostMissile","RobotSpaceExplorer:ToxicBomb+1","RobotSpaceExplorer:Blaster+1","RobotSpaceExplorer:DualCore","RobotSpaceExplorer:DroneSwarm","RobotSpaceExplorer:MiniBoosters+1","Master of Strategy","RobotSpaceExplorer:MiniBoosters","RobotSpaceExplorer:FrostMissile"],"relics":["RobotSpaceExplorer:RoboCore","reliquary:Aerogel","reliquary:SilkGlove","reliquary:RedCape","Art of War","Pen Nib","Singing Bowl","Dead Branch","RobotSpaceExplorer:BottledGravity","Tiny House","WingedGreaves","Chemical X","reliquary:SharkskinSheath","Turnip","PreservedInsect","RobotSpaceExplorer:ClockworkSextant","Bronze Scales","RobotSpaceExplorer:FoglandsKnife"],"acts_visited":["Exordium","TheCity","TheBeyond","TheEnding"],"potions_floor_usage":[54,55,55,55,55],"damage_taken":[{"damage":0.0,"enemies":"Small Slimes","floor":1.0,"turns":4.0},{"damage":1.0,"enemies":"Cultist","floor":2.0,"turns":3.0},{"damage":0.0,"enemies":"Jaw Worm","floor":4.0,"turns":2.0},{"damage":1.0,"enemies":"2 Fungi Beasts","floor":5.0,"turns":2.0},{"damage":9.0,"enemies":"Gremlin Nob","floor":7.0,"turns":3.0},{"damage":1.0,"enemies":"Exordium Thugs","floor":12.0,"turns":2.0},{"damage":2.0,"enemies":"Looter","floor":14.0,"turns":2.0},{"damage":37.0,"enemies":"The Guardian","floor":16.0,"turns":13.0},{"damage":12.0,"enemies":"2 Thieves","floor":18.0,"turns":4.0},{"damage":8.0,"enemies":"Shell Parasite","floor":19.0,"turns":5.0},{"damage":10.0,"enemies":"Centurion and Healer","floor":22.0,"turns":4.0},{"damage":20.0,"enemies":"Slavers","floor":23.0,"turns":4.0},{"damage":7.0,"enemies":"Cultist and Chosen","floor":25.0,"turns":4.0},{"damage":5.0,"enemies":"Book of Stabbing","floor":28.0,"turns":4.0},{"damage":2.0,"enemies":"Snecko","floor":31.0,"turns":4.0},{"damage":13.0,"enemies":"Champ","floor":33.0,"turns":9.0},{"damage":2.0,"enemies":"3 Shapes","floor":35.0,"turns":6.0},{"damage":26.0,"enemies":"2 Orb Walkers","floor":36.0,"turns":4.0},{"damage":0.0,"enemies":"3 Darklings","floor":38.0,"turns":3.0},{"damage":3.0,"enemies":"Maw","floor":39.0,"turns":7.0},{"damage":0.0,"enemies":"Giant Head","floor":40.0,"turns":6.0},{"damage":10.0,"enemies":"Mind Bloom Boss Battle","floor":41.0,"turns":7.0},{"damage":28.0,"enemies":"Reptomancer","floor":42.0,"turns":5.0},{"damage":0.0,"enemies":"Nemesis","floor":44.0,"turns":5.0},{"damage":0.0,"enemies":"Spire Growth","floor":45.0,"turns":4.0},{"damage":0.0,"enemies":"Giant Head","floor":48.0,"turns":6.0},{"damage":44.0,"enemies":"Time Eater","floor":50.0,"turns":10.0},{"damage":37,"enemies":"Shield and Spear","floor":54,"turns":4},{"damage":102,"enemies":"The Heart","floor":55,"turns":8}],"seed_played":"-3521375166527008160","potions_obtained":[{"floor":4.0,"key":"BlessingOfTheForge"},{"floor":5.0,"key":"Dexterity Potion"},{"floor":14.0,"key":"BlessingOfTheForge"},{"floor":16.0,"key":"FairyPotion"},{"floor":25.0,"key":"EntropicBrew"},{"floor":31.0,"key":"Ancient Potion"},{"floor":33.0,"key":"AttackPotion"},{"floor":40.0,"key":"Regen Potion"},{"floor":44.0,"key":"Fire Potion"},{"floor":48.0,"key":"EssenceOfSteel"},{"floor":54,"key":"Swift Potion"}],"is_trial":false,"path_per_floor":["M","M","?","M","M","R","E","?","T","?","R","M","R","M","R","B",null,"M","M","?","$","M","E","?","M","T","R","E","?","R","M","R","B",null,"M","?","$","M","M","E","?","E","T","E","M","R","R","E","R","B",null,"R","$","E","B",null],"character_chosen":"RobotSpaceExplorer","items_purchased":["HandOfGreed","Chemical X","RobotSpaceExplorer:PowerCollector","Panache","Master of Strategy","RobotSpaceExplorer:MiniBoosters"],"campfire_rested":2,"item_purchase_floors":[21,37,37,37,53,53],"current_hp_per_floor":[82,81,81,81,80,80,71,71,71,71,71,70,70,68,68,31,82,70,62,62,62,52,32,32,25,25,49,44,44,44,44,44,31,91,89,63,63,63,60,60,50,38,38,38,40,68,68,68,68,24,95,95,95,58,3],"gold":59,"neow_bonus":"TEN_PERCENT_HP_BONUS","is_daily":false,"chose_seed":false,"campfire_upgraded":8,"win_rate":0.0,"timestamp":1614174477,"path_taken":["M","M","?","?","M","R","E","?","T","?","R","?","R","M","R","BOSS","M","M","?","$","M","E","?","M","T","R","E","?","R","M","R","BOSS","M","?","$","M","M","E","?","E","T","E","M","R","R","E","R","BOSS","R","$","E","BOSS"],"items_purchased_type":["Card","Relic","Card","Card","Card","Card"],"build_version":"2020-12-18","purchased_purges":1,"victory":true,"max_hp_per_floor":[82,82,82,82,82,82,82,82,82,82,82,82,82,82,82,82,82,82,82,82,82,82,82,82,82,82,82,82,82,82,84,84,84,91,91,91,91,91,91,91,91,93,93,93,95,95,95,95,95,95,95,95,95,95,95],"card_choices":[{"not_picked":["RobotSpaceExplorer:ExhaustFan","RobotSpaceExplorer:Counterblock"],"picked":"RobotSpaceExplorer:ScrapMissile","floor":1.0},{"not_picked":["RobotSpaceExplorer:StarDust","RobotSpaceExplorer:Pulsar"],"picked":"RobotSpaceExplorer:ToxicBomb","floor":2.0},{"not_picked":["RobotSpaceExplorer:FrostMissile","RobotSpaceExplorer:ShockKick"],"picked":"RobotSpaceExplorer:Electropulse","floor":4.0},{"not_picked":["RobotSpaceExplorer:Probe","RobotSpaceExplorer:FranticSearch"],"picked":"RobotSpaceExplorer:PlasmaMissile","floor":5.0},{"not_picked":["RobotSpaceExplorer:Pulsar","RobotSpaceExplorer:Calculate"],"picked":"RobotSpaceExplorer:ShovelStrike","floor":7.0},{"not_picked":["RobotSpaceExplorer:Electroshield","RobotSpaceExplorer:GlueSpray"],"picked":"RobotSpaceExplorer:StunGrenade","floor":12.0},{"not_picked":["RobotSpaceExplorer:ShockKick","RobotSpaceExplorer:Electroshield"],"picked":"RobotSpaceExplorer:SwiftStep","floor":14.0},{"not_picked":["RobotSpaceExplorer:Autoloader","RobotSpaceExplorer:Arsenal"],"picked":"RobotSpaceExplorer:DroneSwarm","floor":16.0},{"not_picked":["RobotSpaceExplorer:IronShell+1","RobotSpaceExplorer:SurgingShield"],"picked":"RobotSpaceExplorer:FreezeRay","floor":18.0},{"not_picked":["RobotSpaceExplorer:Ammunition+1","RobotSpaceExplorer:Smokescreen"],"picked":"RobotSpaceExplorer:StarLightning","floor":19.0},{"not_picked":["RobotSpaceExplorer:ExhaustFan","RobotSpaceExplorer:ScrapMissile"],"picked":"RobotSpaceExplorer:MiniDrones","floor":22.0},{"not_picked":["RobotSpaceExplorer:ScrapMissile+1","RobotSpaceExplorer:ChargingLaser"],"picked":"RobotSpaceExplorer:Pulsar+1","floor":23.0},{"not_picked":["RobotSpaceExplorer:SurgingStrike","RobotSpaceExplorer:StunGrenade"],"picked":"RobotSpaceExplorer:MetalStrike+1","floor":25.0},{"not_picked":["RobotSpaceExplorer:SurgingShield","RobotSpaceExplorer:MiniDrones"],"picked":"RobotSpaceExplorer:TrailblazerForm","floor":28.0},{"not_picked":["RobotSpaceExplorer:StarDust+1","RobotSpaceExplorer:Calculate","RobotSpaceExplorer:MetalStrike"],"picked":"Singing Bowl","floor":31.0},{"not_picked":["RobotSpaceExplorer:Wormhole","RobotSpaceExplorer:Asteroid"],"picked":"RobotSpaceExplorer:Accelerator","floor":33.0},{"not_picked":["RobotSpaceExplorer:SurgingStrike","RobotSpaceExplorer:FranticSearch","RobotSpaceExplorer:Smokescreen"],"picked":"Singing Bowl","floor":34.0},{"not_picked":["RobotSpaceExplorer:StarDust+1","RobotSpaceExplorer:ShockKick"],"picked":"RobotSpaceExplorer:StarLightning+1","floor":35.0},{"not_picked":["RobotSpaceExplorer:JunkDive+1","RobotSpaceExplorer:SurgingStrike+1"],"picked":"RobotSpaceExplorer:Counterblock+1","floor":36.0},{"not_picked":["RobotSpaceExplorer:SwiftStep","RobotSpaceExplorer:StunGrenade+1"],"picked":"RobotSpaceExplorer:FrostMissile","floor":38.0},{"not_picked":["RobotSpaceExplorer:ScrapMissile","RobotSpaceExplorer:Reload"],"picked":"RobotSpaceExplorer:ToxicBomb+1","floor":39.0},{"not_picked":["RobotSpaceExplorer:MakeshiftVolley","RobotSpaceExplorer:Jetpack"],"picked":"RobotSpaceExplorer:Blaster","floor":40.0},{"not_picked":["RobotSpaceExplorer:FrostMissile+1","RobotSpaceExplorer:FreezeRay+1"],"picked":"RobotSpaceExplorer:DualCore","floor":41.0},{"not_picked":["RobotSpaceExplorer:Probe+1","RobotSpaceExplorer:Counterblock","RobotSpaceExplorer:SurgingShield"],"picked":"Singing Bowl","floor":42.0},{"not_picked":["RobotSpaceExplorer:Electroshield+1","RobotSpaceExplorer:LaserBurst"],"picked":"RobotSpaceExplorer:DroneSwarm","floor":44.0},{"not_picked":["RobotSpaceExplorer:SlimeMissile","RobotSpaceExplorer:ShockKick","RobotSpaceExplorer:RigExplosive+1"],"picked":"Singing Bowl","floor":45.0},{"not_picked":["RobotSpaceExplorer:ScrapShield+1","RobotSpaceExplorer:ShovelStrike+1"],"picked":"RobotSpaceExplorer:MiniBoosters+1","floor":48.0},{"not_picked":["RobotSpaceExplorer:ToxicBomb+1","RobotSpaceExplorer:SurgingShield"],"picked":"RobotSpaceExplorer:FrostMissile","floor":54}],"player_experience":728295,"relics_obtained":[{"floor":7.0,"key":"reliquary:Aerogel"},{"floor":9.0,"key":"reliquary:SilkGlove"},{"floor":23.0,"key":"Pen Nib"},{"floor":26.0,"key":"Dead Branch"},{"floor":28.0,"key":"RobotSpaceExplorer:BottledGravity"},{"floor":36.0,"key":"WingedGreaves"},{"floor":40.0,"key":"reliquary:SharkskinSheath"},{"floor":41.0,"key":"Turnip"},{"floor":42.0,"key":"PreservedInsect"},{"floor":44.0,"key":"RobotSpaceExplorer:ClockworkSextant"},{"floor":48.0,"key":"Bronze Scales"},{"floor":54,"key":"RobotSpaceExplorer:FoglandsKnife"}],"event_choices":[{"damage_healed":0.0,"max_hp_gain":0.0,"max_hp_loss":0.0,"gold_gain":0.0,"event_name":"NoteForYourself","player_choice":"Ignored","floor":3.0,"gold_loss":0.0,"damage_taken":0.0},{"damage_healed":0.0,"max_hp_gain":0.0,"max_hp_loss":0.0,"gold_gain":61.0,"event_name":"Golden Wing","player_choice":"Gained Gold","floor":8.0,"gold_loss":0.0,"damage_taken":0.0},{"cards_removed":["RobotSpaceExplorer:Defend"],"damage_healed":0.0,"max_hp_gain":0.0,"max_hp_loss":0.0,"gold_gain":0.0,"event_name":"The Cleric","player_choice":"Card Removal","floor":10.0,"gold_loss":50.0,"damage_taken":0.0},{"damage_healed":0.0,"max_hp_gain":0.0,"max_hp_loss":0.0,"gold_gain":0.0,"event_name":"The Mausoleum","player_choice":"Opened","floor":20.0,"gold_loss":0.0,"damage_taken":0.0,"relics_obtained":["Art of War"],"cards_obtained":["Writhe"]},{"damage_healed":0.0,"max_hp_gain":0.0,"max_hp_loss":0.0,"gold_gain":0.0,"event_name":"Addict","player_choice":"Obtained Relic","floor":24.0,"gold_loss":85.0,"damage_taken":0.0,"relics_obtained":["Singing Bowl"]},{"damage_healed":0.0,"max_hp_gain":0.0,"max_hp_loss":0.0,"gold_gain":0.0,"event_name":"Vampires","player_choice":"Ignored","floor":29.0,"gold_loss":0.0,"damage_taken":0.0},{"damage_healed":0.0,"max_hp_gain":0.0,"max_hp_loss":0.0,"gold_gain":0.0,"event_name":"Mysterious Sphere","player_choice":"Fight","floor":36.0,"gold_loss":0.0,"damage_taken":0.0},{"damage_healed":0.0,"max_hp_gain":0.0,"max_hp_loss":0.0,"gold_gain":0.0,"event_name":"MindBloom","player_choice":"Fight","floor":41.0,"gold_loss":0.0,"damage_taken":0.0}],"is_beta":true,"boss_relics":[{"not_picked":["Snecko Eye","RobotSpaceExplorer:Reprocessor"],"picked":"reliquary:RedCape"},{"not_picked":["Cursed Key","reliquary:KinkedSpring"],"picked":"Tiny House"}],"items_purged_floors":[21],"is_endless":false,"potions_floor_spawned":[4,5,14,16,22,25,31,33,35,40,41,44,48,54],"ascension_level":0}}