{"host":"t6r1isv2bex5ovch","time":1614130303,"event":{"mods":["AchievementEnabler","Act Like it!","Aspiration","BaseMod","Better Altar","Better Match","Better Note","Better Sensory Stone","Better Skull","Better Third Choice","Better Vampires","Bossed Relics","Colored Powertips","Displayed Cursed Tome","Evolution","Fox Events","Hubris","Minty Spire (QoL Compilation)","Reliquary","Ruina","StSLib"],"gold_per_floor":[118,133,58,58,58,98,98,119,119,162,162,162,162,177,177,177,177],"floor_reached":16,"language":"ENG","playtime":747,"items_purged":["Strike_R"],"score":160,"play_id":"bb48eb40-67ea-4eba-b49d-896beab7ab75","local_time":"20210224123143","is_ascension_mode":true,"campfire_choices":[{"floor":7.0,"key":"RECALL"},{"data":"Blood for Blood","floor":11.0,"key":"SMITH"},{"data":"Warcry","floor":15.0,"key":"SMITH"}],"circlet_count":0,"master_deck":["Strike_R","Strike_R","Strike_R","Strike_R","Defend_R","Defend_R","Defend_R","Defend_R","Bash","Blood for Blood+1","Pommel Strike","Secret Technique","Warcry+1"],"relics":["Burning Blood","EVO:Axolotl","Golden Idol","Pear","Boot"],"acts_visited":["Exordium"],"potions_floor_usage":[16],"damage_taken":[{"damage":7.0,"enemies":"2 Louse","floor":1.0,"turns":3.0},{"damage":7.0,"enemies":"Small Slimes","floor":2.0,"turns":4.0},{"damage":46.0,"enemies":"Lagavulin","floor":6.0,"turns":7.0},{"damage":2.0,"enemies":"Jaw Worm","floor":8.0,"turns":3.0},{"damage":25.0,"enemies":"Gremlin Nob","floor":10.0,"turns":4.0},{"damage":7.0,"enemies":"Looter","floor":14.0,"turns":3.0},{"damage":23,"enemies":"Hexaghost","floor":16,"turns":9}],"seed_played":"-7586713851924810481","potions_obtained":[{"floor":1.0,"key":"Swift Potion"},{"floor":6.0,"key":"LiquidBronze"},{"floor":14.0,"key":"AttackPotion"}],"is_trial":false,"path_per_floor":["M","M","$","?","?","E","R","M","T","E","R","?","?","M","R","B"],"character_chosen":"IRONCLAD","items_purchased":[],"campfire_rested":0,"item_purchase_floors":[],"current_hp_per_floor":[87,86,86,91,68,38,38,42,42,23,23,23,23,22,22,0,0],"gold":177,"neow_bonus":"TEN_PERCENT_HP_BONUS","is_daily":false,"chose_seed":false,"campfire_upgraded":2,"win_rate":0.0,"timestamp":1614130303,"path_taken":["M","M","$","?","?","E","R","M","T","E","R","?","?","M","R","BOSS"],"items_purchased_type":[],"build_version":"2020-12-22","purchased_purges":1,"victory":false,"max_hp_per_floor":[88,88,88,93,93,103,103,103,103,103,103,103,103,103,103,103,103],"card_choices":[{"not_picked":["Clash","Uppercut"],"picked":"Blood for Blood","floor":1.0},{"not_picked":["Headbutt","hubris:ReadiedAction","Perfected Strike"],"picked":"SKIP","floor":2.0},{"not_picked":["Evolve","Flex"],"picked":"Pommel Strike","floor":6.0},{"not_picked":["Heavy Blade","Perfected Strike","Twin Strike"],"picked":"SKIP","floor":8.0},{"not_picked":["Feel No Pain","Inflame","Body Slam"],"picked":"SKIP","floor":10.0},{"not_picked":["Feel No Pain","Inflame","Body Slam"],"picked":"SKIP","floor":10.0},{"not_picked":["Magnetism","Discovery"],"picked":"Secret Technique","floor":12.0},{"not_picked":["Dark Embrace","Clash"],"picked":"Warcry","floor":14.0}],"player_experience":386711,"relics_obtained":[{"floor":6.0,"key":"Pear"},{"floor":10.0,"key":"Boot"}],"event_choices":[{"damage_healed":0.0,"max_hp_gain":5.0,"max_hp_loss":0.0,"gold_gain":0.0,"event_name":"Big Fish","player_choice":"Donut","floor":4.0,"gold_loss":0.0,"damage_taken":0.0},{"damage_healed":0.0,"max_hp_gain":0.0,"max_hp_loss":0.0,"gold_gain":0.0,"event_name":"Golden Idol","player_choice":"Take Damage","floor":5.0,"gold_loss":0.0,"damage_taken":23.0,"relics_obtained":["Golden Idol"]},{"damage_healed":0.0,"max_hp_gain":0.0,"max_hp_loss":0.0,"gold_gain":1.0,"event_name":"betterStone:BetterStone","player_choice":"1","floor":12.0,"gold_loss":0.0,"damage_taken":0.0},{"damage_healed":23.0,"max_hp_gain":0.0,"max_hp_loss":103.0,"gold_gain":0.0,"event_name":"betterThird:BetterShining","player_choice":"Leave","floor":13.0,"gold_loss":0.0,"damage_taken":0.0}],"is_beta":false,"boss_relics":[],"items_purged_floors":[3],"is_endless":false,"potions_floor_spawned":[1,6,14],"killed_by":"Hexaghost","ascension_level":5}}