{"host":"m0bekkrd201b63ug","time":1614204341,"event":{"mods":["AchievementEnabler","BaseMod","Colored Powertips","Highlight Path","Minty Spire (QoL Compilation)","Rare Cards Sparkle","StSLib","SuperFastMode","The Bug Knight","everything is the same but u backflip on backflip","slay the spire mod where everything is the same but ironclad has a cowboy hat"],"gold_per_floor":[118,218,231,250,266,294,294],"floor_reached":6,"language":"ENG","playtime":427,"items_purged":[],"score":48,"play_id":"a94d9ec3-c162-4e82-9a64-046d18c3b4a4","local_time":"20210224190541","is_ascension_mode":false,"campfire_choices":[],"circlet_count":0,"master_deck":["HollowMod:NailStrikeStart","HollowMod:NailStrikeStart","HollowMod:NailStrikeStart","HollowMod:NailStrikeStart","HollowMod:QuickDashStart","HollowMod:QuickDashStart","HollowMod:QuickDashStart","HollowMod:QuickDashStart","HollowMod:FocusHealStart","HollowMod:PogoStrike","HollowMod:VengefulVoid","HollowMod:DescendingDark","HollowMod:CornifersMapStart","HollowMod:FallenFury"],"relics":["HollowMod:VesselMask","Matryoshka"],"acts_visited":["Exordium"],"potions_floor_usage":[],"damage_taken":[{"damage":0,"enemies":"2 Louse","floor":1,"turns":2},{"damage":0,"enemies":"Cultist","floor":3,"turns":4},{"damage":5,"enemies":"Jaw Worm","floor":4,"turns":5},{"damage":5,"enemies":"2 Fungi Beasts","floor":5,"turns":4},{"damage":34,"enemies":"Gremlin Nob","floor":6,"turns":4}],"seed_played":"-6896834139693031603","potions_obtained":[{"floor":4,"key":"LiquidMemories"},{"floor":6,"key":"Weak Potion"}],"is_trial":false,"path_per_floor":["M","?","M","M","M","E"],"character_chosen":"THE_BUGKNIGHT","items_purchased":[],"campfire_rested":0,"item_purchase_floors":[],"current_hp_per_floor":[82,82,82,77,72,38,38],"gold":294,"neow_bonus":"TEN_PERCENT_HP_BONUS","is_daily":false,"chose_seed":false,"campfire_upgraded":0,"win_rate":0.0,"timestamp":1614204341,"path_taken":["M","?","M","M","M","E"],"items_purchased_type":[],"build_version":"2020-12-22","purchased_purges":0,"victory":false,"max_hp_per_floor":[82,82,82,82,82,82,82],"card_choices":[{"not_picked":["HollowMod:MantisMark","HollowMod:DashSlash"],"picked":"HollowMod:VengefulVoid","floor":1},{"not_picked":["HollowMod:SiblingsSouls","HollowMod:NewLittleFool"],"picked":"HollowMod:DescendingDark","floor":3},{"not_picked":["HollowMod:LifebloodCocoon","HollowMod:PureNailStrike"],"picked":"HollowMod:CornifersMapStart","floor":4},{"not_picked":["HollowMod:HeavyBlow","HollowMod:LifebloodCocoon"],"picked":"HollowMod:FallenFury","floor":5}],"player_experience":300573,"relics_obtained":[{"floor":6,"key":"Matryoshka"}],"event_choices":[{"damage_healed":0,"gold_gain":100,"player_choice":"Pray","damage_taken":0,"max_hp_gain":0,"max_hp_loss":0,"event_name":"Golden Shrine","floor":2,"gold_loss":0}],"is_beta":false,"boss_relics":[],"items_purged_floors":[],"is_endless":false,"potions_floor_spawned":[4,6],"killed_by":"Gremlin Nob","ascension_level":0}}