{"host":"auii0tli5ebhxikt","time":1614137612,"event":{"mods":["ATMod(°¢èªMod)","BaseMod","Downfall","Energized Spire","Library of Ruina","Minty Spire (QoL Compilation)","Quick Restart","Relic Filter Mod","Relic Stats","Reliquary","Replay The Spire","Spicy Shops","StSLib","The Marked","[IsaacMod]ÒÔÈö¼âËþ","¡¾ÒÅÎï¿¨ÅÆ¡¿REMEMod"],"gold_per_floor":[113,128,128,46,88,88,88,88,124,124,149,149,217,81,81,88,88,186,186],"floor_reached":18,"language":"ZHS","playtime":738,"items_purged":["Looming Evil"],"score":100,"play_id":"5765250f-b77b-48ce-9202-7a81170f3e41","local_time":"20210224113332","is_ascension_mode":false,"campfire_choices":[{"data":"ReplayTheSpireMod:Muscle Training","floor":8,"key":"SMITH"},{"data":"Bash","floor":10,"key":"SMITH"},{"data":"Juggernaut","floor":17,"key":"SMITH"}],"circlet_count":0,"master_deck":["Strike_R","Strike_R","Strike_R","Strike_R","Strike_R+1","Defend_R","Defend_R","Defend_R","Defend_R","Bash+1","ReplayTheSpireMod:Muscle Training+1","REME_Scribble","Strike_R+1","Juggernaut+1"],"relics":["Burning Blood","AT_ATBox","HushsDoor","REME_ComplimentaryCards","SteamSale","PageOfTodaysShyLook","AT_MibuBalloonWealth","ReplayTheSpireMod:CursedCoin","Toy Ornithopter","AT_Kusabimaru","ReplayTheSpireMod:TigerMarble","Lee\u0027s Waffle","Replay:Wax Seal","SalivaCoin"],"acts_visited":["Exordium"],"potions_floor_usage":[],"damage_taken":[{"damage":3,"enemies":"Cultist","floor":1,"turns":6},{"damage":0,"enemies":"Small Slimes","floor":2,"turns":4},{"damage":8,"enemies":"Jaw Worm","floor":5,"turns":3},{"damage":10,"enemies":"Red Slaver","floor":9,"turns":5},{"damage":32,"enemies":"Exordium Thugs","floor":13,"turns":6},{"damage":78,"enemies":"The Guardian","floor":18,"turns":8}],"seed_played":"-1958490343185478776","potions_obtained":[{"floor":2,"key":"Death Potion"}],"is_trial":false,"path_per_floor":["M","M","?","$","M","PTL","PTL","R","M","R","T","?","M","$","?","?","R","B"],"character_chosen":"IRONCLAD","items_purchased":["ReplayTheSpireMod:CursedCoin","Toy Ornithopter","AT_Kusabimaru","Lee\u0027s Waffle","Replay:Wax Seal","SalivaCoin"],"campfire_rested":0,"item_purchase_floors":[4,4,4,14,14,14],"current_hp_per_floor":[80,80,65,65,63,63,63,63,59,59,59,59,35,89,89,74,74,0,0],"gold":186,"neow_bonus":"RANDOM_COMMON_RELIC","is_daily":false,"chose_seed":false,"campfire_upgraded":3,"win_rate":0.0,"timestamp":1614137612,"path_taken":["M","M","?","$","M","PTL","PTL","R","?","R","T","?","M","$","?","?","R","BOSS"],"items_purchased_type":["Relic","Relic","Relic","Relic","Relic","Relic"],"build_version":"2020-12-22","purchased_purges":1,"victory":false,"max_hp_per_floor":[80,80,80,80,80,80,80,80,80,80,80,80,82,89,89,89,89,91,91],"relic_stats":{"Lee\u0027s Waffle":54,"counters":[6,32],"obtain_stats":[{"KeepersGift":0,"Lee\u0027s Waffle":14,"AT_ATBox":0,"ReplayTheSpireMod:CursedCoin":4,"AT_MibuBalloonWealth":3,"SteamSale":0,"Burning Blood":0,"AT_Kusabimaru":4,"ReplayTheSpireMod:TigerMarble":11,"SalivaCoin":14,"Replay:Wax Seal":14,"HushsDoor":0,"PageOfTodaysShyLook":0,"Toy Ornithopter":4,"REME_ComplimentaryCards":0},{"KeepersGift":0,"Lee\u0027s Waffle":5,"AT_ATBox":0,"ReplayTheSpireMod:CursedCoin":2,"AT_MibuBalloonWealth":2,"SteamSale":0,"Burning Blood":0,"AT_Kusabimaru":2,"ReplayTheSpireMod:TigerMarble":4,"SalivaCoin":5,"Replay:Wax Seal":5,"HushsDoor":0,"PageOfTodaysShyLook":0,"Toy Ornithopter":2,"REME_ComplimentaryCards":0},{"KeepersGift":0,"Lee\u0027s Waffle":24,"AT_ATBox":0,"ReplayTheSpireMod:CursedCoin":10,"AT_MibuBalloonWealth":10,"SteamSale":0,"Burning Blood":0,"AT_Kusabimaru":10,"ReplayTheSpireMod:TigerMarble":18,"SalivaCoin":24,"Replay:Wax Seal":24,"HushsDoor":0,"PageOfTodaysShyLook":0,"Toy Ornithopter":10,"REME_ComplimentaryCards":0}],"Burning Blood":21,"Toy Ornithopter":0},"card_choices":[{"not_picked":["Pommel Strike","Twin Strike","Disarm"],"picked":"SKIP","floor":1},{"not_picked":["Twin Strike","AT_CaressingTears"],"picked":"ReplayTheSpireMod:Muscle Training","floor":2},{"not_picked":["Cleave","Perfected Strike","ReplayReversal"],"picked":"SKIP","floor":5},{"not_picked":["Thunderclap","ReplayTheSpireMod:Limb From Limb"],"picked":"REME_Scribble","floor":9},{"not_picked":["Headbutt","Rampage"],"picked":"Juggernaut","floor":13}],"player_experience":137964,"relics_obtained":[{"floor":11,"key":"ReplayTheSpireMod:TigerMarble"}],"event_choices":[],"is_beta":false,"boss_relics":[],"items_purged_floors":[4],"is_endless":false,"potions_floor_spawned":[2],"killed_by":"The Guardian","ascension_level":0}}