{"host":"i9wanet4r0ff4t9y","time":1614169528,"event":{"mods":["2.2 Compatiblity","Act Like it!","BaseMod","Bestiary","Better Altar","Better Match","Better Note","Better Sensory Stone","Better Skull","Better Third Choice","Better Vampires","BetterRewards","CapriCore","Colored Map","Conspire","Curses Come First","Downfall","Energized Spire","Hubris","Minty Spire (QoL Compilation)","Quick Restart","READ ME - Guardian Mod","READ ME - Snecko Mod","Relic Stats","Reliquary","Ruina","Say the Spire","Spicy Shops","StSLib","The Gatherer","Transform Curses","Waifu the Spire"],"gold_per_floor":[116,116,116,140,8,8,43,43,43,0,20,20,46,62,62,192,192,213,238,238,22,22,22,22,22,22,22,22,45,61,97,97,220,220,241,241,266,327,14,14,27,27,53,78,96,96,96],"floor_reached":46,"language":"POL","playtime":1367,"items_purged":[],"score":611,"play_id":"4258dc44-e0f1-486b-9809-682b72e3187e","local_time":"20210224132528","is_ascension_mode":false,"campfire_choices":[{"floor":6,"key":"REST"},{"data":"Bullet Time","floor":8,"key":"SMITH"},{"data":"Enlightenment","floor":12,"key":"SMITH"},{"data":"Catalyst","floor":15,"key":"SMITH"},{"data":"Noxious Fumes","floor":23,"key":"SMITH"},{"data":"conspire:DoublingDagger","floor":28,"key":"SMITH"},{"floor":32,"key":"REST"},{"floor":40,"key":"REST"},{"floor":42,"key":"REST"}],"circlet_count":0,"master_deck":["Strike_G","Strike_G","Strike_G","Strike_G","Strike_G","Defend_G+1","Defend_G","Defend_G+1","Defend_G","Defend_G","Survivor","Neutralize","hubris:EnhanceAbility+1","Flying Knee","Infinite Blades","Bullet Time+1","Dagger Spray","Catalyst+1","Injury","Blade Dance","Backstab","Flying Knee","Backstab","Enlightenment+1","Bouncing Flask","Skewer+1","After Image","Backflip+1","Cloak And Dagger","Underhanded Strike+1","Backflip+1","Poisoned Stab+1","Dagger Spray+1","Decay","Noxious Fumes+1","conspire:DoublingDagger+1","PiercingWail+1","Quick Slash+1","Poisoned Stab+1","Flying Knee+1","Slice+1","Distraction","Heel Hook+1","hubris:TrickCloak+1","Deflect+1","Backflip","Accuracy","After Image","A Thousand Cuts","Wraith Form v2","Catalyst+1","Finisher+1","Terror","Leg Sweep+1","Dagger Spray+1","Well Laid Plans","hubris:SlightOfHand+1","Flechettes+1","Outmaneuver+1","Noxious Fumes","conspire:Banana","Cloak And Dagger+1","Blade Dance","Flying Knee+1","Quick Slash+1","Dagger Spray+1","Poisoned Stab+1","Accuracy","Setup+1","Skewer+1","Leg Sweep+1","hubris:Counter+1","Accuracy+1","Blade Dance","Flying Knee+1","Acrobatics+1"],"relics":["Ring of the Snake","reliquary:IridiumChain","War Paint","Golden Idol","Ancient Tea Set","Molten Egg 2","Nunchaku","energizedSpire:StickyHand","TwistedFunnel","hubris:Towel","Gremlin Horn","Dream Catcher","energizedSpire:RedRose","The Specimen","reliquary:TuningFork"],"acts_visited":["Exordium","TheCity","TheBeyond"],"potions_floor_usage":[16,30,33,33,38,45],"damage_taken":[{"damage":0,"enemies":"Small Slimes","floor":1,"turns":3},{"damage":0,"enemies":"Jaw Worm","floor":4,"turns":4},{"damage":0,"enemies":"Lagavulin","floor":7,"turns":8},{"damage":0,"enemies":"2 Louse","floor":11,"turns":1},{"damage":2,"enemies":"Looter","floor":14,"turns":2},{"damage":16,"enemies":"Slime Boss","floor":16,"turns":5},{"damage":1,"enemies":"3 Byrds","floor":18,"turns":5},{"damage":2,"enemies":"Chosen","floor":19,"turns":3},{"damage":0,"enemies":"Sentry and Sphere","floor":29,"turns":2},{"damage":7,"enemies":"Shelled Parasite and Fungi","floor":30,"turns":2},{"damage":16,"enemies":"Gremlin Leader","floor":31,"turns":6},{"damage":16,"enemies":"Champ","floor":33,"turns":6},{"damage":14,"enemies":"Orb Walker","floor":35,"turns":2},{"damage":0,"enemies":"3 Darklings","floor":37,"turns":5},{"damage":50,"enemies":"2 Orb Walkers","floor":38,"turns":5},{"damage":4,"enemies":"Spire Growth","floor":41,"turns":5},{"damage":29,"enemies":"Maw","floor":44,"turns":4},{"damage":12,"enemies":"3 Darklings","floor":45,"turns":4},{"damage":29,"enemies":"Sphere and 2 Shapes","floor":46,"turns":3}],"seed_played":"-2721603433142388622","potions_obtained":[{"floor":1,"key":"SteroidPotion"},{"floor":11,"key":"champ:CounterPotion"},{"floor":14,"key":"Explosive Potion"},{"floor":19,"key":"champ:CounterPotion"},{"floor":33,"key":"sneckomod:MuddlingPotion"},{"floor":35,"key":"LiquidBronze"},{"floor":44,"key":"Regen Potion"},{"floor":45,"key":"champ:CounterPotion"}],"is_trial":false,"path_per_floor":["M","?","?","M","$","R","E","R","T","?","M","R","T","M","R","B",null,"M","M","?","$","?","R","?","$","T","?","R","M","M","E","R","B",null,"M","?","M","?","$","R","M","R","T","M","M","M"],"character_chosen":"THE_SILENT","items_purchased":["reliquary:IridiumChain","hubris:EnhanceAbility","Flying Knee","Infinite Blades","War Paint","Bullet Time","Dagger Spray","Backstab","Flying Knee","Noxious Fumes","TwistedFunnel","Noxious Fumes","conspire:Banana","reliquary:TuningFork"],"campfire_rested":4,"item_purchase_floors":[0,0,0,0,0,0,0,5,5,21,21,39,39,39],"current_hp_per_floor":[38,38,38,38,38,59,59,59,59,65,65,65,65,63,63,47,76,75,73,73,73,73,73,73,73,73,73,73,73,66,50,72,56,76,62,62,62,12,12,34,31,54,54,25,26,0,0],"gold":96,"neow_bonus":"","is_daily":false,"chose_seed":false,"campfire_upgraded":5,"win_rate":0.0,"timestamp":1614169528,"path_taken":["M","?","?","M","?","R","E","R","T","?","M","R","?","?","R","BOSS","M","M","?","$","?","R","?","?","T","?","R","?","M","E","R","BOSS","M","?","M","?","$","R","M","R","T","M","?","M"],"items_purchased_type":["Relic","Card","Card","Card","Relic","Card","Card","Card","Card","Card","Relic","Card","Card","Relic"],"build_version":"2020-12-22","purchased_purges":0,"victory":false,"max_hp_per_floor":[70,70,70,70,70,70,70,70,70,76,76,76,76,76,76,76,76,76,76,76,76,76,76,76,76,76,76,76,76,76,76,76,76,76,76,76,76,76,76,76,77,77,77,77,78,78,78],"relic_stats":{"Nunchaku":[19],"Dream Catcher":3,"Gremlin Horn":[15,16],"counters":[222,1014],"Golden Idol":127,"War Paint":["Defend_G","Defend_G"],"obtain_stats":[{"TwistedFunnel":11,"Spirit Poop":29,"Whetstone":0,"Bottled Tornado":19,"Boot":0,"Sling":11,"reliquary:FerryPass":0,"Blood Vial":0,"hubris:HerbalPaste":19,"Sundial":7,"MealTicket":0,"HandDrill":0,"Kunai":12,"hubris:TinFlute":10,"Pear":23,"Blue Candle":54,"Eternal Feather":26,"Tingsha":1,"Pen Nib":26,"Paper Crane":40,"energizedSpire:StickyHand":17,"Akabeko":41,"hubris:BottledHeart":22,"Bird Faced Urn":25,"hubris:TenFootPole":11,"StrikeDummy":23,"Unceasing Top":28,"energizedSpire:PogoStick":17,"Regal Pillow":9,"Lantern":0,"hubris:Metronome":11,"reliquary:SilkGlove":5,"Singing Bowl":0,"Torii":43,"StoneCalendar":0,"Bag of Preparation":27,"hubris:EmptyBottle":0,"Ancient Tea Set":11,"Cursed Key":34,"Smiling Mask":9,"Matryoshka":6,"Shovel":19,"Ninja Scroll":11,"Toolbox":41,"Chemical X":11,"InkBottle":6,"Ring of the Snake":0,"Potion Belt":0,"Lee\u0027s Waffle":0,"The Specimen":0,"Golden Idol":2,"betterThird:NestCultRelic":28,"PreservedInsect":0,"The Courier":6,"Frozen Egg 2":41,"hubris:Towel":24,"MawBank":27,"reliquary:KinkedSpring":17,"sneckomod:BabySnecko":22,"Ornamental Fan":20,"betterThird:SlimedRelic":5,"Orrery":0,"Bottled Lightning":7,"hexamod:BolsterEngine":42,"hubris:CrackedHourglass":17,"conspire:DeflatedDodgeball":0,"Toy Ornithopter":12,"Gremlin Horn":2,"CeramicFish":9,"Vajra":21,"HoveringKite":34,"hubris:VirtuousBlindfold":17,"Lizard Tail":17,"HornCleat":11,"Strawberry":0,"Philosopher\u0027s Stone":17,"Prayer Wheel":9,"reliquary:Vitrine":25,"Girya":0,"Happy Flower":10,"hubris:DuctTape":11,"Oddly Smooth Stone":53,"War Paint":0,"Question Card":9,"hubris:Zylophone":9,"Shuriken":9,"Bronze Scales":9,"hubris:PeanutButter":11,"Molten Egg 2":9,"Nloth\u0027s Gift":20,"Black Star":17,"hubris:ToyBattleship":21,"bronze:MakeshiftBattery":17,"Meat on the Bone":21,"Darkstone Periapt":0,"SacredBark":17,"reliquary:Firecrackers":7,"Enchiridion":25,"Mango":30,"Snake Skull":9,"reliquary:KillPill":0,"Juzu Bracelet":47,"Incense Burner":41,"hubris:SlimyHat":6,"Dream Catcher":17,"Nunchaku":26,"Tough Bandages":38,"hubris:Icosahedron":14,"TheAbacus":0,"Mummified Hand":13,"Tiny Chest":11,"reliquary:RadioactivePellet":7,"energizedSpire:RedRose":34,"hubris:DisguiseKit":19,"hexamod:Sixitude":9,"Orichalcum":0,"Medical Kit":0,"White Beast Statue":26,"reliquary:IridiumChain":0,"Calling Bell":17,"Cauldron":21,"Strange Spoon":31,"Anchor":24,"CaptainsWheel":27,"hubris:BundleOfHerbs":26,"Bag of Marbles":0,"reliquary:TuningFork":39,"Membership Card":0},{"TwistedFunnel":126,"Spirit Poop":39,"Whetstone":99,"Bottled Tornado":143,"Boot":26,"Sling":30,"reliquary:FerryPass":163,"Blood Vial":88,"hubris:HerbalPaste":143,"Sundial":138,"MealTicket":119,"HandDrill":26,"Kunai":30,"hubris:TinFlute":126,"Pear":75,"Blue Candle":49,"Eternal Feather":16,"Tingsha":164,"Pen Nib":159,"Paper Crane":45,"energizedSpire:StickyHand":209,"Akabeko":45,"hubris:BottledHeart":129,"Bird Faced Urn":62,"hubris:TenFootPole":126,"StrikeDummy":61,"Unceasing Top":77,"energizedSpire:PogoStick":193,"Regal Pillow":10,"Lantern":26,"hubris:Metronome":140,"reliquary:SilkGlove":173,"Singing Bowl":50,"Torii":85,"StoneCalendar":149,"Bag of Preparation":38,"hubris:EmptyBottle":134,"Ancient Tea Set":24,"Cursed Key":80,"Smiling Mask":174,"Matryoshka":6,"Shovel":97,"Ninja Scroll":54,"Toolbox":45,"Chemical X":94,"InkBottle":92,"Ring of the Snake":0,"Potion Belt":64,"Lee\u0027s Waffle":171,"The Specimen":26,"Golden Idol":27,"betterThird:NestCultRelic":16,"PreservedInsect":19,"The Courier":53,"Frozen Egg 2":45,"hubris:Towel":211,"MawBank":116,"reliquary:KinkedSpring":179,"sneckomod:BabySnecko":16,"Ornamental Fan":97,"betterThird:SlimedRelic":109,"Orrery":64,"Bottled Lightning":10,"hexamod:BolsterEngine":85,"hubris:CrackedHourglass":157,"conspire:DeflatedDodgeball":187,"Toy Ornithopter":25,"Gremlin Horn":188,"CeramicFish":24,"Vajra":35,"HoveringKite":41,"hubris:VirtuousBlindfold":127,"Lizard Tail":71,"HornCleat":69,"Strawberry":50,"Philosopher\u0027s Stone":14,"Prayer Wheel":104,"reliquary:Vitrine":196,"Girya":50,"Happy Flower":11,"hubris:DuctTape":112,"Oddly Smooth Stone":48,"War Paint":88,"Question Card":6,"hubris:Zylophone":167,"Shuriken":30,"Bronze Scales":6,"hubris:PeanutButter":175,"Molten Egg 2":206,"Nloth\u0027s Gift":59,"Black Star":96,"hubris:ToyBattleship":181,"bronze:MakeshiftBattery":57,"Meat on the Bone":97,"Darkstone Periapt":26,"SacredBark":142,"reliquary:Firecrackers":174,"Enchiridion":75,"Mango":63,"Snake Skull":111,"reliquary:KillPill":171,"Juzu Bracelet":47,"Incense Burner":85,"hubris:SlimyHat":167,"Dream Catcher":71,"Nunchaku":75,"Tough Bandages":83,"hubris:Icosahedron":126,"TheAbacus":149,"Mummified Hand":112,"Tiny Chest":30,"reliquary:RadioactivePellet":190,"energizedSpire:RedRose":215,"hubris:DisguiseKit":128,"hexamod:Sixitude":155,"Orichalcum":7,"Medical Kit":171,"White Beast Statue":37,"reliquary:IridiumChain":203,"Calling Bell":71,"Cauldron":16,"Strange Spoon":79,"Anchor":36,"CaptainsWheel":160,"hubris:BundleOfHerbs":116,"Bag of Marbles":50,"reliquary:TuningFork":218,"Membership Card":88},{"TwistedFunnel":597,"Spirit Poop":174,"Whetstone":458,"Bottled Tornado":690,"Boot":121,"Sling":135,"reliquary:FerryPass":781,"Blood Vial":411,"hubris:HerbalPaste":690,"Sundial":661,"MealTicket":569,"HandDrill":121,"Kunai":135,"hubris:TinFlute":597,"Pear":344,"Blue Candle":226,"Eternal Feather":72,"Tingsha":784,"Pen Nib":761,"Paper Crane":206,"energizedSpire:StickyHand":962,"Akabeko":206,"hubris:BottledHeart":615,"Bird Faced Urn":284,"hubris:TenFootPole":597,"StrikeDummy":278,"Unceasing Top":352,"energizedSpire:PogoStick":900,"Regal Pillow":41,"Lantern":121,"hubris:Metronome":671,"reliquary:SilkGlove":826,"Singing Bowl":235,"Torii":393,"StoneCalendar":723,"Bag of Preparation":171,"hubris:EmptyBottle":641,"Ancient Tea Set":102,"Cursed Key":369,"Smiling Mask":831,"Matryoshka":24,"Shovel":450,"Ninja Scroll":245,"Toolbox":206,"Chemical X":433,"InkBottle":427,"Ring of the Snake":0,"Potion Belt":300,"Lee\u0027s Waffle":818,"The Specimen":121,"Golden Idol":124,"betterThird:NestCultRelic":72,"PreservedInsect":89,"The Courier":244,"Frozen Egg 2":206,"hubris:Towel":970,"MawBank":551,"reliquary:KinkedSpring":850,"sneckomod:BabySnecko":72,"Ornamental Fan":450,"betterThird:SlimedRelic":507,"Orrery":300,"Bottled Lightning":41,"hexamod:BolsterEngine":393,"hubris:CrackedHourglass":753,"conspire:DeflatedDodgeball":880,"Toy Ornithopter":105,"Gremlin Horn":883,"CeramicFish":102,"Vajra":160,"HoveringKite":184,"hubris:VirtuousBlindfold":605,"Lizard Tail":324,"HornCleat":317,"Strawberry":235,"Philosopher\u0027s Stone":64,"Prayer Wheel":486,"reliquary:Vitrine":911,"Girya":235,"Happy Flower":49,"hubris:DuctTape":523,"Oddly Smooth Stone":221,"War Paint":411,"Question Card":24,"hubris:Zylophone":794,"Shuriken":135,"Bronze Scales":24,"hubris:PeanutButter":835,"Molten Egg 2":954,"Nloth\u0027s Gift":266,"Black Star":446,"hubris:ToyBattleship":855,"bronze:MakeshiftBattery":259,"Meat on the Bone":450,"Darkstone Periapt":121,"SacredBark":683,"reliquary:Firecrackers":831,"Enchiridion":344,"Mango":288,"Snake Skull":516,"reliquary:KillPill":818,"Juzu Bracelet":215,"Incense Burner":393,"hubris:SlimyHat":794,"Dream Catcher":324,"Nunchaku":344,"Tough Bandages":383,"hubris:Icosahedron":597,"TheAbacus":723,"Mummified Hand":523,"Tiny Chest":135,"reliquary:RadioactivePellet":888,"energizedSpire:RedRose":986,"hubris:DisguiseKit":609,"hexamod:Sixitude":746,"Orichalcum":28,"Medical Kit":818,"White Beast Statue":166,"reliquary:IridiumChain":939,"Calling Bell":324,"Cauldron":72,"Strange Spoon":359,"Anchor":164,"CaptainsWheel":765,"hubris:BundleOfHerbs":551,"Bag of Marbles":235,"reliquary:TuningFork":998,"Membership Card":411}],"Ring of the Snake":[429]},"card_choices":[{"not_picked":["Outmaneuver","Dagger Spray"],"picked":"Catalyst","floor":1},{"not_picked":["Quick Slash","Deadly Poison"],"picked":"Blade Dance","floor":4},{"not_picked":["Outmaneuver","Prepared"],"picked":"Backstab","floor":7},{"not_picked":["Slice+1","Skewer+1"],"picked":"Bouncing Flask","floor":11},{"not_picked":["Dagger Throw+1","PiercingWail"],"picked":"Skewer+1","floor":14},{"not_picked":["Doppelganger","Tools of the Trade"],"picked":"After Image","floor":16},{"not_picked":["Backflip+1","Underhanded Strike+1"],"picked":"Cloak And Dagger","floor":18},{"not_picked":["Backflip+1","Dagger Spray+1"],"picked":"Poisoned Stab+1","floor":19},{"not_picked":["PiercingWail+1","Quick Slash+1"],"picked":"Poisoned Stab+1","floor":29},{"not_picked":["Flying Knee+1","Slice+1"],"picked":"Distraction","floor":30},{"not_picked":["hubris:TrickCloak+1","Prepared+1"],"picked":"Heel Hook+1","floor":31},{"not_picked":["Deflect+1","Backflip"],"picked":"Accuracy","floor":32},{"not_picked":["A Thousand Cuts","Wraith Form v2"],"picked":"After Image","floor":33},{"not_picked":["Finisher+1","Terror"],"picked":"Catalyst+1","floor":35},{"not_picked":["Dagger Spray+1","Well Laid Plans"],"picked":"Leg Sweep+1","floor":37},{"not_picked":["hubris:SlightOfHand+1","Outmaneuver+1"],"picked":"Flechettes+1","floor":38},{"not_picked":["Blade Dance","Flying Knee+1"],"picked":"Cloak And Dagger+1","floor":40},{"not_picked":["Quick Slash+1","Poisoned Stab+1"],"picked":"Dagger Spray+1","floor":41},{"not_picked":["Accuracy","Skewer+1"],"picked":"Setup+1","floor":42},{"not_picked":["Leg Sweep+1","Accuracy+1"],"picked":"hubris:Counter+1","floor":44},{"not_picked":["Blade Dance","Acrobatics+1"],"picked":"Flying Knee+1","floor":45}],"player_experience":485147,"relics_obtained":[{"floor":7,"key":"Ancient Tea Set"},{"floor":9,"key":"Molten Egg 2"},{"floor":13,"key":"Nunchaku"},{"floor":26,"key":"Gremlin Horn"},{"floor":31,"key":"Dream Catcher"},{"floor":38,"key":"The Specimen"}],"event_choices":[{"damage_healed":0,"gold_gain":0,"player_choice":"Take Wound","damage_taken":0,"relics_obtained":["Golden Idol"],"max_hp_gain":0,"max_hp_loss":0,"event_name":"Golden Idol","floor":2,"gold_loss":0,"cards_obtained":["Injury"]},{"damage_healed":0,"gold_gain":0,"player_choice":"Grow","damage_taken":0,"max_hp_gain":0,"max_hp_loss":0,"event_name":"Living Wall","floor":3,"gold_loss":0,"cards_upgraded":["hubris:EnhanceAbility"]},{"damage_healed":0,"gold_gain":0,"player_choice":"RENOUNCE","damage_taken":43,"max_hp_gain":0,"max_hp_loss":0,"event_name":"betterThird:BetterSerpent","floor":10,"gold_loss":43,"cards_obtained":["Enlightenment"]},{"damage_healed":0,"gold_gain":0,"player_choice":"Cursed","damage_taken":0,"max_hp_gain":0,"max_hp_loss":0,"event_name":"Wheel of Change","floor":20,"gold_loss":0,"cards_obtained":["Decay"]},{"cards_removed":["Noxious Fumes"],"damage_healed":0,"gold_gain":0,"player_choice":"Give","damage_taken":0,"max_hp_gain":0,"max_hp_loss":0,"event_name":"betterNote:BetterNote","floor":22,"gold_loss":0,"cards_obtained":["None"]},{"damage_healed":0,"gold_gain":0,"player_choice":"Read","damage_taken":0,"max_hp_gain":0,"max_hp_loss":0,"event_name":"The Library","floor":27,"gold_loss":0,"cards_obtained":["conspire:DoublingDagger"]},{"cards_removed":["Prepared"],"damage_healed":0,"gold_gain":0,"player_choice":"Removed Skill","damage_taken":0,"max_hp_gain":0,"max_hp_loss":0,"event_name":"Falling","floor":36,"gold_loss":0},{"damage_healed":0,"gold_gain":0,"player_choice":"Fight","damage_taken":0,"max_hp_gain":0,"max_hp_loss":0,"event_name":"Mysterious Sphere","floor":38,"gold_loss":0}],"is_beta":false,"boss_relics":[{"not_picked":["Velvet Choker","conspire:RoyalGoblet"],"picked":"energizedSpire:StickyHand"},{"not_picked":["hubris:GrandSneckoEye","WristBlade"],"picked":"energizedSpire:RedRose"}],"items_purged_floors":[],"is_endless":false,"potions_floor_spawned":[1,11,14,19,33,35,44,45],"killed_by":"Sphere and 2 Shapes","ascension_level":0}}