{"host":"a1eatafr7pisesky","time":1614162887,"event":{"mods":["AchievementEnabler","BaseMod","Colored Map","Keyboard Shortcuts","Minty Spire (QoL Compilation)","Say the Spire","StSLib","SuperFastMode","everything is the same but u backflip on backflip"],"gold_per_floor":[119,119,119,144,144,187,187,187,203,230,230,266,1,1,1],"floor_reached":14,"language":"KOR","playtime":154,"items_purged":[],"score":224,"play_id":"fe3ca29e-5ea2-4f80-8fc8-90a0da90cfec","local_time":"20210224193447","is_ascension_mode":true,"campfire_choices":[{"data":"Dualcast","floor":8.0,"key":"SMITH"},{"floor":11.0,"key":"REST"}],"circlet_count":0,"master_deck":["AscendersBane","Strike_B","Strike_B","Strike_B","Defend_B","Defend_B","Defend_B","Zap","Dualcast+1","Beam Cell","Gash","Genetic Algorithm","Gash"],"relics":["Cracked Core","NeowsBlessing","Golden Idol","Anchor","Oddly Smooth Stone","Torii","Mummified Hand"],"acts_visited":["Exordium"],"potions_floor_usage":[],"damage_taken":[{"damage":0.0,"enemies":"2 Louse","floor":1.0,"turns":1.0},{"damage":0.0,"enemies":"Small Slimes","floor":4.0,"turns":1.0},{"damage":0.0,"enemies":"Gremlin Nob","floor":6.0,"turns":1.0},{"damage":1.0,"enemies":"Cultist","floor":9.0,"turns":4.0},{"damage":52.0,"enemies":"3 Sentries","floor":12.0,"turns":9.0},{"damage":14,"enemies":"Gremlin Nob","floor":14,"turns":2}],"seed_played":"7386923612961113537","potions_obtained":[{"floor":4.0,"key":"PowerPotion"},{"floor":6.0,"key":"Dexterity Potion"}],"is_trial":false,"path_per_floor":["M","?","?","M","?","E","E","R","M","T","R","E","$","E"],"character_chosen":"DEFECT","items_purchased":["Mummified Hand"],"campfire_rested":1,"item_purchase_floors":[13],"current_hp_per_floor":[64,64,40,40,40,40,40,40,39,39,60,8,8,0,0],"gold":1,"neow_bonus":"THREE_ENEMY_KILL","is_daily":false,"chose_seed":false,"campfire_upgraded":1,"win_rate":0.0,"timestamp":1614162887,"path_taken":["M","?","?","M","?","E","E","R","?","T","R","E","$","E"],"items_purchased_type":["Relic"],"build_version":"2020-12-22","purchased_purges":0,"victory":false,"max_hp_per_floor":[71,71,71,71,71,71,71,71,71,71,71,71,71,71,71],"card_choices":[{"not_picked":["Compile Driver","Static Discharge"],"picked":"Beam Cell","floor":1.0},{"not_picked":["Auto Shields","Beam Cell"],"picked":"Gash","floor":4.0},{"not_picked":["Chaos","Reprogram"],"picked":"Genetic Algorithm","floor":6.0},{"not_picked":["Turbo","Compile Driver","Redo"],"picked":"SKIP","floor":9.0},{"not_picked":["Leap","Cold Snap"],"picked":"Gash","floor":12.0}],"player_experience":494267,"relics_obtained":[{"floor":6.0,"key":"Anchor"},{"floor":10.0,"key":"Oddly Smooth Stone"},{"floor":12.0,"key":"Torii"}],"event_choices":[{"cards_removed":["Strike_B"],"damage_healed":0.0,"max_hp_gain":0.0,"max_hp_loss":0.0,"gold_gain":0.0,"event_name":"Living Wall","player_choice":"Forget","floor":2.0,"gold_loss":0.0,"damage_taken":0.0},{"damage_healed":0.0,"max_hp_gain":0.0,"max_hp_loss":0.0,"gold_gain":0.0,"event_name":"Golden Idol","player_choice":"Take Damage","floor":3.0,"gold_loss":0.0,"damage_taken":24.0,"relics_obtained":["Golden Idol"]},{"cards_removed":["Defend_B"],"damage_healed":0.0,"max_hp_gain":0.0,"max_hp_loss":0.0,"gold_gain":0.0,"event_name":"Bonfire Elementals","player_choice":"Offered Basic","floor":5.0,"gold_loss":0.0,"damage_taken":0.0}],"is_beta":false,"boss_relics":[],"items_purged_floors":[],"is_endless":false,"potions_floor_spawned":[4,6,9],"killed_by":"Gremlin Nob","ascension_level":17}}