{"host":"2d69zsihwnsihkt1","time":1614138943,"event":{"mods":["AchievementEnabler","Act Like it!","BaseMod","Better Altar","Better Note","Better Skull","Bossed Relics","Colored Map","Colored Powertips","Curses Come First","Displayed Cursed Tome","Googly Eyes","Hermit","Minty Spire (QoL Compilation)","Rare Cards Sparkle","Relic Stats","Replay The Spire","Robot Space Explorer","Shapeshifter Mod","Shop Mod","StSLib","The Forsaken","The Hayseed","The Runesmith"],"gold_per_floor":[112,75,75,92,108,108,133,133,210,243,322,322,333,23,23,126,126,142,142,142,159,178,178,208,208,208,220,240,240,270,281,281,381,381,392,392,442,442,462,462,477,511,538,538,558,47,63,73,73,73],"floor_reached":51,"language":"ENG","playtime":5085,"items_purged":[],"score":1056,"play_id":"a5307783-fd2f-4322-877b-5db812642bfd","local_time":"20210223215543","is_ascension_mode":true,"campfire_choices":[{"data":"theForsaken:Smite","floor":6,"key":"SMITH"},{"data":"theForsaken:BountifulSunlight","floor":8,"key":"SMITH"},{"data":"theForsaken:DivineGuidance","floor":12,"key":"SMITH"},{"data":"theForsaken:Penitence","floor":15,"key":"SMITH"},{"data":"theForsaken:Mantra","floor":23,"key":"SMITH"},{"floor":25,"key":"REST"},{"data":"theForsaken:Prudence","floor":32,"key":"SMITH"},{"data":"theForsaken:SpreadingPlague","floor":40,"key":"SMITH"},{"data":"theForsaken:StoreUp","floor":44,"key":"SMITH"},{"data":"theForsaken:SacredOath","floor":49,"key":"SMITH"}],"circlet_count":0,"master_deck":["theForsaken:TheForsaken_Strike","theForsaken:TheForsaken_Strike","theForsaken:TheForsaken_Strike","theForsaken:TheForsaken_Defend","theForsaken:TheForsaken_Defend","theForsaken:TheForsaken_Defend","theForsaken:Smite+1","theForsaken:Penitence+1","theForsaken:BountifulSunlight+1","theForsaken:Enfeeble","theForsaken:DivineGuidance+1","theForsaken:Mantra+1","theForsaken:StoreUp+1","theForsaken:DarkBarrier+1","theForsaken:Prudence+1","theForsaken:SpreadingPlague+1","theForsaken:Terrorize+1","theForsaken:NobleSacrifice","theForsaken:BountifulSunlight","theForsaken:SacredOath+1","theForsaken:AncientWords+1","theForsaken:DarkBarrier+1"],"relics":["theForsaken:JudgementScales","NeowsBlessing","Runesmith:AutoHammer","Eternal Feather","White Beast Statue","Durian","Sozu","BranchBurnRelic","Thread and Needle","Enchiridion","Mummified Hand","Astrolabe","Replay:Kaleidoscope","Orichalcum","Regal Pillow","DollysMirror","theForsaken:Lifeblossom","Art of War"],"acts_visited":["Exordium","TheCity","TheBeyond"],"potions_floor_usage":[7,19,21],"damage_taken":[{"damage":0,"enemies":"2 Louse","floor":1,"turns":1},{"damage":0,"enemies":"Cultist","floor":4,"turns":1},{"damage":0,"enemies":"Jaw Worm","floor":5,"turns":1},{"damage":55,"enemies":"Lagavulin","floor":7,"turns":9},{"damage":40,"enemies":"3 Sentries","floor":10,"turns":12},{"damage":12,"enemies":"3 Louse","floor":13,"turns":4},{"damage":52,"enemies":"Fading Forest","floor":16,"turns":11},{"damage":7,"enemies":"Chosen","floor":18,"turns":6},{"damage":1,"enemies":"3 Byrds","floor":19,"turns":2},{"damage":10,"enemies":"Centurion and Healer","floor":21,"turns":10},{"damage":16,"enemies":"3 Cultists","floor":22,"turns":5},{"damage":74,"enemies":"Book of Stabbing","floor":24,"turns":9},{"damage":1,"enemies":"Snake Plant","floor":27,"turns":8},{"damage":1,"enemies":"Snecko","floor":28,"turns":6},{"damage":0,"enemies":"Gremlin Leader","floor":30,"turns":8},{"damage":0,"enemies":"Centurion and Healer","floor":31,"turns":11},{"damage":6,"enemies":"Automaton","floor":33,"turns":15},{"damage":6,"enemies":"3 Shapes","floor":35,"turns":6},{"damage":0,"enemies":"Mind Bloom Boss Battle","floor":37,"turns":6},{"damage":15,"enemies":"Orb Walker","floor":39,"turns":6},{"damage":30,"enemies":"Spire Growth","floor":41,"turns":7},{"damage":0,"enemies":"Giant Head","floor":42,"turns":13},{"damage":0,"enemies":"Jaw Worm Horde","floor":45,"turns":6},{"damage":0,"enemies":"4 Shapes","floor":47,"turns":7},{"damage":11,"enemies":"Writhing Mass","floor":48,"turns":7},{"damage":29,"enemies":"Donu and Deca","floor":50,"turns":7}],"seed_played":"-6709072519618490292","potions_obtained":[{"floor":4,"key":"Regen Potion"},{"floor":13,"key":"Doom Potion"},{"floor":16,"key":"SmokeBomb"}],"is_trial":false,"path_per_floor":["M","$","?","M","M","R","E","R","T","E","?","R","M","$","R","B",null,"M","M","?","M","M","R","E","R","T","M","M","?","E","M","R","B",null,"M","?","?","?","M","R","M","E","T","R","M","$","M","M","R","B",null],"character_chosen":"THE_FORSAKEN","items_purchased":["theForsaken:BountifulSunlight","Durian","theForsaken:AncientWords+1","DollysMirror","theForsaken:Lifeblossom","Art of War"],"campfire_rested":1,"item_purchase_floors":[2,14,46,46,46,46],"current_hp_per_floor":[59,59,59,59,59,59,53,53,53,65,65,65,53,58,64,42,63,70,69,69,70,65,70,14,44,44,70,70,54,70,70,70,70,70,67,67,67,67,64,70,59,70,70,70,70,70,70,70,70,70],"gold":73,"neow_bonus":"THREE_ENEMY_KILL","is_daily":false,"chose_seed":false,"campfire_upgraded":9,"win_rate":0.0,"timestamp":1614138943,"path_taken":["M","$","?","M","?","R","E","R","T","E","?","R","M","$","R","BOSS","M","M","?","M","M","R","E","R","T","M","M","?","E","M","R","BOSS","M","?","?","?","M","R","M","E","T","R","?","$","M","M","R","BOSS"],"items_purchased_type":["Card","Relic","Card","Relic","Relic","Relic"],"build_version":"2020-12-22","purchased_purges":0,"victory":true,"max_hp_per_floor":[65,65,65,65,65,65,65,65,65,65,65,65,65,70,70,70,70,70,70,70,70,70,70,70,70,70,70,70,70,70,70,70,70,70,70,70,70,70,70,70,70,70,70,70,70,70,70,70,70,70],"relic_stats":{"Sozu":17,"Regal Pillow":0,"counters":[26,184],"Mummified Hand":[67],"Astrolabe":[],"Eternal Feather":26,"Art of War":[6],"Orichalcum":[102],"obtain_stats":[{"Regal Pillow":43,"NeowsBlessing":0,"Dead Branch":24,"Astrolabe":34,"Enchiridion":29,"Eternal Feather":9,"Thread and Needle":26,"theForsaken:Lifeblossom":46,"Replay:Kaleidoscope":37,"Orichalcum":42,"White Beast Statue":10,"Sozu":17,"BranchBurnRelic":25,"Mummified Hand":30,"DollysMirror":46,"Durian":14,"Art of War":46,"Runesmith:AutoHammer":7,"theForsaken:JudgementScales":0},{"Regal Pillow":22,"NeowsBlessing":0,"Dead Branch":12,"Astrolabe":17,"Enchiridion":14,"Eternal Feather":4,"Thread and Needle":12,"theForsaken:Lifeblossom":23,"Replay:Kaleidoscope":19,"Orichalcum":22,"White Beast Statue":5,"Sozu":7,"BranchBurnRelic":12,"Mummified Hand":15,"DollysMirror":23,"Durian":6,"Art of War":23,"Runesmith:AutoHammer":4,"theForsaken:JudgementScales":0},{"Regal Pillow":157,"NeowsBlessing":0,"Dead Branch":71,"Astrolabe":119,"Enchiridion":85,"Eternal Feather":12,"Thread and Needle":71,"theForsaken:Lifeblossom":163,"Replay:Kaleidoscope":131,"Orichalcum":157,"White Beast Statue":24,"Sozu":39,"BranchBurnRelic":71,"Mummified Hand":93,"DollysMirror":163,"Durian":28,"Art of War":163,"Runesmith:AutoHammer":12,"theForsaken:JudgementScales":0}]},"card_choices":[{"not_picked":["theForsaken:Preservation","theForsaken:PanicDive","theForsaken:FuryStrikes"],"picked":"SKIP","floor":1},{"not_picked":["theForsaken:CreepingInfection","theForsaken:ScorchingSunlight"],"picked":"theForsaken:Enfeeble","floor":4},{"not_picked":["theForsaken:CorruptedWord","theForsaken:Preservation","theForsaken:WordsOfPestilence"],"picked":"SKIP","floor":5},{"not_picked":["theForsaken:SpinAttack","theForsaken:ChargeAttack","theForsaken:Devotion"],"picked":"SKIP","floor":7},{"not_picked":["theForsaken:Eulogy","theForsaken:Parry"],"picked":"theForsaken:DivineGuidance","floor":10},{"not_picked":["theForsaken:ChargeAttack","theForsaken:BlessedWeapon","theForsaken:HorrifyingStrike"],"picked":"SKIP","floor":13},{"not_picked":["theForsaken:Prudence","theForsaken:SpreadingPlague"],"picked":"theForsaken:Mantra","floor":16},{"not_picked":["theForsaken:Bolster","theForsaken:PowerUp+1"],"picked":"theForsaken:StoreUp","floor":18},{"not_picked":["theForsaken:RainingSunlight","theForsaken:InspiringBlow+1"],"picked":"theForsaken:DarkBarrier+1","floor":21},{"not_picked":["theForsaken:FatRoll","theForsaken:ScorchingSunlight+1","theForsaken:PreciseStrike+1"],"picked":"SKIP","floor":22},{"not_picked":["theForsaken:Thunderbolt","theForsaken:FuryStrikes","theForsaken:Riposte"],"picked":"SKIP","floor":24},{"not_picked":["theForsaken:QuickAttack","theForsaken:PowerUp+1"],"picked":"theForsaken:Prudence","floor":27},{"not_picked":["theForsaken:HealingLight","theForsaken:Devotion","theForsaken:Preservation+1"],"picked":"SKIP","floor":28},{"not_picked":["theForsaken:CleansingLight","theForsaken:NobleSacrifice","theForsaken:InspiringBlow"],"picked":"SKIP","floor":30},{"not_picked":["theForsaken:CorruptedWord","theForsaken:Preservation","theForsaken:CowardsBrand"],"picked":"SKIP","floor":31},{"not_picked":["theForsaken:Prudence","theForsaken:Temperance"],"picked":"theForsaken:SpreadingPlague","floor":33},{"not_picked":["theForsaken:CreepingInfection+1","theForsaken:NobleSacrifice"],"picked":"theForsaken:Terrorize+1","floor":35},{"not_picked":["theForsaken:HymnOfPatience","theForsaken:FuryStrikes+1"],"picked":"theForsaken:BountifulSunlight","floor":39},{"not_picked":["theForsaken:Backlash+1","theForsaken:RainingSunlight","theForsaken:HorrifyingStrike"],"picked":"SKIP","floor":41},{"not_picked":["theForsaken:CowardsBrand+1","theForsaken:NobleSacrifice","theForsaken:RainingSunlight+1"],"picked":"SKIP","floor":42},{"not_picked":["theForsaken:InspiringBlow+1","theForsaken:ShieldBash"],"picked":"theForsaken:SacredOath","floor":45},{"not_picked":["theForsaken:Eulogy","theForsaken:WordOfPower","theForsaken:Preservation"],"picked":"SKIP","floor":47},{"not_picked":["theForsaken:PowerUp+1","theForsaken:FuryStrikes","theForsaken:ScorchingSunlight"],"picked":"SKIP","floor":48}],"player_experience":1896954,"relics_obtained":[{"floor":7,"key":"Runesmith:AutoHammer"},{"floor":9,"key":"Eternal Feather"},{"floor":10,"key":"White Beast Statue"},{"floor":24,"key":"Dead Branch"},{"floor":26,"key":"Thread and Needle"},{"floor":30,"key":"Mummified Hand"},{"floor":37,"key":"Replay:Kaleidoscope"},{"floor":42,"key":"Orichalcum"},{"floor":43,"key":"Regal Pillow"}],"event_choices":[{"cards_removed":["theForsaken:TheForsaken_Defend"],"damage_healed":0,"gold_gain":0,"player_choice":"Offered Basic","damage_taken":0,"max_hp_gain":0,"max_hp_loss":0,"event_name":"Bonfire Elementals","floor":3,"gold_loss":0},{"damage_healed":0,"gold_gain":79,"player_choice":"Gained Gold","damage_taken":0,"max_hp_gain":0,"max_hp_loss":0,"event_name":"Golden Wing","floor":11,"gold_loss":0},{"damage_healed":0,"gold_gain":0,"player_choice":"Ignored","damage_taken":0,"max_hp_gain":0,"max_hp_loss":0,"event_name":"Vampires","floor":20,"gold_loss":0},{"damage_healed":0,"gold_gain":0,"player_choice":"Obtained Book","damage_taken":16,"max_hp_gain":0,"max_hp_loss":0,"event_name":"Cursed Tome","floor":29,"gold_loss":0},{"damage_healed":0,"gold_gain":0,"player_choice":"Ignored","damage_taken":0,"max_hp_gain":0,"max_hp_loss":0,"event_name":"Tomb of Lord Red Mask","floor":36,"gold_loss":0},{"damage_healed":0,"gold_gain":0,"player_choice":"Fight","damage_taken":0,"max_hp_gain":0,"max_hp_loss":0,"event_name":"MindBloom","floor":37,"gold_loss":0},{"damage_healed":0,"gold_gain":0,"cards_transformed":["theForsaken:TheForsaken_Strike"],"player_choice":"Transformed","damage_taken":0,"max_hp_gain":0,"max_hp_loss":0,"event_name":"Transmorgrifier","floor":38,"gold_loss":0,"cards_obtained":["theForsaken:NobleSacrifice"]}],"is_beta":false,"boss_relics":[{"not_picked":["Replay:Drink Me","Fusion Hammer"],"picked":"Sozu"},{"not_picked":["Pandora\u0027s Box","Empty Cage"],"picked":"Astrolabe"}],"items_purged_floors":[],"is_endless":false,"potions_floor_spawned":[4,13,16,18,19,21,22,24,27,28,30,31,33,35,37,39,41,42,45,47,48],"ascension_level":8}}