{"host":"lsq35p0sdkx2xifo","time":1614160911,"event":{"mods":["AchievementEnabler","BaseMod","Highlight Path","Minty Spire (QoL Compilation)","StSLib"],"gold_per_floor":[113,213,3,19,33,67,87,101,101,101,26,26,56,76,76,153,153,166,176,188,8,19,49,59,59,59,74,87,106,61,93,93,168,168,187,62,77,87,101,101,127,127,127,160,174,174,174,192,192,192,192],"floor_reached":50,"language":"ENG","playtime":2233,"items_purged":["Strike_R","Strike_R","Strike_R"],"score":1145,"play_id":"6514b0a4-5efc-40e6-8594-b1823d1dfa00","local_time":"20210224020151","is_ascension_mode":true,"campfire_choices":[{"data":"Apotheosis","floor":10,"key":"SMITH"},{"floor":12,"key":"REST"},{"floor":15,"key":"REST"},{"floor":25,"key":"REST"},{"data":"1","floor":32,"key":"LIFT"},{"data":"2","floor":40,"key":"LIFT"},{"floor":42,"key":"REST"},{"floor":49,"key":"REST"}],"circlet_count":0,"master_deck":["AscendersBane","Strike_R","Strike_R","Defend_R","Defend_R","Defend_R","Defend_R","Bash","Fire Breathing","Dropkick","Apotheosis+1","Twin Strike","Flame Barrier","Wild Strike","Pommel Strike","Perfected Strike","Anger","Anger","Reaper","Shrug It Off","Pommel Strike","Inflame","Demon Form","Inflame","Clumsy","Uppercut","Wild Strike","Metallicize","Battle Trance","Berserk","Wild Strike","Flame Barrier","Shame","Flash of Steel","Heavy Blade+1"],"relics":["Burning Blood","Bottled Lightning","Torii","CaptainsWheel","Cursed Key","Girya","Mango","Sozu","Champion Belt","Darkstone Periapt","Bottled Tornado"],"acts_visited":["Exordium","TheCity","TheBeyond"],"potions_floor_usage":[6,14,16,23,24,28,31,33],"damage_taken":[{"damage":18,"enemies":"Jaw Worm","floor":1,"turns":6},{"damage":7,"enemies":"Cultist","floor":4,"turns":4},{"damage":0,"enemies":"2 Louse","floor":5,"turns":4},{"damage":32,"enemies":"Gremlin Nob","floor":6,"turns":4},{"damage":16,"enemies":"Exordium Wildlife","floor":7,"turns":6},{"damage":1,"enemies":"2 Fungi Beasts","floor":8,"turns":4},{"damage":20,"enemies":"Lagavulin","floor":13,"turns":4},{"damage":0,"enemies":"3 Louse","floor":14,"turns":3},{"damage":26,"enemies":"The Guardian","floor":16,"turns":8},{"damage":12,"enemies":"3 Byrds","floor":18,"turns":2},{"damage":1,"enemies":"Spheric Guardian","floor":19,"turns":3},{"damage":24,"enemies":"Centurion and Healer","floor":20,"turns":4},{"damage":22,"enemies":"Shelled Parasite and Fungi","floor":22,"turns":5},{"damage":15,"enemies":"Book of Stabbing","floor":23,"turns":5},{"damage":1,"enemies":"Snake Plant","floor":24,"turns":2},{"damage":31,"enemies":"Centurion and Healer","floor":27,"turns":4},{"damage":11,"enemies":"Sentry and Sphere","floor":28,"turns":4},{"damage":0,"enemies":"3 Cultists","floor":29,"turns":5},{"damage":24,"enemies":"Gremlin Leader","floor":31,"turns":5},{"damage":36,"enemies":"Automaton","floor":33,"turns":8},{"damage":0,"enemies":"3 Shapes","floor":35,"turns":7},{"damage":29,"enemies":"3 Darklings","floor":37,"turns":5},{"damage":30,"enemies":"Jaw Worm Horde","floor":38,"turns":4},{"damage":16,"enemies":"Maw","floor":39,"turns":6},{"damage":82,"enemies":"Nemesis","floor":41,"turns":5},{"damage":40,"enemies":"Giant Head","floor":44,"turns":7},{"damage":26,"enemies":"3 Darklings","floor":45,"turns":5},{"damage":18,"enemies":"Jaw Worm Horde","floor":48,"turns":5},{"damage":77,"enemies":"Time Eater","floor":50,"turns":5}],"seed_played":"-5850824989637220001","potions_obtained":[{"floor":1,"key":"LiquidMemories"},{"floor":7,"key":"SpeedPotion"},{"floor":13,"key":"Dexterity Potion"},{"floor":22,"key":"AttackPotion"},{"floor":23,"key":"DuplicationPotion"},{"floor":24,"key":"Explosive Potion"},{"floor":28,"key":"FearPotion"},{"floor":31,"key":"Strength Potion"}],"is_trial":false,"path_per_floor":["M","?","$","M","M","E","M","M","T","R","$","R","E","M","R","B",null,"M","M","M","$","M","E","M","R","T","M","M","M","$","E","R","B",null,"M","$","M","M","M","R","E","R","T","E","M","?","?","M","R","B"],"character_chosen":"IRONCLAD","items_purchased":["Apotheosis","Inflame","Metallicize"],"campfire_rested":5,"item_purchase_floors":[3,21,30],"current_hp_per_floor":[56,56,56,55,61,35,25,30,30,30,30,52,38,44,66,46,68,62,67,49,49,41,32,37,59,59,34,29,46,46,84,84,54,80,89,89,66,66,69,69,12,38,38,46,38,73,73,61,73,0,0],"gold":192,"neow_bonus":"THREE_CARDS","is_daily":false,"chose_seed":false,"campfire_upgraded":1,"win_rate":0.0,"timestamp":1614160911,"path_taken":["M","?","?","M","M","E","M","M","T","R","$","R","E","M","R","BOSS","M","M","M","$","M","E","M","R","T","M","M","?","$","E","R","BOSS","M","$","M","M","M","R","E","R","T","E","M","?","?","M","R","BOSS"],"items_purchased_type":["Card","Card","Card"],"build_version":"2020-12-22","purchased_purges":3,"victory":false,"max_hp_per_floor":[75,75,75,75,75,75,75,75,75,75,75,75,75,75,75,75,75,75,75,75,75,75,75,75,75,75,75,75,75,75,89,89,89,89,89,89,89,89,89,89,89,89,89,89,89,73,73,73,73,73,73],"card_choices":[{"not_picked":["Armaments","Heavy Blade"],"picked":"Fire Breathing","floor":0},{"not_picked":["Pummel","Armaments"],"picked":"Dropkick","floor":1},{"not_picked":["True Grit","Iron Wave"],"picked":"Twin Strike","floor":4},{"not_picked":["Sword Boomerang","Anger"],"picked":"Flame Barrier","floor":5},{"not_picked":["Reaper","Carnage"],"picked":"Wild Strike","floor":6},{"not_picked":["Perfected Strike","Burning Pact"],"picked":"Pommel Strike","floor":7},{"not_picked":["Thunderclap","Cleave"],"picked":"Perfected Strike","floor":8},{"not_picked":["Ghostly Armor","Thunderclap"],"picked":"Anger","floor":13},{"not_picked":["Carnage","Havoc"],"picked":"Anger","floor":14},{"not_picked":["Juggernaut","Limit Break"],"picked":"Reaper","floor":16},{"not_picked":["Armaments","Burning Pact"],"picked":"Shrug It Off","floor":18},{"not_picked":["Dark Embrace","Shrug It Off","Power Through"],"picked":"SKIP","floor":19},{"not_picked":["Uppercut","Shrug It Off"],"picked":"Pommel Strike","floor":20},{"not_picked":["Clash","Havoc","Power Through"],"picked":"SKIP","floor":22},{"not_picked":["Warcry","Flex"],"picked":"Demon Form","floor":23},{"not_picked":["Havoc+1","Fire Breathing"],"picked":"Inflame","floor":24},{"not_picked":["Clash+1","Fire Breathing","Anger"],"picked":"SKIP","floor":27},{"not_picked":["Armaments+1","Rupture"],"picked":"Uppercut","floor":28},{"not_picked":["Iron Wave","Cleave+1"],"picked":"Wild Strike","floor":29},{"not_picked":["Flame Barrier","Shrug It Off"],"picked":"Battle Trance","floor":31},{"not_picked":["Exhume","Immolate"],"picked":"Berserk","floor":33},{"not_picked":["Ghostly Armor+1","Intimidate+1","Rupture"],"picked":"SKIP","floor":35},{"not_picked":["Perfected Strike","Intimidate"],"picked":"Wild Strike","floor":37},{"not_picked":["Warcry","Cleave"],"picked":"Flame Barrier","floor":38},{"not_picked":["Warcry","True Grit","Second Wind"],"picked":"SKIP","floor":39},{"not_picked":["Sentinel","Demon Form","Shrug It Off+1"],"picked":"SKIP","floor":41},{"not_picked":["Pommel Strike","Armaments","Perfected Strike"],"picked":"SKIP","floor":44},{"not_picked":["Headbutt","Rage","Perfected Strike"],"picked":"SKIP","floor":45},{"not_picked":["Bandage Up","Secret Weapon"],"picked":"Flash of Steel","floor":47},{"not_picked":["Thunderclap","Shrug It Off"],"picked":"Heavy Blade+1","floor":48}],"player_experience":1311365,"relics_obtained":[{"floor":6,"key":"Bottled Lightning"},{"floor":9,"key":"Torii"},{"floor":13,"key":"CaptainsWheel"},{"floor":23,"key":"Girya"},{"floor":31,"key":"Mango"},{"floor":41,"key":"Champion Belt"},{"floor":43,"key":"Darkstone Periapt"},{"floor":44,"key":"Bottled Tornado"}],"event_choices":[{"damage_healed":0,"gold_gain":100,"player_choice":"Gold","damage_taken":0,"max_hp_gain":0,"max_hp_loss":0,"event_name":"Wheel of Change","floor":2,"gold_loss":0},{"damage_healed":73,"gold_gain":0,"player_choice":"Heal","damage_taken":0,"max_hp_gain":0,"max_hp_loss":16,"event_name":"The Moai Head","floor":46,"gold_loss":0},{"damage_healed":0,"gold_gain":0,"player_choice":"Memory 1","damage_taken":0,"max_hp_gain":0,"max_hp_loss":0,"event_name":"SensoryStone","floor":47,"gold_loss":0}],"is_beta":false,"boss_relics":[{"not_picked":["Philosopher\u0027s Stone","Astrolabe"],"picked":"Cursed Key"},{"not_picked":["Coffee Dripper","Runic Dome"],"picked":"Sozu"}],"items_purged_floors":[11,21,36],"is_endless":false,"potions_floor_spawned":[1,7,13,22,23,24,28,31,37,41,44],"killed_by":"Time Eater","ascension_level":20}}