{"host":"i0asdmq0kdsv7cgz","time":1614185260,"event":{"mods":["BaseMod","Colored Map","Downfall","Gold Saver","Hubris","Minty Spire (QoL Compilation)","Replay The Spire","StSLib"],"gold_per_floor":[1466,1480,1500,1103,1103,333,353,373,425,459,484,503,522,550,450,464,464,464,479,379,379,395,498,498,498,508,521,532,632,581,596,623,623,217,253,274,293,302,312,351,351,386,490,590,490,505,533,561,561,561,571,571,571,571,582,582,610,610,645,669,688,688,688,730,488,488,488,488,488,488],"floor_reached":68,"language":"ENG","playtime":5370,"items_purged":["bronze:Strike","bronze:Defend","bronze:Defend"],"score":988,"play_id":"37865376-ceab-4786-b1a9-7eacb9d1320b","local_time":"20210224174740","is_ascension_mode":true,"campfire_choices":[{"data":"bronze:Goto","floor":1,"key":"SMITH"},{"floor":15,"key":"RECALL"},{"data":"bronze:RecursiveStrike","floor":20,"key":"SMITH"},{"data":"bronze:Flail","floor":25,"key":"SMITH"},{"data":"bronze:Defend","floor":45,"key":"PURGE"},{"data":"bronze:Strike","floor":53,"key":"SMITH"},{"data":"bronze:Strike","floor":56,"key":"SMITH"},{"data":"bronze:Strike","floor":58,"key":"SMITH"},{"data":"bronze:Strike","floor":66,"key":"SMITH"}],"circlet_count":0,"master_deck":["bronze:Strike+7","bronze:Strike","bronze:Defend","bronze:Replicate+1","bronze:Goto+1","bronze:Mutator+1","bronze:Constructor+1","bronze:OilSpill+1","bronze:ChildClass+1","bronze:DelayedGuard+1","bronze:Branch+1","bronze:Replicate+1","bronze:BronzeOrb+1","bronze:ClassDefault+1","bronze:ChosenStrike+1","bronze:TinkerersToolbox+1","bronze:Assembly+1","bronze:CutThrough+1","bronze:ChildClass+1","bronze:Optimize+1","bronze:Turbo+1","bronze:Verify+1","bronze:FindAndReplace+1","bronze:Fortify+1","bronze:CloningBeam+1","bronze:FunctionCard","bronze:FineTuning+1","bronze:Repair+1","Parasite","bronze:Terminator","bronze:Shell+1","bronze:Allocate+1","bronze:MaxOutput+1"],"relics":["bronze:BronzeCore","hubris:TenFootPole","Medical Kit","bronze:CableSpool","Mirror","DollysMirror","Simple Rune","Prayer Wheel","Strawberry","hexamod:CandleOfCauterizing","downfall:ShatteredFragment","Ring of Chaos","Torii","Pantograph","Snack Pack","CeramicFish","Replay:Ringing Soul","Centennial Puzzle","Singing Bowl","Oddly Smooth Stone","Replay:Wanted Poster","downfall:TeleportStone","hubris:Reverence","hubris:Icosahedron","hubris:CrystalStatue","Replay:Bottled Eggs","InkBottle"],"acts_visited":["Exordium","TheCity","TheBeyond","TheEnding"],"potions_floor_usage":[28,28,67,68,68],"damage_taken":[{"damage":1,"enemies":"Jaw Worm","floor":2,"turns":3},{"damage":0,"enemies":"Cultist","floor":3,"turns":4},{"damage":0,"enemies":"downfall:FleeingMerchant","floor":4,"turns":4},{"damage":0,"enemies":"downfall:FleeingMerchant","floor":6,"turns":4},{"damage":0,"enemies":"2 Louse","floor":7,"turns":2},{"damage":0,"enemies":"2 Fungi Beasts","floor":8,"turns":1},{"damage":0,"enemies":"Gremlin Nob","floor":10,"turns":3},{"damage":0,"enemies":"3 Sentries","floor":11,"turns":2},{"damage":0,"enemies":"Large Slime","floor":12,"turns":3},{"damage":0,"enemies":"3 Louse","floor":13,"turns":1},{"damage":6,"enemies":"Gremlin Nob","floor":14,"turns":3},{"damage":0,"enemies":"Blue Slaver","floor":16,"turns":1},{"damage":0,"enemies":"Exordium Thugs","floor":19,"turns":3},{"damage":0,"enemies":"downfall:LooterAlt","floor":22,"turns":2},{"damage":12,"enemies":"SI_SHIV_ARCHETYPE","floor":23,"turns":4},{"damage":0,"enemies":"Spheric Guardian","floor":26,"turns":1},{"damage":0,"enemies":"downfall:LooterAlt2","floor":27,"turns":3},{"damage":10,"enemies":"Snake Plant","floor":28,"turns":2},{"damage":8,"enemies":"IC_STATUS_ARCHETYPE","floor":29,"turns":3},{"damage":3,"enemies":"downfall:FleeingMerchant","floor":30,"turns":4},{"damage":1,"enemies":"Centurion and Healer","floor":31,"turns":4},{"damage":0,"enemies":"3 Cultists","floor":35,"turns":2},{"damage":0,"enemies":"Snake Plant","floor":36,"turns":1},{"damage":1,"enemies":"Snecko","floor":37,"turns":3},{"damage":0,"enemies":"Cultist and Chosen","floor":39,"turns":3},{"damage":20,"enemies":"Book of Stabbing","floor":40,"turns":4},{"damage":0,"enemies":"Chosen and Byrds","floor":42,"turns":3},{"damage":14,"enemies":"DF_ARCHETYPE_CLAW","floor":43,"turns":5},{"damage":0,"enemies":"3 Shapes","floor":46,"turns":2},{"damage":49,"enemies":"3 Darklings","floor":47,"turns":5},{"damage":6,"enemies":"4 Shapes","floor":48,"turns":1},{"damage":0,"enemies":"Maw","floor":51,"turns":5},{"damage":20,"enemies":"Sphere and 2 Shapes","floor":55,"turns":2},{"damage":7,"enemies":"Nemesis","floor":57,"turns":3},{"damage":10,"enemies":"Writhing Mass","floor":59,"turns":3},{"damage":0,"enemies":"Spire Growth","floor":60,"turns":2},{"damage":0,"enemies":"Transient","floor":61,"turns":5},{"damage":82,"enemies":"WA_ARCHETYPE_DIVINITY","floor":62,"turns":11},{"damage":11,"enemies":"downfall:CharBossMerchant","floor":64,"turns":6},{"damage":13,"enemies":"downfall:NeowBoss","floor":67,"turns":13},{"damage":156,"enemies":"downfall:NeowBossFinal","floor":68,"turns":8}],"seed_played":"5911744549923415838","potions_obtained":[{"floor":2,"key":"SkillPotion"},{"floor":7,"key":"Death Potion"},{"floor":8,"key":"Adrenaline Potion"},{"floor":28,"key":"bronze:BurnAndBuffPotion"},{"floor":29,"key":"Guardian:BlockOnCardUsePotion"},{"floor":64,"key":"DistilledChaos"}],"is_trial":false,"path_per_floor":["R","M","M","$","?","$","M","M","T","E","E","M","M","E","R","M","PTL","PTL","M","R","?","M","B",null,"R","M","M","M","?","$","M","T","T","$","M","M","M","?","M","E","?","M","B",null,"R_BF","M","M","M","?","?","M","T","R","?","M","R","E","R","M","M","M","B",null,"E","$","R","B","B"],"character_chosen":"THE_AUTOMATON","items_purchased":["hubris:TenFootPole","Medical Kit","bronze:CableSpool","Mirror","DollysMirror","Snack Pack","Replay:Ringing Soul","Centennial Puzzle","InkBottle"],"campfire_rested":0,"item_purchase_floors":[4,4,6,6,6,30,34,34,65],"current_hp_per_floor":[70,69,69,69,69,69,69,69,69,69,76,76,76,70,70,70,70,70,70,70,60,60,48,77,77,77,77,67,59,56,63,63,63,63,70,75,83,86,88,76,76,85,86,98,108,112,69,74,74,74,96,96,96,96,84,84,95,95,106,130,135,68,135,129,129,129,138,0,0,0],"gold":488,"neow_bonus":"ONE_RANDOM_RARE_CARD","is_daily":false,"chose_seed":false,"campfire_upgraded":7,"win_rate":0.0,"timestamp":1614185260,"path_taken":["R","M","M","$","?","$","M","?","T","E","E","M","?","E","R","M","PTL","PTL","M","R","?","M","BOSS","R","M","M","M","?","$","M","T","T","$","M","M","M","?","M","E","?","M","BOSS","R_BF","M","M","M","?","?","?","T","R","?","M","R","E","R","M","M","M","BOSS","E","$","R","BOSS","BOSS"],"items_purchased_type":["Relic","Relic","Relic","Relic","Relic","Relic","Relic","Relic","Relic"],"build_version":"2020-12-22","purchased_purges":3,"victory":false,"max_hp_per_floor":[70,70,70,70,70,70,70,70,70,70,77,77,77,77,77,77,77,77,77,77,77,77,77,77,77,77,77,77,77,77,77,77,77,77,80,83,86,89,89,92,92,95,98,98,108,112,115,120,110,110,114,114,114,114,118,118,120,120,125,130,135,135,135,138,138,138,138,138,138,138],"card_choices":[{"not_picked":["bronze:Refactor","bronze:CutThrough"],"picked":"bronze:Constructor","floor":2},{"not_picked":["bronze:Shell","bronze:Constructor"],"picked":"bronze:OilSpill","floor":3},{"not_picked":["bronze:Turbo","bronze:Shield"],"picked":"bronze:ChildClass","floor":4},{"not_picked":["bronze:Separator","bronze:BronzeArmor"],"picked":"bronze:Branch","floor":6},{"not_picked":["bronze:DelayedGuard","bronze:BugBarrage"],"picked":"bronze:RecursiveStrike","floor":7},{"not_picked":["bronze:Iterate","bronze:WildBeam","bronze:Branch"],"picked":"SKIP","floor":8},{"not_picked":["bronze:DigitalCarnage","bronze:ForLoop"],"picked":"bronze:Flail","floor":10},{"not_picked":["bronze:WildBeam","bronze:Overload","bronze:Library"],"picked":"SKIP","floor":11},{"not_picked":["bronze:OilSpill","bronze:DelayedSlice","bronze:Allocate"],"picked":"SKIP","floor":12},{"not_picked":["bronze:Overheat","bronze:OilSpill","bronze:ForceShield"],"picked":"SKIP","floor":12},{"not_picked":["bronze:Shield","bronze:Constructor"],"picked":"bronze:BronzeOrb","floor":13},{"not_picked":["bronze:Separator","bronze:Invalidate"],"picked":"bronze:ClassDefault","floor":13},{"not_picked":["bronze:Separator","bronze:Mutator","bronze:BugBarrage"],"picked":"SKIP","floor":14},{"not_picked":["bronze:OilSpill","bronze:BugBarrage","bronze:DelayedSlice"],"picked":"SKIP","floor":16},{"not_picked":["bronze:Invalidate","bronze:ChildClass","bronze:DelayedSlice"],"picked":"SKIP","floor":16},{"not_picked":["bronze:CutThrough","bronze:Overheat"],"picked":"bronze:ChosenStrike","floor":19},{"not_picked":["bronze:WildBeam","bronze:WhirlingStrike","bronze:CutThrough"],"picked":"SKIP","floor":19},{"not_picked":["bronze:Optimize","bronze:Iterate"],"picked":"bronze:TinkerersToolbox","floor":22},{"not_picked":["bronze:Branch","bronze:ItsAFeature","bronze:DigitalCarnage"],"picked":"SKIP","floor":22},{"not_picked":["bronze:ThunderWave","bronze:HyperBeam"],"picked":"bronze:Assembly","floor":23},{"not_picked":["bronze:Safeguard","bronze:Separator+1","bronze:Shell+1"],"picked":"SKIP","floor":26},{"not_picked":["bronze:Turbo+1","bronze:Invalidate","bronze:Overheat"],"picked":"SKIP","floor":26},{"not_picked":["bronze:CutThrough","bronze:DarkDash","bronze:FollowUp"],"picked":"SKIP","floor":27},{"not_picked":["bronze:CloningBeam+1","bronze:RecursiveStrike","bronze:ForceShield"],"picked":"SKIP","floor":27},{"not_picked":["bronze:ItsAFeature","bronze:ForceShield"],"picked":"bronze:CutThrough","floor":28},{"not_picked":["bronze:OilSpill","bronze:Philosophize","bronze:Deprecate+1"],"picked":"SKIP","floor":28},{"not_picked":["bronze:Shield+1","bronze:Branch","bronze:WildBeam"],"picked":"SKIP","floor":30},{"not_picked":["bronze:BuggyMess","bronze:Flail","bronze:Repulsor"],"picked":"SKIP","floor":31},{"not_picked":["bronze:Safeguard","bronze:BuggyMess","bronze:DelayedGuard"],"picked":"SKIP","floor":31},{"not_picked":["bronze:WildBeam","bronze:ChosenStrike"],"picked":"bronze:ChildClass+1","floor":35},{"not_picked":["bronze:Allocate","bronze:Assembly"],"picked":"bronze:Iterate+1","floor":35},{"not_picked":["bronze:Iterate","bronze:Overheat"],"picked":"bronze:Optimize","floor":36},{"not_picked":["bronze:Philosophize","bronze:Overheat","bronze:Deprecate"],"picked":"SKIP","floor":36},{"not_picked":["bronze:Separator","bronze:CutThrough"],"picked":"bronze:Turbo+1","floor":37},{"not_picked":["bronze:WhirlingStrike","bronze:Turbo","bronze:Shield"],"picked":"SKIP","floor":37},{"not_picked":["bronze:Assembly","bronze:Turbo","bronze:DelayedGuard"],"picked":"SKIP","floor":39},{"not_picked":["bronze:BitShift","bronze:Allocate","bronze:WildBeam"],"picked":"SKIP","floor":39},{"not_picked":["bronze:DelayedGuard","bronze:Overheat"],"picked":"bronze:FindAndReplace","floor":40},{"not_picked":["bronze:DelayedGuard","bronze:InfiniteBeams"],"picked":"bronze:Fortify","floor":42},{"not_picked":["bronze:Return","bronze:Frontload+1"],"picked":"bronze:CloningBeam","floor":42},{"not_picked":["bronze:Assembly","bronze:Mutator"],"picked":"bronze:Hardcode","floor":43},{"not_picked":["bronze:Refactor+1","bronze:BitShift+1","bronze:DelayedGuard"],"picked":"Singing Bowl","floor":46},{"not_picked":["bronze:CloningBeam+1","bronze:Iterate","bronze:Backtrace+1"],"picked":"Singing Bowl","floor":46},{"not_picked":["bronze:OilSpill+1","bronze:FollowUp+1"],"picked":"bronze:FineTuning","floor":47},{"not_picked":["bronze:BitShift","bronze:Overheat","bronze:Shield"],"picked":"SKIP","floor":47},{"not_picked":["bronze:ItsAFeature","bronze:CutThrough+1"],"picked":"bronze:Repair+1","floor":48},{"not_picked":["bronze:ForceShield+1","bronze:Overheat+1","bronze:BuggyMess+1"],"picked":"Singing Bowl","floor":48},{"not_picked":["bronze:ChosenStrike+1","bronze:Overload+1","bronze:DarkDash+1"],"picked":"Singing Bowl","floor":51},{"not_picked":["bronze:FollowUp","bronze:Constructor+1","bronze:Boost"],"picked":"Singing Bowl","floor":51},{"not_picked":["bronze:ForLoop","bronze:Optimize","bronze:Allocate+1"],"picked":"Singing Bowl","floor":55},{"not_picked":["bronze:NullPointer+1","bronze:DelayedSlice","bronze:DelayedGuard+1"],"picked":"Singing Bowl","floor":55},{"not_picked":["bronze:TinkerersToolbox","bronze:ItsAFeature+1","bronze:BitShift"],"picked":"Singing Bowl","floor":57},{"not_picked":["bronze:ChosenStrike+1","bronze:CutThrough+1","bronze:Turbo+1"],"picked":"Singing Bowl","floor":59},{"not_picked":["bronze:Shell","bronze:Overload"],"picked":"bronze:Terminator","floor":59},{"not_picked":["bronze:OilSpill+1","bronze:CloningBeam+1"],"picked":"bronze:Shell+1","floor":60},{"not_picked":["bronze:BitShift","bronze:Deprecate+1","bronze:ChosenStrike"],"picked":"Singing Bowl","floor":60},{"not_picked":["bronze:WhirlingStrike","bronze:Repulsor+1","bronze:ForceShield"],"picked":"Singing Bowl","floor":61},{"not_picked":["bronze:Terminator","bronze:FineTuning+1"],"picked":"bronze:Allocate+1","floor":61},{"not_picked":["bronze:BronzeArmor","bronze:MaxOutput+1","bronze:BugBarrage"],"picked":"SKIP","floor":64},{"not_picked":["bronze:BronzeArmor","bronze:BugBarrage"],"picked":"bronze:MaxOutput+1","floor":64}],"player_experience":603889,"relics_obtained":[{"floor":9,"key":"Simple Rune"},{"floor":10,"key":"Prayer Wheel"},{"floor":11,"key":"Strawberry"},{"floor":14,"key":"hexamod:CandleOfCauterizing"},{"floor":29,"key":"Torii"},{"floor":29,"key":"Pantograph"},{"floor":32,"key":"CeramicFish"},{"floor":40,"key":"Singing Bowl"},{"floor":52,"key":"hubris:Reverence"},{"floor":57,"key":"hubris:CrystalStatue"},{"floor":64,"key":"Replay:Bottled Eggs"}],"event_choices":[{"damage_healed":0,"gold_gain":0,"player_choice":"Read","damage_taken":0,"max_hp_gain":0,"max_hp_loss":0,"event_name":"The Library","floor":38,"gold_loss":0,"cards_obtained":["bronze:Verify"]}],"is_beta":false,"boss_relics":[{"not_picked":["Replay:Bronze Core","Cursed Key"],"picked":"Ring of Chaos"},{"not_picked":["hubris:HollowSoul","Runic Dome"],"picked":"Replay:Wanted Poster"}],"items_purged_floors":[4,6,30],"is_endless":false,"potions_floor_spawned":[2,7,8,11,13,23,28,29,36,37,39,43,47,59,60,61,64],"killed_by":"downfall:NeowBossFinal","ascension_level":1}}