{"host":"0mk07bycsqo1qk03","time":1614168358,"event":{"mods":["BaseMod","Downfall","Hermit","Hubris","Minty Spire (QoL Compilation)","Reliquary","Replay The Spire","Spicy Shops","StSLib","The Hierophant"],"gold_per_floor":[115,127,127,127,127,127,127],"floor_reached":6,"language":"ENG","playtime":158,"items_purged":[],"score":36,"play_id":"b9edfa9b-b10b-4f15-a115-6966cdff7a28","local_time":"20210224130558","is_ascension_mode":true,"campfire_choices":[],"circlet_count":0,"master_deck":["hierophant:Strike_Hierophant","hierophant:Strike_Hierophant","hierophant:Strike_Hierophant+1","hierophant:Strike_Hierophant","hierophant:Punish","hierophant:Defend_Hierophant","hierophant:Defend_Hierophant","hierophant:Defend_Hierophant","hierophant:Defend_Hierophant","hierophant:ChurchCoffers","Crow Ritual+1","hierophant:Bribe"],"relics":["hierophant:PropheticMaskRelic","Replay:Arrowhead","Replay:Baseball","Pantograph"],"acts_visited":["Exordium"],"potions_floor_usage":[],"damage_taken":[{"damage":0,"enemies":"Small Slimes","floor":1,"turns":3},{"damage":1,"enemies":"2 Louse","floor":2,"turns":3},{"damage":0,"enemies":"Gremlin Nob","floor":6,"turns":2}],"seed_played":"5007208424083196843","potions_obtained":[{"floor":2,"key":"FearPotion"}],"is_trial":false,"path_per_floor":["M","M","?","?","$","E"],"character_chosen":"HIEROPHANT","items_purchased":["Replay:Arrowhead","Replay:Baseball","Pantograph"],"campfire_rested":0,"item_purchase_floors":[5,5,5],"current_hp_per_floor":[68,67,53,53,7,7,7],"gold":127,"neow_bonus":"RANDOM_COLORLESS_2","is_daily":false,"chose_seed":false,"campfire_upgraded":0,"win_rate":0.0,"timestamp":1614168358,"path_taken":["M","M","?","?","?","E"],"items_purchased_type":["Relic","Relic","Relic"],"build_version":"2020-12-22","purchased_purges":0,"victory":false,"max_hp_per_floor":[68,68,68,68,68,68,68],"card_choices":[{"not_picked":["The Bomb","Midas Touch"],"picked":"Crow Ritual","floor":0},{"not_picked":["hierophant:MorningPrayer","hierophant:OrnateBuckler","hierophant:Shelter"],"picked":"SKIP","floor":1},{"not_picked":["hierophant:HammerAndAnvil","hierophant:RustyCrate","hierophant:FlamingChariot"],"picked":"SKIP","floor":2}],"player_experience":1065953,"relics_obtained":[],"event_choices":[{"damage_healed":0,"gold_gain":0,"player_choice":"Entered Light","damage_taken":14,"max_hp_gain":0,"max_hp_loss":0,"event_name":"Shining Light","floor":3,"gold_loss":0,"cards_upgraded":["Crow Ritual","hierophant:Strike_Hierophant"]}],"is_beta":false,"boss_relics":[],"items_purged_floors":[],"is_endless":false,"potions_floor_spawned":[2],"killed_by":"Gremlin Nob","ascension_level":1}}