{"host":"7sni158j623xchr2","time":1614190353,"event":{"mods":["BaseMod","Colored Map","Highlight Path","Minty Spire (QoL Compilation)","Permanent Neow","Potion Indicator Mod","Rare Cards Sparkle","Relic Sorter","Relic Stats","StSLib","everything is the same but u backflip on backflip"],"gold_per_floor":[15,30,30,30,46,80,80,80,80,80,114,114,126,189,189,284,284,301,301,138,138,154,154,188,188,188,201,216,266,282,313,313,417,417,434,80,0,0,0,33,33,59,109,128,155,155,155,155,155,155,155,155,30,59,59],"floor_reached":56,"language":"ENG","playtime":1245,"items_purged":["Strike_G+1","Strike_G+1","Defend_G+1"],"score":1667,"play_id":"9973cbe4-14ab-48d1-838e-7884914971b6","local_time":"20210224121233","is_ascension_mode":true,"campfire_choices":[{"data":"Crippling Poison","floor":7,"key":"SMITH"},{"data":"All Out Attack","floor":10,"key":"SMITH"},{"data":"Backstab","floor":12,"key":"SMITH"},{"data":"Deadly Poison","floor":15,"key":"SMITH"},{"data":"Corpse Explosion","floor":23,"key":"SMITH"},{"data":"Blur","floor":25,"key":"SMITH"},{"data":"Blur","floor":32,"key":"SMITH"},{"floor":41,"key":"RECALL"}],"circlet_count":0,"master_deck":["Defend_G+1","Defend_G+1","Survivor","Glass Knife+1","Backstab+1","Terror+1","All Out Attack+1","Crippling Poison+1","PiercingWail","Deadly Poison+1","Corpse Explosion+1","Blur+1","Dark Shackles","Blur+1","Acrobatics","Bane+1","Burst","PiercingWail","Well Laid Plans","Catalyst","Sadistic Nature","Sadistic Nature","PanicButton","Sucker Punch+1"],"relics":["Ring of the Snake","Question Card","War Paint","HornCleat","Pear","Orichalcum","Coffee Dripper","Boot","The Specimen","CaptainsWheel","Fusion Hammer","TwistedFunnel","Red Mask","Torii","Ice Cream","Ninja Scroll","Gremlin Horn"],"acts_visited":["Exordium","TheCity","TheBeyond","TheEnding"],"potions_floor_usage":[6,14,27,42,55,55,55],"damage_taken":[{"damage":0,"enemies":"Jaw Worm","floor":1,"turns":2},{"damage":0,"enemies":"2 Louse","floor":2,"turns":1},{"damage":0,"enemies":"Small Slimes","floor":5,"turns":2},{"damage":11,"enemies":"3 Sentries","floor":6,"turns":6},{"damage":0,"enemies":"Lagavulin","floor":11,"turns":3},{"damage":0,"enemies":"3 Louse","floor":13,"turns":1},{"damage":1,"enemies":"3 Sentries","floor":14,"turns":4},{"damage":0,"enemies":"Hexaghost","floor":16,"turns":6},{"damage":0,"enemies":"Chosen","floor":18,"turns":3},{"damage":0,"enemies":"Shell Parasite","floor":22,"turns":2},{"damage":0,"enemies":"Gremlin Leader","floor":24,"turns":4},{"damage":0,"enemies":"Snecko","floor":27,"turns":3},{"damage":0,"enemies":"Chosen and Byrds","floor":28,"turns":3},{"damage":0,"enemies":"Cultist and Chosen","floor":30,"turns":4},{"damage":0,"enemies":"Book of Stabbing","floor":31,"turns":4},{"damage":0,"enemies":"Collector","floor":33,"turns":6},{"damage":0,"enemies":"Orb Walker","floor":35,"turns":3},{"damage":0,"enemies":"Reptomancer","floor":40,"turns":4},{"damage":8,"enemies":"Giant Head","floor":42,"turns":9},{"damage":0,"enemies":"3 Darklings","floor":44,"turns":1},{"damage":0,"enemies":"Reptomancer","floor":45,"turns":4},{"damage":0,"enemies":"Donu and Deca","floor":50,"turns":4},{"damage":1,"enemies":"Shield and Spear","floor":54,"turns":3},{"damage":49,"enemies":"The Heart","floor":55,"turns":9}],"seed_played":"9152011840235842983","potions_obtained":[{"floor":1,"key":"Regen Potion"},{"floor":11,"key":"Regen Potion"},{"floor":13,"key":"Regen Potion"},{"floor":14,"key":"ColorlessPotion"},{"floor":22,"key":"AttackPotion"},{"floor":28,"key":"GamblersBrew"},{"floor":42,"key":"Block Potion"}],"is_trial":false,"path_per_floor":["M","M","?","?","M","E","R","?","T","R","E","R","M","?","R","B",null,"M","?","$","?","M","R","E","R","T","M","M","?","M","E","R","B",null,"M","$","?","$","?","E","R","E","T","M","E","?","?","?","R","B",null,"R","$","E","B",null],"character_chosen":"THE_SILENT","items_purchased":["Dark Shackles","TwistedFunnel","PiercingWail","LiquidMemories"],"campfire_rested":0,"item_purchase_floors":[20,36,36,36],"current_hp_per_floor":[70,70,70,58,58,62,62,55,55,55,65,65,65,76,76,76,80,80,80,80,80,80,80,80,80,80,80,80,80,80,80,80,80,80,80,80,80,80,80,80,80,72,72,72,72,72,72,62,62,62,76,76,76,75,26],"gold":59,"neow_bonus":"TRANSFORM_TWO_CARDS","is_daily":false,"chose_seed":false,"campfire_upgraded":7,"win_rate":0.0,"timestamp":1614190353,"path_taken":["M","M","?","?","M","E","R","?","T","R","E","R","M","?","R","BOSS","M","?","$","?","M","R","E","R","T","?","M","?","M","E","R","BOSS","M","$","?","$","?","E","R","E","T","?","E","?","?","?","R","BOSS","R","$","E","BOSS"],"items_purchased_type":["Card","Relic","Card","Potion"],"build_version":"2020-12-22","purchased_purges":3,"victory":true,"max_hp_per_floor":[70,70,70,70,70,70,70,70,70,70,80,80,80,80,80,80,80,80,80,80,80,80,80,80,80,80,80,80,80,80,80,80,80,80,80,80,80,80,80,80,80,80,80,80,80,80,76,76,76,76,76,76,76,76,76],"relic_stats":{"Torii":7,"Gremlin Horn":[0,0],"counters":[24,91],"War Paint":["Terror","Defend_G"],"Orichalcum":[78],"Question Card":23,"Boot":[28],"obtain_stats":[{"TwistedFunnel":36,"Ice Cream":42,"Pear":11,"The Specimen":26,"Torii":40,"Gremlin Horn":54,"War Paint":6,"Orichalcum":14,"Question Card":4,"Boot":24,"CaptainsWheel":31,"HornCleat":9,"Ninja Scroll":45,"Fusion Hammer":34,"Coffee Dripper":17,"Red Mask":37,"Ring of the Snake":0},{"TwistedFunnel":17,"Ice Cream":19,"Pear":5,"The Specimen":11,"Torii":18,"Gremlin Horn":23,"War Paint":4,"Orichalcum":7,"Question Card":2,"Boot":11,"CaptainsWheel":15,"HornCleat":4,"Ninja Scroll":21,"Fusion Hammer":16,"Coffee Dripper":8,"Red Mask":17,"Ring of the Snake":0},{"TwistedFunnel":57,"Ice Cream":70,"Pear":14,"The Specimen":34,"Torii":61,"Gremlin Horn":82,"War Paint":11,"Orichalcum":19,"Question Card":3,"Boot":34,"CaptainsWheel":48,"HornCleat":11,"Ninja Scroll":75,"Fusion Hammer":54,"Coffee Dripper":25,"Red Mask":57,"Ring of the Snake":0}],"Ring of the Snake":[48]},"card_choices":[{"not_picked":["Cloak And Dagger","All Out Attack"],"picked":"Terror","floor":1},{"not_picked":["Cloak And Dagger","Sucker Punch"],"picked":"All Out Attack","floor":2},{"not_picked":["Outmaneuver","Deflect","Reflex","Well Laid Plans"],"picked":"SKIP","floor":5},{"not_picked":["Dagger Throw","Outmaneuver","Catalyst"],"picked":"Crippling Poison","floor":6},{"not_picked":["Underhanded Strike","Slice","A Thousand Cuts"],"picked":"PiercingWail","floor":11},{"not_picked":["Sucker Punch","Dagger Throw","Slice"],"picked":"Deadly Poison","floor":13},{"not_picked":["Burst","Die Die Die","A Thousand Cuts"],"picked":"Corpse Explosion","floor":16},{"not_picked":["Dagger Spray","Deflect","Tactician"],"picked":"Blur","floor":18},{"not_picked":["Slice","Tactician","All Out Attack","Quick Slash"],"picked":"SKIP","floor":22},{"not_picked":["Caltrops","Cloak And Dagger","Quick Slash","Eviscerate"],"picked":"SKIP","floor":24},{"not_picked":["Heel Hook","Flying Knee","Prepared","Accuracy"],"picked":"SKIP","floor":27},{"not_picked":["Sucker Punch","Dodge and Roll","Deadly Poison"],"picked":"Blur","floor":28},{"not_picked":["Poisoned Stab","Heel Hook","Crippling Poison"],"picked":"Acrobatics","floor":30},{"not_picked":["Flying Knee","Acrobatics","Cloak And Dagger"],"picked":"Bane+1","floor":31},{"not_picked":["Glass Knife","Bullet Time","A Thousand Cuts"],"picked":"Burst","floor":33},{"not_picked":["Backstab+1","Accuracy","Blade Dance","Concentrate"],"picked":"SKIP","floor":35},{"not_picked":["Endless Agony+1","Predator+1","Terror+1"],"picked":"Well Laid Plans","floor":40},{"not_picked":["Noxious Fumes","Cloak And Dagger+1","Escape Plan+1","Deadly Poison"],"picked":"SKIP","floor":42},{"not_picked":["All Out Attack+1","Poisoned Stab","Blade Dance","Deflect+1"],"picked":"SKIP","floor":44},{"not_picked":["Calculated Gamble","Slice+1","Envenom"],"picked":"Catalyst","floor":45},{"not_picked":["Mind Blast","Panache","Enlightenment"],"picked":"Sadistic Nature","floor":48},{"not_picked":["Mind Blast","Swift Strike","Deep Breath"],"picked":"Sadistic Nature","floor":48},{"not_picked":["Impatience","Finesse","Good Instincts"],"picked":"PanicButton","floor":48},{"not_picked":["Choke+1","Prepared","Setup"],"picked":"Sucker Punch+1","floor":54}],"player_experience":1845825,"relics_obtained":[{"floor":6,"key":"War Paint"},{"floor":9,"key":"HornCleat"},{"floor":11,"key":"Pear"},{"floor":14,"key":"Orichalcum"},{"floor":24,"key":"Boot"},{"floor":26,"key":"The Specimen"},{"floor":31,"key":"CaptainsWheel"},{"floor":40,"key":"Torii"},{"floor":42,"key":"Ice Cream"},{"floor":45,"key":"Ninja Scroll"},{"floor":54,"key":"Gremlin Horn"}],"event_choices":[{"damage_healed":0,"gold_gain":0,"player_choice":"Grow","damage_taken":0,"max_hp_gain":0,"max_hp_loss":0,"event_name":"Living Wall","floor":3,"gold_loss":0,"cards_upgraded":["Glass Knife"]},{"damage_healed":0,"gold_gain":0,"player_choice":"Success","damage_taken":12,"relics_obtained":["Question Card"],"max_hp_gain":0,"max_hp_loss":0,"event_name":"Scrap Ooze","floor":4,"gold_loss":0},{"cards_removed":["Strike_G"],"damage_healed":0,"gold_gain":0,"player_choice":"Card Removal","damage_taken":7,"max_hp_gain":0,"max_hp_loss":0,"event_name":"Golden Wing","floor":8,"gold_loss":0},{"damage_healed":0,"gold_gain":0,"player_choice":"Searched \u00271\u0027 times","damage_taken":0,"max_hp_gain":0,"max_hp_loss":0,"event_name":"Dead Adventurer","floor":14,"gold_loss":0},{"damage_healed":0,"gold_gain":0,"player_choice":"Simplicity","damage_taken":0,"max_hp_gain":0,"max_hp_loss":0,"event_name":"Back to Basics","floor":19,"gold_loss":0,"cards_upgraded":["Strike_G","Strike_G","Strike_G","Defend_G","Defend_G","Defend_G"]},{"cards_removed":["Defend_G"],"damage_healed":0,"gold_gain":0,"player_choice":"Purged","damage_taken":0,"max_hp_gain":0,"max_hp_loss":0,"event_name":"Purifier","floor":21,"gold_loss":0},{"damage_healed":0,"gold_gain":100,"player_choice":"Bet on Murderer","damage_taken":0,"max_hp_gain":0,"max_hp_loss":0,"event_name":"The Joust","floor":29,"gold_loss":50},{"damage_healed":0,"gold_gain":0,"player_choice":"Paid","damage_taken":0,"relics_obtained":["Red Mask"],"max_hp_gain":0,"max_hp_loss":0,"event_name":"Tomb of Lord Red Mask","floor":37,"gold_loss":80},{"cards_removed":["Strike_G"],"damage_healed":0,"gold_gain":0,"player_choice":"Purged","damage_taken":0,"max_hp_gain":0,"max_hp_loss":0,"event_name":"Purifier","floor":39,"gold_loss":0},{"cards_removed":["Neutralize"],"damage_healed":0,"gold_gain":0,"player_choice":"Removed Attack","damage_taken":0,"max_hp_gain":0,"max_hp_loss":0,"event_name":"Falling","floor":46,"gold_loss":0},{"damage_healed":0,"gold_gain":0,"player_choice":"Max HP","damage_taken":0,"max_hp_gain":0,"max_hp_loss":4,"event_name":"Winding Halls","floor":47,"gold_loss":0},{"damage_healed":0,"gold_gain":0,"player_choice":"Memory 3","damage_taken":10,"max_hp_gain":0,"max_hp_loss":0,"event_name":"SensoryStone","floor":48,"gold_loss":0}],"is_beta":false,"boss_relics":[{"not_picked":["Ectoplasm","Runic Pyramid"],"picked":"Coffee Dripper"},{"not_picked":["Philosopher\u0027s Stone","Ring of the Serpent"],"picked":"Fusion Hammer"}],"items_purged_floors":[20,36,53],"is_endless":false,"potions_floor_spawned":[1,11,13,14,22,28,33,35,42,54],"ascension_level":1}}