{"host":"en4narc5947t7k9n","time":1614173146,"event":{"mods":["AchievementEnabler","BaseMod","Colored Map","Minty Spire (QoL Compilation)","SuperFastMode"],"gold_per_floor":[212,212,226,70,80,80,97,97,97,111,142,142,154,154,154,256,256,273,273,285,63,80,96,96,111,111,126,10,10,10,30,30,129,129,141,141,141,159,84,84,7,7,7,7,7,54,20,38,38,38,38,38,1,31,31,31],"floor_reached":55,"language":"KOR","playtime":2828,"items_purged":["Strike_G","Defend_G"],"score":717,"play_id":"e84029eb-7b16-4153-a6ff-4f1d69ba6f8e","local_time":"20210224222546","is_ascension_mode":false,"campfire_choices":[{"floor":6,"key":"RECALL"},{"data":"Crippling Poison","floor":8,"key":"SMITH"},{"data":"Noxious Fumes","floor":12,"key":"SMITH"},{"data":"Deadly Poison","floor":15,"key":"SMITH"},{"floor":24,"key":"REST"},{"data":"Venomology","floor":29,"key":"SMITH"},{"data":"Catalyst","floor":32,"key":"SMITH"},{"data":"Terror","floor":40,"key":"SMITH"},{"data":"Phantasmal Killer","floor":42,"key":"SMITH"},{"data":"Corpse Explosion","floor":44,"key":"SMITH"},{"floor":49,"key":"REST"},{"data":"Tactician","floor":52,"key":"SMITH"}],"circlet_count":0,"master_deck":["Strike_G","Strike_G","Defend_G","Defend_G","Defend_G","Defend_G","Survivor","Neutralize","Footwork","Strike_G","Deflect","Noxious Fumes+1","Crippling Poison+1","Caltrops+1","Deadly Poison+1","Prepared","Venomology+1","Heel Hook","Poisoned Stab","Phantasmal Killer+1","Catalyst+1","Dash","All Out Attack","Underhanded Strike+1","Masterful Stab","Backstab","Terror+1","Necronomicurse","Tactician+1","Corpse Explosion+1","Bane","Sucker Punch+1","Bouncing Flask+1","Deflect+1","Deadly Poison+1","Grand Finale"],"relics":["Ring of the Snake","HandDrill","Paper Crane","Runic Pyramid","Membership Card","Singing Bowl","Lee\u0027s Waffle","Necronomicon","SlaversCollar","ClockworkSouvenir","Toxic Egg 2","CaptainsWheel","Blood Vial"],"acts_visited":["Exordium","TheCity","TheBeyond","TheEnding"],"potions_floor_usage":[11,18,20,20,22,22,23,23,25,31,33,35,38,46,46,46,46,46,46,50,50,50,54,55,55],"damage_taken":[{"damage":0,"enemies":"Cultist","floor":1,"turns":5},{"damage":2,"enemies":"Small Slimes","floor":3,"turns":5},{"damage":0,"enemies":"2 Louse","floor":5,"turns":4},{"damage":6,"enemies":"Red Slaver","floor":7,"turns":5},{"damage":1,"enemies":"Large Slime","floor":10,"turns":7},{"damage":6,"enemies":"3 Sentries","floor":11,"turns":6},{"damage":4,"enemies":"2 Fungi Beasts","floor":13,"turns":4},{"damage":27,"enemies":"Slime Boss","floor":16,"turns":12},{"damage":9,"enemies":"Spheric Guardian","floor":18,"turns":4},{"damage":20,"enemies":"2 Thieves","floor":20,"turns":4},{"damage":32,"enemies":"Snake Plant","floor":22,"turns":3},{"damage":8,"enemies":"3 Cultists","floor":23,"turns":5},{"damage":18,"enemies":"Centurion and Healer","floor":25,"turns":6},{"damage":0,"enemies":"Snecko","floor":27,"turns":5},{"damage":6,"enemies":"Chosen and Byrds","floor":31,"turns":3},{"damage":0,"enemies":"Champ","floor":33,"turns":10},{"damage":0,"enemies":"Orb Walker","floor":35,"turns":2},{"damage":19,"enemies":"3 Shapes","floor":38,"turns":4},{"damage":21,"enemies":"2 Orb Walkers","floor":46,"turns":5},{"damage":7,"enemies":"Transient","floor":48,"turns":5},{"damage":52,"enemies":"Awakened One","floor":50,"turns":13},{"damage":58,"enemies":"Shield and Spear","floor":54,"turns":5},{"damage":41,"enemies":"The Heart","floor":55,"turns":5}],"seed_played":"2286587457790252122","potions_obtained":[{"floor":7,"key":"SpeedPotion"},{"floor":16,"key":"FearPotion"},{"floor":18,"key":"SpeedPotion"},{"floor":20,"key":"Poison Potion"},{"floor":27,"key":"SneckoOil"},{"floor":33,"key":"LiquidBronze"},{"floor":38,"key":"BlessingOfTheForge"},{"floor":48,"key":"Fire Potion"}],"is_trial":false,"path_per_floor":["M","?","M","$","M","R","M","R","T","M","E","R","M","?","R","B",null,"M","?","M","$","M","M","R","M","T","M","$","R","?","M","R","B",null,"M","?","?","M","$","R","$","R","T","R","$","?","$","M","R","B",null,"R","$","E","B"],"character_chosen":"THE_SILENT","items_purchased":["HandDrill","Membership Card","Dash","Lee\u0027s Waffle","Terror","Bane","ClockworkSouvenir","Bouncing Flask+1","SpeedPotion","Deadly Poison+1"],"campfire_rested":2,"item_purchase_floors":[4,21,21,28,28,39,41,47,53,53],"current_hp_per_floor":[70,70,68,68,68,68,62,62,62,61,55,55,51,51,51,24,70,61,61,41,41,9,1,22,4,4,4,77,77,61,55,55,55,77,79,81,81,64,64,64,64,64,64,64,64,43,43,36,60,8,83,83,83,25,0,0],"gold":31,"neow_bonus":"HUNDRED_GOLD","is_daily":false,"chose_seed":false,"campfire_upgraded":9,"win_rate":0.0,"timestamp":1614173146,"path_taken":["M","?","M","$","M","R","?","R","T","M","E","R","M","?","R","BOSS","M","?","M","$","M","M","R","?","T","M","$","R","?","M","R","BOSS","M","?","?","?","$","R","$","R","T","R","$","?","?","M","R","BOSS","R","$","E","BOSS"],"items_purchased_type":["Relic","Relic","Card","Relic","Card","Card","Relic","Card","Potion","Card"],"build_version":"2020-12-22","purchased_purges":2,"victory":false,"max_hp_per_floor":[70,70,70,70,70,70,70,70,70,70,70,70,70,70,70,70,70,70,70,70,70,70,70,70,70,70,70,77,77,77,77,77,77,77,79,81,81,83,83,83,83,83,83,83,83,83,83,83,83,83,83,83,83,83,83,83],"card_choices":[{"not_picked":["Underhanded Strike","Prepared"],"picked":"Footwork","floor":1},{"not_picked":["Quick Slash","Prepared"],"picked":"Deflect","floor":3},{"not_picked":["All Out Attack","Outmaneuver"],"picked":"Noxious Fumes","floor":5},{"not_picked":["Catalyst","Sucker Punch"],"picked":"Crippling Poison","floor":7},{"not_picked":["Acrobatics","Well Laid Plans"],"picked":"Caltrops","floor":10},{"not_picked":["Backflip","Tactician"],"picked":"Deadly Poison","floor":11},{"not_picked":["Dodge and Roll","Sucker Punch"],"picked":"Prepared","floor":13},{"not_picked":["Envenom","Unload"],"picked":"Venomology","floor":16},{"not_picked":["Escape Plan","Backflip"],"picked":"Heel Hook","floor":18},{"not_picked":["Masterful Stab","Poisoned Stab"],"picked":"Catalyst","floor":20},{"not_picked":["Outmaneuver","Blade Dance+1"],"picked":"All Out Attack","floor":22},{"not_picked":["Crippling Poison","Dagger Throw"],"picked":"Underhanded Strike+1","floor":23},{"not_picked":["Expertise","Backflip+1"],"picked":"Masterful Stab","floor":25},{"not_picked":["Choke+1","Endless Agony"],"picked":"Backstab","floor":27},{"not_picked":["Dagger Spray+1","Dagger Throw"],"picked":"Tactician","floor":31},{"not_picked":["Night Terror","Tools of the Trade"],"picked":"Corpse Explosion","floor":33},{"not_picked":["Prepared+1","Dagger Throw+1","Bane"],"picked":"Singing Bowl","floor":35},{"not_picked":["Transmutation","Swift Strike","Good Instincts"],"picked":"Singing Bowl","floor":36},{"not_picked":["Sucker Punch","Quick Slash+1","Flying Knee"],"picked":"Singing Bowl","floor":38},{"not_picked":["Infinite Blades","Acrobatics+1"],"picked":"Sucker Punch+1","floor":46},{"not_picked":["Flechettes","PiercingWail+1"],"picked":"Deflect+1","floor":48},{"not_picked":["Bouncing Flask+1","Endless Agony"],"picked":"Grand Finale","floor":54}],"player_experience":199463,"relics_obtained":[{"floor":11,"key":"Paper Crane"},{"floor":26,"key":"Singing Bowl"},{"floor":30,"key":"Necronomicon"},{"floor":43,"key":"Toxic Egg 2"},{"floor":46,"key":"CaptainsWheel"},{"floor":54,"key":"Blood Vial"}],"event_choices":[{"cards_removed":["Strike_G"],"damage_healed":0,"gold_gain":0,"player_choice":"Took Card","damage_taken":0,"max_hp_gain":0,"max_hp_loss":0,"event_name":"NoteForYourself","floor":2,"gold_loss":0,"cards_obtained":["Strike_G"]},{"damage_healed":0,"gold_gain":0,"player_choice":"Grow","damage_taken":0,"max_hp_gain":0,"max_hp_loss":0,"event_name":"Living Wall","floor":14,"gold_loss":0,"cards_upgraded":["Caltrops"]},{"damage_healed":0,"gold_gain":0,"player_choice":"2 cards matched","damage_taken":0,"max_hp_gain":0,"max_hp_loss":0,"event_name":"Match and Keep!","floor":19,"gold_loss":0,"cards_obtained":["Poisoned Stab","Phantasmal Killer"]},{"damage_healed":0,"gold_gain":0,"player_choice":"Obtained Book","damage_taken":16,"max_hp_gain":0,"max_hp_loss":0,"event_name":"Cursed Tome","floor":30,"gold_loss":0},{"damage_healed":0,"gold_gain":0,"player_choice":"Memory 1","damage_taken":0,"max_hp_gain":0,"max_hp_loss":0,"event_name":"SensoryStone","floor":36,"gold_loss":0},{"cards_removed":["Strike_G"],"damage_healed":0,"gold_gain":0,"player_choice":"Offered Basic","damage_taken":0,"max_hp_gain":0,"max_hp_loss":0,"event_name":"Bonfire Elementals","floor":37,"gold_loss":0},{"damage_healed":0,"gold_gain":0,"player_choice":"Fight","damage_taken":0,"max_hp_gain":0,"max_hp_loss":0,"event_name":"Mysterious Sphere","floor":46,"gold_loss":0}],"is_beta":false,"boss_relics":[{"not_picked":["Runic Dome","Fusion Hammer"],"picked":"Runic Pyramid"},{"not_picked":["Calling Bell","HoveringKite"],"picked":"SlaversCollar"}],"items_purged_floors":[21,39],"is_endless":false,"potions_floor_spawned":[7,16,18,20,27,33,38,48],"killed_by":"The Heart","ascension_level":0}}