{"host":"whe4vf9w0yuhsr02","time":1614177612,"event":{"mods":["AchievementEnabler","Act Like it!","BaseMod","Better Altar","Better Match","Better Note","Better Sensory Stone","Better Skull","Better Third Choice","Colored Map","Dark Map","Friendly Minions","Highlight Path","Hubris","Library of Ruina","Minty Spire (QoL Compilation)","Poor People Problems","Quick Restart","Replay The Spire","StSLib","everything is the same but u backflip on backflip"],"gold_per_floor":[112,112,128,53,71,71,71,96,176,201,215,235,235,246,246,346,346,365,365,68,68,68,100,116,131,178,207,207,241,252,266,266,370,370,388,388,388,402,413,445,445,139,139,139,139,154,154,173,173,173],"floor_reached":51,"language":"ENG","playtime":622,"items_purged":["Regret"],"score":997,"play_id":"2da2a4ff-6eda-44c0-9382-835e4f8e9e06","local_time":"20210224164012","is_ascension_mode":false,"campfire_choices":[{"data":"DegradedShockwave","floor":6,"key":"SMITH"},{"data":"DegradedLock","floor":13,"key":"SMITH"},{"data":"DegradedChain","floor":15,"key":"SMITH"},{"floor":32,"key":"DIG"},{"floor":41,"key":"DIG"},{"floor":44,"key":"DIG"},{"floor":49,"key":"DIG"}],"circlet_count":0,"master_deck":["DegradedShockwave+1","DegradedFairy","DegradedFairy","DegradedFairy","DegradedChain+1","DegradedChain+1","DegradedLock+1","DegradedPillar","DegradedPillar","DegradedShockwave+1","DegradedChain+1"],"relics":["PageOfLibrarian","Replay:Baseball","PageOfLumberjack","Iron Hammer","hubris:OldNail","Runic Pyramid","Shovel","Strawberry","Oddly Smooth Stone","hubris:BottledHeart","Simple Rune","Replay:Rubber Ducky","hubris:CrystalStatue","Blood Vial","Question Card","Eternal Feather","hubris:HollowSoul","hubris:SphereOfDissonance","PageOfSnowWhitesApple","PageOfPorccubus","ClockworkSouvenir","Meat on the Bone","Centennial Puzzle","Anchor"],"acts_visited":["Exordium","TheCity","TheBeyond"],"potions_floor_usage":[50,50,50],"damage_taken":[{"damage":0,"enemies":"Cultist","floor":1,"turns":2},{"damage":0,"enemies":"Small Slimes","floor":3,"turns":1},{"damage":0,"enemies":"2 Louse","floor":5,"turns":1},{"damage":0,"enemies":"3 Sentries","floor":8,"turns":2},{"damage":0,"enemies":"Gremlin Nob","floor":10,"turns":2},{"damage":0,"enemies":"Large Slime","floor":11,"turns":1},{"damage":0,"enemies":"3 Louse","floor":12,"turns":1},{"damage":0,"enemies":"2 Fungi Beasts","floor":14,"turns":1},{"damage":0,"enemies":"Slime Boss","floor":16,"turns":2},{"damage":0,"enemies":"Chosen","floor":18,"turns":2},{"damage":0,"enemies":"Slavers","floor":23,"turns":2},{"damage":0,"enemies":"Spheric Guardian","floor":24,"turns":1},{"damage":0,"enemies":"3 Cultists","floor":25,"turns":2},{"damage":0,"enemies":"Book of Stabbing","floor":27,"turns":2},{"damage":0,"enemies":"Slavers","floor":29,"turns":1},{"damage":0,"enemies":"Centurion and Healer","floor":30,"turns":1},{"damage":0,"enemies":"Snake Plant","floor":31,"turns":1},{"damage":0,"enemies":"hubris:MusketHawk","floor":33,"turns":6},{"damage":0,"enemies":"3 Shapes","floor":35,"turns":1},{"damage":0,"enemies":"Orb Walker","floor":38,"turns":1},{"damage":0,"enemies":"4 Shapes","floor":39,"turns":1},{"damage":0,"enemies":"R_Hoarder","floor":40,"turns":3},{"damage":0,"enemies":"Maw","floor":46,"turns":2},{"damage":0,"enemies":"Jaw Worm Horde","floor":48,"turns":2},{"damage":0,"enemies":"Replay:Hell Engine","floor":50,"turns":4}],"seed_played":"-825134727585383722","potions_obtained":[{"floor":0,"key":"Doom Potion"},{"floor":0,"key":"LiquidBronze"},{"floor":0,"key":"Reflective Coating"},{"floor":11,"key":"LifebloodPotion"}],"is_trial":false,"path_per_floor":["M","?","M","$","M","R","?","E","T","E","M","M","R","M","R","B",null,"M","?","$","?","?","E","M","M","T","E","?","E","M","M","R","B",null,"M","?","NS","M","M","E","R","$","T","R","?","M","$","M","R_BF","B",null],"character_chosen":"Librarian","items_purchased":["Strawberry","Oddly Smooth Stone","PageOfPorccubus","ClockworkSouvenir"],"campfire_rested":0,"item_purchase_floors":[20,20,42,42],"current_hp_per_floor":[60,60,60,60,60,60,60,60,60,60,60,60,60,60,60,60,90,90,90,97,97,1,1,1,1,1,1,1,1,1,1,1,1,1,1,1,1,1,1,1,1,1,1,1,1,1,1,1,1,1],"gold":173,"neow_bonus":"THREE_SMALL_POTIONS","is_daily":false,"chose_seed":false,"campfire_upgraded":3,"win_rate":0.0,"timestamp":1614177612,"path_taken":["M","?","M","$","M","R","?","E","T","E","M","M","R","M","R","BOSS","M","?","$","?","?","E","M","M","T","E","?","E","M","M","R","BOSS","M","?","NS","M","M","E","R","?","T","R","?","M","$","M","R_BF","BOSS"],"items_purchased_type":["Relic","Relic","Relic","Relic"],"build_version":"2020-12-22","purchased_purges":1,"victory":true,"max_hp_per_floor":[90,90,90,90,90,90,90,90,90,90,90,90,90,90,90,90,90,90,90,97,97,1,1,1,1,1,1,1,1,1,1,1,1,1,1,1,1,1,1,1,1,1,1,1,1,1,1,1,1,1],"card_choices":[{"not_picked":["PreemptiveStrike","ShockRound","TheArtOfRapidSteps","HandlingWork","SpearedSweep","StrongStrike","StrikeDown","Unlock1","Diversion"],"picked":"SKIP","floor":1},{"not_picked":["ClassAndRespect","DarkCloud","AutomatedMovement","Outburst","Disposal","BiXi","SharpSwipe","HiddenBlade","Thrust"],"picked":"SKIP","floor":3},{"not_picked":["TheRedNotes","SmokingPipe","FleetFootsteps","Thrust","HiddenBlade","InnerArdor","EnergyStrike","ViolentFlame","Reload"],"picked":"SKIP","floor":5},{"not_picked":["FormingStorm","IronWall","Parry2","RagingStormLove","Outburst","RapidGashes","UndertakePrescript","FlowOfTheSword","EndlessBattle"],"picked":"SKIP","floor":8},{"not_picked":["HighKick","Leap_lor","Retaliate","DirtyBlow","SparkingSpear","FeatherShield","ForTheFamily","Clone","FleshFillet"],"picked":"SKIP","floor":10},{"not_picked":["TheRedNotes","SuppressingShot","RatsGuideToSurvival","Quickness","ShrineToMusic","StrongStrike","CoordinatedAssault","Thrust","MultiBlock"],"picked":"SKIP","floor":11},{"not_picked":["SmokingPipe","OpportunitySpotted","FleetEdge","UnavoidableGaze","ClassAndRespect","SharpSwipe","SavageMode","Standoff","Rewind"],"picked":"SKIP","floor":12},{"not_picked":["FleetEdge","CumulusWall","Wallop_lor","Reload","MultiHit","ScatteringSlash","GuardingStance","IronWall","Concentration"],"picked":"SKIP","floor":14},{"not_picked":["StrikeDown+1","NightInTheBackstreets","RatsGuideToSurvival+1","Diversion","EnergyConversion","CoordinatedAssault+1","ExtremeEdge","HighKick","Brawl"],"picked":"SKIP","floor":18},{"not_picked":["Marionette","Diversion","SuppressingShot","SearingSword","WillBeTasty","RipSpace","CumulusWall+1","Clone+1","PinpointShot"],"picked":"SKIP","floor":23},{"not_picked":["PinpointShot+1","StructuralAnalysis","HighKick","SunsetBlade+1","EnergyConversion","Multislash","UnavoidableGaze+1","FendThisOffIfYouCan+1","HeavyPeaks"],"picked":"SKIP","floor":24},{"not_picked":["FierceCharge","SharpSwipe","ShockRound","Commandeering","Track","EnergyShield","SunsetBlade","StayCalm","GuidanceOfTheGears"],"picked":"SKIP","floor":25},{"not_picked":["QuickAttack+1","FeelinGood","MultiHit+1","StructuralAnalysis","SteelKnuckles","Parry2","AsThePrescriptOrders","RipSpace","Multislash+1"],"picked":"SKIP","floor":27},{"not_picked":["GrazeTheGrass","HighKick+1","QuickAttack","PreemptiveStrike+1","Tailoring+1","SmokingPipe","Struggle","FormingStorm","SinglePointStab"],"picked":"SKIP","floor":29},{"not_picked":["BiAn","BackAttack","MultiBlock+1","GutHarvesting","AlloutWar+1","SmokingPipe","QuickSuppression","AutonomousRush","UnavoidableGaze","Tailoring"],"picked":"SKIP","floor":30},{"not_picked":["SnakesPrey","Leap_lor","Pound+1","ClassAndRespect","AsThePrescriptOrders","Multislash","OpportunitySpotted","HiddenBlade","Parry2","SuppressingShot"],"picked":"SKIP","floor":31},{"not_picked":["KeepItFresh","Wallop_lor","FaintMemories","Guardian_lor","SummaryJudgment+1","SpearedSweep","ReadyUp","IronWall+1","Preparation+1","ClassAndRespect"],"picked":"SKIP","floor":35},{"not_picked":["GrazeTheGrass+1","RushDown","IronWall","PreemptiveStrike","Reload","SuppressingShot+1","DimensionalRift","LossOfSenses+1","UpbeatPerformance+1","WaitUp+1"],"picked":"SKIP","floor":38},{"not_picked":["Wallop_lor+1","StrongStrike","Reload","Feast","Deflect_lor","EndlessBattle","FlyingSword","CoordinatedAssault","DefenseOrder","Retaliate"],"picked":"SKIP","floor":39},{"not_picked":["SerpentSwordTechnique+1","StructuralAnalysis","Feast","Unlock1+1","AutonomousRush","PinpointShot+1","AsThePrescriptOrders","DesperateStruggle+1","SharpNails+1","EndlessBattle"],"picked":"SKIP","floor":40},{"not_picked":["EndlessBattle","SharpSwipe","Multislash","FleetEdge+1","StructuralAnalysis","QuickAttack","Reload","Parry2+1","EnergyCycle","Eradication"],"picked":"SKIP","floor":46},{"not_picked":["FierceOnslaught+1","StayCalm","GreatSerpentsImpact+1","IronWall+1","MindWhip","Struggle","DirtyBlow+1","Parry2+1","Leap_lor","Creak"],"picked":"SKIP","floor":48}],"player_experience":446554,"relics_obtained":[{"floor":8,"key":"PageOfLumberjack"},{"floor":9,"key":"Iron Hammer"},{"floor":10,"key":"hubris:OldNail"},{"floor":23,"key":"Simple Rune"},{"floor":26,"key":"Replay:Rubber Ducky"},{"floor":27,"key":"hubris:CrystalStatue"},{"floor":29,"key":"Question Card"},{"floor":32,"key":"Eternal Feather"},{"floor":40,"key":"hubris:SphereOfDissonance"},{"floor":41,"key":"PageOfSnowWhitesApple"},{"floor":43,"key":"Meat on the Bone"},{"floor":44,"key":"Centennial Puzzle"},{"floor":49,"key":"Anchor"}],"event_choices":[{"damage_healed":0,"gold_gain":0,"player_choice":"Box","damage_taken":0,"relics_obtained":["Replay:Baseball"],"max_hp_gain":0,"max_hp_loss":0,"event_name":"Big Fish","floor":2,"gold_loss":0,"cards_obtained":["Regret"]},{"damage_healed":0,"gold_gain":0,"player_choice":"Ignored","damage_taken":0,"max_hp_gain":0,"max_hp_loss":0,"event_name":"betterNote:BetterNote","floor":7,"gold_loss":0,"cards_obtained":["ShockingBlow"]},{"damage_healed":0,"gold_gain":0,"player_choice":"Opened","damage_taken":0,"relics_obtained":["Shovel"],"max_hp_gain":0,"max_hp_loss":0,"event_name":"The Mausoleum","floor":19,"gold_loss":0},{"damage_healed":0,"gold_gain":0,"player_choice":"Ignored","damage_taken":0,"max_hp_gain":0,"max_hp_loss":0,"event_name":"Ghosts","floor":21,"gold_loss":0},{"damage_healed":0,"gold_gain":0,"player_choice":" Vial Potion ","damage_taken":0,"relics_obtained":["Blood Vial"],"max_hp_gain":1,"max_hp_loss":1,"event_name":"betterAltar:BetterAltar","floor":28,"potions_obtained":["betterAltar:AltarPotion"],"relics_lost":[],"gold_loss":0},{"damage_healed":0,"gold_gain":0,"player_choice":"Copied","damage_taken":0,"max_hp_gain":0,"max_hp_loss":0,"event_name":"Duplicator","floor":36,"gold_loss":0,"cards_obtained":["DegradedChain"]}],"is_beta":false,"boss_relics":[{"not_picked":["Honey Jar","ReplayTheSpireMod:DimensionalGlitch"],"picked":"Runic Pyramid"},{"not_picked":["Velvet Choker","hubris:BlackHole"],"picked":"hubris:HollowSoul"}],"items_purged_floors":[4],"is_endless":false,"potions_floor_spawned":[8,10,11,14,16,23,25,27,30,33,35,39,40],"ascension_level":0}}