{"host":"0qulokkk26x4i6bu","time":1614139881,"event":{"mods":["BaseMod","Bestiary","Block Reminder","DeckTracker","Minty Spire (QoL Compilation)","Relic Stats"],"gold_per_floor":[212,226,237,5,105,133,56,68,92,92,105,105,119,135,135,235,235,252,268,280,296,42,74,74,74],"floor_reached":24,"language":"ENG","playtime":1274,"items_purged":["Strike_B"],"score":244,"play_id":"cda58067-d93e-4a30-9413-2827c3fe26f7","local_time":"20210223201121","is_ascension_mode":true,"campfire_choices":[{"data":"Self Repair","floor":10,"key":"SMITH"},{"data":"Sunder","floor":12,"key":"SMITH"},{"data":"Zap","floor":15,"key":"SMITH"}],"circlet_count":0,"master_deck":["Strike_B","Strike_B","Strike_B","Defend_B","Defend_B+1","Defend_B","Defend_B","Zap+1","Dualcast+1","Auto Shields","Loop","Go for the Eyes","Sunder+1","Compile Driver","Capacitor","Self Repair+1","Cold Snap","Compile Driver","Ball Lightning","Amplify","Ball Lightning+1","Turbo","Defragment","FTL"],"relics":["Cracked Core","War Paint","Bronze Scales","Cursed Key","Bottled Tornado","Vajra"],"acts_visited":["Exordium","TheCity"],"potions_floor_usage":[18,24],"damage_taken":[{"damage":7,"enemies":"Jaw Worm","floor":1,"turns":3},{"damage":6,"enemies":"Cultist","floor":2,"turns":3},{"damage":6,"enemies":"2 Louse","floor":3,"turns":3},{"damage":36,"enemies":"3 Sentries","floor":6,"turns":8},{"damage":4,"enemies":"Red Slaver","floor":8,"turns":3},{"damage":5,"enemies":"Lots of Slimes","floor":11,"turns":3},{"damage":9,"enemies":"Exordium Wildlife","floor":13,"turns":3},{"damage":8,"enemies":"3 Louse","floor":14,"turns":3},{"damage":10,"enemies":"Hexaghost","floor":16,"turns":9},{"damage":6,"enemies":"3 Byrds","floor":18,"turns":3},{"damage":21,"enemies":"Spheric Guardian","floor":19,"turns":4},{"damage":38,"enemies":"Shelled Parasite and Fungi","floor":20,"turns":6},{"damage":27,"enemies":"Centurion and Healer","floor":21,"turns":8},{"damage":23,"enemies":"Book of Stabbing","floor":23,"turns":5},{"damage":17,"enemies":"Snake Plant","floor":24,"turns":3}],"seed_played":"4104918211237291142","potions_obtained":[{"floor":2,"key":"PowerPotion"},{"floor":6,"key":"ColorlessPotion"},{"floor":8,"key":"SmokeBomb"},{"floor":11,"key":"CultistPotion"},{"floor":19,"key":"Dexterity Potion"}],"is_trial":false,"path_per_floor":["M","M","M","$","?","E","$","M","T","R","M","R","M","M","R","B",null,"M","M","M","M","$","E","M"],"character_chosen":"DEFECT","items_purchased":["Loop","Go for the Eyes","Sunder","Capacitor","Bottled Tornado"],"campfire_rested":0,"item_purchase_floors":[4,4,4,7,22],"current_hp_per_floor":[68,62,56,56,56,20,20,16,16,16,21,21,22,24,24,24,75,75,64,36,29,29,16,0,0],"gold":74,"neow_bonus":"HUNDRED_GOLD","is_daily":false,"chose_seed":false,"campfire_upgraded":3,"win_rate":0.0,"timestamp":1614139881,"path_taken":["M","M","M","$","?","E","?","?","T","R","M","R","M","?","R","BOSS","M","M","M","M","$","E","M"],"items_purchased_type":["Card","Card","Card","Card","Relic"],"build_version":"2020-12-22","purchased_purges":1,"victory":false,"max_hp_per_floor":[75,75,75,75,75,75,75,75,75,75,75,75,75,75,75,75,75,75,75,75,75,75,75,75,75],"relic_stats":{"counters":[15,67],"Bronze Scales":[198],"War Paint":["Defend_B","Dualcast"],"Cursed Key":0,"obtain_stats":[{"Bronze Scales":9,"Vajra":23,"War Paint":6,"Bottled Tornado":22,"Cracked Core":0,"Cursed Key":17},{"Bronze Scales":5,"Vajra":14,"War Paint":4,"Bottled Tornado":13,"Cracked Core":0,"Cursed Key":9},{"Bronze Scales":20,"Vajra":64,"War Paint":17,"Bottled Tornado":59,"Cracked Core":0,"Cursed Key":38}]},"card_choices":[{"not_picked":["Turbo","Chill","Stack"],"picked":"SKIP","floor":1},{"not_picked":["Consume","Recycle","Rebound"],"picked":"SKIP","floor":2},{"not_picked":["Sunder","Compile Driver"],"picked":"Auto Shields","floor":3},{"not_picked":["Buffer","Sweeping Beam"],"picked":"Compile Driver","floor":6},{"not_picked":["Barrage","Go for the Eyes"],"picked":"Self Repair","floor":8},{"not_picked":["Sweeping Beam","Ball Lightning"],"picked":"Cold Snap","floor":11},{"not_picked":["FTL","Beam Cell"],"picked":"Compile Driver","floor":13},{"not_picked":["Rebound","Capacitor"],"picked":"Ball Lightning","floor":14},{"not_picked":["Thunder Strike","Fission"],"picked":"Amplify","floor":16},{"not_picked":["Gash","Rebound+1"],"picked":"Ball Lightning+1","floor":18},{"not_picked":["Streamline","Compile Driver"],"picked":"Turbo","floor":19},{"not_picked":["Compile Driver","Steam","Turbo"],"picked":"SKIP","floor":20},{"not_picked":["Hello World","Ball Lightning"],"picked":"Defragment","floor":21},{"not_picked":["Stack+1","Buffer"],"picked":"FTL","floor":23}],"player_experience":80814,"relics_obtained":[{"floor":6,"key":"War Paint"},{"floor":9,"key":"Bronze Scales"},{"floor":23,"key":"Vajra"}],"event_choices":[{"damage_healed":0,"gold_gain":100,"player_choice":"Pray","damage_taken":0,"max_hp_gain":0,"max_hp_loss":0,"event_name":"Golden Shrine","floor":5,"gold_loss":0}],"is_beta":false,"boss_relics":[{"not_picked":["Philosopher\u0027s Stone","Inserter"],"picked":"Cursed Key"}],"items_purged_floors":[4],"is_endless":false,"potions_floor_spawned":[2,6,8,11,14,19,20],"killed_by":"Snake Plant","ascension_level":2}}