{"host":"mp4nw1ahnxiisuiw","time":1614177193,"event":{"mods":["AchievementEnabler","BaseMod","Better Note","Block Reminder","Colored Map","Colored Powertips","Curses Come First","DeckTracker","Dio Mod","Downfall","Hero for Fun","Highlight Path","HololiveMod","Koishi","Marisa????????","Minty Spire (QoL Compilation)","Permanent Neow","Quick Restart","Rare Cards Sparkle","Relic Sorter","Relic Stats","Remilia??????","Small Relic Pack","Spikes Relics","StSLib","Td1madao Mod","The Animator","The Bug Knight","Waifu the Spire"],"gold_per_floor":[185,185,185,41,64,101,101,114,114,147,147,162,162,191,191,293,293,303,0,15,35,35,35],"floor_reached":22,"language":"ENG","playtime":577,"items_purged":[],"score":343,"play_id":"4c066950-4194-4c55-8948-cfe3ce35c026","local_time":"20210224153313","is_ascension_mode":true,"campfire_choices":[{"data":"champ:HoldFirm","floor":7,"key":"SMITH"},{"data":"Hololive_Spy","floor":11,"key":"SMITH"},{"data":"Hololive_CallShiroganeNoel","floor":13,"key":"SMITH"},{"data":"Hololive_CallUsadaPekora","floor":15,"key":"SMITH"}],"circlet_count":0,"master_deck":["Hololive_CallShiroganeNoel+1","Hololive_CallUruhaRushia+1","Hololive_CallShiranuiFlare","Hololive_CallUsadaPekora+1","Hololive_Defend+1","relicPack:TruthCard","champ:HoldFirm+1","animator:Shizu","Hyperbeam+1","Hololive_CallAZKi","Hololive_Psychosis","Hololive_RevenueBasedLive+1","Hololive_CallNatsuiroMatsuri","Hololive_CocoNews","Hololive_Spy+1","Hololive_ILoveYou","Hololive_StrengthChampion","Hololive_DiamondStrike","Hololive_CallAkiRosenthal","Hololive_CallMurasakiShion","Hololive_Rebound+1"],"relics":["Hololive_TheStar","relicPack:EdsArm","PreservedInsect","GiantMaggot","Kunai","War Paint","Calipers","Black Star","ZombieTooth"],"acts_visited":["Exordium","TheCity"],"potions_floor_usage":[],"damage_taken":[{"damage":0,"enemies":"Small Slimes","floor":1,"turns":3},{"damage":0,"enemies":"Gremlin Nob","floor":6,"turns":3},{"damage":1,"enemies":"2 Louse","floor":8,"turns":3},{"damage":0,"enemies":"3 Sentries","floor":10,"turns":2},{"damage":1,"enemies":"Jaw Worm","floor":12,"turns":3},{"damage":1,"enemies":"Gremlin Nob","floor":14,"turns":3},{"damage":0,"enemies":"The Guardian","floor":16,"turns":8},{"damage":0,"enemies":"3 Byrds","floor":18,"turns":2},{"damage":0,"enemies":"Chosen","floor":20,"turns":4},{"damage":0,"enemies":"Snake Plant","floor":21,"turns":4}],"seed_played":"5419770706813798780","potions_obtained":[{"floor":6,"key":"Strength Potion"},{"floor":8,"key":"Strength Potion"},{"floor":12,"key":"LiquidBronze"}],"is_trial":false,"path_per_floor":["M","?","?","$","T","E","R","M","T","E","R","M","R","E","R","B",null,"M","$","M","M","?"],"character_chosen":"Hololive_HololiveCharacter","items_purchased":["Hololive_CallAZKi","Hololive_Psychosis","Hololive_RevenueBasedLive","ZombieTooth"],"campfire_rested":0,"item_purchase_floors":[4,4,4,19],"current_hp_per_floor":[35,30,24,24,24,24,24,23,23,23,23,22,22,21,21,21,30,30,30,30,30,0,0],"gold":35,"neow_bonus":"HUNDRED_GOLD","is_daily":false,"chose_seed":false,"campfire_upgraded":4,"win_rate":0.0,"timestamp":1614177193,"path_taken":["M","?","?","$","?","E","R","M","T","E","R","?","R","E","R","BOSS","M","$","M","M","?"],"items_purchased_type":["Card","Card","Card","Relic"],"build_version":"2020-12-22","purchased_purges":0,"victory":false,"max_hp_per_floor":[35,30,30,30,30,30,30,30,30,30,30,30,30,30,30,30,30,30,30,30,30,30,30],"relic_stats":{"counters":[10,35],"PreservedInsect":73,"Black Star":0,"Kunai":[0],"War Paint":["Hololive_RevenueBasedLive","Hololive_Defend"],"obtain_stats":[{"relicPack:EdsArm":2,"ZombieTooth":19,"Calipers":14,"GiantMaggot":6,"Hololive_TheStar":0,"PreservedInsect":5,"Black Star":17,"Kunai":9,"War Paint":10},{"relicPack:EdsArm":1,"ZombieTooth":8,"Calipers":6,"GiantMaggot":2,"Hololive_TheStar":0,"PreservedInsect":1,"Black Star":7,"Kunai":3,"War Paint":4},{"relicPack:EdsArm":3,"ZombieTooth":27,"Calipers":17,"GiantMaggot":6,"Hololive_TheStar":0,"PreservedInsect":3,"Black Star":25,"Kunai":9,"War Paint":11}]},"card_choices":[{"not_picked":["Hololive_Sequa","Hololive_CallShiranuiFlare","Hololive_CallFriendA"],"picked":"Hololive_DevilCharm","floor":1},{"not_picked":["Hololive_CallUsadaPekora","Hololive_Rebound","Hololive_FlyingPonyTail"],"picked":"Hololive_CallNatsuiroMatsuri","floor":6},{"not_picked":["Hololive_CallUsadaPekora","Hololive_FlyingPonyTail","Hololive_OvertimeWork"],"picked":"Hololive_CocoNews","floor":8},{"not_picked":["Hololive_Nanodesu","Hololive_RevenueBasedLive","Hololive_OvertimeWork"],"picked":"Hololive_Spy","floor":10},{"not_picked":["Hololive_CallInugamiKorone","Hololive_Drill","Hololive_LuckPotion"],"picked":"Hololive_ILoveYou","floor":12},{"not_picked":["Hololive_CallAyundaRisu","Hololive_Sequa","Hololive_CallYukihanaLamy"],"picked":"Hololive_StrengthChampion","floor":14},{"not_picked":["Hololive_HighAtkLowDef","Hololive_MaximGun","Hololive_BeCareful"],"picked":"Hololive_DiamondStrike","floor":16},{"not_picked":["Hololive_CocoNews","Hololive_CallOmaruPolka","Hololive_Yoholoon"],"picked":"Hololive_CallAkiRosenthal","floor":18},{"not_picked":["Hololive_Drill","Hololive_StrengthChampion","Hololive_OvertimeWork"],"picked":"Hololive_CallMurasakiShion","floor":20},{"not_picked":["Hololive_RevenueBasedLive","Hololive_FlyingPonyTail+1","Hololive_CallUruhaRushia"],"picked":"Hololive_Rebound+1","floor":21}],"player_experience":128342,"relics_obtained":[{"floor":5,"key":"PreservedInsect"},{"floor":6,"key":"GiantMaggot"},{"floor":9,"key":"Kunai"},{"floor":10,"key":"War Paint"},{"floor":14,"key":"Calipers"}],"event_choices":[{"damage_healed":0,"gold_gain":0,"player_choice":"Entered Light","damage_taken":6,"max_hp_gain":0,"max_hp_loss":0,"event_name":"Shining Light","floor":3,"gold_loss":0,"cards_upgraded":["Hyperbeam","Hololive_CallUruhaRushia"]}],"is_beta":false,"boss_relics":[{"not_picked":["Busted Crown","Sozu"],"picked":"Black Star"}],"items_purged_floors":[],"is_endless":false,"potions_floor_spawned":[6,8,12,14,16,18],"ascension_level":1}}