{"host":"n3r7007bx0xr1slw","time":1614140395,"event":{"mods":["BaseMod","Colored Powertips","DeckTracker","Googly Eyes","Highlight Path","Minty Spire (QoL Compilation)","Relic Stats","StSLib"],"gold_per_floor":[114,125,50,50,66,91,91,123,123,140,140,174,74,89,89,188,188,200,213,213,233,251,251,251],"floor_reached":23,"language":"ENG","playtime":1536,"items_purged":["Strike_R","Strike_R"],"score":277,"play_id":"dde41a9e-e15d-4f56-829b-bce1f0f6f308","local_time":"20210223231955","is_ascension_mode":true,"campfire_choices":[{"data":"Demon Form","floor":7.0,"key":"SMITH"},{"floor":11,"key":"REST"},{"data":"Body Slam","floor":15,"key":"SMITH"}],"circlet_count":0,"master_deck":["Strike_R","Defend_R","Defend_R","Defend_R","Defend_R","Bash","Pommel Strike","Demon Form+1","Body Slam","Body Slam+1","Twin Strike","Metallicize","Armaments"],"relics":["Burning Blood","Singing Bowl","FossilizedHelix","Incense Burner","Kunai","Black Star","Bottled Tornado"],"acts_visited":["Exordium","TheCity"],"potions_floor_usage":[12,19,21],"damage_taken":[{"damage":6.0,"enemies":"Cultist","floor":1.0,"turns":3.0},{"damage":19.0,"enemies":"Jaw Worm","floor":2.0,"turns":3.0},{"damage":12.0,"enemies":"2 Louse","floor":5.0,"turns":4.0},{"damage":32.0,"enemies":"Gremlin Nob","floor":6.0,"turns":4.0},{"damage":20.0,"enemies":"Lagavulin","floor":8.0,"turns":5.0},{"damage":0.0,"enemies":"2 Fungi Beasts","floor":10.0,"turns":3.0},{"damage":1,"enemies":"Gremlin Nob","floor":12,"turns":4},{"damage":5,"enemies":"Blue Slaver","floor":14,"turns":5},{"damage":9,"enemies":"The Guardian","floor":16,"turns":8},{"damage":18,"enemies":"Shell Parasite","floor":18,"turns":5},{"damage":33,"enemies":"2 Thieves","floor":19,"turns":5},{"damage":32,"enemies":"Sentry and Sphere","floor":21,"turns":6},{"damage":22,"enemies":"Centurion and Healer","floor":22,"turns":7},{"damage":31,"enemies":"Book of Stabbing","floor":23,"turns":4}],"seed_played":"6505402146822414827","potions_obtained":[{"floor":1.0,"key":"Ancient Potion"},{"floor":5.0,"key":"Strength Potion"},{"floor":8.0,"key":"PowerPotion"},{"floor":14,"key":"Dexterity Potion"},{"floor":16,"key":"Block Potion"},{"floor":21,"key":"FairyPotion"}],"is_trial":false,"path_per_floor":["M","M","$","?","M","E","R","E","T","M","R","E","$","M","R","B",null,"M","M","T","M","M","E"],"character_chosen":"IRONCLAD","items_purchased":[],"campfire_rested":1,"item_purchase_floors":[],"current_hp_per_floor":[72,59,59,72,66,42,42,28,28,36,58,63,63,66,66,65,76,66,41,41,17,31,0,0],"gold":251,"neow_bonus":"TRANSFORM_TWO_CARDS","is_daily":false,"chose_seed":false,"campfire_upgraded":2,"win_rate":0.0,"timestamp":1614140395,"path_taken":["M","?","$","?","M","E","R","E","T","M","R","E","?","M","R","BOSS","M","M","?","?","M","E"],"items_purchased_type":[],"build_version":"2020-12-22","purchased_purges":2,"victory":false,"max_hp_per_floor":[72,72,72,72,72,74,74,74,74,76,76,76,76,78,78,80,80,82,84,84,86,86,86,86],"relic_stats":{"Singing Bowl":14,"counters":[14,66],"Black Star":0,"Kunai":[2],"obtain_stats":[{"Singing Bowl":6,"Incense Burner":9,"Black Star":17,"Kunai":12,"Bottled Tornado":20,"Burning Blood":0,"FossilizedHelix":8},{"Singing Bowl":4,"Incense Burner":5,"Black Star":9,"Kunai":7,"Bottled Tornado":11,"Burning Blood":0,"FossilizedHelix":5},{"Singing Bowl":14,"Incense Burner":19,"Black Star":39,"Kunai":26,"Bottled Tornado":49,"Burning Blood":0,"FossilizedHelix":19}],"Burning Blood":78},"card_choices":[{"not_picked":["Thunderclap","Bloodletting","Perfected Strike"],"picked":"SKIP","floor":1.0},{"not_picked":["Wild Strike","Havoc"],"picked":"Body Slam","floor":2.0},{"not_picked":["Thunderclap","Burning Pact"],"picked":"Body Slam","floor":5.0},{"not_picked":["Armaments","Warcry","Thunderclap"],"picked":"Singing Bowl","floor":6.0},{"not_picked":["Corruption","True Grit"],"picked":"Twin Strike","floor":8.0},{"not_picked":["Body Slam","Iron Wave","Warcry"],"picked":"Singing Bowl","floor":10},{"not_picked":["Pommel Strike","Combust"],"picked":"Metallicize","floor":12},{"not_picked":["Shrug It Off","Rampage","Flex"],"picked":"Singing Bowl","floor":14},{"not_picked":["Berserk","Exhume","Brutality"],"picked":"Singing Bowl","floor":16},{"not_picked":["Anger","Ghostly Armor","Clothesline+1"],"picked":"Singing Bowl","floor":18},{"not_picked":["Twin Strike+1","Bloodletting+1","Cleave"],"picked":"Singing Bowl","floor":19},{"not_picked":["Fire Breathing+1","Thunderclap","Uppercut"],"picked":"Singing Bowl","floor":21},{"not_picked":["Shockwave","Hemokinesis"],"picked":"Armaments","floor":22}],"player_experience":169196,"relics_obtained":[{"floor":6.0,"key":"Singing Bowl"},{"floor":8.0,"key":"FossilizedHelix"},{"floor":9.0,"key":"Incense Burner"},{"floor":12,"key":"Kunai"},{"floor":20,"key":"Bottled Tornado"}],"event_choices":[{"damage_healed":13.0,"max_hp_gain":0.0,"max_hp_loss":0.0,"gold_gain":0.0,"event_name":"Wheel of Change","player_choice":"Full Heal","floor":4.0,"gold_loss":0.0,"damage_taken":0.0}],"is_beta":false,"boss_relics":[{"not_picked":["Black Blood","Runic Cube"],"picked":"Black Star"}],"items_purged_floors":[3,13],"is_endless":false,"potions_floor_spawned":[1,5,8,14,16,21],"killed_by":"Book of Stabbing","ascension_level":6}}