{"host":"aq6j0shg22k0vr7s","time":1614157016,"event":{"mods":["2.2 Compatiblity","AchievementEnabler","BaseMod","Better Note","Downfall","GifTheSpireLib","Googly Eyes","Hermit","Marisa????????","Minty Spire (QoL Compilation)","Quick Restart","StSLib","The Cursed","The Exalted","The Poker Player","UnlockEverythingMod"],"gold_per_floor":[99,109,109,129,129,129,153,153,173,173,190,203,203,232,242,342,342,42,52,65,83,31,31,31,64,64,64,84,103,35,35,54,54,54,54],"floor_reached":33,"language":"ENG","playtime":2313,"items_purged":[],"score":294,"play_id":"cfac0e3f-dea2-4ad7-aacf-e1dfd552c695","local_time":"20210224005656","is_ascension_mode":false,"campfire_choices":[{"floor":1,"key":"RECALL"},{"data":"Guardian:Incinerate","floor":10,"key":"SMITH"},{"floor":13,"key":"REST"},{"data":"Guardian:WalkerClaw","floor":23,"key":"SMITH"}],"circlet_count":0,"master_deck":["Guardian:Strike_Guardian","Guardian:Strike_Guardian","Guardian:Strike_Guardian","Guardian:Strike_Guardian","Guardian:Defend_Guardian","Guardian:Defend_Guardian","Guardian:Defend_Guardian","Guardian:Defend_Guardian","Guardian:CurlUp","Guardian:TwinSlam","Guardian:Incinerate+1","Guardian:VentSteam","Guardian:StasisStrike","Guardian:TemporalStrike","Guardian:BaubleBeam","Guardian:TimeBomb","Guardian:WalkerClaw+1","Guardian:AncientConstruct","Guardian:Recover","Guardian:RollAttack","Guardian:StasisField","Guardian:ShieldSpikes","Guardian:EvasiveProtocol","Guardian:Incinerate","Guardian:PrimingBeam","Guardian:PrimingBeam","Guardian:Recover+1"],"relics":["Guardian:ModeShifterPlus","Guardian:PickAxe","Tiny Chest","downfall:HeartBlessingRed","downfall:HeartBlessingGreen","downfall:HeartBlessingBlue","Bottled Tornado","Gremlin Horn","Shuriken"],"acts_visited":["Exordium","TheCity"],"potions_floor_usage":[11,14,21,32,33,33,33],"damage_taken":[{"damage":1,"enemies":"2 Louse","floor":2,"turns":3},{"damage":5,"enemies":"Small Slimes","floor":4,"turns":4},{"damage":13,"enemies":"Small Slimes","floor":5,"turns":6},{"damage":12,"enemies":"Jaw Worm","floor":9,"turns":4},{"damage":0,"enemies":"Exordium Wildlife","floor":11,"turns":4},{"damage":9,"enemies":"Blue Slaver","floor":12,"turns":4},{"damage":26,"enemies":"3 Sentries","floor":14,"turns":9},{"damage":7,"enemies":"3 Louse","floor":15,"turns":3},{"damage":18,"enemies":"SI_SHIV_ARCHETYPE","floor":16,"turns":9},{"damage":0,"enemies":"Shell Parasite","floor":19,"turns":4},{"damage":12,"enemies":"downfall:LooterAlt2","floor":20,"turns":6},{"damage":0,"enemies":"Snake Plant","floor":21,"turns":4},{"damage":0,"enemies":"downfall:FleeingMerchant","floor":22,"turns":4},{"damage":12,"enemies":"Book of Stabbing","floor":25,"turns":7},{"damage":0,"enemies":"3 Cultists","floor":28,"turns":4},{"damage":0,"enemies":"Cultist and Chosen","floor":29,"turns":5},{"damage":0,"enemies":"downfall:FleeingMerchant","floor":30,"turns":4},{"damage":14,"enemies":"Centurion and Healer","floor":32,"turns":7},{"damage":70,"enemies":"IC_MUSHROOM_ARCHETYPE","floor":33,"turns":15}],"seed_played":"-7995233068999448049","potions_obtained":[{"floor":9,"key":"Guardian:DefensiveModePotion"},{"floor":11,"key":"Ancient Potion"},{"floor":20,"key":"SkillPotion"},{"floor":25,"key":"SpeedPotion"},{"floor":28,"key":"SkillPotion"},{"floor":29,"key":"BlessingOfTheForge"},{"floor":32,"key":"PowerPotion"}],"is_trial":false,"path_per_floor":["R","M","?","M","?","R","T","?","M","R","M","M","R","E","M","B",null,"R","M","M","M","$","R","T","E","?","?","M","M","$","T","M","B"],"character_chosen":"GUARDIAN","items_purchased":["Guardian:ShieldSpikes","Guardian:PrimingBeam"],"campfire_rested":1,"item_purchase_floors":[22,30],"current_hp_per_floor":[88,87,87,82,63,63,63,63,51,51,51,42,68,42,35,17,88,98,98,86,86,86,86,86,74,74,74,74,74,74,74,60,0,0,0],"gold":54,"neow_bonus":"TEN_PERCENT_HP_BONUS","is_daily":false,"chose_seed":false,"campfire_upgraded":2,"win_rate":0.0,"timestamp":1614157016,"path_taken":["R","M","?","M","?","R","T","?","M","R","M","M","R","E","M","BOSS","R","M","M","M","$","R","T","E","?","?","M","M","?","?","M","BOSS"],"items_purchased_type":["Card","Card"],"build_version":"2020-12-22","purchased_purges":0,"victory":false,"max_hp_per_floor":[88,88,88,88,88,88,88,88,88,88,88,88,88,88,88,88,88,98,98,98,98,98,98,98,98,98,98,98,98,98,98,98,98,98,98],"card_choices":[{"not_picked":["Guardian:Gem_Lightblue","Guardian:Suspension"],"picked":"Guardian:Incinerate","floor":2},{"not_picked":["Guardian:Suspension","Guardian:BodySlam"],"picked":"Guardian:VentSteam","floor":4},{"not_picked":["Guardian:Gem_Lightblue","Guardian:Recover"],"picked":"Guardian:StasisStrike","floor":9},{"not_picked":["Guardian:Incinerate","Guardian:EvasiveProtocol"],"picked":"Guardian:TemporalStrike","floor":11},{"not_picked":["Guardian:TemporalShield","Guardian:Gem_Lightblue"],"picked":"Guardian:BaubleBeam","floor":12},{"not_picked":["Guardian:BronzeArmor","Guardian:ExploitGems"],"picked":"Guardian:TimeBomb","floor":14},{"not_picked":["Guardian:Gem_Red","Guardian:Reroute"],"picked":"Guardian:WalkerClaw","floor":15},{"not_picked":["Guardian:TimeSifter","Guardian:BaubleBeam"],"picked":"Guardian:AncientConstruct","floor":16},{"not_picked":["Guardian:TemporalShield","Guardian:Incinerate"],"picked":"Guardian:Recover","floor":19},{"not_picked":["Guardian:Clone","Guardian:Recover"],"picked":"Guardian:RollAttack","floor":20},{"not_picked":["Guardian:Gem_Cyan","Guardian:Preprogram"],"picked":"Guardian:Gem_Purple","floor":21},{"not_picked":["Guardian:ChargeCore","Guardian:Gem_Lightblue"],"picked":"Guardian:StasisField","floor":22},{"not_picked":["Guardian:Clone","Guardian:Gem_Cyan"],"picked":"Guardian:EvasiveProtocol","floor":25},{"not_picked":["Guardian:DonusPower","Guardian:Suspension"],"picked":"Guardian:Incinerate","floor":28},{"not_picked":["Guardian:CrystalBeam","Guardian:Incinerate"],"picked":"Guardian:PrimingBeam","floor":29},{"not_picked":["Guardian:Planning","Guardian:Gem_Lightblue","Guardian:Gem_Green"],"picked":"SKIP","floor":30},{"not_picked":["Guardian:AncientConstruct","Guardian:RollAttack"],"picked":"Guardian:Recover+1","floor":32}],"player_experience":82044,"relics_obtained":[{"floor":14,"key":"Tiny Chest"},{"floor":24,"key":"Bottled Tornado"},{"floor":25,"key":"Gremlin Horn"},{"floor":31,"key":"Shuriken"}],"event_choices":[{"damage_healed":0,"gold_gain":0,"player_choice":"Ignored","damage_taken":0,"max_hp_gain":0,"max_hp_loss":0,"event_name":"betterNote:BetterNote","floor":26,"gold_loss":0,"cards_obtained":["hermit:BodyArmor"]}],"is_beta":false,"boss_relics":[{"not_picked":["Coffee Dripper","Runic Pyramid"],"picked":"Guardian:ModeShifterPlus"}],"items_purged_floors":[],"is_endless":false,"potions_floor_spawned":[5,9,11,20,25,28,29,32],"killed_by":"IC_MUSHROOM_ARCHETYPE","ascension_level":0}}