{"host":"1vy6j31128f61x2z","time":1614202856,"event":{"mods":["AchievementEnabler","BaseMod","Colored Powertips","Curses Come First","Minty Spire (QoL Compilation)","Permanent Neow","Random Character Button","Relic Stats","StSLib"],"gold_per_floor":[15,15,15,29,43,43,74,74,74,101,276,291,291,30,30,126,126,141,141,66,84,96,96,96],"floor_reached":23,"language":"ENG","playtime":806,"items_purged":[],"score":381,"play_id":"1dd7f46d-b845-4436-a72f-ddbd8c131ef3","local_time":"20210224164056","is_ascension_mode":true,"campfire_choices":[{"data":"CutThroughFate","floor":6.0,"key":"SMITH"},{"data":"CutThroughFate","floor":8.0,"key":"SMITH"},{"data":"Perseverance","floor":13.0,"key":"SMITH"},{"data":"Perseverance","floor":15.0,"key":"SMITH"}],"circlet_count":0,"master_deck":["Defend_P+1","Defend_P","Defend_P+1","Defend_P","Eruption+1","Vigilance","DeusExMachina","CutThroughFate+1","Indignation","CutThroughFate+1","Perseverance+1","Tantrum","ReachHeaven","ReachHeaven","Perseverance+1","LessonLearned","ClearTheMind","Bite","Bite+1","Bite","Bite","Bite","TalkToTheHand","MasterReality"],"relics":["PureWater","Question Card","Mercury Hourglass","CaptainsWheel","Pen Nib","Snecko Eye"],"acts_visited":["Exordium","TheCity"],"potions_floor_usage":[23],"damage_taken":[{"damage":0.0,"enemies":"2 Louse","floor":1.0,"turns":3.0},{"damage":2.0,"enemies":"Small Slimes","floor":4.0,"turns":3.0},{"damage":0.0,"enemies":"Cultist","floor":5.0,"turns":2.0},{"damage":0.0,"enemies":"Gremlin Nob","floor":7.0,"turns":2.0},{"damage":3.0,"enemies":"3 Sentries","floor":10.0,"turns":4.0},{"damage":0.0,"enemies":"Exordium Wildlife","floor":12.0,"turns":2.0},{"damage":0.0,"enemies":"Slime Boss","floor":16.0,"turns":4.0},{"damage":13.0,"enemies":"Shell Parasite","floor":18.0,"turns":5.0},{"damage":0.0,"enemies":"Spheric Guardian","floor":21.0,"turns":1.0},{"damage":30.0,"enemies":"Snake Plant","floor":22.0,"turns":3.0},{"damage":31,"enemies":"Slavers","floor":23,"turns":2}],"seed_played":"490446173986211205","potions_obtained":[{"floor":1.0,"key":"Dexterity Potion"},{"floor":12.0,"key":"BlessingOfTheForge"},{"floor":22.0,"key":"BottledMiracle"}],"is_trial":false,"path_per_floor":["M","?","?","M","M","R","E","R","T","E","?","M","R","$","R","B",null,"M","?","?","M","M","E"],"character_chosen":"WATCHER","items_purchased":["Pen Nib","ReachHeaven","Perseverance"],"campfire_rested":0,"item_purchase_floors":[14,14,14],"current_hp_per_floor":[65,65,58,56,56,56,56,56,56,53,53,53,53,53,53,53,67,54,50,50,50,24,0,0],"gold":96,"neow_bonus":"THREE_RARE_CARDS","is_daily":false,"chose_seed":false,"campfire_upgraded":4,"win_rate":0.0,"timestamp":1614202856,"path_taken":["M","?","?","M","M","R","E","R","T","E","?","M","R","$","R","BOSS","M","?","?","M","M","E"],"items_purchased_type":["Relic","Card","Card"],"build_version":"2020-12-22","purchased_purges":0,"victory":false,"max_hp_per_floor":[72,72,72,72,72,72,72,72,72,72,72,72,72,72,72,72,72,72,50,50,50,50,50,50],"relic_stats":{"counters":[11,31],"Snecko Eye":[20,16,17,21],"Pen Nib":[3],"Question Card":7,"obtain_stats":[{"CaptainsWheel":10,"Snecko Eye":17,"Pen Nib":14,"PureWater":0,"Question Card":7,"Mercury Hourglass":9},{"CaptainsWheel":5,"Snecko Eye":7,"Pen Nib":6,"PureWater":0,"Question Card":4,"Mercury Hourglass":4},{"CaptainsWheel":14,"Snecko Eye":20,"Pen Nib":16,"PureWater":0,"Question Card":10,"Mercury Hourglass":10}],"Mercury Hourglass":[81]},"card_choices":[{"not_picked":["ConjureBlade","Devotion"],"picked":"DeusExMachina","floor":0.0},{"not_picked":["Worship","Wireheading"],"picked":"CutThroughFate","floor":1.0},{"not_picked":["Protect","CutThroughFate"],"picked":"Indignation","floor":4.0},{"not_picked":["FlyingSleeves","FlurryOfBlows"],"picked":"CutThroughFate","floor":5.0},{"not_picked":["PathToVictory","Prostrate"],"picked":"Perseverance","floor":7.0},{"not_picked":["SignatureMove","EmptyFist","EmptyBody"],"picked":"Tantrum","floor":10.0},{"not_picked":["EmptyBody","WaveOfTheHand","DeceiveReality"],"picked":"ReachHeaven","floor":12.0},{"not_picked":["Scrawl","SpiritShield","Vault"],"picked":"LessonLearned","floor":16.0},{"not_picked":["ThirdEye","ReachHeaven","BowlingBash"],"picked":"ClearTheMind","floor":18.0},{"not_picked":["Swivel","Tantrum","Consecrate"],"picked":"TalkToTheHand","floor":21.0},{"not_picked":["Meditate","BowlingBash+1","TalkToTheHand"],"picked":"MasterReality","floor":22.0}],"player_experience":146735,"relics_obtained":[{"floor":7.0,"key":"Question Card"},{"floor":9.0,"key":"Mercury Hourglass"},{"floor":10.0,"key":"CaptainsWheel"}],"event_choices":[{"damage_healed":0.0,"max_hp_gain":0.0,"max_hp_loss":0.0,"gold_gain":0.0,"event_name":"Living Wall","player_choice":"Grow","floor":2.0,"gold_loss":0.0,"damage_taken":0.0,"cards_upgraded":["Eruption"]},{"cards_removed":["Strike_P"],"damage_healed":0.0,"max_hp_gain":0.0,"max_hp_loss":0.0,"gold_gain":0.0,"event_name":"Golden Wing","player_choice":"Card Removal","floor":3.0,"gold_loss":0.0,"damage_taken":7.0},{"damage_healed":0.0,"max_hp_gain":0.0,"max_hp_loss":0.0,"gold_gain":175.0,"event_name":"Liars Game","player_choice":"AGREE","floor":11.0,"gold_loss":0.0,"damage_taken":0.0,"cards_obtained":["Doubt"]},{"damage_healed":0.0,"max_hp_gain":0.0,"max_hp_loss":22.0,"gold_gain":0.0,"event_name":"Vampires","player_choice":"Became a vampire","floor":19.0,"gold_loss":0.0,"damage_taken":0.0,"cards_obtained":["Bite","Bite","Bite","Bite","Bite"]},{"cards_removed":["Doubt"],"damage_healed":0.0,"max_hp_gain":0.0,"max_hp_loss":0.0,"gold_gain":0.0,"event_name":"Beggar","player_choice":"Gave Gold","floor":20.0,"gold_loss":75.0,"damage_taken":0.0}],"is_beta":false,"boss_relics":[{"not_picked":["Tiny House","SlaversCollar"],"picked":"Snecko Eye"}],"items_purged_floors":[],"is_endless":false,"potions_floor_spawned":[1,12,22],"killed_by":"Slavers","ascension_level":6}}