{"host":"qy1e0kd24tpj3i2m","time":1614186369,"event":{"mods":["Act Like it!","BaseMod","Better Skull","Better Vampires","Bossed Relics","Colored Map","Colored Powertips","Curses Come First","Custom Start","Extra Virgin Snecko Oil","Faster Ascension Climbing","Friendly Minions","GifTheSpireLib","Gremlin Skip","Highlight Path","Minty Spire (QoL Compilation)","Permanent Neow","Poor People Problems","Quick Restart","Red Circlet Mod","Relic Filter Mod","Relic Sorter","Reorder Act Four","SacredBarkPlus","Shop Mod","StSLib","SuperFastMode","Transform Curses"],"gold_per_floor":[114,131,131,281,281,281,301,301,351,385,397,397,397],"floor_reached":12,"language":"ZHS","playtime":380,"items_purged":[],"score":156,"play_id":"f8595a75-bb3b-44cb-b6c9-aa6f31017248","local_time":"20210225020609","is_ascension_mode":true,"campfire_choices":[{"data":"Armaments","floor":6.0,"key":"SMITH"},{"data":"Armaments","floor":8.0,"key":"SMITH"}],"circlet_count":0,"master_deck":["AscendersBane","Strike_R","Strike_R","Strike_R","Strike_R","Strike_R","Defend_R","Defend_R","Defend_R","Defend_R","Bash","Armaments+1","Armaments+1","Doubt","Pain","Seeing Red","Inflame+1","Uppercut"],"relics":["Pandora\u0027s Box","Bronze Scales","WarpedTongs","Frozen Egg 2"],"acts_visited":["Exordium"],"potions_floor_usage":[12],"damage_taken":[{"damage":0.0,"enemies":"Cultist","floor":1.0,"turns":2.0},{"damage":0.0,"enemies":"Jaw Worm","floor":2.0,"turns":3.0},{"damage":7.0,"enemies":"Small Slimes","floor":7.0,"turns":4.0},{"damage":35.0,"enemies":"3 Sentries","floor":10.0,"turns":11.0},{"damage":18.0,"enemies":"Exordium Thugs","floor":11.0,"turns":4.0},{"damage":3,"enemies":"Gremlin Nob","floor":12,"turns":3}],"seed_played":"6299527037419169107","potions_obtained":[{"floor":2.0,"key":"Weak Potion"},{"floor":10.0,"key":"SkillPotion"}],"is_trial":false,"path_per_floor":["M","M","T","?","?","R","M","R","T","E","M","E"],"character_chosen":"IRONCLAD","items_purchased":[],"campfire_rested":0,"item_purchase_floors":[],"current_hp_per_floor":[68,68,68,68,68,68,61,61,61,26,8,5,5],"gold":397,"neow_bonus":"BOSS_RELIC","is_daily":false,"chose_seed":false,"campfire_upgraded":2,"win_rate":0.0,"timestamp":1614186369,"path_taken":["M","M","?","?","?","R","M","R","T","E","?","E"],"items_purchased_type":[],"build_version":"2020-12-22","purchased_purges":0,"victory":false,"max_hp_per_floor":[75,75,75,75,75,75,75,75,75,75,75,75,75],"card_choices":[{"not_picked":["Cleave","Warcry"],"picked":"Armaments","floor":1.0},{"not_picked":["Pommel Strike","Cleave"],"picked":"Armaments","floor":2.0},{"not_picked":["Body Slam","Sentinel"],"picked":"Seeing Red","floor":7.0},{"not_picked":["Hemokinesis","True Grit"],"picked":"Inflame+1","floor":10.0},{"not_picked":["Body Slam","Armaments"],"picked":"Uppercut","floor":11.0}],"player_experience":915825,"relics_obtained":[{"floor":3.0,"key":"Bronze Scales"},{"floor":10.0,"key":"Frozen Egg 2"}],"event_choices":[{"damage_healed":0.0,"max_hp_gain":0.0,"max_hp_loss":0.0,"gold_gain":150.0,"event_name":"Liars Game","player_choice":"AGREE","floor":4.0,"gold_loss":0.0,"damage_taken":0.0,"cards_obtained":["Doubt"]},{"damage_healed":0.0,"max_hp_gain":0.0,"max_hp_loss":0.0,"gold_gain":0.0,"event_name":"Accursed Blacksmith","player_choice":"Rummage","floor":5.0,"gold_loss":0.0,"damage_taken":0.0,"relics_obtained":["WarpedTongs"],"cards_obtained":["Pain"]}],"is_beta":false,"boss_relics":[],"items_purged_floors":[],"is_endless":false,"potions_floor_spawned":[2,10],"killed_by":"Gremlin Nob","ascension_level":20}}