{"host":"75labscqqrd170u0","time":1614154627,"event":{"mods":["BaseMod","Downfall","Hermit","Koishi","Marisa????????","Minty Spire (QoL Compilation)","Remilia??????","Replay The Spire","StSLib","The Cursed","The Servant 0.9.4"],"gold_per_floor":[110,124,141,152,152,152,169,196,196,211,211,211,241,255,255,358,358,358,358],"floor_reached":18,"language":"ENG","playtime":927,"items_purged":[],"score":174,"play_id":"86efad63-0777-4f2e-ba6f-b5d5a7f087dd","local_time":"20210224031707","is_ascension_mode":false,"campfire_choices":[{"floor":6,"key":"RECALL"},{"floor":15,"key":"REST"}],"circlet_count":0,"master_deck":["hermit:Strike_Hermit","hermit:Strike_Hermit+1","hermit:Strike_Hermit","hermit:Strike_Hermit","hermit:Defend_Hermit","hermit:Defend_Hermit","hermit:Defend_Hermit","hermit:Defend_Hermit","hermit:Snapshot","hermit:Covet","hermit:Determination","hermit:Brawl","hermit:NoHoldsBarred","hermit:Misfire","hermit:Brawl","hermit:Enervate","hermit:Enervate","Parasite","hermit:Ricochet","hermit:Malice","hermit:DeadOrAlive"],"relics":["hermit:ClaspedLocket","Blue Doll","Bird Faced Urn","Counterbalance","Ice Cream"],"acts_visited":["Exordium","TheCity"],"potions_floor_usage":[7,8,13,16],"damage_taken":[{"damage":0,"enemies":"Cultist","floor":1,"turns":3},{"damage":2,"enemies":"2 Louse","floor":2,"turns":3},{"damage":7,"enemies":"Small Slimes","floor":3,"turns":4},{"damage":7,"enemies":"2 Fungi Beasts","floor":4,"turns":2},{"damage":13,"enemies":"Lots of Slimes","floor":7,"turns":3},{"damage":16,"enemies":"Replay:BlueRogue","floor":8,"turns":5},{"damage":14,"enemies":"Blue Slaver","floor":10,"turns":4},{"damage":10,"enemies":"Gremlin Nob","floor":13,"turns":4},{"damage":0,"enemies":"Looter","floor":14,"turns":2},{"damage":49,"enemies":"Hexaghost","floor":16,"turns":8},{"damage":51,"enemies":"Shell Parasite","floor":18,"turns":8}],"seed_played":"1857203997075015522","potions_obtained":[{"floor":1,"key":"EssenceOfSteel"},{"floor":2,"key":"CultistPotion"},{"floor":4,"key":"EssenceOfSteel"},{"floor":7,"key":"hexamod:SoulburnPotion"}],"is_trial":false,"path_per_floor":["M","M","M","M","?","R","M","E","T","M","?","?","E","M","R","B",null,"M"],"character_chosen":"HERMIT","items_purchased":[],"campfire_rested":1,"item_purchase_floors":[],"current_hp_per_floor":[82,80,73,66,66,66,53,37,37,25,45,33,25,27,51,8,82,37,37],"gold":358,"neow_bonus":"TEN_PERCENT_HP_BONUS","is_daily":false,"chose_seed":false,"campfire_upgraded":0,"win_rate":0.0,"timestamp":1614154627,"path_taken":["M","?","M","M","?","R","M","E","T","M","?","?","E","M","R","BOSS","M"],"items_purchased_type":[],"build_version":"2020-12-13","purchased_purges":0,"victory":false,"max_hp_per_floor":[82,82,82,82,82,82,82,82,82,82,82,82,82,82,82,82,82,82,82],"card_choices":[{"not_picked":["hermit:Maintenance","hermit:Gestalt"],"picked":"hermit:Determination","floor":1},{"not_picked":["hermit:Ricochet","hermit:HoleUp"],"picked":"hermit:Brawl","floor":2},{"not_picked":["hermit:Misfire","hermit:Gestalt"],"picked":"hermit:NoHoldsBarred","floor":3},{"not_picked":["hermit:Vantage","hermit:DeadMansHand"],"picked":"hermit:Misfire","floor":4},{"not_picked":["hermit:Gestalt","hermit:Combo"],"picked":"hermit:Brawl","floor":7},{"not_picked":["hermit:BigShot","hermit:EyeOfTheStorm"],"picked":"hermit:Enervate","floor":8},{"not_picked":["hermit:CalledShot","hermit:TrackingShot"],"picked":"hermit:Enervate","floor":10},{"not_picked":["hermit:EyeOfTheStorm","hermit:BigShot"],"picked":"hermit:Ricochet","floor":13},{"not_picked":["hermit:Manifest","hermit:Ricochet"],"picked":"hermit:Malice","floor":14},{"not_picked":["hermit:HeroicBravado","hermit:BlackWind"],"picked":"hermit:DeadOrAlive","floor":16}],"player_experience":86920,"relics_obtained":[{"floor":8,"key":"Blue Doll"},{"floor":9,"key":"Bird Faced Urn"},{"floor":13,"key":"Ice Cream"}],"event_choices":[{"damage_healed":20,"gold_gain":0,"player_choice":"Healed and dodged fight","damage_taken":0,"max_hp_gain":0,"max_hp_loss":0,"event_name":"Mushrooms","floor":11,"gold_loss":0,"cards_obtained":["Parasite"]},{"damage_healed":0,"gold_gain":0,"player_choice":"Success","damage_taken":12,"relics_obtained":["Counterbalance"],"max_hp_gain":0,"max_hp_loss":0,"event_name":"Scrap Ooze","floor":12,"gold_loss":0}],"is_beta":false,"boss_relics":[{"not_picked":["ChewingGum","Tiny House"],"picked":"hermit:ClaspedLocket"}],"items_purged_floors":[],"is_endless":false,"potions_floor_spawned":[1,2,4,7],"killed_by":"Shell Parasite","ascension_level":0}}