{"host":"zxd2l8an9de7z7b9","time":1614163174,"event":{"mods":["100% Spire Juice","2.2 Compatiblity","AchievementEnabler","BaseMod","CapriCore","Colored Map","Colored Powertips","Marisa£¨Ùöéë¡¡Øª×âÞÞ£©","Minty Spire (QoL Compilation)","Rare Cards Sparkle","StSLib","SuperFastMode","Td1madao Mod","everything is the same but u backflip on backflip"],"gold_per_floor":[117,129,141,216,235,235,247,260,260,260,260,336,359,434,434,563,563,579,206,227,227,227,227,243,143,169,169,190,190,215,236,236,236,236],"floor_reached":33,"language":"KOR","playtime":978,"items_purged":["Strike_P","Strike_P"],"score":241,"play_id":"19bbb110-3f6d-4c66-b01b-a3ec64464c6d","local_time":"20210224193934","is_ascension_mode":false,"campfire_choices":[{"data":"Eruption","floor":6.0,"key":"SMITH"},{"data":"Tantrum","floor":10.0,"key":"SMITH"},{"floor":15.0,"key":"REST"},{"data":"Ragnarok","floor":23.0,"key":"SMITH"},{"data":"Meditate","floor":27,"key":"SMITH"},{"data":"Study","floor":29,"key":"SMITH"},{"data":"EmptyMind","floor":32,"key":"SMITH"}],"circlet_count":0,"master_deck":["Strike_P","Defend_P","Defend_P","Defend_P","Defend_P","Eruption+1","Vigilance","EmptyMind+1","Indignation","Tantrum+1","Study+1","Ragnarok+1","Meditate+1","Sanctity","Halt+1"],"relics":["HolyWater","Lizard Tail","Golden Idol","Bottled Flame","TeardropLocket","Potion Belt"],"acts_visited":["TheCity"],"potions_floor_usage":[33,33],"damage_taken":[{"damage":2.0,"enemies":"Cultist","floor":1.0,"turns":3.0},{"damage":5.0,"enemies":"2 Louse","floor":2.0,"turns":2.0},{"damage":1.0,"enemies":"Jaw Worm","floor":3.0,"turns":4.0},{"damage":7.0,"enemies":"Large Slime","floor":5.0,"turns":4.0},{"damage":4.0,"enemies":"Exordium Wildlife","floor":7.0,"turns":3.0},{"damage":2.0,"enemies":"Blue Slaver","floor":8.0,"turns":7.0},{"damage":4.0,"enemies":"3 Louse","floor":13.0,"turns":3.0},{"damage":52.0,"enemies":"Hexaghost","floor":16.0,"turns":6.0},{"damage":10.0,"enemies":"Chosen","floor":18.0,"turns":2.0},{"damage":0.0,"enemies":"Spheric Guardian","floor":20.0,"turns":2.0},{"damage":23,"enemies":"Snake Plant","floor":24,"turns":4},{"damage":0,"enemies":"Centurion and Healer","floor":28,"turns":2},{"damage":0,"enemies":"3 Cultists","floor":30,"turns":2},{"damage":0,"enemies":"Cultist and Chosen","floor":31,"turns":3},{"damage":0,"enemies":"Collector","floor":33,"turns":2}],"seed_played":"4879616788718984137","potions_obtained":[{"floor":1.0,"key":"FairyPotion"},{"floor":7.0,"key":"Fire Potion"},{"floor":8.0,"key":"SpeedPotion"},{"floor":30,"key":"Swift Potion"}],"is_trial":false,"path_per_floor":["M","M","M","?","M","R","M","M","T","R","?","T","M","?","R","B",null,"M","$","M","?","?","R","M","$","T","R","M","R","M","M","R","B"],"character_chosen":"WATCHER","items_purchased":["TeardropLocket","Strength Potion"],"campfire_rested":1,"item_purchase_floors":[19,19],"current_hp_per_floor":[70,65,64,57,50,50,46,44,44,44,26,26,22,11,32,9,72,62,62,62,62,62,62,39,39,39,39,39,39,39,39,39,39,39],"gold":236,"neow_bonus":"REMOVE_CARD","is_daily":false,"chose_seed":false,"campfire_upgraded":6,"win_rate":0.0,"timestamp":1614163174,"path_taken":["M","?","M","?","?","R","M","M","T","R","?","?","M","?","R","BOSS","M","$","M","?","?","R","M","?","T","R","M","R","M","M","R","BOSS"],"items_purchased_type":["Relic","Potion"],"build_version":"2020-12-22","purchased_purges":2,"victory":false,"max_hp_per_floor":[72,72,72,72,72,72,72,72,72,72,72,72,72,72,72,72,72,72,72,72,72,72,72,72,72,72,72,72,72,72,72,72,72,72],"card_choices":[{"not_picked":["Prostrate","Consecrate"],"picked":"EmptyMind","floor":1.0},{"not_picked":["Prostrate","ThirdEye","CutThroughFate"],"picked":"SKIP","floor":2.0},{"not_picked":["Perseverance","ClearTheMind"],"picked":"Indignation","floor":3.0},{"not_picked":["ReachHeaven","JustLucky"],"picked":"Tantrum","floor":5.0},{"not_picked":["ForeignInfluence","ThirdEye","EmptyBody"],"picked":"SKIP","floor":7.0},{"not_picked":["LikeWater","Protect","ForeignInfluence"],"picked":"SKIP","floor":8.0},{"not_picked":["Fasting2","Consecrate"],"picked":"Study","floor":13.0},{"not_picked":["Wish","DeusExMachina"],"picked":"Ragnarok","floor":16.0},{"not_picked":["Halt","EmptyBody"],"picked":"Meditate","floor":18.0},{"not_picked":["ClearTheMind","CutThroughFate"],"picked":"Sanctity","floor":20.0},{"not_picked":["CutThroughFate","EmptyFist","CarveReality"],"picked":"SKIP","floor":24},{"not_picked":["FlyingSleeves","Study+1"],"picked":"Halt+1","floor":28},{"not_picked":["BowlingBash","FlurryOfBlows+1","EmptyMind"],"picked":"SKIP","floor":30},{"not_picked":["Evaluate","Fasting2","FollowUp"],"picked":"SKIP","floor":31}],"player_experience":467448,"relics_obtained":[{"floor":9.0,"key":"Lizard Tail"},{"floor":12.0,"key":"Bottled Flame"},{"floor":26,"key":"Potion Belt"}],"event_choices":[{"damage_healed":0.0,"max_hp_gain":0.0,"max_hp_loss":0.0,"gold_gain":75.0,"event_name":"FaceTrader","player_choice":"Touch","floor":4.0,"gold_loss":0.0,"damage_taken":7.0},{"damage_healed":0.0,"max_hp_gain":0.0,"max_hp_loss":0.0,"gold_gain":0.0,"event_name":"Golden Idol","player_choice":"Take Damage","floor":11.0,"gold_loss":0.0,"damage_taken":18.0,"relics_obtained":["Golden Idol"]},{"damage_healed":0.0,"max_hp_gain":0.0,"max_hp_loss":0.0,"gold_gain":75.0,"event_name":"World of Goop","player_choice":"Gather Gold","floor":14.0,"gold_loss":0.0,"damage_taken":11.0},{"damage_healed":0.0,"max_hp_gain":0.0,"max_hp_loss":0.0,"gold_gain":0.0,"event_name":"Ghosts","player_choice":"Ignored","floor":21.0,"gold_loss":0.0,"damage_taken":0.0},{"damage_healed":0.0,"max_hp_gain":0.0,"max_hp_loss":0.0,"gold_gain":0.0,"event_name":"Vampires","player_choice":"Ignored","floor":22.0,"gold_loss":0.0,"damage_taken":0.0}],"is_beta":false,"boss_relics":[{"not_picked":["Tiny House","Black Star"],"picked":"HolyWater"}],"items_purged_floors":[19,25],"is_endless":false,"potions_floor_spawned":[1,7,8,30],"killed_by":"Collector","ascension_level":0}}