{"host":"t9zjxed0utvsfjwc","time":1614147488,"event":{"mods":["2.2 Compatiblity","A Penny For Your Troubles","Act Like it!","Aspiration","BaseMod","Bestiary","Better Altar","Better Match","Better Note","Better Sensory Stone","Better Skull","Better Synergies","Better Third Choice","Better Vampires","BetterRewards","Block Reminder","Bossed Relics","Colored Map","Colored Powertips","Conspire","Defuse TimeMaze Blight","Energized Spire","Friendly Minions","GifTheSpireLib","Highlight Path","Hubris","Infinite Spire","Library of Ruina","Library of Ruina Extra","Minty Spire (QoL Compilation)","Quick Restart","Rare Cards Sparkle","Relic Sorter","Relic Stats","Reliquary","Replay The Spire","StS++","StSLib","Stuff the Spire","Unceasing Turn Reminder","everything is the same but u backflip on backflip"],"gold_per_floor":[111,123,141,151,163,192,192,223,275,306,306,306,332,332,332,434,434,445,445,458,458,458],"floor_reached":21,"language":"ENG","playtime":2461,"items_purged":["Strike_R","Strike_R"],"score":272,"play_id":"3b7af5f8-9a90-43f9-ba2f-3a1af9189dbf","local_time":"20210224061808","is_ascension_mode":true,"campfire_choices":[{"data":"Hemokinesis","floor":7,"key":"SMITH"},{"floor":11,"key":"REST"},{"floor":15,"key":"REST"}],"circlet_count":0,"master_deck":["Strike_R","Strike_R+1","Defend_R","Defend_R","Defend_R","Defend_R+1","Bash","Clash","Hemokinesis+1","Seeing Red","ReplayTheSpireMod:Stacked","Reaper","Clash","ReplayTheSpireMod:Brewmster+1","ReplayUltimateDefense+1","hubris:EnhanceAbility+1","Disarm","Brutality"],"relics":["Black Star","Replay:Rubber Ducky","hubris:Zylophone","reliquary:WeakTea","PageOfScarecrow","hubris:SlimyHat","Gremlin Food","reliquary:TuningFork","Replay:WaspNest","infinitespire:PuzzleCube","reliquary:RustamsPendant","reliquary:PorcupineQuills","TheAbacus","reliquary:Boomerang"],"acts_visited":["Exordium","TheCity"],"potions_floor_usage":[6,6,10,16,16,16,16,16,20,21,21],"damage_taken":[{"damage":0,"enemies":"2 Louse","floor":1,"turns":3},{"damage":0,"enemies":"Cultist","floor":2,"turns":3},{"damage":2,"enemies":"Small Slimes","floor":3,"turns":2},{"damage":4,"enemies":"Gremlin Gang","floor":4,"turns":5},{"damage":2,"enemies":"3 Louse","floor":5,"turns":2},{"damage":4,"enemies":"Lagavulin","floor":6,"turns":9},{"damage":40,"enemies":"3 Sentries","floor":8,"turns":9},{"damage":28,"enemies":"Lagavulin","floor":10,"turns":6},{"damage":0,"enemies":"Gremlin Nob","floor":13,"turns":6},{"damage":24,"enemies":"Hexaghost","floor":16,"turns":7},{"damage":21,"enemies":"Chosen","floor":18,"turns":6},{"damage":5,"enemies":"3 Byrds","floor":20,"turns":7},{"damage":16,"enemies":"Snake Plant","floor":21,"turns":1}],"seed_played":"-3167710769417146945","potions_obtained":[{"floor":1,"key":"PowerPotion"},{"floor":5,"key":"EssenceOfSteel"},{"floor":8,"key":"EssenceOfSteel"},{"floor":10,"key":"PowerPotion"},{"floor":16,"key":"DuplicationPotion"}],"is_trial":false,"path_per_floor":["M","M","M","M","M","E","R","E","T","E","R","?","E","?","R","B",null,"M","$","M","M"],"character_chosen":"IRONCLAD","items_purchased":["reliquary:PorcupineQuills","TheAbacus","reliquary:Boomerang"],"campfire_rested":2,"item_purchase_floors":[19,19,19],"current_hp_per_floor":[80,80,78,74,72,68,68,28,28,4,28,28,32,32,56,40,80,59,17,15,0,0],"gold":458,"neow_bonus":"BOSS_RELIC","is_daily":false,"chose_seed":false,"campfire_upgraded":1,"win_rate":0.0,"timestamp":1614147488,"path_taken":["M","M","M","M","M","E","R","E","T","E","R","?","E","?","R","BOSS","M","?","M","M"],"items_purchased_type":["Relic","Relic","Relic"],"build_version":"2020-12-22","purchased_purges":2,"victory":false,"max_hp_per_floor":[80,80,80,80,80,80,80,80,80,80,80,80,80,80,80,80,80,80,80,80,80,80],"relic_stats":{"TheAbacus":[18],"counters":[17,80],"Black Star":4,"obtain_stats":[{"Gremlin Food":10,"ReplayTheSpireMod:Ring of Exchange":2,"StSpp:SailorCap":6,"reliquary:Boomerang":19,"Happy Flower":0,"Replay:WaspNest":13,"hubris:SlimyHat":9,"reliquary:Spinner":11,"reliquary:WeakTea":8,"Smiling Mask":9,"Burning Blood":0,"Replay:Rubber Ducky":6,"hubris:Zylophone":6,"PageOfScarecrow":8,"reliquary:RustamsPendant":17,"reliquary:PorcupineQuills":19,"TheAbacus":19,"PageOfJudgementBird":5,"Black Star":0,"reliquary:TuningFork":10,"ReplayTheSpireMod:Ring of Challenge":2,"infinitespire:PuzzleCube":13},{"Gremlin Food":12,"ReplayTheSpireMod:Ring of Exchange":1,"StSpp:SailorCap":2,"reliquary:Boomerang":15,"Happy Flower":0,"Replay:WaspNest":13,"hubris:SlimyHat":11,"reliquary:Spinner":3,"reliquary:WeakTea":11,"Smiling Mask":2,"Burning Blood":0,"Replay:Rubber Ducky":10,"hubris:Zylophone":10,"PageOfScarecrow":11,"reliquary:RustamsPendant":14,"reliquary:PorcupineQuills":15,"TheAbacus":15,"PageOfJudgementBird":1,"Black Star":4,"reliquary:TuningFork":12,"ReplayTheSpireMod:Ring of Challenge":1,"infinitespire:PuzzleCube":13},{"Gremlin Food":53,"ReplayTheSpireMod:Ring of Exchange":3,"StSpp:SailorCap":6,"reliquary:Boomerang":72,"Happy Flower":0,"Replay:WaspNest":59,"hubris:SlimyHat":47,"reliquary:Spinner":13,"reliquary:WeakTea":47,"Smiling Mask":6,"Burning Blood":0,"Replay:Rubber Ducky":38,"hubris:Zylophone":38,"PageOfScarecrow":47,"reliquary:RustamsPendant":66,"reliquary:PorcupineQuills":72,"TheAbacus":72,"PageOfJudgementBird":3,"Black Star":14,"reliquary:TuningFork":53,"ReplayTheSpireMod:Ring of Challenge":3,"infinitespire:PuzzleCube":59}]},"card_choices":[{"not_picked":["StSpp:Sprint","StuffTheSpire:RockThrow"],"picked":"Clash","floor":1},{"not_picked":["Dark Embrace","Shrug It Off"],"picked":"Hemokinesis","floor":2},{"not_picked":["Body Slam","Clothesline","Disarm"],"picked":"SKIP","floor":3},{"not_picked":["Second Wind","Shrug It Off"],"picked":"Seeing Red","floor":4},{"not_picked":["Thunderclap","Sentinel"],"picked":"ReplayTheSpireMod:Stacked","floor":5},{"not_picked":["Dropkick","Body Slam","Power Through"],"picked":"SKIP","floor":6},{"not_picked":["Clothesline","ReplayReversal"],"picked":"Reaper","floor":8},{"not_picked":["StuffTheSpire:Incineration","conspire:HitWhereItHurts"],"picked":"Clash","floor":10},{"not_picked":["Metamorphosis+1","ReplayUltimateDefense+1"],"picked":"ReplayTheSpireMod:Brewmster+1","floor":12},{"not_picked":["Secret Technique+1","Magnetism+1"],"picked":"ReplayUltimateDefense+1","floor":12},{"not_picked":["Magnetism+1","Violence+1"],"picked":"hubris:EnhanceAbility+1","floor":12},{"not_picked":["Rupture","Headbutt","Replay:Many Hands"],"picked":"SKIP","floor":13},{"not_picked":["Replay:Many Hands","Demonic Infusion"],"picked":"Brutality","floor":16},{"not_picked":["StSpp:Sprint","StuffTheSpire:RockThrow","Sword Boomerang+1"],"picked":"SKIP","floor":18},{"not_picked":["StSpp:Succumb","Metallicize","Warcry"],"picked":"SKIP","floor":20}],"player_experience":424148,"relics_obtained":[{"floor":6,"key":"Replay:Rubber Ducky"},{"floor":6,"key":"hubris:Zylophone"},{"floor":8,"key":"reliquary:WeakTea"},{"floor":8,"key":"PageOfScarecrow"},{"floor":9,"key":"hubris:SlimyHat"},{"floor":10,"key":"Gremlin Food"},{"floor":10,"key":"reliquary:TuningFork"},{"floor":13,"key":"Replay:WaspNest"},{"floor":13,"key":"infinitespire:PuzzleCube"}],"event_choices":[{"damage_healed":0,"gold_gain":0,"player_choice":"3","damage_taken":0,"max_hp_gain":0,"max_hp_loss":0,"event_name":"betterMatch:BetterMatch","floor":12,"gold_loss":0,"cards_obtained":["betterMatch:ColorlessRareCard"]},{"damage_healed":0,"gold_gain":0,"cards_transformed":["Strike_R"],"player_choice":"Transformed","damage_taken":0,"max_hp_gain":0,"max_hp_loss":0,"event_name":"Transmorgrifier","floor":14,"gold_loss":0,"cards_obtained":["Disarm"]}],"is_beta":false,"boss_relics":[{"not_picked":["Ring of Chaos","aspiration:FutureDiary"],"picked":"reliquary:RustamsPendant"}],"items_purged_floors":[19,19],"is_endless":false,"potions_floor_spawned":[1,5,8,10,16],"killed_by":"Snake Plant","ascension_level":1}}