{"host":"Vegetablebread","time":1614203414,"event":{"mods":["BaseMod","Bestiary","Minty Spire (QoL Compilation)","Relic Stats","Slay the Relics Exporter","StSLib"],"gold_per_floor":[14,33,33,49,63,102,177,190,190,190,223,6,45,45,45,143,143,168,181,205,205,218,257,257,283,333,345,377,377,394,422,422,497,497,510,529,529,539,539,539,570,570,570,604,604,629,640,654,654,654,654,654,654,2,27,27],"floor_reached":57,"language":"ENG","playtime":13637,"items_purged":["Havoc"],"score":3034,"play_id":"65d3b8af-f1d8-4ca5-a33b-17f37a1cc3ce","local_time":"20210224135014","is_ascension_mode":true,"campfire_choices":[{"floor":10,"key":"REST"},{"data":"Armaments","floor":15,"key":"SMITH"},{"data":"Rampage","floor":29,"key":"SMITH"},{"data":"Shockwave","floor":32,"key":"SMITH"},{"data":"Limit Break","floor":40,"key":"SMITH"},{"data":"Ghostly","floor":42,"key":"SMITH"},{"floor":45,"key":"RECALL"},{"data":"Body Slam","floor":49,"key":"SMITH"},{"data":"Ghostly","floor":53,"key":"SMITH"}],"circlet_count":0,"master_deck":["AscendersBane","Bash","Rampage+1","Cleave+1","Clothesline","Headbutt","Armaments+1","True Grit","Corruption","Feel No Pain","Disarm","Ghostly+1","Ghostly+1","Ghostly","Shockwave+1","Offering","Spot Weakness","Impervious","Iron Wave","Pommel Strike","Barricade","True Grit","Limit Break+1","Warcry","True Grit","Dropkick","Body Slam+1","Spot Weakness+1","Shrug It Off+1","Intimidate+1","Berserk","Fiend Fire","Ghostly+1","Limit Break","Exhume"],"relics":["Burning Blood","Magic Flower","Bloody Idol","Lantern","Vajra","Red Skull","Happy Flower","The Courier","Runic Pyramid","Bottled Lightning","Centennial Puzzle","Whetstone","Nunchaku","MealTicket","Pandora\u0027s Box","Self Forming Clay","Pen Nib","Regal Pillow","DollysMirror","Akabeko"],"acts_visited":["Exordium","TheCity","TheBeyond","TheEnding"],"potions_floor_usage":[11,16,16,25,31,56],"damage_taken":[{"damage":2.0,"enemies":"Cultist","floor":1.0,"turns":4.0},{"damage":2.0,"enemies":"2 Louse","floor":2.0,"turns":3.0},{"damage":7.0,"enemies":"Jaw Worm","floor":4.0,"turns":4.0},{"damage":8.0,"enemies":"Exordium Wildlife","floor":5.0,"turns":4.0},{"damage":37.0,"enemies":"Lagavulin","floor":6.0,"turns":8.0},{"damage":1,"enemies":"2 Fungi Beasts","floor":8,"turns":3},{"damage":31,"enemies":"Gremlin Nob","floor":11,"turns":4},{"damage":7,"enemies":"Lagavulin","floor":13,"turns":6},{"damage":4,"enemies":"The Guardian","floor":16,"turns":11},{"damage":28,"enemies":"Chosen","floor":18,"turns":5},{"damage":25,"enemies":"2 Thieves","floor":19,"turns":4},{"damage":2,"enemies":"Snecko","floor":20,"turns":6},{"damage":21,"enemies":"Shelled Parasite and Fungi","floor":22,"turns":5},{"damage":0,"enemies":"Gremlin Leader","floor":23,"turns":7},{"damage":5,"enemies":"Book of Stabbing","floor":25,"turns":6},{"damage":0,"enemies":"3 Cultists","floor":27,"turns":4},{"damage":6,"enemies":"Gremlin Leader","floor":28,"turns":8},{"damage":4,"enemies":"Centurion and Healer","floor":30,"turns":7},{"damage":17,"enemies":"Slavers","floor":31,"turns":5},{"damage":16,"enemies":"Collector","floor":33,"turns":10},{"damage":1,"enemies":"3 Darklings","floor":35,"turns":4},{"damage":1,"enemies":"3 Shapes","floor":36,"turns":4},{"damage":16,"enemies":"Transient","floor":38,"turns":6},{"damage":1,"enemies":"Nemesis","floor":41,"turns":5},{"damage":2,"enemies":"Giant Head","floor":44,"turns":6},{"damage":4,"enemies":"Nemesis","floor":46,"turns":5},{"damage":2,"enemies":"3 Darklings","floor":47,"turns":3},{"damage":12,"enemies":"Spire Growth","floor":48,"turns":5},{"damage":30,"enemies":"Donu and Deca","floor":50,"turns":9},{"damage":8,"enemies":"Awakened One","floor":51,"turns":7},{"damage":14,"enemies":"Shield and Spear","floor":55,"turns":5},{"damage":23,"enemies":"The Heart","floor":56,"turns":9}],"seed_played":"2548852616614739285","potions_obtained":[{"floor":1.0,"key":"EssenceOfSteel"},{"floor":4.0,"key":"Energy Potion"},{"floor":8,"key":"FearPotion"},{"floor":11,"key":"SkillPotion"},{"floor":16,"key":"BloodPotion"},{"floor":23,"key":"LiquidBronze"},{"floor":25,"key":"EssenceOfSteel"},{"floor":27,"key":"FairyPotion"},{"floor":31,"key":"EntropicBrew"}],"is_trial":false,"path_per_floor":["M","M","?","M","M","E","?","M","T","R","E","$","E","?","R","B",null,"M","M","M","?","M","E","?","E","T","M","E","R","M","E","R","B",null,"M","M","?","M","?","R","E","R","T","E","R","E","M","M","R","B","B",null,"R","$","E","B",null],"character_chosen":"IRONCLAD","items_purchased":["Happy Flower","SkillPotion","Fiend Fire","DollysMirror","Limit Break","Exhume","CultistPotion"],"campfire_rested":1,"item_purchase_floors":[12,12,54,54,54,54,54],"current_hp_per_floor":[75,75,49,51,52,24,13,21,21,43,21,21,23,23,23,28,63,44,28,35,35,23,32,32,37,37,37,37,37,37,37,37,35,37,37,37,37,35,37,37,37,37,37,37,37,37,37,37,37,16,17,32,32,37,37,23],"gold":27,"neow_bonus":"ONE_RARE_RELIC","is_daily":false,"chose_seed":false,"campfire_upgraded":7,"win_rate":0.0,"timestamp":1614203414,"path_taken":["M","M","?","M","M","E","?","M","T","R","E","$","E","?","R","BOSS","M","M","M","?","M","E","?","E","T","M","E","R","M","E","R","BOSS","M","M","?","?","?","R","E","R","T","E","R","E","?","M","R","BOSS","BOSS","R","$","E","BOSS"],"items_purchased_type":["Relic","Potion","Card","Relic","Card","Card","Potion"],"build_version":"2020-12-18","purchased_purges":1,"victory":true,"max_hp_per_floor":[75,75,75,75,75,75,75,75,75,75,75,75,75,75,75,75,75,75,75,75,37,37,37,37,37,37,37,37,37,37,37,37,37,37,37,37,37,37,37,37,37,37,37,37,37,37,37,37,37,37,37,37,37,37,37,37],"relic_stats":{"Regal Pillow":0,"Happy Flower":[50],"counters":[32,182],"Self Forming Clay":[87],"Magic Flower":[66],"Pen Nib":[6],"Whetstone":["Strike_R","Cleave"],"Burning Blood":221,"Centennial Puzzle":[48],"Nunchaku":[14],"Bloody Idol":24,"MealTicket":5,"Pandora\u0027s Box":["Iron Wave","Pommel Strike","Barricade","True Grit","Limit Break","Warcry","True Grit","Wild Strike","Dropkick"],"obtain_stats":[{"Lantern":6,"Regal Pillow":46,"Happy Flower":12,"Golden Idol":3,"Self Forming Clay":41,"Magic Flower":0,"Vajra":9,"The Courier":13,"Pen Nib":44,"Whetstone":26,"Burning Blood":0,"Akabeko":55,"Centennial Puzzle":25,"Nunchaku":28,"DollysMirror":54,"Bloody Idol":24,"MealTicket":31,"Pandora\u0027s Box":34,"Bottled Lightning":23,"Red Skull":11,"Runic Pyramid":17},{"Lantern":5,"Regal Pillow":26,"Happy Flower":7,"Golden Idol":2,"Self Forming Clay":24,"Magic Flower":0,"Vajra":6,"The Courier":8,"Pen Nib":25,"Whetstone":15,"Burning Blood":0,"Akabeko":31,"Centennial Puzzle":15,"Nunchaku":17,"DollysMirror":30,"Bloody Idol":14,"MealTicket":19,"Pandora\u0027s Box":20,"Bottled Lightning":14,"Red Skull":7,"Runic Pyramid":9},{"Lantern":23,"Regal Pillow":144,"Happy Flower":30,"Golden Idol":7,"Self Forming Clay":133,"Magic Flower":0,"Vajra":26,"The Courier":36,"Pen Nib":139,"Whetstone":80,"Burning Blood":0,"Akabeko":173,"Centennial Puzzle":80,"Nunchaku":92,"DollysMirror":168,"Bloody Idol":74,"MealTicket":104,"Pandora\u0027s Box":114,"Bottled Lightning":74,"Red Skull":30,"Runic Pyramid":47}]},"card_choices":[{"not_picked":["Fire Breathing","Dark Embrace"],"picked":"Rampage","floor":1.0},{"not_picked":["Twin Strike","Inflame"],"picked":"Cleave","floor":2.0},{"not_picked":["Pommel Strike","Perfected Strike"],"picked":"Clothesline","floor":4.0},{"not_picked":["Heavy Blade","Juggernaut"],"picked":"Headbutt","floor":5.0},{"not_picked":["Twin Strike","Heavy Blade","Thunderclap"],"picked":"SKIP","floor":6.0},{"not_picked":["Rampage","Cleave"],"picked":"Armaments","floor":8},{"not_picked":["Iron Wave","Clash"],"picked":"Havoc","floor":11},{"not_picked":["Rupture","Sword Boomerang"],"picked":"True Grit","floor":13},{"not_picked":["Exhume","Impervious"],"picked":"Corruption","floor":16},{"not_picked":["Heavy Blade","Havoc","Clash"],"picked":"SKIP","floor":18},{"not_picked":["Flex","Pommel Strike"],"picked":"Feel No Pain","floor":19},{"not_picked":["Seeing Red","Havoc"],"picked":"Disarm","floor":20},{"not_picked":["Twin Strike","Cleave"],"picked":"Shockwave","floor":22},{"not_picked":["Clothesline","Flex+1","Pommel Strike"],"picked":"SKIP","floor":23},{"not_picked":["Armaments","Heavy Blade","Iron Wave"],"picked":"SKIP","floor":25},{"not_picked":["Pommel Strike","Flex"],"picked":"Offering","floor":27},{"not_picked":["Anger","Havoc","Pommel Strike"],"picked":"SKIP","floor":28},{"not_picked":["Cleave+1","Wild Strike"],"picked":"Spot Weakness","floor":30},{"not_picked":["Intimidate","Thunderclap+1","Bludgeon"],"picked":"SKIP","floor":31},{"not_picked":["Berserk","Demon Form"],"picked":"Impervious","floor":33},{"not_picked":["Rampage+1","Warcry"],"picked":"Body Slam","floor":35},{"not_picked":["Ghostly Armor","True Grit"],"picked":"Spot Weakness+1","floor":36},{"not_picked":["Pommel Strike+1","Iron Wave"],"picked":"Shrug It Off+1","floor":38},{"not_picked":["Armaments","Iron Wave"],"picked":"Intimidate+1","floor":41},{"not_picked":["Thunderclap","Dark Embrace"],"picked":"Berserk","floor":44},{"not_picked":["Perfected Strike","Searing Blow","Twin Strike"],"picked":"SKIP","floor":46},{"not_picked":["True Grit","Rage","Fire Breathing"],"picked":"SKIP","floor":47},{"not_picked":["Thunderclap","Cleave","Body Slam"],"picked":"SKIP","floor":48},{"not_picked":["Ghostly Armor","Cleave","Dual Wield"],"picked":"SKIP","floor":55}],"player_experience":10602169,"relics_obtained":[{"floor":6.0,"key":"Lantern"},{"floor":9,"key":"Vajra"},{"floor":11,"key":"Red Skull"},{"floor":13,"key":"The Courier"},{"floor":23,"key":"Bottled Lightning"},{"floor":25,"key":"Centennial Puzzle"},{"floor":26,"key":"Whetstone"},{"floor":28,"key":"Nunchaku"},{"floor":31,"key":"MealTicket"},{"floor":41,"key":"Self Forming Clay"},{"floor":44,"key":"Pen Nib"},{"floor":46,"key":"Regal Pillow"},{"floor":55,"key":"Akabeko"}],"event_choices":[{"damage_healed":0.0,"max_hp_gain":0.0,"max_hp_loss":0.0,"gold_gain":0.0,"event_name":"Golden Idol","player_choice":"Take Damage","floor":3.0,"gold_loss":0.0,"damage_taken":26.0,"relics_obtained":["Golden Idol"]},{"damage_healed":0.0,"max_hp_gain":0.0,"max_hp_loss":0.0,"gold_gain":75.0,"event_name":"World of Goop","player_choice":"Gather Gold","floor":7.0,"gold_loss":0.0,"damage_taken":11.0},{"damage_healed":0,"gold_gain":0,"player_choice":"Fled","damage_taken":0,"max_hp_gain":0,"max_hp_loss":0,"event_name":"Scrap Ooze","floor":14,"gold_loss":0},{"damage_healed":0,"gold_gain":0,"player_choice":"Became a Ghost","damage_taken":0,"max_hp_gain":0,"max_hp_loss":38,"event_name":"Ghosts","floor":21,"gold_loss":0,"cards_obtained":["Ghostly","Ghostly","Ghostly"]},{"damage_healed":0,"gold_gain":0,"player_choice":"Gave Idol","damage_taken":0,"relics_obtained":["Bloody Idol"],"max_hp_gain":0,"max_hp_loss":0,"event_name":"Forgotten Altar","floor":24,"relics_lost":["Golden Idol"],"gold_loss":0},{"damage_healed":0,"gold_gain":0,"player_choice":"Got Potions","damage_taken":0,"max_hp_gain":0,"max_hp_loss":0,"event_name":"Lab","floor":37,"gold_loss":0},{"cards_removed":["Wild Strike"],"damage_healed":5,"gold_gain":0,"player_choice":"Offered Common","damage_taken":0,"max_hp_gain":0,"max_hp_loss":0,"event_name":"Bonfire Elementals","floor":39,"gold_loss":0},{"cards_removed":["Wild Strike"],"damage_healed":5,"gold_gain":0,"player_choice":"Offered Special","damage_taken":0,"max_hp_gain":0,"max_hp_loss":0,"event_name":"Bonfire Elementals","floor":39,"gold_loss":0}],"is_beta":true,"boss_relics":[{"not_picked":["SlaversCollar","Empty Cage"],"picked":"Runic Pyramid"},{"not_picked":["Runic Dome","Cursed Key"],"picked":"Pandora\u0027s Box"}],"items_purged_floors":[54],"is_endless":false,"potions_floor_spawned":[1,4,8,11,16,23,25,27,31,41,48],"ascension_level":20}}