{"host":"emqr263yqun247y7","time":1614202198,"event":{"mods":["Aspiration","BaseMod","Bestiary","BetterRewards","Colored Map","Curses Come First","Downfall","Hubris","Infinite Spire","Jorbs\u0027s Wanderer Trilogy","Marisa????????","Minty Spire (QoL Compilation)","READ ME - Guardian Mod","Replay The Spire","Robot Space Explorer","Spire Arcade","StSLib","The Bug Knight","The Cursed","The Disciple","The Hierophant","The Runesmith","The Servant 0.9.4","Yuri Mod","slay the spire mod where everything is the same but ironclad has a cowboy hat"],"gold_per_floor":[110,110,129,129,129,129,49,66,136,166,212,237,267,299,299,314,314],"floor_reached":16,"language":"ENG","playtime":1689,"items_purged":[],"score":104,"play_id":"2e2c6d6f-44f2-48c2-b10f-0492c6d17b2e","local_time":"20210224132958","is_ascension_mode":false,"campfire_choices":[{"data":"yuri:Oolong","floor":6,"key":"SMITH"},{"data":"yuri:BookRed","floor":15,"key":"SMITH"}],"circlet_count":0,"master_deck":["yuri:yuriStrike","yuri:yuriStrike","yuri:yuriStrike","yuri:yuriStrike","yuri:yuriStrike","yuri:yuriDefend","yuri:yuriDefend","yuri:yuriDefend","yuri:yuriDefend","yuri:yuriDefend","yuri:Oolong+1","yuri:yuriStab","yuri:HeavierStrike","yuri:AdaptiveAI","ReplayTheSpireMod:??????????????????????","yuri:StealPen","yuri:ThrowingKnives","yuri:CalmingAura","yuri:BookBlue","yuri:UntestedCode","yuri:GlitchedStrike","yuri:BookRed+1"],"relics":["yuri:yuriKnife","Runesmith:AutoHammer","White Beast Statue","Simple Rune"],"acts_visited":["Exordium"],"potions_floor_usage":[13,16,16],"damage_taken":[{"damage":0,"enemies":"2 Louse","floor":1,"turns":2},{"damage":1,"enemies":"Jaw Worm","floor":3,"turns":5},{"damage":0,"enemies":"Small Slimes","floor":8,"turns":2},{"damage":2,"enemies":"Red Slaver","floor":10,"turns":3},{"damage":13,"enemies":"HollowMod:MossKnight","floor":11,"turns":12},{"damage":1,"enemies":"Looter","floor":12,"turns":3},{"damage":0,"enemies":"2 Fungi Beasts","floor":13,"turns":3},{"damage":6,"enemies":"Gremlin Gang","floor":14,"turns":5},{"damage":84,"enemies":"Slime Boss","floor":16,"turns":14}],"seed_played":"-5600836380556180312","potions_obtained":[{"floor":1,"key":"Milkshake"},{"floor":8,"key":"Block Potion"},{"floor":10,"key":"BlessingOfTheForge"},{"floor":14,"key":"SneckoOil"}],"is_trial":false,"path_per_floor":["M","?","M","?","?","R","$","M","T","M","E","M","M","M","R","B"],"character_chosen":"YURI","items_purchased":["yuri:StealPen"],"campfire_rested":0,"item_purchase_floors":[7],"current_hp_per_floor":[88,81,84,61,61,61,61,61,61,66,60,66,73,74,74,0,0],"gold":314,"neow_bonus":"TEN_PERCENT_HP_BONUS","is_daily":false,"chose_seed":false,"campfire_upgraded":2,"win_rate":0.0,"timestamp":1614202198,"path_taken":["M","?","M","?","?","R","?","M","T","?","E","M","M","M","R","BOSS"],"items_purchased_type":["Card"],"build_version":"2020-12-22","purchased_purges":0,"victory":false,"max_hp_per_floor":[88,88,88,88,88,88,88,88,88,88,88,88,88,88,88,88,88],"card_choices":[{"not_picked":["yuri:RecklessStrike","yuri:ThrowBook"],"picked":"yuri:HeavierStrike","floor":1},{"not_picked":["yuri:DeepBreathing","yuri:yuriHeavyStrike"],"picked":"yuri:AdaptiveAI","floor":3},{"not_picked":["infinitespire:Fortify","infinitespire:DeathsTouch"],"picked":"ReplayTheSpireMod:??????????????????????","floor":4},{"not_picked":["yuri:AdaptiveAI","yuri:CalmingAura"],"picked":"yuri:ThrowingKnives","floor":8},{"not_picked":["yuri:yuriQuickStrike","yuri:ThrowingKnives"],"picked":"yuri:CalmingAura","floor":10},{"not_picked":["yuri:ThrowingKnives","yuri:MultiDip"],"picked":"yuri:BookBlue","floor":11},{"not_picked":["yuri:ReloadGame","yuri:yuriHeavyStrike"],"picked":"yuri:UntestedCode","floor":12},{"not_picked":["yuri:RecklessStrike","yuri:ThrowingKnives"],"picked":"yuri:GlitchedStrike","floor":13},{"not_picked":["yuri:Suicide","yuri:RecklessStrike"],"picked":"yuri:BookRed","floor":14}],"player_experience":721482,"relics_obtained":[{"floor":9,"key":"White Beast Statue"},{"floor":11,"key":"Simple Rune"}],"event_choices":[{"damage_healed":0,"gold_gain":0,"player_choice":"Success","damage_taken":7,"relics_obtained":["Runesmith:AutoHammer"],"max_hp_gain":0,"max_hp_loss":0,"event_name":"Scrap Ooze","floor":2,"gold_loss":0}],"is_beta":false,"boss_relics":[],"items_purged_floors":[],"is_endless":false,"potions_floor_spawned":[1,8,10,11,12,13,14],"killed_by":"Slime Boss","ascension_level":0}}