{"host":"nj4msrt0z6tj4wtb","time":1614188024,"event":{"mods":["AchievementEnabler","BaseMod","Colored Map","Colored Powertips","DeckTracker","Highlight Path","Keyboard Shortcuts","Minty Spire (QoL Compilation)","Quick Restart","Random Character Button","StSLib","SuperFastMode"],"gold_per_floor":[114,130,130,144,155,170,245,245,245,170,170,200,200,29,29,100,100,0,11,11,11],"floor_reached":20,"language":"KOR","playtime":986,"items_purged":[],"score":324,"play_id":"7becf215-f3c8-48b6-9453-45934ed73d3d","local_time":"20210225023344","is_ascension_mode":true,"campfire_choices":[{"data":"Eruption","floor":8.0,"key":"SMITH"},{"data":"Adaptation","floor":11.0,"key":"SMITH"},{"floor":15.0,"key":"REST"}],"circlet_count":0,"master_deck":["AscendersBane","Strike_P","Strike_P","Defend_P","Defend_P","Defend_P","Defend_P","Eruption+1","Vigilance","Finesse","Adaptation+1","EmptyFist","Study","Scrawl"],"relics":["PureWater","Shuriken","Odd Mushroom","Membership Card","SacredBark"],"acts_visited":["Exordium","TheCity"],"potions_floor_usage":[],"damage_taken":[{"damage":4.0,"enemies":"Small Slimes","floor":1.0,"turns":6.0},{"damage":0.0,"enemies":"Cultist","floor":2.0,"turns":2.0},{"damage":0.0,"enemies":"2 Louse","floor":4.0,"turns":5.0},{"damage":11.0,"enemies":"2 Fungi Beasts","floor":5.0,"turns":4.0},{"damage":13.0,"enemies":"Large Slime","floor":6.0,"turns":7.0},{"damage":3.0,"enemies":"The Mushroom Lair","floor":12.0,"turns":5.0},{"damage":26.0,"enemies":"The Guardian","floor":16.0,"turns":14.0},{"damage":19,"enemies":"2 Thieves","floor":18,"turns":5},{"damage":24,"enemies":"Shell Parasite","floor":19,"turns":7},{"damage":13,"enemies":"Centurion and Healer","floor":20,"turns":3}],"seed_played":"6375729821711323719","potions_obtained":[{"floor":1.0,"key":"ColorlessPotion"},{"floor":5.0,"key":"EssenceOfSteel"},{"floor":16.0,"key":"Dexterity Potion"}],"is_trial":false,"path_per_floor":["M","M","?","M","M","M","?","R","T","?","R","?","?","$","R","B",null,"M","M","M"],"character_chosen":"WATCHER","items_purchased":["Membership Card"],"campfire_rested":1,"item_purchase_floors":[14],"current_hp_per_floor":[57,57,57,57,46,33,22,22,22,22,22,19,19,19,39,13,54,35,11,0,0],"gold":11,"neow_bonus":"RANDOM_COLORLESS","is_daily":false,"chose_seed":false,"campfire_upgraded":2,"win_rate":0.0,"timestamp":1614188024,"path_taken":["M","M","?","M","?","M","?","R","T","?","R","?","?","?","R","BOSS","M","M","M"],"items_purchased_type":["Relic"],"build_version":"2020-12-22","purchased_purges":0,"victory":false,"max_hp_per_floor":[68,68,68,68,68,68,68,68,68,68,68,68,68,68,68,68,68,68,68,68,68],"card_choices":[{"not_picked":["Dramatic Entrance","Deep Breath"],"picked":"Finesse","floor":0.0},{"not_picked":["ThirdEye","BowlingBash"],"picked":"Adaptation","floor":1.0},{"not_picked":["FlyingSleeves","ThirdEye"],"picked":"EmptyFist","floor":2.0},{"not_picked":["FollowUp","ConjureBlade"],"picked":"Study","floor":4.0},{"not_picked":["Crescendo","WheelKick","FlurryOfBlows"],"picked":"SKIP","floor":5.0},{"not_picked":["Prostrate","DeceiveReality","SashWhip"],"picked":"SKIP","floor":6.0},{"not_picked":["SpiritShield","DevaForm"],"picked":"Scrawl","floor":16.0},{"not_picked":["ThirdEye","WindmillStrike","FollowUp"],"picked":"SKIP","floor":18},{"not_picked":["Halt","SashWhip","WaveOfTheHand"],"picked":"SKIP","floor":19}],"player_experience":680608,"relics_obtained":[{"floor":9.0,"key":"Shuriken"},{"floor":12.0,"key":"Odd Mushroom"}],"event_choices":[{"cards_removed":["Strike_P"],"damage_healed":0.0,"max_hp_gain":0.0,"max_hp_loss":0.0,"gold_gain":0.0,"event_name":"Purifier","player_choice":"Purged","floor":3.0,"gold_loss":0.0,"damage_taken":0.0},{"damage_healed":0.0,"max_hp_gain":0.0,"max_hp_loss":0.0,"gold_gain":75.0,"event_name":"World of Goop","player_choice":"Gather Gold","floor":7.0,"gold_loss":0.0,"damage_taken":11.0},{"cards_removed":["Strike_P"],"damage_healed":0.0,"max_hp_gain":0.0,"max_hp_loss":0.0,"gold_gain":0.0,"event_name":"The Cleric","player_choice":"Card Removal","floor":10.0,"gold_loss":75.0,"damage_taken":0.0},{"damage_healed":0.0,"max_hp_gain":0.0,"max_hp_loss":0.0,"gold_gain":0.0,"event_name":"Mushrooms","player_choice":"Fought Mushrooms","floor":12.0,"gold_loss":0.0,"damage_taken":0.0},{"damage_healed":0.0,"max_hp_gain":0.0,"max_hp_loss":0.0,"gold_gain":0.0,"event_name":"Shining Light","player_choice":"Ignored","floor":13.0,"gold_loss":0.0,"damage_taken":0.0}],"is_beta":false,"boss_relics":[{"not_picked":["Busted Crown","Snecko Eye"],"picked":"SacredBark"}],"items_purged_floors":[],"is_endless":false,"potions_floor_spawned":[1,5,16],"killed_by":"Centurion and Healer","ascension_level":20}}