{"host":"hszimsrtxxc2k25w","time":1614193222,"event":{"mods":["AchievementEnabler","BaseMod","Colored Map","DeckTracker","Minty Spire (QoL Compilation)","Rare Cards Sparkle","SuperFastMode"],"gold_per_floor":[116,41,6,6,24,355,355,367,367,383,418,418,441,455,455,548,548,564,212,228,228,228],"floor_reached":21,"language":"KOR","playtime":406,"items_purged":["Defend_P","Strike_P"],"score":466,"play_id":"cd099b8d-0472-4321-b798-c31dbe221d57","local_time":"20210225040022","is_ascension_mode":true,"campfire_choices":[{"data":"Eruption","floor":7.0,"key":"SMITH"},{"data":"Alpha","floor":15.0,"key":"SMITH"}],"circlet_count":0,"master_deck":["AscendersBane","Strike_P","Defend_P","Defend_P","Eruption+1","Vigilance","Alpha+1","CutThroughFate","Scrawl","EmptyFist+1","WreathOfFlame+1","Alpha+1"],"relics":["PureWater","NeowsBlessing","Old Coin","Kunai","Question Card","Golden Idol","Astrolabe","HornCleat"],"acts_visited":["Exordium","TheCity"],"potions_floor_usage":[18,21],"damage_taken":[{"damage":0.0,"enemies":"2 Louse","floor":1.0,"turns":1.0},{"damage":0.0,"enemies":"Jaw Worm","floor":5.0,"turns":1.0},{"damage":0.0,"enemies":"Gremlin Nob","floor":6.0,"turns":1.0},{"damage":0.0,"enemies":"Cultist","floor":8.0,"turns":3.0},{"damage":1.0,"enemies":"2 Fungi Beasts","floor":10.0,"turns":3.0},{"damage":27.0,"enemies":"3 Sentries","floor":11.0,"turns":5.0},{"damage":0.0,"enemies":"3 Louse","floor":13.0,"turns":1.0},{"damage":0.0,"enemies":"Lots of Slimes","floor":14.0,"turns":2.0},{"damage":0,"enemies":"Slime Boss","floor":16,"turns":4},{"damage":22,"enemies":"Spheric Guardian","floor":18,"turns":4},{"damage":12,"enemies":"Shell Parasite","floor":20,"turns":3},{"damage":0,"enemies":"Centurion and Healer","floor":21,"turns":1}],"seed_played":"3414180005521874963","potions_obtained":[{"floor":6.0,"key":"Swift Potion"},{"floor":10.0,"key":"BottledMiracle"},{"floor":20,"key":"SkillPotion"}],"is_trial":false,"path_per_floor":["M","$","?","?","M","E","R","M","T","M","E","?","M","M","R","B",null,"M","$","M","M"],"character_chosen":"WATCHER","items_purchased":["HornCleat"],"campfire_rested":0,"item_purchase_floors":[19],"current_hp_per_floor":[61,61,68,68,68,68,68,68,68,67,40,40,40,40,40,40,57,35,35,23,23,23],"gold":228,"neow_bonus":"THREE_ENEMY_KILL","is_daily":false,"chose_seed":false,"campfire_upgraded":2,"win_rate":0.0,"timestamp":1614193222,"path_taken":["M","$","?","?","?","E","R","M","T","M","E","?","M","M","R","BOSS","M","$","M","M"],"items_purchased_type":["Relic"],"build_version":"2020-12-22","purchased_purges":2,"victory":false,"max_hp_per_floor":[68,68,68,68,68,68,68,68,68,68,68,62,62,62,62,62,62,62,62,62,62,62],"card_choices":[{"not_picked":["EmptyBody","SashWhip","WindmillStrike"],"picked":"SKIP","floor":1.0},{"not_picked":["DeceiveReality","CutThroughFate","BattleHymn"],"picked":"SKIP","floor":5.0},{"not_picked":["Consecrate","FollowUp","FlyingSleeves"],"picked":"SKIP","floor":6.0},{"not_picked":["Fasting2","Consecrate"],"picked":"Alpha","floor":8.0},{"not_picked":["ThirdEye","ClearTheMind","WaveOfTheHand"],"picked":"SKIP","floor":10.0},{"not_picked":["Worship","DeceiveReality","Fasting2"],"picked":"SKIP","floor":11.0},{"not_picked":["WaveOfTheHand","SandsOfTime","JustLucky","CarveReality"],"picked":"SKIP","floor":13.0},{"not_picked":["Devotion","Halt","BattleHymn"],"picked":"CutThroughFate","floor":14.0},{"not_picked":["LessonLearned","Judgement","Wish"],"picked":"Scrawl","floor":16},{"not_picked":["CutThroughFate","SignatureMove","Halt+1","Meditate"],"picked":"SKIP","floor":18},{"not_picked":["Crescendo","ForeignInfluence","FollowUp","Prostrate+1"],"picked":"SKIP","floor":20}],"player_experience":704002,"relics_obtained":[{"floor":6.0,"key":"Old Coin"},{"floor":9.0,"key":"Kunai"},{"floor":11.0,"key":"Question Card"}],"event_choices":[{"damage_healed":17.0,"max_hp_gain":0.0,"max_hp_loss":0.0,"gold_gain":0.0,"event_name":"The Cleric","player_choice":"Healed","floor":3.0,"gold_loss":35.0,"damage_taken":0.0},{"damage_healed":0.0,"max_hp_gain":0.0,"max_hp_loss":0.0,"gold_gain":0.0,"cards_transformed":["Strike_P"],"event_name":"Transmorgrifier","player_choice":"Transformed","floor":4.0,"gold_loss":0.0,"damage_taken":0.0,"cards_obtained":["Conclude"]},{"damage_healed":0.0,"max_hp_gain":0.0,"max_hp_loss":6.0,"gold_gain":0.0,"event_name":"Golden Idol","player_choice":"Lose Max HP","floor":12.0,"gold_loss":0.0,"damage_taken":0.0,"relics_obtained":["Golden Idol"]}],"is_beta":false,"boss_relics":[{"not_picked":["Runic Pyramid","Pandora\u0027s Box"],"picked":"Astrolabe"}],"items_purged_floors":[2,19],"is_endless":false,"potions_floor_spawned":[6,10,14,16,20],"killed_by":"Centurion and Healer","ascension_level":15}}