{"host":"9c9syrivwe4sfpe0","time":1614158140,"event":{"mods":["AchievementEnabler","BaseMod","Colored Powertips","DeckTracker","GifTheSpireLib","Highlight Path","Minty Spire (QoL Compilation)","Quick Restart","Random Character Button","StSLib","SuperFastMode"],"gold_per_floor":[117,135,21,21,21,21,51,51,51,78,94,94,94,105,105,208,208,218,296,62,77,77,77,96,109,159,159,172,69,69,81,81,181,181,194,206,223,223,240,240,200,200,200,200,63,95,95,106,106,106,106,106,9,9,9],"floor_reached":54,"language":"ENG","playtime":3421,"items_purged":[],"score":869,"play_id":"760900cb-9d7f-4e0f-9d31-21665e1350c4","local_time":"20210224201540","is_ascension_mode":true,"campfire_choices":[{"floor":6,"key":"REST"},{"data":"Accuracy","floor":8,"key":"SMITH"},{"data":"Neutralize","floor":12,"key":"SMITH"},{"data":"Infinite Blades","floor":15,"key":"SMITH"},{"data":"After Image","floor":23,"key":"SMITH"},{"data":"A Thousand Cuts","floor":27,"key":"SMITH"},{"data":"Caltrops","floor":32,"key":"SMITH"},{"floor":40,"key":"REST"},{"floor":42,"key":"RECALL"},{"data":"Finisher","floor":44,"key":"SMITH"},{"data":"Accuracy","floor":49,"key":"SMITH"},{"floor":52,"key":"REST"}],"circlet_count":0,"master_deck":["Strike_G","Strike_G","Strike_G","Strike_G","Strike_G","Defend_G","Defend_G","Defend_G","Defend_G","Defend_G","Survivor","Neutralize+1","Infinite Blades+1","Finisher+1","Accuracy+1","Backstab","Distraction+1","Cloak And Dagger+1","PiercingWail+1","A Thousand Cuts+1","Deflect+1","After Image+1","Deep Breath+1","Backstab","Infinite Blades+1","Acrobatics+1","Blade Dance+1","Deflect+1","Caltrops+1","Flying Knee","Crippling Poison+1","Phantasmal Killer+1","Quick Slash+1","Prepared+1","Burst+1","Caltrops+1","Accuracy+1","Blade Dance+1","Cloak And Dagger+1","Finisher","The Bomb+1","Dash","Accuracy","Slice"],"relics":["Ring of the Snake","NeowsBlessing","Toxic Egg 2","Question Card","Pantograph","Vajra","Bird Faced Urn","Mango","Sozu","Regal Pillow","SlaversCollar","CaptainsWheel","Happy Flower"],"acts_visited":["Exordium","TheCity","TheBeyond","TheEnding"],"potions_floor_usage":[10],"damage_taken":[{"damage":0,"enemies":"Small Slimes","floor":1,"turns":1},{"damage":0,"enemies":"2 Louse","floor":2,"turns":1},{"damage":0,"enemies":"Lagavulin","floor":7,"turns":1},{"damage":12,"enemies":"Gremlin Nob","floor":10,"turns":4},{"damage":2,"enemies":"Cultist","floor":11,"turns":2},{"damage":0,"enemies":"Red Slaver","floor":14,"turns":2},{"damage":25,"enemies":"Slime Boss","floor":16,"turns":9},{"damage":11,"enemies":"3 Byrds","floor":18,"turns":6},{"damage":0,"enemies":"Spheric Guardian","floor":21,"turns":3},{"damage":9,"enemies":"Snecko","floor":24,"turns":4},{"damage":0,"enemies":"3 Cultists","floor":25,"turns":4},{"damage":12,"enemies":"Snake Plant","floor":28,"turns":4},{"damage":5,"enemies":"Snecko","floor":31,"turns":3},{"damage":22,"enemies":"Collector","floor":33,"turns":6},{"damage":20,"enemies":"3 Darklings","floor":35,"turns":5},{"damage":6,"enemies":"3 Shapes","floor":36,"turns":3},{"damage":11,"enemies":"Sphere and 2 Shapes","floor":37,"turns":5},{"damage":12,"enemies":"3 Darklings","floor":39,"turns":4},{"damage":2,"enemies":"Reptomancer","floor":46,"turns":5},{"damage":17,"enemies":"Transient","floor":48,"turns":5},{"damage":68,"enemies":"Donu and Deca","floor":50,"turns":7},{"damage":88,"enemies":"Shield and Spear","floor":54,"turns":3}],"seed_played":"-5026408688378896380","potions_obtained":[{"floor":1,"key":"Regen Potion"},{"floor":7,"key":"DuplicationPotion"}],"is_trial":false,"path_per_floor":["M","M","$","?","?","R","E","R","T","E","M","R","?","M","R","B",null,"M","T","$","M","?","R","M","M","T","R","M","$","?","M","R","B",null,"M","M","M","?","M","R","?","R","T","R","$","E","?","M","R","B",null,"R","$","E"],"character_chosen":"THE_SILENT","items_purchased":["Accuracy","Backstab","After Image","Deep Breath+1","Caltrops","Flying Knee","Accuracy","Blade Dance+1","Cloak And Dagger+1","Accuracy","Slice"],"campfire_rested":3,"item_purchase_floors":[3,3,20,20,29,29,45,45,45,53,53],"current_hp_per_floor":[70,70,70,37,37,58,58,58,58,46,48,48,62,64,64,59,78,71,71,71,73,73,73,68,76,76,76,72,72,72,77,77,66,80,68,68,69,69,65,84,84,84,84,84,84,84,84,69,69,26,70,84,84,0,0],"gold":9,"neow_bonus":"THREE_ENEMY_KILL","is_daily":false,"chose_seed":false,"campfire_upgraded":8,"win_rate":0.0,"timestamp":1614158140,"path_taken":["M","M","$","?","?","R","E","R","T","E","M","R","?","?","R","BOSS","M","?","$","M","?","R","M","?","T","R","M","$","?","M","R","BOSS","M","M","?","?","?","R","?","R","T","R","?","E","?","M","R","BOSS","R","$","E"],"items_purchased_type":["Card","Card","Card","Card","Card","Card","Card","Card","Card","Card","Card"],"build_version":"2020-12-22","purchased_purges":0,"victory":false,"max_hp_per_floor":[70,70,70,70,70,70,70,70,70,70,70,70,84,84,84,84,84,84,84,84,84,84,84,84,84,84,84,84,84,84,84,84,84,84,84,84,84,84,84,84,84,84,84,84,84,84,84,84,84,84,84,84,84,84,84],"card_choices":[{"not_picked":["Heel Hook","Deadly Poison"],"picked":"Infinite Blades","floor":1},{"not_picked":["Deadly Poison","Quick Slash"],"picked":"Finisher","floor":2},{"not_picked":["Dagger Throw","Expertise+1","Quick Slash"],"picked":"Distraction+1","floor":7},{"not_picked":["Quick Slash","Dagger Spray","Flechettes"],"picked":"Cloak And Dagger+1","floor":10},{"not_picked":["Endless Agony","Prepared+1","Deflect+1"],"picked":"PiercingWail+1","floor":11},{"not_picked":["Bouncing Flask+1","Backflip+1","Dagger Throw"],"picked":"Sucker Punch","floor":14},{"not_picked":["After Image","Unload","Storm of Steel+1"],"picked":"A Thousand Cuts","floor":16},{"not_picked":["Dodge and Roll+1","Outmaneuver+1","Riddle With Holes"],"picked":"Deflect+1","floor":18},{"not_picked":["Acrobatics+1","Reflex+1","Calculated Gamble+1"],"picked":"Backstab","floor":21},{"not_picked":["Heel Hook","Leg Sweep+1","Dagger Throw"],"picked":"Acrobatics+1","floor":24},{"not_picked":["Dagger Throw","Skewer","Underhanded Strike"],"picked":"Blade Dance+1","floor":25},{"not_picked":["Quick Slash","Sucker Punch","Underhanded Strike"],"picked":"Deflect+1","floor":28},{"not_picked":["Dodge and Roll+1","Bane","Acrobatics+1"],"picked":"Crippling Poison+1","floor":31},{"not_picked":["Doppelganger+1","Die Die Die","Storm of Steel+1"],"picked":"Phantasmal Killer+1","floor":33},{"not_picked":["Catalyst+1","Underhanded Strike+1","Sucker Punch+1"],"picked":"Quick Slash+1","floor":35},{"not_picked":["Leg Sweep+1","Flechettes+1","PiercingWail+1"],"picked":"Prepared+1","floor":36},{"not_picked":["Deflect+1","Riddle With Holes","Flying Knee+1"],"picked":"Burst+1","floor":37},{"not_picked":["Quick Slash+1","Riddle With Holes","Blur+1"],"picked":"Caltrops+1","floor":39},{"not_picked":["Dagger Spray","Bane+1","Riddle With Holes"],"picked":"Finisher","floor":46},{"not_picked":["HandOfGreed","Trip+1","PanicButton+1"],"picked":"The Bomb+1","floor":47},{"not_picked":["Bane+1","Outmaneuver+1","PiercingWail+1"],"picked":"Dash","floor":48}],"player_experience":858600,"relics_obtained":[{"floor":7,"key":"Pantograph"},{"floor":9,"key":"Vajra"},{"floor":10,"key":"Bird Faced Urn"},{"floor":26,"key":"Regal Pillow"},{"floor":43,"key":"CaptainsWheel"},{"floor":46,"key":"Happy Flower"}],"event_choices":[{"damage_healed":0,"gold_gain":0,"player_choice":"Success","damage_taken":33,"relics_obtained":["Toxic Egg 2"],"max_hp_gain":0,"max_hp_loss":0,"event_name":"Scrap Ooze","floor":4,"gold_loss":0},{"damage_healed":0,"gold_gain":0,"player_choice":"Box","damage_taken":0,"relics_obtained":["Question Card"],"max_hp_gain":0,"max_hp_loss":0,"event_name":"Big Fish","floor":5,"gold_loss":0,"cards_obtained":["Regret"]},{"damage_healed":0,"gold_gain":0,"player_choice":"Gave Potion","damage_taken":0,"relics_obtained":["Mango"],"max_hp_gain":0,"max_hp_loss":0,"event_name":"WeMeetAgain","floor":13,"gold_loss":0},{"damage_healed":0,"gold_gain":0,"player_choice":"1 cards matched","damage_taken":0,"max_hp_gain":0,"max_hp_loss":0,"event_name":"Match and Keep!","floor":22,"gold_loss":0,"cards_obtained":["Infinite Blades"]},{"cards_removed":["Regret"],"damage_healed":0,"gold_gain":0,"player_choice":"Removed Curses","damage_taken":0,"max_hp_gain":0,"max_hp_loss":0,"event_name":"Fountain of Cleansing","floor":30,"gold_loss":0},{"cards_removed":["Sucker Punch"],"damage_healed":0,"gold_gain":0,"player_choice":"Purged","damage_taken":0,"max_hp_gain":0,"max_hp_loss":0,"event_name":"Purifier","floor":38,"gold_loss":0},{"damage_healed":0,"gold_gain":0,"player_choice":"Upgrade","damage_taken":0,"max_hp_gain":0,"max_hp_loss":0,"event_name":"Designer","floor":41,"gold_loss":40,"cards_upgraded":["Infinite Blades"]},{"damage_healed":0,"gold_gain":0,"player_choice":"Memory 1","damage_taken":0,"max_hp_gain":0,"max_hp_loss":0,"event_name":"SensoryStone","floor":47,"gold_loss":0}],"is_beta":false,"boss_relics":[{"not_picked":["Cursed Key","Coffee Dripper"],"picked":"Sozu"},{"not_picked":["Philosopher\u0027s Stone","Runic Pyramid"],"picked":"SlaversCollar"}],"items_purged_floors":[],"is_endless":false,"potions_floor_spawned":[1,7,21,33,46,48],"killed_by":"Shield and Spear","ascension_level":5}}