{"host":"5jyeqch4fosnsiz2","time":1614128130,"event":{"mods":["BaseMod","Bestiary","Colored Map","Colored Powertips","Filter the Spire","Minty Spire (QoL Compilation)","Relic Stats","StSLib","Waifu the Spire","ojb\u0027s Better Paths Mod","ojb\u0027s Info Mod"],"gold_per_floor":[113,113,126,144,131,160,171,185,185,185,211,211,36,49,49,154,154,166,180,205,205,224,257,257,269,269,301,312,312,312,324,324,424,424,443,453,224,244,244,244,257,257,281,306,356,391,57,57,57,57,57,57,57,86,86],"floor_reached":56,"language":"ENG","playtime":5921,"items_purged":["Strike_G","Defend_G"],"score":1584,"play_id":"920e1d83-9494-4139-bdcc-48593f39266c","local_time":"20210223195530","is_ascension_mode":false,"campfire_choices":[{"data":"Well Laid Plans","floor":10,"key":"SMITH"},{"data":"Blade Dance","floor":15,"key":"SMITH"},{"data":"Blur","floor":24,"key":"SMITH"},{"data":"Blur","floor":29,"key":"SMITH"},{"data":"Grand Finale","floor":32,"key":"SMITH"},{"data":"1","floor":40,"key":"LIFT"},{"data":"2","floor":42,"key":"LIFT"},{"floor":49,"key":"RECALL"},{"data":"3","floor":52,"key":"LIFT"}],"circlet_count":0,"master_deck":["Strike_G","Strike_G","Strike_G","Strike_G","Defend_G","Defend_G","Defend_G","Defend_G","Survivor","Neutralize","Grand Finale+1","Blur+1","Well Laid Plans+1","Leg Sweep","Dagger Throw","PiercingWail","Blur","Masterful Stab+1","Blade Dance+1","Tools of the Trade+1","Blade Dance+1","Dagger Spray","Underhanded Strike+1","Acrobatics+1","Blur+1","Backflip","CurseOfTheBell","Reflex+1","Blade Dance+1","Cloak And Dagger+1","Trip+1","Dodge and Roll+1","Prepared+1","Blur+1","Panache+1"],"relics":["Ring of the Snake","Shuriken","Bronze Scales","Bottled Tornado","Blood Vial","Runic Dome","Red Mask","StrikeDummy","Kunai","Calipers","MutagenicStrength","Calling Bell","Lantern","Toxic Egg 2","Girya","FossilizedHelix","Unceasing Top","Snake Skull","OrangePellets","Ornamental Fan"],"acts_visited":["Exordium","TheCity","TheBeyond","TheEnding"],"potions_floor_usage":[5,11,11,19,20,31,55],"damage_taken":[{"damage":0,"enemies":"Small Slimes","floor":1,"turns":5},{"damage":0,"enemies":"Cultist","floor":3,"turns":4},{"damage":0,"enemies":"Jaw Worm","floor":4,"turns":5},{"damage":1,"enemies":"Exordium Thugs","floor":5,"turns":4},{"damage":52,"enemies":"Gremlin Nob","floor":6,"turns":7},{"damage":0,"enemies":"2 Fungi Beasts","floor":7,"turns":3},{"damage":0,"enemies":"Blue Slaver","floor":8,"turns":5},{"damage":0,"enemies":"Lagavulin","floor":11,"turns":9},{"damage":1,"enemies":"Exordium Wildlife","floor":14,"turns":2},{"damage":0,"enemies":"The Guardian","floor":16,"turns":12},{"damage":0,"enemies":"Shell Parasite","floor":18,"turns":7},{"damage":1,"enemies":"2 Thieves","floor":19,"turns":4},{"damage":21,"enemies":"Masked Bandits","floor":20,"turns":4},{"damage":1,"enemies":"Chosen and Byrds","floor":22,"turns":6},{"damage":1,"enemies":"Book of Stabbing","floor":23,"turns":5},{"damage":4,"enemies":"Snake Plant","floor":25,"turns":3},{"damage":0,"enemies":"Slavers","floor":27,"turns":4},{"damage":0,"enemies":"3 Cultists","floor":28,"turns":4},{"damage":0,"enemies":"Shelled Parasite and Fungi","floor":31,"turns":4},{"damage":6,"enemies":"Collector","floor":33,"turns":10},{"damage":0,"enemies":"Orb Walker","floor":35,"turns":3},{"damage":0,"enemies":"3 Shapes","floor":36,"turns":5},{"damage":0,"enemies":"Maw","floor":38,"turns":7},{"damage":0,"enemies":"Spire Growth","floor":41,"turns":4},{"damage":0,"enemies":"Giant Head","floor":44,"turns":6},{"damage":0,"enemies":"Mind Bloom Boss Battle","floor":45,"turns":3},{"damage":0,"enemies":"Nemesis","floor":46,"turns":4},{"damage":0,"enemies":"Awakened One","floor":50,"turns":10},{"damage":0,"enemies":"Shield and Spear","floor":54,"turns":6},{"damage":0,"enemies":"The Heart","floor":55,"turns":8}],"seed_played":"3737414241923985440","potions_obtained":[{"floor":3,"key":"Fire Potion"},{"floor":6,"key":"PowerPotion"},{"floor":7,"key":"Regen Potion"},{"floor":14,"key":"Fire Potion"},{"floor":16,"key":"Block Potion"},{"floor":19,"key":"PowerPotion"},{"floor":23,"key":"Dexterity Potion"},{"floor":25,"key":"DuplicationPotion"},{"floor":27,"key":"GhostInAJar"},{"floor":31,"key":"DuplicationPotion"},{"floor":36,"key":"Strength Potion"}],"is_trial":false,"path_per_floor":["M","?","M","M","M","E","M","M","T","R","E","?","$","M","R","B",null,"M","M","?","?","M","E","R","M","T","E","M","R","?","M","R","B",null,"M","M","$","M","?","R","M","R","T","E","?","E","$","?","R","B",null,"R","$","E","B",null],"character_chosen":"THE_SILENT","items_purchased":["Blade Dance","Block Potion","Cloak And Dagger+1","Trip+1","OrangePellets","Panache"],"campfire_rested":0,"item_purchase_floors":[13,13,37,37,47,47],"current_hp_per_floor":[70,70,70,70,69,17,17,17,17,17,32,32,32,33,33,35,70,70,69,49,49,50,51,51,49,49,51,53,53,53,55,55,51,70,70,70,70,70,66,66,66,66,66,66,66,66,66,66,66,66,66,66,66,66,66],"gold":86,"neow_bonus":"ONE_RANDOM_RARE_CARD","is_daily":false,"chose_seed":false,"campfire_upgraded":5,"win_rate":0.0,"timestamp":1614128130,"path_taken":["M","?","M","M","M","E","M","?","T","R","E","?","$","M","R","BOSS","M","M","?","?","?","E","R","M","T","E","M","R","?","M","R","BOSS","M","M","$","M","?","R","M","R","T","E","?","E","$","?","R","BOSS","R","$","E","BOSS"],"items_purchased_type":["Card","Potion","Card","Card","Relic","Card"],"build_version":"2020-12-22","purchased_purges":2,"victory":true,"max_hp_per_floor":[70,70,70,70,70,70,70,70,70,70,70,70,70,70,70,70,70,70,70,70,70,70,70,70,70,70,70,70,70,70,70,70,70,70,70,70,70,70,66,66,66,66,66,66,66,66,66,66,66,66,66,66,66,66,66],"relic_stats":{"Blood Vial":19,"OrangePellets":[6],"counters":[30,163],"Shuriken":[103],"Ornamental Fan":[24],"Bronze Scales":[509],"Snake Skull":[0],"Kunai":[66],"obtain_stats":[{"Girya":34,"Lantern":34,"Calipers":27,"Snake Skull":46,"Bottled Tornado":9,"Blood Vial":11,"Calling Bell":34,"Runic Dome":17,"OrangePellets":47,"Shuriken":2,"Ornamental Fan":54,"Bronze Scales":6,"MutagenicStrength":30,"Red Mask":20,"Kunai":26,"Toxic Egg 2":34,"StrikeDummy":23,"FossilizedHelix":44,"Unceasing Top":45,"Ring of the Snake":0},{"Girya":20,"Lantern":20,"Calipers":17,"Snake Skull":27,"Bottled Tornado":7,"Blood Vial":8,"Calling Bell":20,"Runic Dome":10,"OrangePellets":27,"Shuriken":1,"Ornamental Fan":29,"Bronze Scales":5,"MutagenicStrength":18,"Red Mask":13,"Kunai":16,"Toxic Egg 2":20,"StrikeDummy":15,"FossilizedHelix":25,"Unceasing Top":26,"Ring of the Snake":0},{"Girya":107,"Lantern":107,"Calipers":89,"Snake Skull":139,"Bottled Tornado":33,"Blood Vial":42,"Calling Bell":107,"Runic Dome":56,"OrangePellets":139,"Shuriken":5,"Ornamental Fan":155,"Bronze Scales":25,"MutagenicStrength":93,"Red Mask":71,"Kunai":85,"Toxic Egg 2":107,"StrikeDummy":82,"FossilizedHelix":132,"Unceasing Top":135,"Ring of the Snake":0}],"Unceasing Top":[4],"Ring of the Snake":[60]},"card_choices":[{"not_picked":["PiercingWail","Cloak And Dagger"],"picked":"Blur","floor":1},{"not_picked":["Poisoned Stab","Infinite Blades"],"picked":"Well Laid Plans","floor":3},{"not_picked":["All Out Attack","Poisoned Stab"],"picked":"Leg Sweep","floor":4},{"not_picked":["Expertise","Blur"],"picked":"Dagger Throw","floor":5},{"not_picked":["Doppelganger","Endless Agony"],"picked":"PiercingWail","floor":6},{"not_picked":["Catalyst","Bane"],"picked":"Blur","floor":7},{"not_picked":["Flying Knee","Cloak And Dagger","Choke"],"picked":"SKIP","floor":8},{"not_picked":["Poisoned Stab","Sucker Punch"],"picked":"Masterful Stab","floor":11},{"not_picked":["Sucker Punch","Well Laid Plans","Predator"],"picked":"SKIP","floor":14},{"not_picked":["Grand Finale","Envenom"],"picked":"Tools of the Trade","floor":16},{"not_picked":["Bane","Quick Slash"],"picked":"Blade Dance+1","floor":18},{"not_picked":["Die Die Die","Dodge and Roll"],"picked":"Dagger Spray","floor":19},{"not_picked":["Deadly Poison","Deflect"],"picked":"Underhanded Strike+1","floor":20},{"not_picked":["Outmaneuver","Dash+1","Dagger Spray"],"picked":"SKIP","floor":22},{"not_picked":["Glass Knife","Cloak And Dagger+1"],"picked":"Acrobatics+1","floor":23},{"not_picked":["Masterful Stab","Reflex+1"],"picked":"Blur","floor":25},{"not_picked":["Quick Slash","Dagger Throw","Flying Knee+1"],"picked":"SKIP","floor":27},{"not_picked":["Glass Knife","Bane","Blade Dance"],"picked":"SKIP","floor":28},{"not_picked":["Sucker Punch","Bouncing Flask"],"picked":"Backflip","floor":31},{"not_picked":["Flying Knee","Sucker Punch"],"picked":"Reflex+1","floor":35},{"not_picked":["PiercingWail+1","Calculated Gamble+1"],"picked":"Blade Dance+1","floor":36},{"not_picked":["Dash+1","Noxious Fumes+1"],"picked":"Dodge and Roll+1","floor":38},{"not_picked":["Backstab","Expertise+1"],"picked":"Prepared+1","floor":41},{"not_picked":["Leg Sweep+1","Dagger Spray","Setup+1"],"picked":"SKIP","floor":44},{"not_picked":["Well Laid Plans","Prepared+1"],"picked":"Blur+1","floor":45},{"not_picked":["Dagger Throw+1","Deadly Poison+1","Acrobatics+1"],"picked":"SKIP","floor":46},{"not_picked":["All Out Attack+1","Setup+1","Choke+1"],"picked":"SKIP","floor":54}],"player_experience":411868,"relics_obtained":[{"floor":2,"key":"Shuriken"},{"floor":6,"key":"Bronze Scales"},{"floor":9,"key":"Bottled Tornado"},{"floor":11,"key":"Blood Vial"},{"floor":20,"key":"Red Mask"},{"floor":23,"key":"StrikeDummy"},{"floor":26,"key":"Kunai"},{"floor":27,"key":"Calipers"},{"floor":34,"key":"Lantern"},{"floor":34,"key":"Toxic Egg 2"},{"floor":34,"key":"Girya"},{"floor":44,"key":"FossilizedHelix"},{"floor":45,"key":"Unceasing Top"},{"floor":46,"key":"Snake Skull"},{"floor":54,"key":"Ornamental Fan"}],"event_choices":[{"damage_healed":0,"gold_gain":0,"player_choice":"Relic","damage_taken":0,"max_hp_gain":0,"max_hp_loss":0,"event_name":"Wheel of Change","floor":2,"gold_loss":0},{"damage_healed":0,"gold_gain":0,"player_choice":"Upgraded","damage_taken":0,"max_hp_gain":0,"max_hp_loss":0,"event_name":"Upgrade Shrine","floor":12,"gold_loss":0,"cards_upgraded":["Masterful Stab"]},{"damage_healed":0,"gold_gain":0,"player_choice":"Fought Bandits","damage_taken":0,"max_hp_gain":0,"max_hp_loss":0,"event_name":"Masked Bandits","floor":20,"gold_loss":0},{"damage_healed":0,"gold_gain":0,"player_choice":"Upgraded","damage_taken":0,"max_hp_gain":0,"max_hp_loss":0,"event_name":"Upgrade Shrine","floor":21,"gold_loss":0,"cards_upgraded":["Tools of the Trade"]},{"damage_healed":0,"gold_gain":0,"player_choice":"Inject Mutagens","damage_taken":0,"relics_obtained":["MutagenicStrength"],"max_hp_gain":0,"max_hp_loss":0,"event_name":"Drug Dealer","floor":30,"gold_loss":0},{"damage_healed":0,"gold_gain":0,"player_choice":"Max HP","damage_taken":0,"max_hp_gain":0,"max_hp_loss":4,"event_name":"Winding Halls","floor":39,"gold_loss":0},{"damage_healed":0,"gold_gain":0,"player_choice":"Fight","damage_taken":0,"max_hp_gain":0,"max_hp_loss":0,"event_name":"MindBloom","floor":45,"gold_loss":0},{"damage_healed":0,"gold_gain":0,"player_choice":"Upgraded","damage_taken":0,"max_hp_gain":0,"max_hp_loss":0,"event_name":"Upgrade Shrine","floor":48,"gold_loss":0,"cards_upgraded":["Panache"]}],"is_beta":false,"boss_relics":[{"not_picked":["Fusion Hammer","Velvet Choker"],"picked":"Runic Dome"},{"not_picked":["Cursed Key","Ring of the Serpent"],"picked":"Calling Bell"}],"items_purged_floors":[13,37],"is_endless":false,"potions_floor_spawned":[3,6,7,14,16,19,23,25,27,31,36,41,44,46],"ascension_level":0}}