{"host":"i00ba8z59misjd3q","time":1614205121,"event":{"mods":["Aspiration","BaseMod","Hubris","Minty Spire (QoL Compilation)","Replay The Spire","StSLib","SuperFastMode","The Construct","The Jungle"],"gold_per_floor":[110,35,35,46,46,64,96,96,150,150,166,67,67,87,87,187,187,200,217,217,217,217,217,231,246,246,89,364,393,393,411,411,508,508,523,423,473,473,487,516,516,528,528,553,553,567,597,612,612,612],"floor_reached":51,"language":"ENG","playtime":9029,"items_purged":["Shame","Regret"],"score":655,"play_id":"1ec59917-64af-40ce-b60a-1035bae6b552","local_time":"20210224231841","is_ascension_mode":false,"campfire_choices":[{"data":"Hologram","floor":8,"key":"SMITH"},{"data":"Coolheaded","floor":13,"key":"SMITH"},{"data":"Zap","floor":15,"key":"SMITH"},{"data":"Echo Form","floor":23,"key":"SMITH"},{"data":"Glacier","floor":30,"key":"SMITH"},{"floor":32,"key":"REST"},{"floor":41,"key":"REST"},{"floor":49,"key":"REST"}],"circlet_count":0,"master_deck":["Strike_B","Strike_B","Strike_B","Defend_B","Defend_B","Defend_B","Defend_B","Zap+1","Dualcast+1","ReplayTheSpireMod:Omega Cannon+1","Glacier+1","Hologram+1","Melter+1","Coolheaded+1","Echo Form+1","FIFO Queue","ReplayTheSpireMod:Calculation Training+1","ReplayTheSpireMod:Calculation Training+1","Mirror Shield","Consume","hubris:Gluttony","Apotheosis","Consume+1"],"relics":["Cracked Core","Thread and Needle","Regal Pillow","Inserter","hubris:Towel","aspiration:HatOfInfinitePower","aspiration:Nostalgia","PureWater","Singing Bowl","Cursed Key","Torii","Vajra","Bottled Tornado","Dream Catcher","Replay:Rubber Ducky"],"acts_visited":["Exordium","TheCity","TheBeyond"],"potions_floor_usage":[24,24,33,33,37],"damage_taken":[{"damage":0,"enemies":"Small Slimes","floor":1,"turns":2},{"damage":1,"enemies":"Cultist","floor":4,"turns":4},{"damage":0,"enemies":"Jaw Worm","floor":6,"turns":1},{"damage":24,"enemies":"Gremlin Nob","floor":7,"turns":5},{"damage":0,"enemies":"Large Slime","floor":11,"turns":3},{"damage":0,"enemies":"Looter","floor":14,"turns":4},{"damage":24,"enemies":"The Guardian","floor":16,"turns":12},{"damage":6,"enemies":"Chosen","floor":18,"turns":3},{"damage":0,"enemies":"3 Byrds","floor":19,"turns":2},{"damage":22,"enemies":"Shelled Parasite and Fungi","floor":24,"turns":7},{"damage":12,"enemies":"Centurion and Healer","floor":25,"turns":6},{"damage":5,"enemies":"Slavers","floor":29,"turns":2},{"damage":12,"enemies":"Snecko","floor":31,"turns":5},{"damage":43,"enemies":"hubris:MusketHawk","floor":33,"turns":11},{"damage":4,"enemies":"3 Darklings","floor":35,"turns":2},{"damage":40,"enemies":"Mind Bloom Boss Battle","floor":37,"turns":6},{"damage":1,"enemies":"Orb Walker","floor":39,"turns":5},{"damage":1,"enemies":"Nemesis","floor":40,"turns":17},{"damage":0,"enemies":"Maw","floor":42,"turns":10},{"damage":28,"enemies":"Reptomancer","floor":44,"turns":14},{"damage":1,"enemies":"Transient","floor":46,"turns":5},{"damage":34,"enemies":"Nemesis","floor":47,"turns":9},{"damage":0,"enemies":"4 Shapes","floor":48,"turns":8},{"damage":7,"enemies":"Replay:Hell Engine","floor":50,"turns":15}],"seed_played":"-5246231827451393149","potions_obtained":[{"floor":6,"key":"Adrenaline Potion"},{"floor":7,"key":"SneckoOil"},{"floor":11,"key":"SkillPotion"},{"floor":24,"key":"PowerPotion"},{"floor":29,"key":"Regen Potion"},{"floor":33,"key":"AttackPotion"},{"floor":37,"key":"Languid Potion"},{"floor":39,"key":"Energy Potion"},{"floor":46,"key":"DuplicationPotion"}],"is_trial":false,"path_per_floor":["M","$","?","M","?","M","E","R","T","?","M","$","R","M","R","B",null,"M","M","?","?","?","R","M","M","T","$","?","E","R","M","R","B",null,"M","$","?","?","M","E","R","M","T","E","?","M","E","M","R","B",null],"character_chosen":"DEFECT","items_purchased":["Melter+1","Coolheaded","aspiration:Nostalgia"],"campfire_rested":3,"item_purchase_floors":[12,12,27],"current_hp_per_floor":[89,89,89,88,88,88,64,64,64,64,64,64,64,64,64,40,89,83,83,83,83,83,83,61,49,49,49,49,46,46,34,76,50,93,91,91,53,53,52,53,97,97,97,71,71,72,40,42,89,82],"gold":612,"neow_bonus":"TWENTY_PERCENT_HP_BONUS","is_daily":false,"chose_seed":false,"campfire_upgraded":5,"win_rate":0.0,"timestamp":1614205121,"path_taken":["M","$","?","?","?","M","E","R","T","?","M","$","R","M","R","BOSS","M","M","?","?","?","R","M","M","T","$","?","E","R","M","R","BOSS","M","$","?","?","?","E","R","M","T","E","?","M","E","M","R","BOSS"],"items_purchased_type":["Card","Card","Relic"],"build_version":"2020-12-22","purchased_purges":2,"victory":true,"max_hp_per_floor":[89,89,89,89,89,89,89,89,89,89,89,89,89,89,89,89,89,89,89,89,89,89,89,89,89,89,89,89,91,91,91,91,93,93,95,95,97,97,97,99,99,99,99,101,101,103,105,107,107,107],"card_choices":[{"not_picked":["Heatsinks","ReplayTheSpireMod:Reroute Power","BootSequence"],"picked":"SKIP","floor":1},{"not_picked":["Turbo","Leap","Steam"],"picked":"SKIP","floor":4},{"not_picked":["Crystallizer","Steam Power"],"picked":"Glacier","floor":6},{"not_picked":["Compile Driver","Fission"],"picked":"Hologram","floor":7},{"not_picked":["Crystallizer","Fusion","Stack"],"picked":"SKIP","floor":11},{"not_picked":["Blizzard","ReplayTheSpireMod:Reroute Power","Leap"],"picked":"SKIP","floor":14},{"not_picked":["Seek","Core Surge"],"picked":"Echo Form","floor":16},{"not_picked":["Streamline","Steam","Cold Snap"],"picked":"SKIP","floor":18},{"not_picked":["Steam","Compile Driver+1"],"picked":"FIFO Queue","floor":19},{"not_picked":["Doom and Gloom+1","White Noise","Ball Lightning"],"picked":"SKIP","floor":24},{"not_picked":["Leap","Hello World+1","Steam"],"picked":"SKIP","floor":25},{"not_picked":["Compile Driver","Chaos+1","Hyperbeam"],"picked":"Singing Bowl","floor":29},{"not_picked":["BasicCrystalCard","Gash"],"picked":"ReplayTheSpireMod:Calculation Training+1","floor":31},{"not_picked":["Reboot","All For One","Meteor Strike"],"picked":"Singing Bowl","floor":33},{"not_picked":["Conserve Battery","Go for the Eyes+1","Coolheaded"],"picked":"Singing Bowl","floor":35},{"not_picked":["Compile Driver+1","Capacitor","Panic Button+1"],"picked":"Singing Bowl","floor":37},{"not_picked":["Cold Snap","Compile Driver"],"picked":"Mirror Shield","floor":39},{"not_picked":["Tempest","Static Discharge+1","Self Repair+1"],"picked":"Singing Bowl","floor":40},{"not_picked":["ReplayGash","Reprogram"],"picked":"Consume","floor":42},{"not_picked":["Ball Lightning+1","Beam Cell+1","Capacitor+1"],"picked":"Singing Bowl","floor":44},{"not_picked":["Finesse","Transmutation"],"picked":"Apotheosis","floor":45},{"not_picked":["Sweeping Beam","Conserve Battery","Gash+1"],"picked":"Singing Bowl","floor":46},{"not_picked":["Ball Lightning+1","Capacitor","Defragment"],"picked":"Singing Bowl","floor":47},{"not_picked":["ReplayTheSpireMod:Reroute Power+1","BasicCrystalCard","Go for the Eyes"],"picked":"Singing Bowl","floor":48},{"not_picked":["ReplayTheSpireMod:Calculation Training+1","Coolheaded+1"],"picked":"Consume+1","floor":49}],"player_experience":583557,"relics_obtained":[{"floor":7,"key":"Thread and Needle"},{"floor":9,"key":"Regal Pillow"},{"floor":26,"key":"aspiration:HatOfInfinitePower"},{"floor":29,"key":"Singing Bowl"},{"floor":37,"key":"Torii"},{"floor":40,"key":"Vajra"},{"floor":43,"key":"Bottled Tornado"},{"floor":44,"key":"Dream Catcher"},{"floor":47,"key":"Replay:Rubber Ducky"}],"event_choices":[{"damage_healed":0,"gold_gain":0,"player_choice":"Ignored","damage_taken":0,"max_hp_gain":0,"max_hp_loss":0,"event_name":"WeMeetAgain","floor":3,"gold_loss":0},{"damage_healed":0,"gold_gain":0,"player_choice":"Ignored","damage_taken":0,"max_hp_gain":0,"max_hp_loss":0,"event_name":"Ghosts","floor":22,"gold_loss":0},{"damage_healed":0,"gold_gain":275,"player_choice":"Desecrate","damage_taken":0,"max_hp_gain":0,"max_hp_loss":0,"event_name":"Golden Shrine","floor":28,"gold_loss":0,"cards_obtained":["Regret"]},{"damage_healed":0,"gold_gain":0,"player_choice":"Fight","damage_taken":0,"max_hp_gain":0,"max_hp_loss":0,"event_name":"MindBloom","floor":37,"gold_loss":0},{"damage_healed":0,"gold_gain":0,"player_choice":"Copied","damage_taken":0,"max_hp_gain":0,"max_hp_loss":0,"event_name":"Duplicator","floor":38,"gold_loss":0,"cards_obtained":["ReplayTheSpireMod:Calculation Training"]},{"damage_healed":0,"gold_gain":0,"player_choice":"Memory 1","damage_taken":0,"max_hp_gain":0,"max_hp_loss":0,"event_name":"SensoryStone","floor":45,"gold_loss":0}],"is_beta":false,"boss_relics":[{"not_picked":["Replay:Fungal Core","Ring of Chaos"],"picked":"Inserter"},{"not_picked":["hubris:BlackHole","Replay:Bronze Core"],"picked":"Cursed Key"}],"items_purged_floors":[2,36],"is_endless":false,"potions_floor_spawned":[6,7,11,14,18,19,24,29,33,37,39,46],"ascension_level":0}}