{"host":"ju1b3c4x8n2jtjm7","time":1614127644,"event":{"mods":["AchievementEnabler","BaseMod","Colored Map","Colored Powertips","Highlight Path","Minty Spire (QoL Compilation)","Quick Restart","Rare Cards Sparkle","Relic Stats","StSLib"],"gold_per_floor":[114,133,133,133,147,147,178,243,269,285,33,33,33,59,59,154,154,165,182,193,193,193,193,3,36,59,59,79,79,79,79],"floor_reached":30,"language":"ENG","playtime":1295,"items_purged":["Strike_B"],"score":410,"play_id":"19681c4d-5911-46da-9da9-75d59a9fc597","local_time":"20210224014724","is_ascension_mode":true,"campfire_choices":[{"data":"Zap","floor":6.0,"key":"SMITH"},{"floor":12.0,"key":"REST"},{"data":"Chaos","floor":15.0,"key":"SMITH"},{"data":"Fission","floor":23.0,"key":"SMITH"},{"floor":27.0,"key":"REST"},{"data":"Apotheosis","floor":29.0,"key":"SMITH"}],"circlet_count":0,"master_deck":["AscendersBane","Strike_B","Strike_B","Strike_B+1","Defend_B+1","Defend_B","Defend_B","Defend_B","Zap+1","Dualcast","Cold Snap","Streamline+1","Compile Driver","Chaos+1","Compile Driver","Sweeping Beam+1","Self Repair","Trip","Reboot","Fission+1","Coolheaded","Consume","Apotheosis+1","Self Repair","White Noise+1","Fission"],"relics":["Cracked Core","Bag of Preparation","Dream Catcher","Whetstone","SacredBark","Du-Vu Doll","Nunchaku","Potion Belt"],"acts_visited":["Exordium","TheCity"],"potions_floor_usage":[30],"damage_taken":[{"damage":2.0,"enemies":"Jaw Worm","floor":1.0,"turns":4.0},{"damage":4.0,"enemies":"2 Louse","floor":2.0,"turns":2.0},{"damage":0.0,"enemies":"Cultist","floor":5.0,"turns":3.0},{"damage":28.0,"enemies":"Lagavulin","floor":7.0,"turns":4.0},{"damage":0.0,"enemies":"Exordium Wildlife","floor":10.0,"turns":4.0},{"damage":14.0,"enemies":"Gremlin Nob","floor":14.0,"turns":3.0},{"damage":35.0,"enemies":"Slime Boss","floor":16.0,"turns":8.0},{"damage":33.0,"enemies":"2 Thieves","floor":18.0,"turns":3.0},{"damage":1.0,"enemies":"3 Byrds","floor":19.0,"turns":3.0},{"damage":18.0,"enemies":"Centurion and Healer","floor":20.0,"turns":3.0},{"damage":28.0,"enemies":"Book of Stabbing","floor":25.0,"turns":4.0},{"damage":12.0,"enemies":"Shelled Parasite and Fungi","floor":28.0,"turns":5.0},{"damage":34,"enemies":"Slavers","floor":30,"turns":4}],"seed_played":"-3841495382196136281","potions_obtained":[{"floor":1.0,"key":"BlessingOfTheForge"},{"floor":2.0,"key":"PowerPotion"},{"floor":7.0,"key":"LiquidBronze"},{"floor":19.0,"key":"DistilledChaos"},{"floor":28.0,"key":"Dexterity Potion"}],"is_trial":false,"path_per_floor":["M","M","?","?","M","R","E","?","T","M","$","R","$","E","R","B",null,"M","M","M","?","?","R","$","E","T","R","M","R","E"],"character_chosen":"DEFECT","items_purchased":["Sweeping Beam","Self Repair","Trip","Apotheosis"],"campfire_rested":2,"item_purchase_floors":[11,11,11,24],"current_hp_per_floor":[73,69,53,58,58,58,30,30,30,30,30,56,56,42,42,7,67,41,47,36,36,36,36,36,18,18,44,42,42,8,8],"gold":79,"neow_bonus":"TEN_PERCENT_HP_BONUS","is_daily":false,"chose_seed":false,"campfire_upgraded":4,"win_rate":0.0,"timestamp":1614127644,"path_taken":["M","M","?","?","M","R","E","?","T","?","$","R","$","E","R","BOSS","M","?","M","?","?","R","$","E","T","R","M","R","E"],"items_purchased_type":["Card","Card","Card","Card"],"build_version":"2020-12-22","purchased_purges":1,"victory":false,"max_hp_per_floor":[82,82,82,87,87,87,87,87,87,87,87,87,87,87,87,87,87,87,87,87,87,87,87,87,87,87,87,87,87,87,87],"relic_stats":{"Dream Catcher":2,"Nunchaku":[1],"counters":[13,50],"Bag of Preparation":[18],"Whetstone":["Sweeping Beam","Streamline"],"obtain_stats":[{"Du-Vu Doll":21,"Potion Belt":26,"Dream Catcher":9,"Nunchaku":25,"SacredBark":17,"Bag of Preparation":7,"Whetstone":14,"Cracked Core":0},{"Du-Vu Doll":10,"Potion Belt":11,"Dream Catcher":4,"Nunchaku":11,"SacredBark":7,"Bag of Preparation":4,"Whetstone":6,"Cracked Core":0},{"Du-Vu Doll":37,"Potion Belt":41,"Dream Catcher":13,"Nunchaku":41,"SacredBark":28,"Bag of Preparation":13,"Whetstone":20,"Cracked Core":0}]},"card_choices":[{"not_picked":["Tempest","Undo"],"picked":"Cold Snap","floor":1.0},{"not_picked":["Loop","Stack"],"picked":"Streamline","floor":2.0},{"not_picked":["Stack","Steam"],"picked":"Compile Driver","floor":5.0},{"not_picked":["Hologram","Redo"],"picked":"Chaos","floor":7.0},{"not_picked":["Cold Snap","Gash"],"picked":"Compile Driver","floor":10.0},{"not_picked":["Sweeping Beam","Auto Shields"],"picked":"Reboot","floor":14.0},{"not_picked":["Buffer","Thunder Strike"],"picked":"Fission","floor":16.0},{"not_picked":["Conserve Battery","Sweeping Beam+1"],"picked":"Coolheaded","floor":18.0},{"not_picked":["Coolheaded","Fusion","Rip and Tear"],"picked":"SKIP","floor":19.0},{"not_picked":["Aggregate","Darkness"],"picked":"Consume","floor":20.0},{"not_picked":["Rip and Tear","Undo"],"picked":"Self Repair","floor":25.0},{"not_picked":["Streamline","Gash"],"picked":"White Noise+1","floor":27.0},{"not_picked":["Capacitor","Force Field"],"picked":"Fission","floor":28.0}],"player_experience":511410,"relics_obtained":[{"floor":7.0,"key":"Bag of Preparation"},{"floor":9.0,"key":"Dream Catcher"},{"floor":14.0,"key":"Whetstone"},{"floor":25.0,"key":"Nunchaku"},{"floor":26.0,"key":"Potion Belt"}],"event_choices":[{"damage_healed":0.0,"max_hp_gain":0.0,"max_hp_loss":0.0,"gold_gain":0.0,"event_name":"Shining Light","player_choice":"Entered Light","floor":3.0,"gold_loss":0.0,"damage_taken":16.0,"cards_upgraded":["Defend_B","Strike_B"]},{"damage_healed":0.0,"max_hp_gain":5.0,"max_hp_loss":0.0,"gold_gain":0.0,"event_name":"Big Fish","player_choice":"Donut","floor":4.0,"gold_loss":0.0,"damage_taken":0.0},{"damage_healed":0.0,"max_hp_gain":0.0,"max_hp_loss":0.0,"gold_gain":65.0,"event_name":"Golden Wing","player_choice":"Gained Gold","floor":8.0,"gold_loss":0.0,"damage_taken":0.0},{"damage_healed":0.0,"max_hp_gain":0.0,"max_hp_loss":0.0,"gold_gain":0.0,"event_name":"The Mausoleum","player_choice":"Opened","floor":21.0,"gold_loss":0.0,"damage_taken":0.0,"relics_obtained":["Du-Vu Doll"],"cards_obtained":["Writhe"]},{"cards_removed":["Writhe"],"damage_healed":0.0,"max_hp_gain":0.0,"max_hp_loss":0.0,"gold_gain":0.0,"event_name":"Back to Basics","player_choice":"Elegance","floor":22.0,"gold_loss":0.0,"damage_taken":0.0}],"is_beta":false,"boss_relics":[{"not_picked":["Runic Dome","Fusion Hammer"],"picked":"SacredBark"}],"items_purged_floors":[11],"is_endless":false,"potions_floor_spawned":[1,2,7,19,28],"killed_by":"Slavers","ascension_level":12}}