{"host":"gkh5j5k5w4qf7k7n","time":1614152685,"event":{"mods":["100% Spire Juice","2.2 Compatiblity","AchievementEnabler","BaseMod","Colored Map","Colored Powertips","Duelist Mod","GifTheSpireLib","Keyboard Shortcuts","Minty Spire (QoL Compilation)","Quick Restart","Replay The Spire","StSLib","SuperFastMode","The Problem Sleuth","¡¼?Úª?ø«¡½REMEMod"],"gold_per_floor":[138,138,26,50,50,50,82,82,82,82,82,110,22,40,53,71,71,145,145,162,181,181,195,70,70,100,100,126,126,126,141,141,141,141,220,220,236,86,86,131,231,231,56,106,106,117,117,134,34,54,54,54,54],"floor_reached":54,"language":"KOR","playtime":2354,"items_purged":["theDuelist:Sparks","theDuelist:Sparks","theDuelist:AngelTrumpeter","theDuelist:CastleWalls","theDuelist:CastleWalls","Replay:Bootleg Shield Generator"],"score":1772,"play_id":"94aba78c-75af-4446-94d9-6a58cc3a69a0","local_time":"20210224164445","is_ascension_mode":true,"campfire_choices":[{"data":"theDuelist:Inmato","floor":6,"key":"SMITH"},{"data":"theDuelist:HeartUnderdog","floor":10,"key":"SMITH"},{"data":"theDuelist:JerryBeansMan","floor":17,"key":"PURGE"},{"data":"theDuelist:Inmato","floor":25,"key":"SMITH"},{"data":"theDuelist:PredaplantChlamydosundew","floor":27,"key":"SMITH"},{"data":"theDuelist:PredaplantChlamydosundew","floor":30,"key":"SMITH"},{"data":"theDuelist:PredaplantChlamydosundew","floor":34,"key":"SMITH"},{"data":"theDuelist:PredaplantChlamydosundew","floor":42,"key":"SMITH"},{"data":"theDuelist:GracefulCharity","floor":47,"key":"SMITH"},{"floor":51,"key":"RECALL"}],"circlet_count":0,"master_deck":["theDuelist:CactusBouncer","theDuelist:DarkworldThorns","theDuelist:Inmato+1","theDuelist:JerryBeansMan","AscendersBane","theDuelist:HeartUnderdog+1","theDuelist:BotanicalLion+1","theDuelist:BlackRoseDragon","theDuelist:PredaplantChlamydosundew+1","theDuelist:PredaplantChlamydosundew+1","theDuelist:Inmato+1","Flash of Steel","theDuelist:RoseArcher","AbeCurse","theDuelist:PredaplantChlamydosundew+1","theDuelist:PredaplantChlamydosundew+1","Ghostly","Ghostly","Ghostly","theDuelist:RevivalRose","theDuelist:GracefulCharity+1","ReplayTheSpireMod:IOU"],"relics":["theDuelist:MillenniumPuzzle","theDuelist:CardPoolRelic","theDuelist:CardPoolBasicRelic","theDuelist:BoosterPackPoolRelic","theDuelist:CardPoolAddRelic","theDuelist:CardPoolMinusRelic","theDuelist:CardPoolSaveRelic","theDuelist:CardPoolOptionsRelic","REME_ComplimentaryCards","NeowsBlessing","Replay:Wax Seal","Garlic","Lizard Tail","Abe\u0027s Treasure","Simple Rune","Toy Ornithopter","theSleuth:AffinityCrow","Thread and Needle","theDuelist:MillenniumCoin","theDuelist:DuelistUrn"],"acts_visited":["Exordium","TheCity","TheBeyond"],"potions_floor_usage":[18,20,35,53],"damage_taken":[{"damage":0,"enemies":"Small Slimes","floor":1,"turns":1},{"damage":0,"enemies":"Gremlin Nob","floor":7,"turns":1},{"damage":4,"enemies":"3 Sentries","floor":12,"turns":2},{"damage":0,"enemies":"Cultist","floor":13,"turns":3},{"damage":5,"enemies":"Jaw Worm","floor":14,"turns":2},{"damage":5,"enemies":"Blue Slaver","floor":15,"turns":2},{"damage":0,"enemies":"Gremlin Gang","floor":16,"turns":3},{"damage":0,"enemies":"Slime Boss","floor":18,"turns":8},{"damage":10,"enemies":"Shell Parasite","floor":20,"turns":5},{"damage":0,"enemies":"3 Byrds","floor":21,"turns":3},{"damage":5,"enemies":"Snecko","floor":23,"turns":4},{"damage":0,"enemies":"Book of Stabbing","floor":26,"turns":4},{"damage":0,"enemies":"3 Cultists","floor":31,"turns":4},{"damage":22,"enemies":"Collector","floor":35,"turns":7},{"damage":0,"enemies":"Orb Walker","floor":37,"turns":3},{"damage":0,"enemies":"2 Orb Walkers","floor":40,"turns":4},{"damage":0,"enemies":"3 Shapes","floor":46,"turns":4},{"damage":0,"enemies":"Jaw Worm Horde","floor":48,"turns":4},{"damage":0,"enemies":"Sphere and 2 Shapes","floor":50,"turns":5},{"damage":0,"enemies":"Donu and Deca","floor":52,"turns":7},{"damage":0,"enemies":"Replay:Hell Engine","floor":53,"turns":8}],"seed_played":"-7020561463415693381","potions_obtained":[{"floor":1,"key":"Fire Potion"},{"floor":14,"key":"SmokeBomb"},{"floor":18,"key":"GamblersBrew"},{"floor":21,"key":"AttackPotion"},{"floor":40,"key":"Elixir"}],"is_trial":false,"path_per_floor":["M","?","$","T","$","R","E","PTL","PTL","R","T","E","M","M","M","M","R_BF","B",null,"M","M","?","M","$","R","E","R","T","?","R","M","?","?","R","B",null,"M","$","?","?","T","R","$","?","T","M","R","M","$","M","R","B","B",null],"character_chosen":"THE_DUELIST","items_purchased":["theDuelist:BotanicalLion+1"],"campfire_rested":0,"item_purchase_floors":[3],"current_hp_per_floor":[63,63,63,63,63,63,63,63,63,63,63,59,59,54,49,49,49,49,65,55,55,55,50,50,50,50,50,50,46,46,46,26,26,26,9,30,30,30,30,30,30,30,30,30,30,30,30,30,30,30,30,30,35],"gold":54,"neow_bonus":"THREE_ENEMY_KILL","is_daily":false,"chose_seed":false,"campfire_upgraded":8,"win_rate":0.0,"timestamp":1614152685,"path_taken":["M","?","$","?","?","R","E","PTL","PTL","R","T","E","?","M","?","M","R_BF","BOSS","M","M","?","M","$","R","E","R","T","?","R","?","?","?","R","BOSS","M","$","?","?","?","R","$","?","T","M","R","?","$","M","R","BOSS","BOSS"],"items_purchased_type":["Card"],"build_version":"2020-12-22","purchased_purges":6,"victory":true,"max_hp_per_floor":[70,70,70,70,70,70,70,70,70,70,70,70,70,70,70,70,70,70,70,70,70,70,70,70,70,70,70,70,70,70,70,75,37,37,37,37,37,37,37,37,37,37,37,37,37,37,37,37,37,37,37,37,37],"card_choices":[{"not_picked":["theDuelist:KamionTimelord","theDuelist:QueenAngelRoses","theDuelist:BlackRoseMoonlight","theDuelist:PredaplantSarraceniant"],"picked":"theDuelist:HeartUnderdog","floor":1},{"not_picked":["theDuelist:BotanicalLion","theDuelist:CactusBouncer","theDuelist:SilverApples","theDuelist:Invigoration"],"picked":"theDuelist:BlackRoseDragon","floor":7},{"not_picked":["theDuelist:BotanicalLion","theDuelist:Spore","theDuelist:Invigoration","theDuelist:CheerfulCoffin"],"picked":"theDuelist:PredaplantChlamydosundew","floor":12},{"not_picked":["theDuelist:JerryBeansMan","theDuelist:WormApocalypse","theDuelist:WhiteRoseDragon","theDuelist:BotanicalGirl"],"picked":"theDuelist:PredaplantChlamydosundew","floor":13},{"not_picked":["theDuelist:WorldTree","theDuelist:VioletCrystal","theDuelist:BloomingDarkestRose","theDuelist:SplendidRose"],"picked":"SKIP","floor":14},{"not_picked":["theDuelist:BotanicalLion","theDuelist:CactusBouncer","theDuelist:PredaplantChlamydosundew","theDuelist:RoseWitch"],"picked":"theDuelist:Inmato","floor":15},{"not_picked":["Bandage Up","Impatience","Transmutation"],"picked":"Flash of Steel","floor":16},{"not_picked":["theDuelist:HeartUnderdog","theDuelist:BeastFangs","theDuelist:QueenAngelRoses","theDuelist:BlackRoseMoonlight"],"picked":"theDuelist:RoseArcher","floor":18},{"not_picked":["theDuelist:JerryBeansMan","theDuelist:Spore","theDuelist:CheerfulCoffin","theDuelist:WhiteRoseDragon"],"picked":"theDuelist:PredaplantChlamydosundew","floor":20},{"not_picked":["theDuelist:Reinforcements","theDuelist:SilverApples","theDuelist:BottomlessTrapHole","theDuelist:AcidTrapHole","theDuelist:BloomingDarkestRose"],"picked":"SKIP","floor":21},{"not_picked":["theDuelist:Mudora+1","theDuelist:FrozenRose","theDuelist:BirdRoses","theDuelist:RosePaladin","theDuelist:MudGolem"],"picked":"SKIP","floor":23},{"not_picked":["theDuelist:BlackRoseDragon+1","theDuelist:BotanicalLion","theDuelist:RoseArcher"],"picked":"theDuelist:PredaplantChlamydosundew","floor":26},{"not_picked":["theDuelist:CactusBouncer","theDuelist:JerryBeansMan","theDuelist:WhiteRoseDragon","theDuelist:Firegrass","theDuelist:BloomingDarkestRose"],"picked":"SKIP","floor":31},{"not_picked":["theDuelist:SeedCannon","theDuelist:RoseArcher","theDuelist:QueenAngelRoses","theDuelist:PredaplantSarraceniant"],"picked":"theDuelist:RevivalRose","floor":35},{"not_picked":["theDuelist:WorldCarrot","theDuelist:Inmato+1","theDuelist:BotanicalLion","theDuelist:GracefulCharity+1","theDuelist:RagingMadPlants+1"],"picked":"SKIP","floor":37},{"not_picked":["theDuelist:VenomShot","theDuelist:WorldTree+1","theDuelist:VioletCrystal","theDuelist:RagingMadPlants"],"picked":"theDuelist:GracefulCharity","floor":46},{"not_picked":["theDuelist:VenomShot","theDuelist:CheerfulCoffin+1","theDuelist:WorldTree","theDuelist:VioletCrystal","theDuelist:SuperSolarNutrient"],"picked":"SKIP","floor":48},{"not_picked":["theDuelist:BotanicalLion","theDuelist:Invigoration","theDuelist:LonefireBlossom+1","theDuelist:CactusBouncer+1","theDuelist:CopyPlant+1"],"picked":"SKIP","floor":50}],"player_experience":951527,"relics_obtained":[{"floor":4,"key":"Replay:Wax Seal"},{"floor":7,"key":"Garlic"},{"floor":12,"key":"Lizard Tail"},{"floor":26,"key":"Simple Rune"},{"floor":28,"key":"Toy Ornithopter"},{"floor":40,"key":"Thread and Needle"},{"floor":41,"key":"theDuelist:MillenniumCoin"},{"floor":45,"key":"theDuelist:DuelistUrn"}],"event_choices":[{"damage_healed":0,"gold_gain":0,"player_choice":"Leave","duelist":true,"damage_taken":0,"max_hp_gain":0,"max_hp_loss":0,"event_name":"Millennium Items","floor":2,"gold_loss":0},{"damage_healed":0,"gold_gain":0,"player_choice":"Leave","duelist":true,"damage_taken":0,"max_hp_gain":0,"max_hp_loss":0,"event_name":"Egyptian Village","floor":22,"gold_loss":0},{"damage_healed":0,"gold_gain":0,"player_choice":"Bought 0 Potions","damage_taken":0,"max_hp_gain":0,"max_hp_loss":0,"event_name":"The Woman in Blue","floor":29,"gold_loss":0},{"damage_healed":0,"gold_gain":0,"player_choice":"Shed Blood","damage_taken":25,"max_hp_gain":5,"max_hp_loss":0,"event_name":"Forgotten Altar","floor":32,"gold_loss":0},{"damage_healed":0,"gold_gain":0,"player_choice":"Became a Ghost","damage_taken":0,"max_hp_gain":0,"max_hp_loss":38,"event_name":"Ghosts","floor":33,"gold_loss":0,"cards_obtained":["Ghostly","Ghostly","Ghostly"]},{"damage_healed":0,"gold_gain":0,"player_choice":"Leave","duelist":true,"damage_taken":0,"max_hp_gain":0,"max_hp_loss":0,"event_name":"Tomb of the Nameless","floor":39,"gold_loss":0},{"damage_healed":0,"gold_gain":0,"player_choice":"Fight","damage_taken":0,"max_hp_gain":0,"max_hp_loss":0,"event_name":"Mysterious Sphere","floor":40,"gold_loss":0},{"damage_healed":0,"gold_gain":50,"player_choice":"Pray","damage_taken":0,"max_hp_gain":0,"max_hp_loss":0,"event_name":"Golden Shrine","floor":44,"gold_loss":0}],"is_beta":false,"boss_relics":[{"not_picked":["Honey Jar","Snecko Scales"],"picked":"Abe\u0027s Treasure"},{"not_picked":["REME_ChargedStone","Velvet Choker"],"picked":"theSleuth:AffinityCrow"}],"items_purged_floors":[3,5,24,38,43,49],"is_endless":false,"potions_floor_spawned":[1,14,15,18,21,26,31,40,48],"ascension_level":20}}