{"host":"8g24zuco0epbjwbo","time":1614125098,"event":{"mods":["BaseMod","Library of Ruina","Library of Ruina Extra","Minty Spire (QoL Compilation)","Relic Stats","StSLib"],"gold_per_floor":[114,114,131,131,60,85,102,113,113,38,51,65,92,104,104,200,200,214,214,25,44,64,95,20,20,73,83,83,6,39,51,51,51,51],"floor_reached":33,"language":"ENG","playtime":2738,"items_purged":["StartinOutLightly"],"score":299,"play_id":"8e810248-f2a0-4882-95e6-b76c3bed0045","local_time":"20210223190458","is_ascension_mode":false,"campfire_choices":[{"data":"SunsetBlade","floor":15,"key":"SMITH"},{"data":"Sadistic Nature","floor":25,"key":"SMITH"},{"floor":28,"key":"REST"},{"floor":32,"key":"REST"}],"circlet_count":0,"master_deck":["LightAttack","LightAttack","LightAttack","LightDefense","LightDefense","LightDefense","ChargeAndCover+1","FocusedStrikes","SilentNight","SpearedSweep","ViolentFlame","FrontalAssault","SunsetBlade+1","SinglePointStab+1","TasteMyFlamingBat","Suppress","ViolentFlame","EmotionalTurbulence","SunsetBlade","BoundaryOfDeath","UpbeatPerformance+1","WildCard","Sadistic Nature+1","MultiBlock+1","RulesOfTheBackstreets","SilentMist","UnavoidableGaze+1","CrackOfDawn","FeatherShield+1"],"relics":["PageOfLibrarian","Regal Pillow","Whetstone","Singing Bowl","Sozu","Bottled Tornado","PageOfSingingMachine","Ancient Tea Set"],"acts_visited":["Exordium","TheCity"],"potions_floor_usage":[13,16,33],"damage_taken":[{"damage":0.0,"enemies":"2 Louse","floor":1.0,"turns":3.0},{"damage":2,"enemies":"Jaw Worm","floor":3,"turns":4},{"damage":8,"enemies":"Lagavulin","floor":6,"turns":5},{"damage":1,"enemies":"Cultist","floor":7,"turns":3},{"damage":1,"enemies":"2 Fungi Beasts","floor":8,"turns":2},{"damage":3,"enemies":"Red Slaver","floor":11,"turns":2},{"damage":5,"enemies":"Large Slime","floor":12,"turns":4},{"damage":2,"enemies":"Gremlin Nob","floor":13,"turns":3},{"damage":0,"enemies":"Looter","floor":14,"turns":2},{"damage":33,"enemies":"The Guardian","floor":16,"turns":7},{"damage":11,"enemies":"3 Byrds","floor":18,"turns":3},{"damage":0,"enemies":"Chosen","floor":21,"turns":3},{"damage":3,"enemies":"Snecko","floor":22,"turns":3},{"damage":27,"enemies":"Slavers","floor":23,"turns":3},{"damage":10,"enemies":"Sentry and Sphere","floor":27,"turns":6},{"damage":19,"enemies":"Gremlin Leader","floor":30,"turns":5},{"damage":18,"enemies":"Shelled Parasite and Fungi","floor":31,"turns":4}],"seed_played":"-2316815667377473089","potions_obtained":[{"floor":6,"key":"SkillPotion"},{"floor":7,"key":"Dexterity Potion"},{"floor":12,"key":"SpeedPotion"},{"floor":14,"key":"PowerPotion"},{"floor":16,"key":"FearPotion"}],"is_trial":false,"path_per_floor":["M","?","M","?","$","E","M","M","T","$","M","M","E","M","R","B",null,"M","?","$","M","M","E","$","R","T","M","R","$","E","M","R","B"],"character_chosen":"Librarian","items_purchased":["FrontalAssault","SunsetBlade","Sadistic Nature","SilentMist","CrackOfDawn"],"campfire_rested":2,"item_purchase_floors":[5,5,20,24,29],"current_hp_per_floor":[60,60,58,58,58,50,49,48,48,48,45,40,42,42,42,9,70,59,59,59,59,56,31,31,31,31,21,57,57,38,22,59,2,2],"gold":51,"neow_bonus":"ONE_RANDOM_RARE_CARD","is_daily":false,"chose_seed":false,"campfire_upgraded":2,"win_rate":0.0,"timestamp":1614125098,"path_taken":["M","?","M","?","?","E","M","?","T","$","M","M","E","M","R","BOSS","M","?","$","M","M","E","$","R","T","?","R","$","E","M","R","BOSS"],"items_purchased_type":["Card","Card","Card","Card","Card"],"build_version":"2020-12-22","purchased_purges":1,"victory":false,"max_hp_per_floor":[70,70,70,70,70,70,70,70,70,70,70,70,70,70,70,70,70,70,70,70,70,70,72,72,72,72,72,72,72,72,74,74,74,74],"relic_stats":{"Sozu":3,"Regal Pillow":30,"Singing Bowl":4,"counters":[18,69],"Whetstone":["ChargeAndCover","SinglePointStab"],"obtain_stats":[{"PageOfLibrarian":0,"Sozu":17,"Regal Pillow":6,"Singing Bowl":13,"Whetstone":9,"PageOfSingingMachine":26,"Bottled Tornado":23,"Ancient Tea Set":30},{"PageOfLibrarian":0,"Sozu":10,"Regal Pillow":3,"Singing Bowl":8,"Whetstone":5,"PageOfSingingMachine":14,"Bottled Tornado":14,"Ancient Tea Set":16},{"PageOfLibrarian":0,"Sozu":35,"Regal Pillow":12,"Singing Bowl":26,"Whetstone":17,"PageOfSingingMachine":47,"Bottled Tornado":47,"Ancient Tea Set":58}]},"card_choices":[{"not_picked":["Execute_lor","SkyClearingCut","LeRegole","WillBeTasty","StrikeDown","QuickAttack","Leap_lor","MultiHit"],"picked":"SpearedSweep","floor":1.0},{"not_picked":["Thrust","SenseQuarry","EnergyShield","Endure","MultiHit","Pound","ClassAndRespect","GreatSerpentsImpact"],"picked":"ViolentFlame","floor":3},{"not_picked":["Eradication","GroundSmash","JiaoTu","Parry2","Bvapour","StayCalm","UncannyStrike","MultiBlock"],"picked":"SinglePointStab","floor":6},{"not_picked":["SerpentSwordTechnique","FleetFootsteps","Tailoring","FlashOfSunup","StayCalm","Punishment","Diversion","SnakesPrey"],"picked":"TasteMyFlamingBat","floor":7},{"not_picked":["StrongStrike","StayCalm","MultiHit","Unlock1","Rewind","HandleRequest","Creak","SmokingPipe","Multislash"],"picked":"SKIP","floor":8},{"not_picked":["SpearedSweep","EnergyShield","FeelinGood","BiAn","HiddenBlade","WrathOfTorment","MultiHit","TasteMyFlamingBat"],"picked":"Suppress","floor":11},{"not_picked":["UpbeatPerformance","Brawl","Faith","HighKick","BackAttack","Quickness","FrontalAssault","InnerArdor"],"picked":"ViolentFlame","floor":12},{"not_picked":["EnergyStrike","StrikeDown","Decapitation","SkyClearingCut","FierceCharge","QuickSuppression","Parry2","FeelinGood"],"picked":"EmotionalTurbulence","floor":13},{"not_picked":["BackAttack","Unlock1","StructuralAnalysis","DefenseOrder","GuardingStance","StrikeDown","EnergyStrike","GuidanceOfTheGears"],"picked":"SunsetBlade","floor":14},{"not_picked":["Decapitation","ChargeUp"],"picked":"BoundaryOfDeath","floor":16},{"not_picked":["ShockRound+1","Thrust+1","RapidGashes","SpearedSweep","SerpentSwordTechnique","StrongStrike","ICanCookAnything+1","GoinFirst"],"picked":"UpbeatPerformance+1","floor":18},{"not_picked":["Wallop_lor","StrikeDown","StructuralAnalysis+1","RatsGuideToSurvival+1","FlyingSword","Parry","SunsetBlade","SuppressingShot"],"picked":"MultiBlock+1","floor":21},{"not_picked":["ShockingBlow","Clone","FlashingStrike+1","DarkCloud","RushDown","CoordinatedAssault","GuidanceOfTheGears","Parry"],"picked":"RulesOfTheBackstreets","floor":22},{"not_picked":["Gamble","AutomatedMovement+1","SuppressingShot","TendonChords","Retaliate","FleetEdge","Standoff","StrikeDown+1","MultiBlock"],"picked":"Singing Bowl","floor":23},{"not_picked":["BladeWhirl","RushDown","VenomousFangs","HighKick+1","NightInTheBackstreets+1","UpbeatPerformance+1","InhaleSmoke","SomberProcuration+1"],"picked":"UnavoidableGaze+1","floor":27},{"not_picked":["CoordinatedAssault","Outburst+1","DesperateStruggle+1","AutomatedMovement","Eliminate+1","YoureTooSlow","Creak","ClassAndRespect"],"picked":"FeatherShield+1","floor":30},{"not_picked":["PinpointShot","FierceCharge","SavageMode","CumulusWall","Diversion","WrathOfTorment","Creak","GuardingStance","BiAn"],"picked":"Singing Bowl","floor":31}],"player_experience":342208,"relics_obtained":[{"floor":6,"key":"Regal Pillow"},{"floor":9,"key":"Whetstone"},{"floor":13,"key":"Singing Bowl"},{"floor":23,"key":"Bottled Tornado"},{"floor":26,"key":"PageOfSingingMachine"},{"floor":30,"key":"Ancient Tea Set"}],"event_choices":[{"damage_healed":0,"gold_gain":0,"player_choice":"Ignored","damage_taken":0,"max_hp_gain":0,"max_hp_loss":0,"event_name":"Shining Light","floor":2,"gold_loss":0},{"damage_healed":0,"gold_gain":0,"cards_transformed":["Dodge"],"player_choice":"Change","damage_taken":0,"max_hp_gain":0,"max_hp_loss":0,"event_name":"Living Wall","floor":4,"gold_loss":0,"cards_obtained":["StartinOutLightly"]},{"damage_healed":0,"gold_gain":0,"cards_transformed":["LightDefense"],"player_choice":"Transformed","damage_taken":0,"max_hp_gain":0,"max_hp_loss":0,"event_name":"Transmorgrifier","floor":19,"gold_loss":0,"cards_obtained":["WildCard"]}],"is_beta":false,"boss_relics":[{"not_picked":["Runic Pyramid","Black Star"],"picked":"Sozu"}],"items_purged_floors":[10],"is_endless":false,"potions_floor_spawned":[6,7,12,14,16,22,23,30,31],"killed_by":"RedHoodMercenary","ascension_level":0}}