{"host":"cd25ms2o8pjhjp7m","time":1614153857,"event":{"mods":["Aspiration","BaseMod","Bestiary","Better Third Choice","BetterRewards","Conspire","Curses Come First","Friendly Minions","GifTheSpireLib","Hubris","Infinite Spire","Minty Spire (QoL Compilation)","Rare Cards Sparkle","Relic Stats","Reliquary","Replay The Spire","Robot Space Explorer","StSLib","The Poker Player","The Runesmith","Uncapped","[IsaacMod]????","??????REMEMod"],"gold_per_floor":[122,144,156,178,190,202,241,253,292,315,346,415,427,485,497,612,624,651,663,675,687,624,636,659,671,671],"floor_reached":25,"language":"DEU","playtime":909,"items_purged":["Strike_P"],"score":251,"play_id":"92d88787-c16b-44a0-938e-88e3b2e3b100","local_time":"20210224090417","is_ascension_mode":false,"campfire_choices":[{"floor":6.0,"key":"REST"},{"data":"DoctorFetus","floor":8.0,"key":"SMITH"},{"floor":15.0,"key":"REST"},{"data":"infinitespire:SevenWalls","floor":23.0,"key":"SMITH"}],"circlet_count":0,"master_deck":["Strike_P","Strike_P","Defend_P","Defend_P","Defend_P","Defend_P","Eruption","Vigilance","DoctorFetus+1","Devotion","EmptyFist","Protect","infinitespire:SevenWalls+1","ForeignInfluence","Evaluate","Worship","Sanctity","Devotion","REME_CRH","REME_WheelOfFate","Conclude+1"],"relics":["PureWater","REME_ComplimentaryCards","HushsDoor","PunchingBag","MawBank","Juzu Bracelet","reliquary:OuijaBoard","Art of War","reliquary:Firecrackers","hubris:Towel","aspiration:SecretTechniqueScroll","MutagenicStrength","hubris:Icosahedron"],"acts_visited":["Exordium","TheCity"],"potions_floor_usage":[],"damage_taken":[{"damage":10.0,"enemies":"Small Slimes","floor":1.0,"turns":5.0},{"damage":6.0,"enemies":"Jaw Worm","floor":2.0,"turns":5.0},{"damage":4.0,"enemies":"Cultist","floor":4.0,"turns":4.0},{"damage":1.0,"enemies":"Replay:BlueRogue","floor":7.0,"turns":6.0},{"damage":5.0,"enemies":"Large Slime","floor":10.0,"turns":4.0},{"damage":0.0,"enemies":"Looter","floor":11.0,"turns":3.0},{"damage":0.0,"enemies":"Lots of Slimes","floor":14.0,"turns":4.0},{"damage":1.0,"enemies":"Slime Boss","floor":16.0,"turns":8.0},{"damage":10.0,"enemies":"Shell Parasite","floor":18.0,"turns":6.0},{"damage":1.0,"enemies":"2 Thieves","floor":24.0,"turns":4.0},{"damage":0,"enemies":"Shelled Parasite and Fungi","floor":25,"turns":1}],"seed_played":"-8881913857430371894","potions_obtained":[{"floor":4.0,"key":"LifebloodPotion"},{"floor":11.0,"key":"REME_GoldPotion"},{"floor":14.0,"key":"REME_GoldPotion"},{"floor":18.0,"key":"EssenceOfSteel"}],"is_trial":false,"path_per_floor":["M","M","?","M","?","R","E","R","T","M","M","?","?","M","R","B",null,"M","?","?","?","?","R","M","M"],"character_chosen":"WATCHER","items_purchased":["REME_WheelOfFate"],"campfire_rested":2,"item_purchase_floors":[17],"current_hp_per_floor":[62,56,38,34,24,45,44,44,44,39,39,11,11,11,32,31,62,52,52,52,52,52,52,51,51,51],"gold":671,"neow_bonus":"RANDOM_COMMON_RELIC","is_daily":false,"chose_seed":false,"campfire_upgraded":2,"win_rate":0.0,"timestamp":1614153857,"path_taken":["M","M","?","?","?","R","E","R","T","M","M","?","?","M","R","BOSS","M","?","?","?","?","R","M","M"],"items_purchased_type":["Card"],"build_version":"2020-12-22","purchased_purges":1,"victory":false,"max_hp_per_floor":[72,72,72,72,72,72,72,72,72,72,72,72,72,72,72,72,62,62,62,62,62,62,62,62,62,62],"relic_stats":{"counters":[11,50],"Juzu Bracelet":2,"Art of War":[10],"MawBank":300,"obtain_stats":[{"KeepersGift":0,"reliquary:OuijaBoard":5,"PunchingBag":0,"reliquary:Firecrackers":12,"Juzu Bracelet":5,"aspiration:SecretTechniqueScroll":17,"hubris:Towel":13,"MawBank":0,"hubris:Icosahedron":20,"MutagenicStrength":19,"Art of War":7,"PureWater":0,"HushsDoor":0,"REME_ComplimentaryCards":0},{"KeepersGift":0,"reliquary:OuijaBoard":3,"PunchingBag":0,"reliquary:Firecrackers":6,"Juzu Bracelet":3,"aspiration:SecretTechniqueScroll":8,"hubris:Towel":6,"MawBank":0,"hubris:Icosahedron":9,"MutagenicStrength":9,"Art of War":4,"PureWater":0,"HushsDoor":0,"REME_ComplimentaryCards":0},{"KeepersGift":0,"reliquary:OuijaBoard":14,"PunchingBag":0,"reliquary:Firecrackers":27,"Juzu Bracelet":14,"aspiration:SecretTechniqueScroll":39,"hubris:Towel":27,"MawBank":0,"hubris:Icosahedron":45,"MutagenicStrength":45,"Art of War":20,"PureWater":0,"HushsDoor":0,"REME_ComplimentaryCards":0}]},"card_choices":[{"not_picked":[],"picked":"DoctorFetus","floor":0.0},{"not_picked":["Consecrate","JustLucky"],"picked":"EmptyFist","floor":1.0},{"not_picked":["Crescendo","EmptyBody"],"picked":"Protect","floor":2.0},{"not_picked":["infinitespire:FinalStrike","ReplayTheSpireMod:Black Plague"],"picked":"infinitespire:SevenWalls","floor":3.0},{"not_picked":["Adaptation","WaveOfTheHand"],"picked":"ForeignInfluence","floor":4.0},{"not_picked":["CutThroughFate","Sanctity"],"picked":"Evaluate","floor":7.0},{"not_picked":["FearNoEvil","ThirdEye","JustLucky"],"picked":"SKIP","floor":10.0},{"not_picked":["BowlingBash","TalkToTheHand"],"picked":"Worship","floor":11.0},{"not_picked":["BowlingBash","FollowUp"],"picked":"Sanctity","floor":12.0},{"not_picked":["Consecrate","Bomb"],"picked":"Devotion","floor":14.0},{"not_picked":["Scrawl","MasterReality"],"picked":"REME_CRH","floor":16.0},{"not_picked":["Meditate+1","Indignation+1","SashWhip"],"picked":"SKIP","floor":18.0},{"not_picked":["TalkToTheHand","Replay:ManipulateFuture"],"picked":"Conclude+1","floor":24.0}],"player_experience":502858,"relics_obtained":[{"floor":7.0,"key":"Art of War"},{"floor":12.0,"key":"reliquary:Firecrackers"}],"event_choices":[{"damage_healed":0.0,"max_hp_gain":0.0,"max_hp_loss":0.0,"gold_gain":1.0,"event_name":"betterThird:BetterScrap","player_choice":"Relic Relic ","floor":5.0,"gold_loss":0.0,"damage_taken":10.0,"cards_obtained":["ReplayTheSpireMod:Corrosion Curse"]},{"damage_healed":0.0,"max_hp_gain":0.0,"max_hp_loss":0.0,"gold_gain":0.0,"event_name":"Drug Dealer","player_choice":"Inject Mutagens","floor":19.0,"gold_loss":0.0,"damage_taken":0.0,"relics_obtained":["MutagenicStrength"]},{"damage_healed":0.0,"max_hp_gain":0.0,"max_hp_loss":0.0,"gold_gain":0.0,"event_name":"conspire:Investor","player_choice":"Leave","floor":21.0,"gold_loss":0.0,"damage_taken":0.0},{"cards_removed":["Strike_P"],"damage_healed":0.0,"max_hp_gain":0.0,"max_hp_loss":0.0,"gold_gain":0.0,"event_name":"Beggar","player_choice":"Gave Gold","floor":22.0,"gold_loss":75.0,"damage_taken":0.0}],"is_beta":false,"boss_relics":[{"not_picked":["reliquary:RustamsPendant","Runic Dome"],"picked":"aspiration:SecretTechniqueScroll"},{"not_picked":[]}],"items_purged_floors":[17],"is_endless":false,"potions_floor_spawned":[4,11,14,18],"killed_by":"Shelled Parasite and Fungi","ascension_level":0}}