{"host":"w2kjv12xyhtt0cv2","time":1614146225,"event":{"mods":["10 clothes from DAL","100% Spire Juice","Act Like it!","BaseMod","Colored Map","Friendly Minions","Gensokyo","GifTheSpireLib","Highlight Path","Hubris","Library of Ruina","Minty Spire (QoL Compilation)","Quick Restart","Relic Stats","Reliquary","Replay The Spire","Ring Of Destiny","Robot Space Explorer","Shop Mod","Spicy Shops","StSLib","The Dragon Tamer","UnlockEverythingMod","Waifu the Spire","[IsaacMod]以撒尖塔","[功能]功能增强和修复MOD","【功能Mod】Neow奖励","【功能Mod】聪明的最终Boss","【遗物卡牌】REMEMod","没有小屋子和绿帽子啦"],"gold_per_floor":[115,211,262,22,39,70,70,95,120,157,344,384,444,531,543,597,597],"floor_reached":16,"language":"ZHS","playtime":1003,"items_purged":["RingOfDestiny:Strike_SU"],"score":205,"play_id":"e0181604-db1f-4775-b367-a5330757d38f","local_time":"20210224135705","is_ascension_mode":true,"campfire_choices":[{"data":"RingOfDestiny:LoomingDeath","floor":15,"key":"SMITH"}],"circlet_count":0,"master_deck":["RingOfDestiny:Defend_SU","RingOfDestiny:Defend_SU","RingOfDestiny:Defend_SU","RingOfDestiny:Strike_SU","RingOfDestiny:Strike_SU","RingOfDestiny:MaliciousBarrier","RingOfDestiny:DoomsdayStrike","RingOfDestiny:PowerOfGreed","RingOfDestiny:PowerOfEnvy","RingOfDestiny:LoomingDeath+1","RingOfDestiny:DemonVanguard+1","RingOfDestiny:Doomsday","RingOfDestiny:SummonOfDoomsday","Doubt","hubris:Greed","RingOfDestiny:LazyCloak","RingOfDestiny:ChainBlade"],"relics":["RingOfDestiny:DemonicContract","REME_ComplimentaryCards","HushsDoor","HowToJump","hubris:SlimyHat","PageOfScorchedGirl","reliquary:BrokenClock","Kunai","REME_PuzzleBoxRelic","MawBank","Lantern","REME_ArchaeologicalTools","Replay:Accelerometer"],"acts_visited":["Exordium"],"potions_floor_usage":[8,16],"damage_taken":[{"damage":0.0,"enemies":"Small Slimes","floor":1.0,"turns":3.0},{"damage":0,"enemies":"Cultist","floor":5,"turns":2},{"damage":0,"enemies":"3 Sentries","floor":6,"turns":2},{"damage":7,"enemies":"Gremlin Nob","floor":8,"turns":3},{"damage":2,"enemies":"Lagavulin","floor":10,"turns":4},{"damage":0,"enemies":"Gremlin Nob","floor":12,"turns":2},{"damage":0,"enemies":"2 Louse","floor":13,"turns":2},{"damage":5,"enemies":"3 Sentries","floor":14,"turns":4},{"damage":176,"enemies":"Fading Forest","floor":16,"turns":6}],"seed_played":"2889813331547741290","potions_obtained":[{"floor":1.0,"key":"Strength Potion"},{"floor":8,"key":"DuplicationPotion"},{"floor":12,"key":"DuplicationPotion"},{"floor":14,"key":"GamblersBrew"},{"floor":14,"key":"AttackPotion"}],"is_trial":false,"path_per_floor":["M","?","?","$","M","E","$","E","T","E","?","E","M","E","R","B"],"character_chosen":"Summoner","items_purchased":["reliquary:BrokenClock","RingOfDestiny:DemonVanguard+1"],"campfire_rested":0,"item_purchase_floors":[4,4],"current_hp_per_floor":[88,73,51,51,51,51,51,44,44,42,42,42,42,37,37,0,0],"gold":597,"neow_bonus":"RANDOM_COMMON_RELIC","is_daily":false,"chose_seed":false,"campfire_upgraded":1,"win_rate":0.0,"timestamp":1614146225,"path_taken":["M","?","?","$","?","E","?","E","T","E","?","E","M","E","R","BOSS"],"items_purchased_type":["Relic","Card"],"build_version":"2020-12-22","purchased_purges":1,"victory":false,"max_hp_per_floor":[88,88,88,88,88,88,88,88,88,88,88,88,88,88,88,88,88],"relic_stats":{"counters":[9,28],"Kunai":[11],"MawBank":84,"obtain_stats":[{"KeepersGift":0,"Replay:Accelerometer":14,"Lantern":10,"HowToJump":0,"hubris:SlimyHat":0,"RingOfDestiny:DemonicContract":0,"MawBank":9,"PageOfScorchedGirl":3,"reliquary:BrokenClock":4,"REME_ArchaeologicalTools":12,"Kunai":6,"REME_PuzzleBoxRelic":8,"HushsDoor":0,"REME_ComplimentaryCards":0},{"KeepersGift":0,"Replay:Accelerometer":8,"Lantern":5,"HowToJump":0,"hubris:SlimyHat":0,"RingOfDestiny:DemonicContract":0,"MawBank":4,"PageOfScorchedGirl":1,"reliquary:BrokenClock":1,"REME_ArchaeologicalTools":6,"Kunai":3,"REME_PuzzleBoxRelic":4,"HushsDoor":0,"REME_ComplimentaryCards":0},{"KeepersGift":0,"Replay:Accelerometer":22,"Lantern":14,"HowToJump":0,"hubris:SlimyHat":0,"RingOfDestiny:DemonicContract":0,"MawBank":10,"PageOfScorchedGirl":3,"reliquary:BrokenClock":3,"REME_ArchaeologicalTools":16,"Kunai":7,"REME_PuzzleBoxRelic":10,"HushsDoor":0,"REME_ComplimentaryCards":0}]},"card_choices":[{"not_picked":[],"picked":"Bomb","floor":0.0},{"not_picked":["RingOfDestiny:DemonSkin","RingOfDestiny:TortureBlade","RingOfDestiny:SoulDiversion"],"picked":"SKIP","floor":1.0},{"not_picked":["RingOfDestiny:DemonVanguard","RingOfDestiny:SarcasticSword","RingOfDestiny:FairDealing"],"picked":"SKIP","floor":5},{"not_picked":["RingOfDestiny:MemoryBlade","RingOfDestiny:RingOfGreed"],"picked":"RingOfDestiny:Doomsday","floor":6},{"not_picked":["RingOfDestiny:SoulDiversion","RingOfDestiny:MaliciousRelease","RingOfDestiny:TemptingFruits"],"picked":"SKIP","floor":8},{"not_picked":["RingOfDestiny:FeastOfDoomsday","RingOfDestiny:AngerSword"],"picked":"RingOfDestiny:SummonOfDoomsday","floor":10},{"not_picked":["RingOfDestiny:DoomsdayBlade","RingOfDestiny:PowerOfGreed","RingOfDestiny:DoomsdayEcho"],"picked":"SKIP","floor":12},{"not_picked":["RingOfDestiny:MaskOfSuffering","RingOfDestiny:TortureBlade"],"picked":"RingOfDestiny:LazyCloak","floor":13},{"not_picked":["RingOfDestiny:AngerSword","RingOfDestiny:FairDealing"],"picked":"RingOfDestiny:ChainBlade","floor":14}],"player_experience":35155,"relics_obtained":[{"floor":3,"key":"PageOfScorchedGirl"},{"floor":6,"key":"Kunai"},{"floor":8,"key":"REME_PuzzleBoxRelic"},{"floor":9,"key":"MawBank"},{"floor":10,"key":"Lantern"},{"floor":12,"key":"REME_ArchaeologicalTools"},{"floor":14,"key":"Replay:Accelerometer"}],"event_choices":[{"damage_healed":0,"gold_gain":175,"player_choice":"AGREE","damage_taken":0,"max_hp_gain":0,"max_hp_loss":0,"event_name":"Liars Game","floor":11,"gold_loss":0,"cards_obtained":["Doubt"]}],"is_beta":false,"boss_relics":[],"items_purged_floors":[4],"is_endless":false,"potions_floor_spawned":[1,8,12,14,14],"killed_by":"Fading Forest","ascension_level":2}}