{"host":"5tzvto3beate6p8b","time":1614178196,"event":{"mods":["BaseMod","Colored Map","DeckTracker","Minty Spire (QoL Compilation)","Relic Stats","StSLib","SuperFastMode"],"gold_per_floor":[111,122,122,135,135,135,171,187,187,212,252,44,44,65,65,158,158,178,197,197,197,214,214,246,246,246,246,279,279,29,43,43,117,117,130,178,203,4,4,36,36,48,48,48,77,77,97,124,124,124,124],"floor_reached":50,"language":"JPN","playtime":2799,"items_purged":["Pain","Strike_G"],"score":1277,"play_id":"4a68713e-3141-45d5-9e92-64714ef1fda9","local_time":"20210224234956","is_ascension_mode":true,"campfire_choices":[{"data":"Neutralize","floor":6.0,"key":"SMITH"},{"data":"Noxious Fumes","floor":13.0,"key":"SMITH"},{"data":"Noxious Fumes","floor":15.0,"key":"SMITH"},{"data":"Dash","floor":23.0,"key":"SMITH"},{"floor":25.0,"key":"REST"},{"data":"Night Terror","floor":29.0,"key":"SMITH"},{"data":"Backstab","floor":32.0,"key":"SMITH"},{"floor":41.0,"key":"RECALL"},{"data":"Accuracy","floor":44.0,"key":"SMITH"},{"data":"Backstab","floor":46.0,"key":"SMITH"},{"data":"Caltrops","floor":49,"key":"SMITH"}],"circlet_count":0,"master_deck":["AscendersBane","Strike_G","Defend_G","Defend_G+1","Defend_G","Defend_G+1","Defend_G","Survivor","Neutralize+1","Underhanded Strike","Blade Dance","Underhanded Strike","Noxious Fumes+1","Noxious Fumes+1","Dash+1","Night Terror+1","Deadly Poison","Backstab+1","Tools of the Trade","Tools of the Trade+1","Sucker Punch+1","Unload+1","Reflex","Caltrops+1","Accuracy+1","Backstab+1","Backflip","Reflex","Underhanded Strike","Blind","Expertise","Clumsy","Eviscerate+1","Caltrops","Terror"],"relics":["Ring of the Snake","NeowsBlessing","WarpedTongs","Bloody Idol","Lizard Tail","StrikeDummy","Ninja Scroll","Astrolabe","MutagenicStrength","Singing Bowl","Thread and Needle","Gambling Chip","War Paint","Cursed Key","Dead Branch","Unceasing Top","Ginger","Molten Egg 2","PreservedInsect"],"acts_visited":["Exordium","TheCity","TheBeyond"],"potions_floor_usage":[48,48,50],"damage_taken":[{"damage":0.0,"enemies":"Small Slimes","floor":1.0,"turns":1.0},{"damage":0.0,"enemies":"Cultist","floor":2.0,"turns":1.0},{"damage":0.0,"enemies":"2 Louse","floor":4.0,"turns":1.0},{"damage":2.0,"enemies":"Lagavulin","floor":7.0,"turns":7.0},{"damage":5.0,"enemies":"Blue Slaver","floor":8.0,"turns":3.0},{"damage":0.0,"enemies":"3 Louse","floor":10.0,"turns":2.0},{"damage":5.0,"enemies":"3 Sentries","floor":11.0,"turns":6.0},{"damage":1.0,"enemies":"Looter","floor":14.0,"turns":2.0},{"damage":18.0,"enemies":"The Guardian","floor":16.0,"turns":9.0},{"damage":3.0,"enemies":"Chosen","floor":18.0,"turns":5.0},{"damage":3.0,"enemies":"2 Thieves","floor":19.0,"turns":3.0},{"damage":8.0,"enemies":"Snecko","floor":22.0,"turns":4.0},{"damage":18.0,"enemies":"Gremlin Leader","floor":24.0,"turns":6.0},{"damage":11.0,"enemies":"Book of Stabbing","floor":28.0,"turns":3.0},{"damage":3.0,"enemies":"Chosen and Byrds","floor":31.0,"turns":4.0},{"damage":1.0,"enemies":"Automaton","floor":33.0,"turns":9.0},{"damage":0.0,"enemies":"3 Shapes","floor":35.0,"turns":1.0},{"damage":16.0,"enemies":"2 Orb Walkers","floor":36.0,"turns":5.0},{"damage":1.0,"enemies":"Mind Bloom Boss Battle","floor":37.0,"turns":5.0},{"damage":19.0,"enemies":"Reptomancer","floor":40.0,"turns":4.0},{"damage":0.0,"enemies":"3 Darklings","floor":42.0,"turns":1.0},{"damage":0.0,"enemies":"Giant Head","floor":45.0,"turns":5.0},{"damage":0.0,"enemies":"4 Shapes","floor":47.0,"turns":4.0},{"damage":0,"enemies":"Reptomancer","floor":48,"turns":2},{"damage":153,"enemies":"Time Eater","floor":50,"turns":12}],"seed_played":"7928074788342124554","potions_obtained":[{"floor":4.0,"key":"PowerPotion"},{"floor":8.0,"key":"DistilledChaos"},{"floor":10.0,"key":"DistilledChaos"},{"floor":16.0,"key":"DistilledChaos"},{"floor":33.0,"key":"EssenceOfSteel"},{"floor":35.0,"key":"Energy Potion"},{"floor":40.0,"key":"FearPotion"},{"floor":45.0,"key":"SteroidPotion"},{"floor":48,"key":"ColorlessPotion"}],"is_trial":false,"path_per_floor":["M","M","?","M","?","R","E","M","T","M","E","$","R","M","R","B",null,"M","M","?","?","M","R","E","R","T","?","E","R","$","M","R","B",null,"M","?","?","$","?","E","R","M","T","R","E","R","M","E","R","B"],"character_chosen":"THE_SILENT","items_purchased":["GhostInAJar","Deadly Poison","Backstab","War Paint","Blind"],"campfire_rested":1,"item_purchase_floors":[12,12,30,30,38],"current_hp_per_floor":[59,59,59,59,59,59,57,52,52,52,47,47,47,46,46,28,52,49,46,46,46,43,43,30,48,48,48,44,44,44,46,46,50,59,64,53,57,57,74,60,60,67,67,67,72,72,76,76,76,0,0],"gold":124,"neow_bonus":"THREE_ENEMY_KILL","is_daily":false,"chose_seed":false,"campfire_upgraded":9,"win_rate":0.0,"timestamp":1614178196,"path_taken":["M","M","?","?","?","R","E","M","T","M","E","$","R","M","R","BOSS","M","M","?","?","M","R","E","R","T","?","E","R","$","M","R","BOSS","M","?","?","$","?","E","R","M","T","R","E","R","M","E","R","BOSS"],"items_purchased_type":["Potion","Card","Card","Relic","Card"],"build_version":"2020-12-22","purchased_purges":2,"victory":false,"max_hp_per_floor":[66,66,66,66,60,60,60,60,60,60,60,60,60,60,60,60,60,60,60,60,60,60,60,60,60,60,60,62,62,62,62,62,62,62,64,64,64,64,74,74,74,76,76,76,76,76,76,76,76,76,76],"relic_stats":{"Singing Bowl":6,"counters":[25,105],"Astrolabe":["Tools of the Trade","Sucker Punch","Unload"],"Dead Branch":[77],"PreservedInsect":0,"Ginger":[4],"War Paint":["Defend_G","Defend_G"],"Cursed Key":1,"WarpedTongs":[102],"Lizard Tail":38,"Bloody Idol":57,"Gambling Chip":[30],"obtain_stats":[{"NeowsBlessing":0,"Singing Bowl":24,"Golden Idol":5,"Astrolabe":17,"Dead Branch":36,"Thread and Needle":26,"PreservedInsect":48,"Ginger":40,"War Paint":30,"Cursed Key":34,"WarpedTongs":3,"Lizard Tail":7,"Ninja Scroll":11,"MutagenicStrength":20,"Bloody Idol":21,"Gambling Chip":28,"Molten Egg 2":45,"StrikeDummy":9,"Unceasing Top":37,"Ring of the Snake":0},{"NeowsBlessing":0,"Singing Bowl":13,"Golden Idol":3,"Astrolabe":9,"Dead Branch":18,"Thread and Needle":13,"PreservedInsect":24,"Ginger":20,"War Paint":14,"Cursed Key":16,"WarpedTongs":2,"Lizard Tail":4,"Ninja Scroll":7,"MutagenicStrength":11,"Bloody Idol":11,"Gambling Chip":14,"Molten Egg 2":22,"StrikeDummy":5,"Unceasing Top":19,"Ring of the Snake":0},{"NeowsBlessing":0,"Singing Bowl":50,"Golden Idol":3,"Astrolabe":32,"Dead Branch":72,"Thread and Needle":50,"PreservedInsect":93,"Ginger":81,"War Paint":53,"Cursed Key":66,"WarpedTongs":2,"Lizard Tail":10,"Ninja Scroll":21,"MutagenicStrength":40,"Bloody Idol":40,"Gambling Chip":53,"Molten Egg 2":87,"StrikeDummy":13,"Unceasing Top":77,"Ring of the Snake":0}],"Unceasing Top":[8],"Ring of the Snake":[50]},"card_choices":[{"not_picked":["Expertise","Prepared"],"picked":"Underhanded Strike","floor":1.0},{"not_picked":["Cloak And Dagger","Finisher"],"picked":"Blade Dance","floor":2.0},{"not_picked":["Slice","Cloak And Dagger"],"picked":"Underhanded Strike","floor":4.0},{"not_picked":["Bane","Backflip"],"picked":"Noxious Fumes","floor":7.0},{"not_picked":["Quick Slash","Outmaneuver"],"picked":"Noxious Fumes","floor":8.0},{"not_picked":["PiercingWail","Concentrate"],"picked":"Dash","floor":10.0},{"not_picked":["Infinite Blades","Sucker Punch"],"picked":"Night Terror","floor":11.0},{"not_picked":["All Out Attack","Masterful Stab"],"picked":"Backstab","floor":14.0},{"not_picked":["Burst","Glass Knife"],"picked":"Tools of the Trade","floor":16.0},{"not_picked":["Quick Slash","Flying Knee","Sucker Punch"],"picked":"SKIP","floor":18.0},{"not_picked":["Distraction","Slice"],"picked":"Reflex","floor":19.0},{"not_picked":["Finisher","Flechettes"],"picked":"Caltrops","floor":22.0},{"not_picked":["Acrobatics","Blur"],"picked":"Accuracy","floor":24.0},{"not_picked":["Dodge and Roll","Envenom","Deflect"],"picked":"Singing Bowl","floor":28.0},{"not_picked":["Flying Knee","Flechettes"],"picked":"Backflip","floor":31.0},{"not_picked":["Unload","Grand Finale"],"picked":"Envenom","floor":33.0},{"not_picked":["Bane+1","All Out Attack","Dodge and Roll+1"],"picked":"Singing Bowl","floor":35.0},{"not_picked":["Escape Plan+1","Slice"],"picked":"Reflex","floor":36.0},{"not_picked":["Deadly Poison","Bouncing Flask"],"picked":"Underhanded Strike","floor":37.0},{"not_picked":["Deadly Poison+1","Poisoned Stab"],"picked":"Expertise","floor":40.0},{"not_picked":["Bane+1","Dagger Throw+1","Outmaneuver+1"],"picked":"Singing Bowl","floor":42.0},{"not_picked":["Expertise","Concentrate"],"picked":"Eviscerate+1","floor":45.0},{"not_picked":["Sucker Punch+1","Infinite Blades"],"picked":"Caltrops","floor":47.0},{"not_picked":["Backstab+1","Prepared+1"],"picked":"Terror","floor":48}],"player_experience":867788,"relics_obtained":[{"floor":7.0,"key":"Lizard Tail"},{"floor":9.0,"key":"StrikeDummy"},{"floor":11.0,"key":"Ninja Scroll"},{"floor":24.0,"key":"Singing Bowl"},{"floor":26.0,"key":"Thread and Needle"},{"floor":28.0,"key":"Gambling Chip"},{"floor":36.0,"key":"Dead Branch"},{"floor":37.0,"key":"Unceasing Top"},{"floor":40.0,"key":"Ginger"},{"floor":45.0,"key":"Molten Egg 2"},{"floor":48,"key":"PreservedInsect"}],"event_choices":[{"damage_healed":0.0,"max_hp_gain":0.0,"max_hp_loss":0.0,"gold_gain":0.0,"event_name":"Accursed Blacksmith","player_choice":"Rummage","floor":3.0,"gold_loss":0.0,"damage_taken":0.0,"relics_obtained":["WarpedTongs"],"cards_obtained":["Pain"]},{"damage_healed":0.0,"max_hp_gain":0.0,"max_hp_loss":6.0,"gold_gain":0.0,"event_name":"Golden Idol","player_choice":"Lose Max HP","floor":5.0,"gold_loss":0.0,"damage_taken":0.0,"relics_obtained":["Golden Idol"]},{"damage_healed":0.0,"max_hp_gain":0.0,"max_hp_loss":0.0,"gold_gain":0.0,"event_name":"Drug Dealer","player_choice":"Inject Mutagens","floor":20.0,"gold_loss":0.0,"damage_taken":0.0,"relics_obtained":["MutagenicStrength"]},{"damage_healed":0.0,"max_hp_gain":0.0,"max_hp_loss":0.0,"gold_gain":0.0,"event_name":"Forgotten Altar","player_choice":"Gave Idol","floor":21.0,"relics_lost":["Golden Idol"],"gold_loss":0.0,"damage_taken":0.0,"relics_obtained":["Bloody Idol"]},{"damage_healed":0.0,"max_hp_gain":0.0,"max_hp_loss":0.0,"gold_gain":0.0,"event_name":"Vampires","player_choice":"Ignored","floor":27.0,"gold_loss":0.0,"damage_taken":0.0},{"damage_healed":0.0,"max_hp_gain":0.0,"max_hp_loss":0.0,"gold_gain":0.0,"event_name":"Mysterious Sphere","player_choice":"Fight","floor":36.0,"gold_loss":0.0,"damage_taken":0.0},{"damage_healed":0.0,"max_hp_gain":0.0,"max_hp_loss":0.0,"gold_gain":0.0,"event_name":"MindBloom","player_choice":"Fight","floor":37.0,"gold_loss":0.0,"damage_taken":0.0},{"cards_removed":["Envenom"],"damage_healed":7.0,"max_hp_gain":10.0,"max_hp_loss":0.0,"gold_gain":0.0,"event_name":"Bonfire Elementals","player_choice":"Offered Rare","floor":39.0,"gold_loss":0.0,"damage_taken":0.0}],"is_beta":false,"boss_relics":[{"not_picked":["Coffee Dripper","Black Star"],"picked":"Astrolabe"},{"not_picked":["Busted Crown","SlaversCollar"],"picked":"Cursed Key"}],"items_purged_floors":[12,38],"is_endless":false,"potions_floor_spawned":[4,8,10,16,18,22,24,33,35,40,45,48],"killed_by":"Time Eater","ascension_level":20}}