{"host":"zdahj580pq9zy75i","time":1614188534,"event":{"mods":["AchievementEnabler","BaseMod","Bestiary","Colored Map","Minty Spire (QoL Compilation)","Relic Stats","StSLib"],"gold_per_floor":[109,124,124,124,94,126,14,14,14],"floor_reached":8,"language":"ENG","playtime":177,"items_purged":["Strike_R"],"score":158,"play_id":"cb82f338-ff1b-4c0f-a3c1-4ec63762610f","local_time":"20210224124214","is_ascension_mode":true,"campfire_choices":[],"circlet_count":0,"master_deck":["AscendersBane","Strike_R","Strike_R","Strike_R+1","Strike_R","Defend_R+1","Defend_R","Defend_R","Defend_R","Bash","Sword Boomerang","Shrug It Off","Corruption","Pummel"],"relics":["Burning Blood","NeowsBlessing","Prayer Wheel","Sundial"],"acts_visited":["Exordium"],"potions_floor_usage":[],"damage_taken":[{"damage":0,"enemies":"Cultist","floor":1,"turns":1},{"damage":0,"enemies":"Jaw Worm","floor":2,"turns":1},{"damage":0,"enemies":"Lagavulin","floor":6,"turns":1},{"damage":61,"enemies":"3 Sentries","floor":8,"turns":9}],"seed_played":"777133613261251006","potions_obtained":[{"floor":5,"key":"FairyPotion"},{"floor":5,"key":"FearPotion"}],"is_trial":false,"path_per_floor":["M","M","?","T","?","E","$","E"],"character_chosen":"IRONCLAD","items_purchased":["Pummel"],"campfire_rested":0,"item_purchase_floors":[7],"current_hp_per_floor":[74,75,52,52,52,58,58,22,22],"gold":14,"neow_bonus":"THREE_ENEMY_KILL","is_daily":false,"chose_seed":false,"campfire_upgraded":0,"win_rate":0.0,"timestamp":1614188534,"path_taken":["M","?","?","?","?","E","$","E"],"items_purchased_type":["Card"],"build_version":"2020-12-22","purchased_purges":1,"victory":false,"max_hp_per_floor":[75,75,75,75,75,75,75,75,75],"relic_stats":{"counters":[4,12],"Sundial":[0],"Prayer Wheel":0,"obtain_stats":[{"NeowsBlessing":0,"Sundial":6,"Prayer Wheel":4,"Burning Blood":0},{"NeowsBlessing":0,"Sundial":3,"Prayer Wheel":2,"Burning Blood":0},{"NeowsBlessing":0,"Sundial":3,"Prayer Wheel":2,"Burning Blood":0}],"Burning Blood":13},"card_choices":[{"not_picked":["Heavy Blade","Armaments"],"picked":"Sword Boomerang","floor":1},{"not_picked":["Seeing Red","Body Slam"],"picked":"Shrug It Off","floor":2},{"not_picked":["Disarm","Double Tap"],"picked":"Corruption","floor":6}],"player_experience":802616,"relics_obtained":[{"floor":4,"key":"Prayer Wheel"},{"floor":6,"key":"Sundial"}],"event_choices":[{"damage_healed":0,"gold_gain":0,"player_choice":"Entered Light","damage_taken":23,"max_hp_gain":0,"max_hp_loss":0,"event_name":"Shining Light","floor":3,"gold_loss":0,"cards_upgraded":["Defend_R","Strike_R"]},{"damage_healed":0,"gold_gain":0,"player_choice":"Bought 2 Potions","damage_taken":0,"max_hp_gain":0,"max_hp_loss":0,"event_name":"The Woman in Blue","floor":5,"gold_loss":0}],"is_beta":false,"boss_relics":[],"items_purged_floors":[7],"is_endless":false,"potions_floor_spawned":[],"killed_by":"3 Sentries","ascension_level":20}}