{"host":"cgwysqtmt736mr58","time":1614128576,"event":{"mods":["2.2 Compatiblity","Act Like it!","Aspiration","BaseMod","Beaked The Cultist","BetterRewards","Colored Map","Colored Powertips","Downfall","Duelist Mod","GifTheSpireLib","Googly Eyes","Halation","Hallownest","Hermit","Hubris","Infinite Spire","Lobotomy","LobotomyExtend","Minty Spire (QoL Compilation)","Quick Restart","Relic Stats","Replay The Spire","Shade Mod","Shop Mod","StSLib","The Bug Knight","The Construct","The Cursed","The Disciple","The Exalted","The Necromancer","The Runesmith","Waifu the Spire","Yuri Mod"],"gold_per_floor":[115,126,126,126,136,136,167,167,167,167,183,183,193,193,193,292,292,307,57,73,73,108,108,108,108,108,108,128,143,185,200,200,200,200],"floor_reached":33,"language":"ENG","playtime":1685,"items_purged":[],"score":272,"play_id":"c9a682fe-48d4-423e-bdd4-e952fe07e01e","local_time":"20210224120256","is_ascension_mode":false,"campfire_choices":[{"data":"HollowMod:FocusHealStart","floor":6,"key":"SMITH"},{"floor":12,"key":"REST"},{"data":"HollowMod:CycloneSlash","floor":15,"key":"SMITH"},{"floor":23,"key":"REST"},{"data":"HollowMod:SoulStrike","floor":25,"key":"SMITH"},{"floor":32,"key":"REST"}],"circlet_count":0,"master_deck":["HollowMod:NailStrikeStart","HollowMod:NailStrikeStart","HollowMod:NailStrikeStart","HollowMod:NailStrikeStart","HollowMod:QuickDashStart","HollowMod:QuickDashStart","HollowMod:QuickDashStart","HollowMod:QuickDashStart","HollowMod:FocusHealStart+1","HollowMod:PogoStrike","HollowMod:NewLittleFool","HollowMod:TaintedHusks","HollowMod:Grubsong","HollowMod:CycloneSlash+1","downfall:Haunted","downfall:Haunted","Doubt","HollowMod:ZotesMagnificence","HollowMod:SoulStrike+1","HollowMod:PureVessel","HollowMod:FastStrike+1","HollowMod:HowlingWraiths","HollowMod:BaldurShell+1","HollowMod:MantisMark","HollowMod:MothsMistake","ReplayTheSpireMod:Splinters","HollowMod:InfectionAssault","HollowMod:theNailsmith+1","HollowMod:SoulSplash+1"],"relics":["HollowMod:VesselMask","Boot","LetterFromLob","Hallownest:DreamNailRelic","halation:Toothbrush","Darkstone Periapt","hubris:DeckOfHolding","HollowMod:LumaflyLanternRelic","SlaversCollar","Hallownest:UnbreakableCardRelic","RedMistMask","Shuriken","Golden Egg"],"acts_visited":["Exordium","Hallownest:Greenpath"],"potions_floor_usage":[7,16,18,22,31,33],"damage_taken":[{"damage":0,"enemies":"Hallownest:2_MossCreeps","floor":1,"turns":5},{"damage":0,"enemies":"Hallownest:monsterHuskWarrior","floor":2,"turns":2},{"damage":1,"enemies":"Hallownest:monsterHuskGuard","floor":5,"turns":3},{"damage":50,"enemies":"Hallownest:eliteMossKnight","floor":7,"turns":11},{"damage":10,"enemies":"Hallownest:2_Tiktiks_1_Baldur_1_Crawlid","floor":11,"turns":6},{"damage":24,"enemies":"Hallownest:1_Ooma_and_2_Uuma","floor":13,"turns":7},{"damage":47,"enemies":"Hallownest:BossFalseKnight","floor":16,"turns":11},{"damage":20,"enemies":"Hallownest:2_Mistakes","floor":18,"turns":6},{"damage":14,"enemies":"Hallownest:Flukemon_and_Top","floor":20,"turns":5},{"damage":17,"enemies":"Hallownest:Glutton_and_Coward","floor":22,"turns":3},{"damage":14,"enemies":"Hallownest:Master_and_Novice","floor":28,"turns":3},{"damage":12,"enemies":"Hallownest:monsterShrumalOgre","floor":29,"turns":3},{"damage":61,"enemies":"Hallownest:2_Flukemon","floor":31,"turns":6},{"damage":79,"enemies":"Hallownest:BossGrimm","floor":33,"turns":7}],"seed_played":"2357348415696960758","potions_obtained":[{"floor":2,"key":"ColorlessPotion"},{"floor":11,"key":"FearPotion"},{"floor":16,"key":"champ:CounterPotion"},{"floor":18,"key":"BlessingOfTheForge"},{"floor":29,"key":"SneckoOil"},{"floor":31,"key":"Weak Potion"}],"is_trial":false,"path_per_floor":["M","M","$","?","M","R","E","?","T","?","M","R","M","T","R","B",null,"M","?","M","?","M","R","?","R","T","$","M","M","?","M","R","B"],"character_chosen":"THE_BUGKNIGHT","items_purchased":[],"campfire_rested":3,"item_purchase_floors":[],"current_hp_per_floor":[75,75,75,75,74,74,36,54,54,63,63,90,76,76,76,29,93,78,81,67,75,58,86,86,86,86,86,78,66,72,17,47,0,0],"gold":200,"neow_bonus":"RANDOM_COMMON_RELIC","is_daily":false,"chose_seed":false,"campfire_upgraded":3,"win_rate":0.0,"timestamp":1614128576,"path_taken":["M","M","$","?","?","R","E","?","T","?","?","R","M","?","R","BOSS","M","?","M","?","M","R","?","R","T","?","?","M","?","M","R","BOSS"],"items_purchased_type":[],"build_version":"2020-12-22","purchased_purges":0,"victory":false,"max_hp_per_floor":[75,75,75,75,75,75,75,93,93,93,93,93,93,93,93,93,93,93,96,96,96,96,96,96,96,96,96,96,96,102,102,102,102,102],"relic_stats":{"Darkstone Periapt":24,"counters":[14,78],"Shuriken":[4],"Boot":[86],"obtain_stats":[{"Darkstone Periapt":8,"Golden Egg":30,"HollowMod:LumaflyLanternRelic":14,"Hallownest:UnbreakableCardRelic":19,"HollowMod:VesselMask":0,"Hallownest:DreamNailRelic":4,"Boot":0,"SlaversCollar":17,"Shuriken":26,"hubris:DeckOfHolding":9,"halation:Toothbrush":7,"RedMistMask":20,"LetterFromLob":1},{"Darkstone Periapt":4,"Golden Egg":12,"HollowMod:LumaflyLanternRelic":6,"Hallownest:UnbreakableCardRelic":8,"HollowMod:VesselMask":0,"Hallownest:DreamNailRelic":2,"Boot":0,"SlaversCollar":7,"Shuriken":10,"hubris:DeckOfHolding":4,"halation:Toothbrush":4,"RedMistMask":9,"LetterFromLob":1},{"Darkstone Periapt":21,"Golden Egg":65,"HollowMod:LumaflyLanternRelic":34,"Hallownest:UnbreakableCardRelic":51,"HollowMod:VesselMask":0,"Hallownest:DreamNailRelic":7,"Boot":0,"SlaversCollar":45,"Shuriken":59,"hubris:DeckOfHolding":21,"halation:Toothbrush":21,"RedMistMask":56,"LetterFromLob":5}]},"card_choices":[{"not_picked":["HollowMod:ShadowDash","HollowMod:PureVessel"],"picked":"HollowMod:NewLittleFool","floor":1},{"not_picked":["HollowMod:ShadowDash","HollowMod:DoubleDash"],"picked":"HollowMod:TaintedHusks","floor":2},{"not_picked":["HollowMod:DoubleDash","HollowMod:SoulStrike"],"picked":"HollowMod:Grubsong","floor":5},{"not_picked":["HollowMod:DoubleDash","HollowMod:FastStrike"],"picked":"HollowMod:CycloneSlash","floor":7},{"not_picked":["HollowMod:SoulVessel","HollowMod:BrokenVessel"],"picked":"HollowMod:SoulStrike","floor":11},{"not_picked":["HollowMod:ShadowDash","HollowMod:SoulVessel"],"picked":"HollowMod:CloakDash","floor":13},{"not_picked":["HollowMod:HornetsHelp","HollowMod:Hiveblood"],"picked":"HollowMod:PureVessel","floor":16},{"not_picked":["HollowMod:BlackTendrils+1","HollowMod:TaintedHusks"],"picked":"HollowMod:FastStrike+1","floor":18},{"not_picked":["HollowMod:CycloneSlash","HollowMod:DoubleDash"],"picked":"HollowMod:HowlingWraiths","floor":20},{"not_picked":["HollowMod:SoulStrike","HollowMod:PureVessel"],"picked":"HollowMod:BaldurShell+1","floor":22},{"not_picked":["HollowMod:CrystalDash","HollowMod:DoubleDash"],"picked":"HollowMod:MantisMark","floor":28},{"not_picked":["HollowMod:RecoilStrike+1","HollowMod:Grubsong"],"picked":"HollowMod:MothsMistake","floor":29},{"not_picked":["HollowMod:GoodIntentions","HollowMod:ShapeofUnn"],"picked":"HollowMod:InfectionAssault","floor":30},{"not_picked":["HollowMod:DescendingDark","HollowMod:SoulShaman+1"],"picked":"HollowMod:theNailsmith","floor":30},{"not_picked":["HollowMod:SharpenedNail","HollowMod:NewLittleFool"],"picked":"HollowMod:SoulSplash+1","floor":31}],"player_experience":1124685,"relics_obtained":[{"floor":1,"key":"LetterFromLob"},{"floor":7,"key":"halation:Toothbrush"},{"floor":9,"key":"hubris:DeckOfHolding"},{"floor":14,"key":"HollowMod:LumaflyLanternRelic"},{"floor":20,"key":"RedMistMask"},{"floor":26,"key":"Shuriken"},{"floor":30,"key":"Golden Egg"}],"event_choices":[],"is_beta":false,"boss_relics":[{"not_picked":["halation:LoveArrow","Replay:Ancient Bell"],"picked":"SlaversCollar"}],"items_purged_floors":[],"is_endless":false,"potions_floor_spawned":[2,11,16,18,29,31],"killed_by":"Hallownest:BossGrimm","ascension_level":0}}