{"host":"yfdtuf6ojcxn06xg","time":1614142913,"event":{"mods":["2.2 Compatiblity","AchievementEnabler","BaseMod","Colored Map","Colored Powertips","Curses Come First","Hermit","JesterMod","Jorbs\u0027s Wanderer Trilogy","Minty Spire (QoL Compilation)","Quick Restart","Rare Cards Sparkle","Relic Stats","Replay The Spire","StSLib","The Cursed","The Disciple","The Hierophant","The Jungle","The Marked","The Necromancer","The Servant 0.9.4"],"gold_per_floor":[114,125,75,75,53,78,78,97,97,108,118,118,128,128,128,228,228,242,242,112,112,112,141,141,141,141],"floor_reached":25,"language":"ENG","playtime":959,"items_purged":["Strike_B"],"score":281,"play_id":"00e6bfb6-3454-4346-beb7-267068dfd710","local_time":"20210224000153","is_ascension_mode":true,"campfire_choices":[{"data":"BasicCrystalCard","floor":7,"key":"SMITH"},{"data":"Crystallizer","floor":12,"key":"SMITH"},{"data":"BasicCrystalCard","floor":15,"key":"SMITH"},{"floor":24,"key":"REST"}],"circlet_count":0,"master_deck":["Strike_B","Defend_B","Defend_B","Defend_B","Defend_B","Zap+1","Dualcast","Cold Snap","BasicCrystalCard+1","Coolheaded","Coolheaded","BasicCrystalCard+1","Sweeping Beam","Crystallizer+1","Leap","ReplayRNGCard","Defragment","Auto Shields+1"],"relics":["Cracked Core","NeowsBlessing","Replay:Bottled Flurry","Blood Vial","jesterMod:MachoBrace","Sundial"],"acts_visited":["Exordium","TheCity"],"potions_floor_usage":[13,16,23,25],"damage_taken":[{"damage":0,"enemies":"Jaw Worm","floor":1,"turns":1},{"damage":0,"enemies":"Cultist","floor":2,"turns":1},{"damage":0,"enemies":"Lagavulin","floor":6,"turns":1},{"damage":0,"enemies":"Small Slimes","floor":8,"turns":3},{"damage":6,"enemies":"2 Fungi Beasts","floor":10,"turns":4},{"damage":5,"enemies":"Blue Slaver","floor":11,"turns":4},{"damage":12,"enemies":"Large Slime","floor":13,"turns":5},{"damage":50,"enemies":"The Guardian","floor":16,"turns":14},{"damage":13,"enemies":"Shell Parasite","floor":18,"turns":6},{"damage":39,"enemies":"Slavers","floor":23,"turns":10},{"damage":51,"enemies":"Gremlin Leader","floor":25,"turns":9}],"seed_played":"-7741468674586844488","potions_obtained":[{"floor":6,"key":"FocusPotion"},{"floor":8,"key":"Toxic Potion"},{"floor":10,"key":"Elixir"},{"floor":11,"key":"BlessingOfTheForge"},{"floor":23,"key":"ColorlessPotion"}],"is_trial":false,"path_per_floor":["M","M","?","?","$","E","R","M","T","M","M","R","M","?","R","B",null,"M","?","$","?","?","E","R","E"],"character_chosen":"DEFECT","items_purchased":["Coolheaded","Auto Shields+1"],"campfire_rested":1,"item_purchase_floors":[5,20],"current_hp_per_floor":[75,75,75,75,75,75,75,75,75,69,66,66,56,56,56,8,75,62,62,62,62,62,25,47,0,0],"gold":141,"neow_bonus":"THREE_ENEMY_KILL","is_daily":false,"chose_seed":false,"campfire_upgraded":3,"win_rate":0.0,"timestamp":1614142913,"path_taken":["M","M","?","?","$","E","R","M","T","M","?","R","M","?","R","BOSS","M","?","$","?","?","E","R","E"],"items_purchased_type":["Card","Card"],"build_version":"2020-12-22","purchased_purges":1,"victory":false,"max_hp_per_floor":[75,75,75,75,75,75,75,75,75,75,75,75,75,75,75,75,75,75,75,75,75,75,75,75,75,75],"relic_stats":{"Blood Vial":10,"counters":[11,58],"Sundial":[2],"obtain_stats":[{"Blood Vial":9,"NeowsBlessing":0,"jesterMod:MachoBrace":17,"Sundial":23,"Replay:Bottled Flurry":6,"Cracked Core":0},{"Blood Vial":4,"NeowsBlessing":0,"jesterMod:MachoBrace":8,"Sundial":10,"Replay:Bottled Flurry":3,"Cracked Core":0},{"Blood Vial":6,"NeowsBlessing":0,"jesterMod:MachoBrace":33,"Sundial":49,"Replay:Bottled Flurry":3,"Cracked Core":0}]},"card_choices":[{"not_picked":["Darkness","Double Energy"],"picked":"Cold Snap","floor":1},{"not_picked":["Hello World","Ball Lightning"],"picked":"BasicCrystalCard","floor":2},{"not_picked":["Recycle","Biased Cognition"],"picked":"Coolheaded","floor":6},{"not_picked":["Sunder","Rip and Tear"],"picked":"BasicCrystalCard","floor":8},{"not_picked":["Go for the Eyes","Doom and Gloom"],"picked":"Sweeping Beam","floor":10},{"not_picked":["ReplayTheSpireMod:Reroute Power","Go for the Eyes"],"picked":"Crystallizer","floor":11},{"not_picked":["Beam Cell","Rebound"],"picked":"Leap","floor":13},{"not_picked":["ReplayTheSpireMod:Omega Cannon","Multi-Cast"],"picked":"ReplayRNGCard","floor":16},{"not_picked":["Stack","Gash","Ball Lightning"],"picked":"SKIP","floor":18},{"not_picked":["Undo","Conserve Battery","ReplayTheSpireMod:System Scan"],"picked":"SKIP","floor":23}],"player_experience":277896,"relics_obtained":[{"floor":6,"key":"Replay:Bottled Flurry"},{"floor":9,"key":"Blood Vial"},{"floor":23,"key":"Sundial"}],"event_choices":[{"cards_removed":["Strike_B"],"damage_healed":0,"gold_gain":0,"player_choice":"Card Removal","damage_taken":0,"max_hp_gain":0,"max_hp_loss":0,"event_name":"The Cleric","floor":3,"gold_loss":50},{"damage_healed":0,"gold_gain":0,"player_choice":"Forge","damage_taken":0,"max_hp_gain":0,"max_hp_loss":0,"event_name":"Accursed Blacksmith","floor":4,"gold_loss":0,"cards_upgraded":["Zap"]},{"damage_healed":0,"gold_gain":0,"player_choice":"Ignored","damage_taken":0,"max_hp_gain":0,"max_hp_loss":0,"event_name":"Liars Game","floor":14,"gold_loss":0},{"damage_healed":0,"gold_gain":0,"player_choice":"Read","damage_taken":0,"max_hp_gain":0,"max_hp_loss":0,"event_name":"The Library","floor":19,"gold_loss":0,"cards_obtained":["Defragment"]},{"damage_healed":0,"gold_gain":0,"player_choice":"Ignored","damage_taken":0,"max_hp_gain":0,"max_hp_loss":0,"event_name":"Ghosts","floor":21,"gold_loss":0},{"cards_removed":["Strike_B"],"damage_healed":0,"gold_gain":0,"player_choice":"Elegance","damage_taken":0,"max_hp_gain":0,"max_hp_loss":0,"event_name":"Back to Basics","floor":22,"gold_loss":0}],"is_beta":false,"boss_relics":[{"not_picked":["Snecko Eye","Philosopher\u0027s Stone"],"picked":"jesterMod:MachoBrace"}],"items_purged_floors":[20],"is_endless":false,"potions_floor_spawned":[6,8,10,11,23],"killed_by":"Gremlin Leader","ascension_level":3}}