{"host":"ydh61a5ftgdajrbo","time":1614183768,"event":{"mods":["BaseMod","Colored Map","Colored Powertips","DeckTracker","Downfall","Hermit","Koishi","Minty Spire (QoL Compilation)","Prisma Mod","Relic Stats","Spire Arcade","StSLib","SuperFastMode","The Cursed","The Jungle","The Mystic","The Runesmith","The Senshi","The Servant 0.9.4"],"gold_per_floor":[118,393,408,25,39,74,74,150,150,150,7,34,50,60,60,158,158,173,183,183,193,74,74,105,105,128,128,158,158,186,186,186,281,281,293,293,193,204,217,217,243,2,28,42,59,59,59,9,9,9],"floor_reached":51,"language":"ZHS","playtime":2049,"items_purged":["Regret","Strike_P","Strike_P"],"score":1299,"play_id":"2ef7014e-9ec1-49c6-891c-74665c1aaf99","local_time":"20210225002248","is_ascension_mode":true,"campfire_choices":[{"data":"Devotion","floor":7.0,"key":"SMITH"},{"data":"Tantrum","floor":10.0,"key":"SMITH"},{"data":"SpiritShield","floor":15.0,"key":"SMITH"},{"data":"LessonLearned","floor":23.0,"key":"SMITH"},{"data":"BattleHymn","floor":27.0,"key":"SMITH"},{"data":"FollowUp","floor":32.0,"key":"SMITH"},{"data":"ClearTheMind","floor":40.0,"key":"SMITH"},{"floor":49.0,"key":"REST"}],"circlet_count":0,"master_deck":["AscendersBane","Strike_P","Strike_P+1","Defend_P","Defend_P","Defend_P","Defend_P+1","Eruption+1","Vigilance","Tantrum+1","Swivel+1","Devotion+1","Perseverance+1","SpiritShield+1","WheelKick+1","ClearTheMind+1","LessonLearned+1","CurseOfTheBell","FlyingSleeves+1","CarveReality","DeceiveReality+1","Consecrate","SignatureMove+1","BattleHymn+1","FollowUp+1","Conclude","Tantrum+1","MasterReality+1","FlurryOfBlows+1"],"relics":["PureWater","NeowsBlessing","Eternal Feather","Anchor","Blue Candle","Runesmith:Nanobots","Damaru","Whetstone","Calling Bell","Tiny Chest","Pantograph","Thread and Needle","Shuriken","Oddly Smooth Stone","Pear","MutagenicStrength","Ancient Tea Set","Mercury Hourglass","Black Star","Happy Flower","Pen Nib","Yang","Strawberry","Smiling Mask"],"acts_visited":["Exordium","TheCity","TheBeyond"],"potions_floor_usage":[50],"damage_taken":[{"damage":0.0,"enemies":"2 Louse","floor":1.0,"turns":1.0},{"damage":0.0,"enemies":"Cultist","floor":3.0,"turns":1.0},{"damage":0.0,"enemies":"Jaw Worm","floor":5.0,"turns":1.0},{"damage":12.0,"enemies":"3 Sentries","floor":6.0,"turns":4.0},{"damage":12.0,"enemies":"Gremlin Nob","floor":12.0,"turns":3.0},{"damage":0.0,"enemies":"Red Slaver","floor":13.0,"turns":2.0},{"damage":8.0,"enemies":"Blue Slaver","floor":14.0,"turns":3.0},{"damage":0.0,"enemies":"Slime Boss","floor":16.0,"turns":5.0},{"damage":8.0,"enemies":"Shell Parasite","floor":18.0,"turns":6.0},{"damage":1.0,"enemies":"Spheric Guardian","floor":19.0,"turns":3.0},{"damage":16.0,"enemies":"Centurion and Healer","floor":21.0,"turns":7.0},{"damage":0.0,"enemies":"Gremlin Leader","floor":24.0,"turns":5.0},{"damage":16.0,"enemies":"Slavers","floor":28.0,"turns":5.0},{"damage":0.0,"enemies":"Gremlin Leader","floor":30.0,"turns":3.0},{"damage":40.0,"enemies":"Automaton","floor":33.0,"turns":3.0},{"damage":6.0,"enemies":"3 Shapes","floor":35.0,"turns":3.0},{"damage":0.0,"enemies":"3 Darklings","floor":38.0,"turns":2.0},{"damage":17.0,"enemies":"Sphere and 2 Shapes","floor":39.0,"turns":5.0},{"damage":38.0,"enemies":"Giant Head","floor":41.0,"turns":6.0},{"damage":0.0,"enemies":"Spire Growth","floor":44.0,"turns":2.0},{"damage":0.0,"enemies":"Transient","floor":45.0,"turns":5.0},{"damage":57,"enemies":"Awakened One","floor":50,"turns":9}],"seed_played":"3752944595286290913","potions_obtained":[{"floor":1.0,"key":"BlessingOfTheForge"},{"floor":3.0,"key":"FairyPotion"},{"floor":5.0,"key":"Swift Potion"},{"floor":13.0,"key":"DistilledChaos"},{"floor":21.0,"key":"FearPotion"},{"floor":28.0,"key":"EssenceOfSteel"},{"floor":30.0,"key":"Swift Potion"},{"floor":38.0,"key":"SpeedPotion"},{"floor":41.0,"key":"StancePotion"}],"is_trial":false,"path_per_floor":["M","?","M","$","M","E","R","T","T","R","$","E","M","M","R","B",null,"M","M","?","M","$","R","E","?","T","R","E","?","E","T","R","B",null,"M","?","$","M","M","R","E","$","T","M","M","$","T","$","R","B",null],"character_chosen":"WATCHER","items_purchased":["Devotion","Eternal Feather","Damaru","Consecrate","SignatureMove","Yang"],"campfire_rested":1,"item_purchase_floors":[4,4,11,22,22,42],"current_hp_per_floor":[65,65,65,65,65,53,62,62,62,71,71,59,59,51,60,60,69,61,60,60,44,44,59,59,59,59,72,66,66,66,66,81,42,72,66,66,66,66,49,67,29,29,36,36,36,36,36,36,77,32],"gold":9,"neow_bonus":"THREE_ENEMY_KILL","is_daily":false,"chose_seed":false,"campfire_upgraded":7,"win_rate":0.0,"timestamp":1614183768,"path_taken":["M","?","?","$","M","E","R","?","T","R","?","E","M","M","R","BOSS","M","M","?","M","$","R","E","?","T","R","E","?","E","?","R","BOSS","M","?","$","?","M","R","E","$","T","M","M","?","?","$","R","BOSS"],"items_purchased_type":["Card","Relic","Relic","Card","Card","Relic"],"build_version":"2020-12-22","purchased_purges":3,"victory":true,"max_hp_per_floor":[72,72,72,72,72,72,72,72,72,72,72,72,72,72,72,72,72,72,72,72,72,72,72,72,72,72,72,82,82,82,82,82,82,82,82,82,82,82,82,82,82,82,89,89,89,89,89,89,89,89],"relic_stats":{"Happy Flower":[5],"counters":[22,83],"Blue Candle":[6],"Eternal Feather":103,"Yang":[50],"Pen Nib":[5],"Whetstone":["Eruption","Strike_P"],"Smiling Mask":75,"Mercury Hourglass":[154],"Shuriken":[25],"Pantograph":13,"Tiny Chest":2,"Black Star":1,"obtain_stats":[{"Runesmith:Nanobots":9,"Pear":28,"NeowsBlessing":0,"Happy Flower":41,"Blue Candle":8,"Damaru":11,"Oddly Smooth Stone":26,"Eternal Feather":4,"Thread and Needle":17,"Yang":42,"Pen Nib":41,"Whetstone":12,"Ancient Tea Set":30,"Smiling Mask":47,"Mercury Hourglass":31,"Calling Bell":17,"Anchor":6,"Shuriken":24,"Pantograph":17,"MutagenicStrength":29,"Strawberry":43,"Tiny Chest":17,"Black Star":34,"PureWater":0},{"Runesmith:Nanobots":4,"Pear":13,"NeowsBlessing":0,"Happy Flower":19,"Blue Candle":4,"Damaru":4,"Oddly Smooth Stone":12,"Eternal Feather":2,"Thread and Needle":8,"Yang":19,"Pen Nib":19,"Whetstone":5,"Ancient Tea Set":14,"Smiling Mask":21,"Mercury Hourglass":14,"Calling Bell":8,"Anchor":4,"Shuriken":12,"Pantograph":8,"MutagenicStrength":13,"Strawberry":19,"Tiny Chest":8,"Black Star":15,"PureWater":0},{"Runesmith:Nanobots":7,"Pear":46,"NeowsBlessing":0,"Happy Flower":67,"Blue Candle":7,"Damaru":7,"Oddly Smooth Stone":41,"Eternal Feather":2,"Thread and Needle":20,"Yang":67,"Pen Nib":67,"Whetstone":10,"Ancient Tea Set":49,"Smiling Mask":74,"Mercury Hourglass":49,"Calling Bell":20,"Anchor":7,"Shuriken":41,"Pantograph":20,"MutagenicStrength":46,"Strawberry":67,"Tiny Chest":20,"Black Star":52,"PureWater":0}]},"card_choices":[{"not_picked":["FlurryOfBlows","Protect"],"picked":"Tantrum","floor":1.0},{"not_picked":["Worship","EmptyFist"],"picked":"Swivel","floor":3.0},{"not_picked":["CrushJoints","ThirdEye"],"picked":"Perseverance","floor":5.0},{"not_picked":["Halt","Fasting2"],"picked":"SpiritShield","floor":6.0},{"not_picked":["ClearTheMind","ThirdEye"],"picked":"WheelKick","floor":12.0},{"not_picked":["Vengeance","ThirdEye"],"picked":"ClearTheMind","floor":13.0},{"not_picked":["Weave","Protect","EmptyMind"],"picked":"SKIP","floor":14.0},{"not_picked":["Scrawl","SpiritShield"],"picked":"LessonLearned","floor":16.0},{"not_picked":["EmptyMind","Prostrate+1"],"picked":"FlyingSleeves+1","floor":18.0},{"not_picked":["Fasting2+1","Halt"],"picked":"CarveReality","floor":19.0},{"not_picked":["SpiritShield","CutThroughFate+1"],"picked":"DeceiveReality+1","floor":21.0},{"not_picked":["SashWhip","Evaluate"],"picked":"BattleHymn","floor":24.0},{"not_picked":["Collect+1","Evaluate"],"picked":"Conclude","floor":28.0},{"not_picked":["CarveReality+1","ForeignInfluence"],"picked":"Tantrum+1","floor":30.0},{"not_picked":["LessonLearned","Scrawl"],"picked":"MasterReality","floor":33.0},{"not_picked":["Worship+1","CrushJoints+1","ThirdEye"],"picked":"SKIP","floor":35.0},{"not_picked":["WindmillStrike","Sanctity+1"],"picked":"FlurryOfBlows+1","floor":38.0},{"not_picked":["BattleHymn","Halt+1","Consecrate"],"picked":"SKIP","floor":39.0},{"not_picked":["LessonLearned","ClearTheMind","WaveOfTheHand+1"],"picked":"SKIP","floor":41.0},{"not_picked":["Crescendo","Consecrate","Evaluate+1"],"picked":"SKIP","floor":44.0},{"not_picked":["EmptyFist+1","SashWhip+1","ThirdEye+1"],"picked":"SKIP","floor":45.0}],"player_experience":424692,"relics_obtained":[{"floor":6.0,"key":"Anchor"},{"floor":8.0,"key":"Blue Candle"},{"floor":9.0,"key":"Runesmith:Nanobots"},{"floor":12.0,"key":"Whetstone"},{"floor":17.0,"key":"Tiny Chest"},{"floor":17.0,"key":"Pantograph"},{"floor":17.0,"key":"Thread and Needle"},{"floor":24.0,"key":"Shuriken"},{"floor":26.0,"key":"Oddly Smooth Stone"},{"floor":28.0,"key":"Pear"},{"floor":30.0,"key":"Ancient Tea Set"},{"floor":31.0,"key":"Mercury Hourglass"},{"floor":41.0,"key":"Happy Flower"},{"floor":41.0,"key":"Pen Nib"},{"floor":43.0,"key":"Strawberry"},{"floor":47.0,"key":"Smiling Mask"}],"event_choices":[{"damage_healed":0.0,"max_hp_gain":0.0,"max_hp_loss":0.0,"gold_gain":275.0,"event_name":"Golden Shrine","player_choice":"Desecrate","floor":2.0,"gold_loss":0.0,"damage_taken":0.0,"cards_obtained":["Regret"]},{"damage_healed":0.0,"max_hp_gain":0.0,"max_hp_loss":0.0,"gold_gain":0.0,"event_name":"Vampires","player_choice":"Ignored","floor":20.0,"gold_loss":0.0,"damage_taken":0.0},{"damage_healed":0.0,"max_hp_gain":0.0,"max_hp_loss":0.0,"gold_gain":0.0,"event_name":"The Library","player_choice":"Read","floor":25.0,"gold_loss":0.0,"damage_taken":0.0,"cards_obtained":["FollowUp"]},{"damage_healed":0.0,"max_hp_gain":0.0,"max_hp_loss":0.0,"gold_gain":0.0,"event_name":"Drug Dealer","player_choice":"Inject Mutagens","floor":29.0,"gold_loss":0.0,"damage_taken":0.0,"relics_obtained":["MutagenicStrength"]},{"damage_healed":0.0,"max_hp_gain":0.0,"max_hp_loss":0.0,"gold_gain":0.0,"event_name":"Upgrade Shrine","player_choice":"Upgraded","floor":36.0,"gold_loss":0.0,"damage_taken":0.0,"cards_upgraded":["MasterReality"]}],"is_beta":false,"boss_relics":[{"not_picked":["Tiny House","Fusion Hammer"],"picked":"Calling Bell"},{"not_picked":["Pandora\u0027s Box","Snecko Eye"],"picked":"Black Star"}],"items_purged_floors":[4,37,48],"is_endless":false,"potions_floor_spawned":[1,3,5,13,21,24,28,30,38,41],"ascension_level":10}}