{"host":"p9fmk1zxjhqthrxg","time":1614196729,"event":{"mods":["BaseMod","Bestiary","Colored Map","Colored Powertips","Highlight Path","Minty Spire (QoL Compilation)","Random Character Button","Rare Cards Sparkle","StSLib"],"gold_per_floor":[116,116,81,92,107,137,137,154,207,207,207,13,26,42,42,145,145,159,174,6,24,38,38,53,67,67,67,67,79,97,97,97,97,97],"floor_reached":33,"language":"ENG","playtime":1187,"items_purged":[],"score":278,"play_id":"3acc5585-7931-4e1b-b706-4ed49fbc06af","local_time":"20210224135849","is_ascension_mode":false,"campfire_choices":[{"floor":7,"key":"REST"},{"data":"Self Repair","floor":15,"key":"SMITH"},{"data":"Storm","floor":23,"key":"SMITH"},{"floor":27,"key":"REST"},{"data":"Enlightenment","floor":32,"key":"SMITH"}],"circlet_count":0,"master_deck":["Defend_B","Defend_B","Defend_B","Defend_B","Zap","Dualcast","Thunder Strike","Ball Lightning+1","Beam Cell","Electrodynamics","Self Repair+1","Beam Cell+1","Undo","Redo","Machine Learning","Electrodynamics","Gash+1","Reinforced Body","Enlightenment+1","Storm+1","Beam Cell+1","Gash","Skim","Recycle","Bite","Bite","Bite","Bite","Bite","Stack+1","Hologram+1"],"relics":["Cracked Core","Bottled Flame","Whetstone","Orichalcum","HandDrill","Runic Dome","Toxic Egg 2"],"acts_visited":["Exordium","TheCity"],"potions_floor_usage":[16],"damage_taken":[{"damage":5,"enemies":"Small Slimes","floor":1,"turns":3},{"damage":1,"enemies":"2 Louse","floor":4,"turns":3},{"damage":6,"enemies":"Cultist","floor":5,"turns":3},{"damage":36,"enemies":"Lagavulin","floor":6,"turns":4},{"damage":6,"enemies":"Large Slime","floor":8,"turns":4},{"damage":0,"enemies":"2 Fungi Beasts","floor":13,"turns":2},{"damage":7,"enemies":"3 Louse","floor":14,"turns":2},{"damage":1,"enemies":"Slime Boss","floor":16,"turns":7},{"damage":5,"enemies":"3 Byrds","floor":18,"turns":3},{"damage":10,"enemies":"Chosen","floor":19,"turns":4},{"damage":18,"enemies":"Snake Plant","floor":21,"turns":3},{"damage":7,"enemies":"Snecko","floor":22,"turns":4},{"damage":27,"enemies":"Centurion and Healer","floor":24,"turns":5},{"damage":0,"enemies":"Snake Plant","floor":25,"turns":2},{"damage":2,"enemies":"Snecko","floor":29,"turns":3},{"damage":6,"enemies":"3 Cultists","floor":30,"turns":3},{"damage":57,"enemies":"Champ","floor":33,"turns":9}],"seed_played":"6814792599321483182","potions_obtained":[{"floor":6,"key":"DistilledChaos"},{"floor":8,"key":"ColorlessPotion"},{"floor":19,"key":"SneckoOil"},{"floor":21,"key":"Block Potion"},{"floor":29,"key":"EntropicBrew"}],"is_trial":false,"path_per_floor":["M","?","?","M","M","E","R","M","T","?","?","$","M","M","R","B",null,"M","M","$","M","M","R","M","M","T","R","?","M","M","?","R","B"],"character_chosen":"DEFECT","items_purchased":["HandDrill","Undo","Enlightenment","Storm"],"campfire_rested":2,"item_purchase_floors":[12,12,20,20],"current_hp_per_floor":[49,49,67,66,60,24,46,47,47,47,47,47,47,47,47,46,75,70,60,60,52,55,55,28,28,28,50,50,52,52,44,44,0,0],"gold":97,"neow_bonus":"THREE_RARE_CARDS","is_daily":false,"chose_seed":false,"campfire_upgraded":3,"win_rate":0.0,"timestamp":1614196729,"path_taken":["M","?","?","M","M","E","R","M","T","?","?","$","M","M","R","BOSS","M","M","$","M","M","R","M","M","T","R","?","M","M","?","R","BOSS"],"items_purchased_type":["Relic","Card","Card","Card"],"build_version":"2020-12-22","purchased_purges":0,"victory":false,"max_hp_per_floor":[75,75,75,75,75,75,75,75,75,75,75,75,75,75,75,75,75,75,75,75,75,75,75,75,75,75,75,52,52,52,57,57,57,57],"card_choices":[{"not_picked":["Meteor Strike","Multi-Cast"],"picked":"Thunder Strike","floor":0},{"not_picked":["Sweeping Beam","Barrage"],"picked":"Ball Lightning","floor":1},{"not_picked":["Redo","Cold Snap"],"picked":"Beam Cell","floor":4},{"not_picked":["Sweeping Beam","Leap"],"picked":"Electrodynamics","floor":5},{"not_picked":["Stack","Barrage"],"picked":"Self Repair","floor":6},{"not_picked":["Hologram","Ball Lightning"],"picked":"Beam Cell","floor":8},{"not_picked":["Steam","Sweeping Beam"],"picked":"Redo","floor":13},{"not_picked":["Heatsinks","Conserve Battery"],"picked":"Machine Learning","floor":14},{"not_picked":["Hyperbeam","Rainbow"],"picked":"Electrodynamics","floor":16},{"not_picked":["Coolheaded+1","Blizzard"],"picked":"Gash+1","floor":18},{"not_picked":["Skim+1","Coolheaded"],"picked":"Reinforced Body","floor":19},{"not_picked":["Storm","Sunder+1"],"picked":"Beam Cell+1","floor":21},{"not_picked":["Turbo+1","Compile Driver"],"picked":"Gash","floor":22},{"not_picked":["Rainbow","Stack"],"picked":"Skim","floor":24},{"not_picked":["Sweeping Beam","Beam Cell"],"picked":"Recycle","floor":25},{"not_picked":["Steam+1","Go for the Eyes+1"],"picked":"Stack+1","floor":29},{"not_picked":["Cold Snap","Barrage+1"],"picked":"Hologram+1","floor":30}],"player_experience":147956,"relics_obtained":[{"floor":6,"key":"Bottled Flame"},{"floor":9,"key":"Whetstone"},{"floor":26,"key":"Toxic Egg 2"}],"event_choices":[{"damage_healed":0,"gold_gain":0,"player_choice":"Ignored","damage_taken":0,"max_hp_gain":0,"max_hp_loss":0,"event_name":"Golden Wing","floor":2,"gold_loss":0},{"damage_healed":18,"gold_gain":0,"player_choice":"Healed","damage_taken":0,"max_hp_gain":0,"max_hp_loss":0,"event_name":"The Cleric","floor":3,"gold_loss":35},{"damage_healed":0,"gold_gain":0,"player_choice":"Box","damage_taken":0,"relics_obtained":["Orichalcum"],"max_hp_gain":0,"max_hp_loss":0,"event_name":"Big Fish","floor":10,"gold_loss":0,"cards_obtained":["Regret"]},{"cards_removed":["Regret"],"damage_healed":0,"gold_gain":0,"player_choice":"Purged","damage_taken":0,"max_hp_gain":0,"max_hp_loss":0,"event_name":"Purifier","floor":11,"gold_loss":0},{"damage_healed":0,"gold_gain":0,"player_choice":"Became a vampire","damage_taken":0,"max_hp_gain":0,"max_hp_loss":23,"event_name":"Vampires","floor":28,"gold_loss":0,"cards_obtained":["Bite","Bite","Bite","Bite","Bite"]},{"damage_healed":0,"gold_gain":0,"player_choice":"Shed Blood","damage_taken":13,"max_hp_gain":5,"max_hp_loss":0,"event_name":"Forgotten Altar","floor":31,"gold_loss":0}],"is_beta":false,"boss_relics":[{"not_picked":["Velvet Choker","Calling Bell"],"picked":"Runic Dome"}],"items_purged_floors":[],"is_endless":false,"potions_floor_spawned":[6,8,19,21,29,30],"killed_by":"Champ","ascension_level":0}}