{"host":"fwdkxxz7291ipt0p","time":1614153118,"event":{"mods":["Act Like it!","BaseMod","Bossed Relics","Energized Spire","Marked Mod","Minty Spire (QoL Compilation)","Relic Filter Mod","StSLib","The Alterego","The Animator","The Hierophant","The Mystic","The Runesmith","Youmu£®ªÍ∆«—˝√Œ£©"],"gold_per_floor":[113,63,63,73,73,73,99,99,99,99,130,143,143,160,160,261,261,273,119,138,152,152,152,164,164,187,214,226,255,8,25,25,129,129,140,153,28,250,300,315,315,330,330,350,52,66,66,82,82,82],"floor_reached":51,"language":"ZHS","playtime":4425,"items_purged":["mysticmod:Defend_Mystic","mysticmod:Strike_Mystic","mysticmod:RapidCaster+1","Parasite"],"score":644,"play_id":"afee2528-9c7e-4ab6-a010-8922dbc955bb","local_time":"20210224155158","is_ascension_mode":false,"campfire_choices":[{"data":"mysticmod:MagicWeapon","floor":8.0,"key":"SMITH"},{"data":"mysticmod:BladedDash","floor":13.0,"key":"SMITH"},{"data":"mysticmod:RapidCaster","floor":15.0,"key":"SMITH"},{"data":"mysticmod:Haste","floor":23.0,"key":"SMITH"},{"floor":25.0,"key":"REST"},{"floor":32.0,"key":"REST"},{"data":"mysticmod:Momentum","floor":41.0,"key":"SMITH"},{"data":"mysticmod:ArcaneAccuracy","floor":47.0,"key":"SMITH"},{"floor":49,"key":"REST"}],"circlet_count":0,"master_deck":["mysticmod:Strike_Mystic+1","mysticmod:Defend_Mystic+1","mysticmod:Defend_Mystic","mysticmod:ArcaneDodge","mysticmod:ShockingGrasp","mysticmod:Fireball+1","mysticmod:MagicWeapon+1","mysticmod:Riposte","mysticmod:SuddenClarity","mysticmod:BladedDash+1","mysticmod:Haste+1","mysticmod:Feint","mysticmod:ArcaneAccuracy+1","mysticmod:CorrosiveTouch+1","mysticmod:MagicMissile+1","mysticmod:Shield+1","mysticmod:PureInstinct","mysticmod:Momentum+1","mysticmod:Alacrity+1","mysticmod:FloatingDisk+1","mysticmod:ArcaneAccuracy+1","mysticmod:Riposte+1"],"relics":["mysticmod:SpellBook","Odd Mushroom","StrikeDummy","Darkstone Periapt","Empty Cage","Strawberry","PreservedInsect","Red Mask","Happy Flower","mysticmod:CrystalBall","StoneCalendar","Molten Egg 2","Anchor"],"acts_visited":["Exordium","TheCity","TheBeyond"],"potions_floor_usage":[50,50,50],"damage_taken":[{"damage":5.0,"enemies":"Jaw Worm","floor":1.0,"turns":4.0},{"damage":0.0,"enemies":"Small Slimes","floor":4.0,"turns":2.0},{"damage":0.0,"enemies":"The Mushroom Lair","floor":7.0,"turns":2.0},{"damage":16.0,"enemies":"Gremlin Nob","floor":11.0,"turns":3.0},{"damage":0.0,"enemies":"2 Louse","floor":12.0,"turns":1.0},{"damage":0.0,"enemies":"Large Slime","floor":14.0,"turns":3.0},{"damage":26.0,"enemies":"Hexaghost","floor":16.0,"turns":8.0},{"damage":6.0,"enemies":"2 Thieves","floor":18.0,"turns":3.0},{"damage":6.0,"enemies":"3 Byrds","floor":20.0,"turns":7.0},{"damage":30.0,"enemies":"Snake Plant","floor":21.0,"turns":5.0},{"damage":15.0,"enemies":"Snecko","floor":24.0,"turns":3.0},{"damage":23.0,"enemies":"Slavers","floor":27.0,"turns":3.0},{"damage":5.0,"enemies":"3 Cultists","floor":28.0,"turns":4.0},{"damage":2.0,"enemies":"Masked Bandits","floor":29.0,"turns":2.0},{"damage":3.0,"enemies":"Sentry and Sphere","floor":31.0,"turns":3.0},{"damage":25.0,"enemies":"Collector","floor":33.0,"turns":8.0},{"damage":4.0,"enemies":"3 Shapes","floor":35.0,"turns":4.0},{"damage":2.0,"enemies":"3 Darklings","floor":36.0,"turns":3.0},{"damage":30.0,"enemies":"Mind Bloom Boss Battle","floor":39.0,"turns":7.0},{"damage":4.0,"enemies":"Writhing Mass","floor":40.0,"turns":6.0},{"damage":12.0,"enemies":"Maw","floor":42.0,"turns":7.0},{"damage":9.0,"enemies":"4 Shapes","floor":44.0,"turns":7.0},{"damage":0.0,"enemies":"Jaw Worm Horde","floor":46.0,"turns":5.0},{"damage":0,"enemies":"Spire Growth","floor":48,"turns":5},{"damage":26,"enemies":"Time Eater","floor":50,"turns":9}],"seed_played":"6743823786693407020","potions_obtained":[{"floor":1.0,"key":"PowerPotion"},{"floor":10.0,"key":"Regen Potion"},{"floor":10.0,"key":"Strength Potion"},{"floor":11.0,"key":"Energy Potion"},{"floor":16.0,"key":"Ancient Potion"},{"floor":18.0,"key":"EssenceOfSteel"},{"floor":24.0,"key":"ColorlessPotion"},{"floor":27.0,"key":"Fire Potion"},{"floor":33.0,"key":"Strength Potion"},{"floor":35.0,"key":"DuplicationPotion"},{"floor":39.0,"key":"Strength Potion"}],"is_trial":false,"path_per_floor":["M","?","?","M","?","$","?","R","T","?","E","M","R","M","R","B",null,"M","$","M","M","?","R","M","R","T","E","M","?","$","M","R","B",null,"M","M","$","?","?","M","R","M","T","M","$","M","R","M","R","B",null],"character_chosen":"MYSTIC_CLASS","items_purchased":["mysticmod:ArcaneAccuracy","Happy Flower","Anchor"],"campfire_rested":3,"item_purchase_floors":[19,30,45],"current_hp_per_floor":[79,79,79,79,62,62,62,62,62,62,55,55,55,55,55,29,84,78,78,72,42,42,42,27,52,59,36,31,29,29,26,53,28,91,87,85,85,85,55,57,57,45,45,36,36,36,36,36,64,38],"gold":82,"neow_bonus":"TEN_PERCENT_HP_BONUS","is_daily":false,"chose_seed":false,"campfire_upgraded":6,"win_rate":0.0,"timestamp":1614153118,"path_taken":["M","?","?","M","?","$","?","R","T","?","E","M","R","M","R","BOSS","M","?","M","M","?","R","?","R","T","E","M","?","$","M","R","BOSS","BOSS","M","M","$","?","?","M","R","M","T","M","$","M","R","M","R","BOSS"],"items_purchased_type":["Card","Relic","Relic"],"build_version":"2020-12-22","purchased_purges":4,"victory":true,"max_hp_per_floor":[84,84,84,84,84,84,84,84,84,84,84,84,84,84,84,84,84,84,84,84,84,84,84,84,84,91,91,91,91,91,91,91,91,91,91,91,91,91,91,97,97,97,97,97,94,94,94,94,94,94],"card_choices":[{"not_picked":["mysticmod:Dedication","mysticmod:Probe"],"picked":"mysticmod:Fireball","floor":1.0},{"not_picked":["mysticmod:LightningBolt","mysticmod:Dedication"],"picked":"mysticmod:MagicWeapon","floor":4.0},{"not_picked":["mysticmod:SuddenClarity","mysticmod:DiviningBlow"],"picked":"mysticmod:Riposte","floor":7.0},{"not_picked":["mysticmod:CorrosiveTouch","mysticmod:EnergizedRift"],"picked":"mysticmod:SuddenClarity","floor":11.0},{"not_picked":["mysticmod:Sideswipe","mysticmod:CorrosiveTouch"],"picked":"mysticmod:BladedDash","floor":12.0},{"not_picked":["mysticmod:GeminiForm","mysticmod:Alacrity"],"picked":"mysticmod:RapidCaster","floor":14.0},{"not_picked":["mysticmod:SpellRecall","mysticmod:ObscuringMist"],"picked":"mysticmod:Haste","floor":16.0},{"not_picked":["mysticmod:Shield","mysticmod:SuddenClarity"],"picked":"mysticmod:Feint","floor":18.0},{"not_picked":["mysticmod:SpellCombat","mysticmod:PowerSlash+1"],"picked":"mysticmod:CorrosiveTouch+1","floor":20.0},{"not_picked":["mysticmod:Daze+1","mysticmod:Sideswipe+1","mysticmod:MagicWeapon+1"],"picked":"SKIP","floor":21.0},{"not_picked":["mysticmod:Grapple","mysticmod:PunishingArmor","mysticmod:Riposte"],"picked":"SKIP","floor":24.0},{"not_picked":["mysticmod:Spellstrike","mysticmod:SpellCombat"],"picked":"mysticmod:MagicMissile+1","floor":27.0},{"not_picked":["mysticmod:TomeOfSpells","mysticmod:AllIn"],"picked":"mysticmod:Shield+1","floor":28.0},{"not_picked":["mysticmod:CorrosiveTouch","mysticmod:Momentum"],"picked":"mysticmod:PureInstinct","floor":31.0},{"not_picked":["mysticmod:Discipline","mysticmod:Haste"],"picked":"mysticmod:Momentum","floor":33.0},{"not_picked":["mysticmod:Shield+1","mysticmod:Riposte","mysticmod:Snowball+1"],"picked":"SKIP","floor":35.0},{"not_picked":["mysticmod:DiviningBlow","mysticmod:PureInstinct"],"picked":"mysticmod:Alacrity+1","floor":36.0},{"not_picked":["mysticmod:Shield+1","mysticmod:PureInstinct"],"picked":"mysticmod:FloatingDisk+1","floor":39.0},{"not_picked":["mysticmod:SuddenClarity","mysticmod:DiviningBlow+1"],"picked":"mysticmod:ArcaneAccuracy+1","floor":40.0},{"not_picked":["mysticmod:DiviningBlow+1","mysticmod:SuddenClarity"],"picked":"mysticmod:Riposte+1","floor":42.0},{"not_picked":["mysticmod:KeenEdge+1","mysticmod:Riposte+1","mysticmod:StyleChange"],"picked":"SKIP","floor":44.0},{"not_picked":["mysticmod:Natural20","mysticmod:KeenEdge+1","mysticmod:Flourish+1"],"picked":"SKIP","floor":46.0},{"not_picked":["mysticmod:FiveFootStep+1","mysticmod:Snowball+1","mysticmod:Alacrity+1"],"picked":"SKIP","floor":48}],"player_experience":564260,"relics_obtained":[{"floor":7.0,"key":"Odd Mushroom"},{"floor":9.0,"key":"StrikeDummy"},{"floor":11.0,"key":"Darkstone Periapt"},{"floor":26.0,"key":"Strawberry"},{"floor":27.0,"key":"PreservedInsect"},{"floor":29.0,"key":"Red Mask"},{"floor":39.0,"key":"StoneCalendar"},{"floor":43.0,"key":"Molten Egg 2"}],"event_choices":[{"cards_removed":["mysticmod:Strike_Mystic"],"damage_healed":0.0,"max_hp_gain":0.0,"max_hp_loss":0.0,"gold_gain":0.0,"event_name":"The Cleric","player_choice":"Card Removal","floor":2.0,"gold_loss":50.0,"damage_taken":0.0},{"damage_healed":0.0,"max_hp_gain":0.0,"max_hp_loss":0.0,"gold_gain":0.0,"event_name":"Living Wall","player_choice":"Grow","floor":3.0,"gold_loss":0.0,"damage_taken":0.0,"cards_upgraded":["mysticmod:Fireball"]},{"damage_healed":0.0,"max_hp_gain":0.0,"max_hp_loss":0.0,"gold_gain":0.0,"event_name":"Shining Light","player_choice":"Entered Light","floor":5.0,"gold_loss":0.0,"damage_taken":17.0,"cards_upgraded":["mysticmod:Strike_Mystic","mysticmod:Defend_Mystic"]},{"damage_healed":0.0,"max_hp_gain":0.0,"max_hp_loss":0.0,"gold_gain":0.0,"event_name":"Mushrooms","player_choice":"Fought Mushrooms","floor":7.0,"gold_loss":0.0,"damage_taken":0.0},{"damage_healed":0.0,"max_hp_gain":0.0,"max_hp_loss":0.0,"gold_gain":0.0,"event_name":"Lab","player_choice":"Got Potions","floor":10.0,"gold_loss":0.0,"damage_taken":0.0},{"damage_healed":0.0,"max_hp_gain":0.0,"max_hp_loss":0.0,"gold_gain":0.0,"event_name":"Ghosts","player_choice":"Ignored","floor":22.0,"gold_loss":0.0,"damage_taken":0.0},{"damage_healed":0.0,"max_hp_gain":0.0,"max_hp_loss":0.0,"gold_gain":0.0,"event_name":"Masked Bandits","player_choice":"Fought Bandits","floor":29.0,"gold_loss":0.0,"damage_taken":0.0},{"damage_healed":0.0,"max_hp_gain":0.0,"max_hp_loss":0.0,"gold_gain":222.0,"event_name":"Tomb of Lord Red Mask","player_choice":"Wore Mask","floor":38.0,"gold_loss":0.0,"damage_taken":0.0},{"damage_healed":0.0,"max_hp_gain":0.0,"max_hp_loss":0.0,"gold_gain":0.0,"event_name":"MindBloom","player_choice":"Fight","floor":39.0,"gold_loss":0.0,"damage_taken":0.0}],"is_beta":false,"boss_relics":[{"not_picked":["Cursed Key","Sozu"],"picked":"Empty Cage"},{"not_picked":["Coffee Dripper","Runic Pyramid"],"picked":"mysticmod:CrystalBall"}],"items_purged_floors":[19,30,37,45],"is_endless":false,"potions_floor_spawned":[1,11,16,18,20,24,27,33,35,39,46,48],"ascension_level":0}}