{"host":"y76clbnovzmw9ubx","time":1614126173,"event":{"mods":["AchievementEnabler","BaseMod","Minty Spire (QoL Compilation)","Permanent Neow","Relic Stats"],"gold_per_floor":[112,131,149,167,112,112,112,112],"floor_reached":7,"language":"ENG","playtime":729,"items_purged":[],"score":86,"play_id":"d46766c4-0dd5-4312-b097-01d2fc90801d","local_time":"20210223192253","is_ascension_mode":true,"campfire_choices":[{"data":"Footwork","floor":6,"key":"SMITH"}],"circlet_count":0,"master_deck":["AscendersBane","Strike_G","Strike_G","Strike_G","Strike_G","Strike_G","Defend_G","Defend_G","Defend_G","Defend_G","Defend_G","Survivor","Neutralize","Slice","Backstab","Footwork+1"],"relics":["Ring of the Snake"],"acts_visited":["Exordium"],"potions_floor_usage":[3],"damage_taken":[{"damage":4,"enemies":"Small Slimes","floor":1,"turns":6},{"damage":5,"enemies":"2 Louse","floor":2,"turns":3},{"damage":4,"enemies":"Jaw Worm","floor":3,"turns":5},{"damage":7,"enemies":"Lots of Slimes","floor":4,"turns":7},{"damage":18,"enemies":"Lagavulin","floor":7,"turns":12}],"seed_played":"-6568760363207283884","potions_obtained":[{"floor":0,"key":"Regen Potion"},{"floor":0,"key":"DistilledChaos"},{"floor":2,"key":"Fire Potion"}],"is_trial":false,"path_per_floor":["M","M","M","M","?","R","E"],"character_chosen":"THE_SILENT","items_purchased":[],"campfire_rested":0,"item_purchase_floors":[],"current_hp_per_floor":[55,50,60,53,53,53,35,35],"gold":112,"neow_bonus":"THREE_SMALL_POTIONS","is_daily":false,"chose_seed":false,"campfire_upgraded":1,"win_rate":0.0,"timestamp":1614126173,"path_taken":["M","M","M","M","?","R","E"],"items_purchased_type":[],"build_version":"2020-12-22","purchased_purges":0,"victory":false,"max_hp_per_floor":[66,66,66,66,66,66,66,66],"relic_stats":{"counters":[5,33],"obtain_stats":[{"Ring of the Snake":0},{"Ring of the Snake":0},{"Ring of the Snake":0}],"Ring of the Snake":[10]},"card_choices":[{"not_picked":["Expertise","Backflip"],"picked":"Slice","floor":1},{"not_picked":["Terror","Dagger Throw"],"picked":"Backstab","floor":2},{"not_picked":["Underhanded Strike","Storm of Steel","Slice"],"picked":"SKIP","floor":3},{"not_picked":["Accuracy","Sucker Punch"],"picked":"Footwork","floor":4}],"player_experience":3284349,"relics_obtained":[],"event_choices":[{"damage_healed":0,"gold_gain":0,"player_choice":"Left Gold","damage_taken":0,"max_hp_gain":0,"max_hp_loss":0,"event_name":"World of Goop","floor":5,"gold_loss":55}],"is_beta":false,"boss_relics":[],"items_purged_floors":[],"is_endless":false,"potions_floor_spawned":[1,2],"killed_by":"Lagavulin","ascension_level":20}}