{"host":"xe7vird6mhwsic73","time":1614198567,"event":{"mods":["BaseMod","Highlight Path","Minty Spire (QoL Compilation)","Relic Stats","StSLib"],"gold_per_floor":[119,119,119,134,154,189,0,35,35,55,84,84,113,130,130,229,229,242,242,242,262,262,262,262],"floor_reached":23,"language":"ENG","playtime":1418,"items_purged":[],"score":281,"play_id":"bba09b1c-4dbc-4dbd-a5f7-0f896179db27","local_time":"20210224152927","is_ascension_mode":true,"campfire_choices":[{"floor":12,"key":"REST"},{"data":"Eruption","floor":15,"key":"SMITH"}],"circlet_count":0,"master_deck":["Defend_P+1","Defend_P+1","Defend_P+1","Eruption+1","Vigilance+1","Wireheading","Meditate","Nirvana","Tantrum","Study","BowlingBash","Conclude","Meditate+1","Indignation+1","Omniscience+1","DeceiveReality+1","Bite","Bite","Bite","Bite","Bite","TalkToTheHand"],"relics":["Empty Cage","GremlinMask","Nunchaku","Membership Card","Bird Faced Urn","Pantograph","Toxic Egg 2","Pen Nib","Philosopher\u0027s Stone"],"acts_visited":["Exordium","TheCity"],"potions_floor_usage":[6,11,11,13,16,23],"damage_taken":[{"damage":0,"enemies":"Small Slimes","floor":1,"turns":3},{"damage":12,"enemies":"Cultist","floor":4,"turns":3},{"damage":1,"enemies":"Jaw Worm","floor":5,"turns":3},{"damage":21,"enemies":"Gremlin Nob","floor":6,"turns":3},{"damage":3,"enemies":"Lagavulin","floor":8,"turns":6},{"damage":4,"enemies":"Blue Slaver","floor":10,"turns":5},{"damage":0,"enemies":"Gremlin Nob","floor":11,"turns":3},{"damage":20,"enemies":"3 Sentries","floor":13,"turns":6},{"damage":4,"enemies":"3 Louse","floor":14,"turns":4},{"damage":16,"enemies":"The Guardian","floor":16,"turns":10},{"damage":19,"enemies":"2 Thieves","floor":18,"turns":3},{"damage":0,"enemies":"Spheric Guardian","floor":21,"turns":3},{"damage":81,"enemies":"Gremlin Leader","floor":23,"turns":4}],"seed_played":"1329377344783552841","potions_obtained":[{"floor":4,"key":"Weak Potion"},{"floor":5,"key":"SneckoOil"},{"floor":6,"key":"FairyPotion"},{"floor":8,"key":"FearPotion"},{"floor":11,"key":"ColorlessPotion"},{"floor":14,"key":"GamblersBrew"},{"floor":18,"key":"BottledMiracle"}],"is_trial":false,"path_per_floor":["M","?","?","M","M","E","$","E","T","M","E","R","E","M","R","B",null,"M","?","?","M","?","E"],"character_chosen":"WATCHER","items_purchased":["Membership Card","Study"],"campfire_rested":1,"item_purchase_floors":[7,7],"current_hp_per_floor":[72,58,58,46,45,24,24,21,21,23,23,44,30,32,32,47,72,53,53,50,50,50,0,0],"gold":262,"neow_bonus":"BOSS_RELIC","is_daily":false,"chose_seed":false,"campfire_upgraded":1,"win_rate":0.0,"timestamp":1614198567,"path_taken":["M","?","?","M","?","E","?","E","T","M","E","R","E","M","R","BOSS","M","?","?","M","?","E"],"items_purchased_type":["Relic","Card"],"build_version":"2020-12-22","purchased_purges":0,"victory":false,"max_hp_per_floor":[72,72,72,72,72,72,72,72,72,72,72,72,72,72,72,72,72,72,72,50,50,50,50,50],"relic_stats":{"Nunchaku":[6],"counters":[13,56],"Bird Faced Urn":[28],"Pantograph":25,"Pen Nib":[3],"obtain_stats":[{"Nunchaku":6,"Bird Faced Urn":8,"Pantograph":9,"GremlinMask":3,"Philosopher\u0027s Stone":17,"Pen Nib":13,"Membership Card":7,"PureWater":0,"Toxic Egg 2":11,"Empty Cage":0},{"Nunchaku":4,"Bird Faced Urn":5,"Pantograph":5,"GremlinMask":1,"Philosopher\u0027s Stone":10,"Pen Nib":8,"Membership Card":4,"PureWater":0,"Toxic Egg 2":7,"Empty Cage":0},{"Nunchaku":12,"Bird Faced Urn":18,"Pantograph":18,"GremlinMask":3,"Philosopher\u0027s Stone":46,"Pen Nib":32,"Membership Card":12,"PureWater":0,"Toxic Egg 2":26,"Empty Cage":0}]},"card_choices":[{"not_picked":["Protect","Perseverance"],"picked":"Wireheading","floor":1},{"not_picked":["ReachHeaven","FollowUp"],"picked":"Meditate","floor":4},{"not_picked":["Wallop","Meditate"],"picked":"Nirvana","floor":5},{"not_picked":["Pray","Sanctity"],"picked":"Tantrum","floor":6},{"not_picked":["ReachHeaven","Consecrate","WindmillStrike"],"picked":"SKIP","floor":8},{"not_picked":["CrushJoints","EmptyBody"],"picked":"BowlingBash","floor":10},{"not_picked":["WheelKick","SandsOfTime"],"picked":"Conclude","floor":11},{"not_picked":["CrushJoints","Halt+1"],"picked":"Meditate+1","floor":13},{"not_picked":["Consecrate","LikeWater"],"picked":"Indignation+1","floor":14},{"not_picked":["SpiritShield+1","Blasphemy+1"],"picked":"Omniscience+1","floor":16},{"not_picked":["SignatureMove","EmptyFist"],"picked":"DeceiveReality+1","floor":18},{"not_picked":["Protect+1","WheelKick+1"],"picked":"TalkToTheHand","floor":21}],"player_experience":200682,"relics_obtained":[{"floor":6,"key":"Nunchaku"},{"floor":8,"key":"Bird Faced Urn"},{"floor":9,"key":"Pantograph"},{"floor":11,"key":"Toxic Egg 2"},{"floor":13,"key":"Pen Nib"}],"event_choices":[{"damage_healed":0,"gold_gain":0,"player_choice":"Entered Light","damage_taken":14,"max_hp_gain":0,"max_hp_loss":0,"event_name":"Shining Light","floor":2,"gold_loss":0,"cards_upgraded":["Vigilance","Strike_P"]},{"damage_healed":0,"gold_gain":0,"player_choice":"Trade","damage_taken":0,"relics_obtained":["GremlinMask"],"max_hp_gain":0,"max_hp_loss":0,"event_name":"FaceTrader","floor":3,"gold_loss":0},{"damage_healed":0,"gold_gain":0,"player_choice":"Ignored","damage_taken":0,"max_hp_gain":0,"max_hp_loss":0,"event_name":"Ghosts","floor":19,"gold_loss":0},{"damage_healed":0,"gold_gain":0,"player_choice":"Became a vampire","damage_taken":0,"max_hp_gain":0,"max_hp_loss":22,"event_name":"Vampires","floor":20,"gold_loss":0,"cards_obtained":["Bite","Bite","Bite","Bite","Bite"]},{"damage_healed":0,"gold_gain":0,"player_choice":"Simplicity","damage_taken":0,"max_hp_gain":0,"max_hp_loss":0,"event_name":"Back to Basics","floor":22,"gold_loss":0,"cards_upgraded":["Defend_P","Defend_P","Defend_P"]}],"is_beta":false,"boss_relics":[{"not_picked":["Velvet Choker","Runic Dome"],"picked":"Philosopher\u0027s Stone"}],"items_purged_floors":[],"is_endless":false,"potions_floor_spawned":[4,5,6,8,11,14,18],"killed_by":"Gremlin Leader","ascension_level":1}}