{"host":"121m0oxswv9tg9hk","time":1614171853,"event":{"mods":["BaseMod","Better Altar","Better Third Choice","Hermit","Hubris","Ironclad Rager","Minty Spire (QoL Compilation)","Replay The Spire","Shade Mod","StSLib","The Construct","The Mystic"],"gold_per_floor":[111,91,16,16,16,16,43,43,120,120,145,171,185,199,199,273,273,289,209,209,219,237,237,272,272,298,317,317,207,223,223,299,299,319,37,37,37,37,52,52,52,81,81,81,81,81,81,81,81,4,34,34,34],"floor_reached":56,"language":"ENG","playtime":3775,"items_purged":["Strike_R","Strike_R"],"score":1490,"play_id":"c6aefa7b-02ea-4ff5-bc20-58d5f85cee27","local_time":"20210224140413","is_ascension_mode":true,"campfire_choices":[{"data":"Iron Wave","floor":6,"key":"SMITH"},{"data":"Heavy Blade","floor":10,"key":"SMITH"},{"data":"Entrench","floor":15,"key":"SMITH"},{"data":"Pommel Strike","floor":23,"key":"SMITH"},{"floor":25,"key":"REST"},{"floor":28,"key":"REST"},{"floor":40,"key":"RECALL"},{"data":"ReplayTheSpireMod:Brewmster","floor":47,"key":"SMITH"},{"data":"Fire Breathing","floor":49,"key":"SMITH"},{"data":"Rupture","floor":53,"key":"SMITH"}],"circlet_count":0,"master_deck":["AscendersBane","Strike_R","Defend_R+1","Defend_R","Defend_R","Defend_R+2","Bash","Iron Wave+1","Spreading Infection","Heavy Blade+1","Concentrate+1","Entrench+1","Shrug It Off","Fire Breathing+1","Berserk","Pommel Strike+1","Iron Wave+1","Spot Weakness","Reaper","Headbutt","Havoc","Rupture+1","Brutality","hubris:ReadiedAction+1","ReplayTheSpireMod:Brewmster+1","Shrug It Off","Body Slam+1","hubris:NaturalOne","Burning Pact","ReplayTheSpireMod:Muscle Training"],"relics":["Burning Blood","NeowsBlessing","Ring of Misfortune","construct:BoolHorns","hubris:TenFootPole","InkBottle","Self Forming Clay","Odd Mushroom","SlaversCollar","hubris:Teleporter","hubris:ChampionShield","Honey Jar","Simple Rune","hubris:Icosahedron","Replay:Baseball"],"acts_visited":["Exordium","TheCity","TheBeyond","TheEnding"],"potions_floor_usage":[16,21,24,33,33,44,44,50,50,50,50,50,50,51,51,51,51,51,51,51,51,55,55,55,56,56,56,56],"damage_taken":[{"damage":0,"enemies":"Jaw Worm","floor":1,"turns":1},{"damage":0,"enemies":"3 Sentries","floor":7,"turns":1},{"damage":0,"enemies":"Replay:BlueRogue","floor":11,"turns":1},{"damage":27,"enemies":"The Mushroom Lair","floor":12,"turns":5},{"damage":0,"enemies":"Cultist","floor":13,"turns":3},{"damage":2,"enemies":"2 Louse","floor":14,"turns":3},{"damage":35,"enemies":"Hexaghost","floor":16,"turns":11},{"damage":4,"enemies":"Chosen","floor":18,"turns":6},{"damage":4,"enemies":"3 Byrds","floor":21,"turns":6},{"damage":21,"enemies":"Snecko","floor":22,"turns":6},{"damage":33,"enemies":"Book of Stabbing","floor":24,"turns":7},{"damage":15,"enemies":"Snake Plant","floor":27,"turns":4},{"damage":0,"enemies":"Centurion and Healer","floor":31,"turns":5},{"damage":49,"enemies":"Champ","floor":33,"turns":18},{"damage":15,"enemies":"3 Shapes","floor":35,"turns":6},{"damage":4,"enemies":"Orb Walker","floor":41,"turns":2},{"damage":42,"enemies":"Reptomancer","floor":44,"turns":7},{"damage":55,"enemies":"Donu and Deca","floor":50,"turns":11},{"damage":11,"enemies":"Replay:Hell Engine","floor":51,"turns":10},{"damage":39,"enemies":"Shield and Spear","floor":55,"turns":8},{"damage":54,"enemies":"The Heart","floor":56,"turns":3}],"seed_played":"7163986182969184434","potions_obtained":[{"floor":2,"key":"Dexterity Potion"},{"floor":11,"key":"Doom Potion"},{"floor":18,"key":"LiquidMemories"},{"floor":22,"key":"EssenceOfSteel"},{"floor":31,"key":"LifebloodPotion"},{"floor":33,"key":"Weak Potion"},{"floor":44,"key":"ElixirPotion"},{"floor":55,"key":"SkillPotion"}],"is_trial":false,"path_per_floor":["M","?","$","?","$","R","E","?","T","R","E","?","M","M","R","B",null,"M","?","?","M","M","R","E","R","T","M","R","?","M","R","B",null,"M","$","?","$","R","M","$","T","E","?","R","R","B","B",null,"R","$","E","B"],"character_chosen":"IRONCLAD","items_purchased":["ReplayTheSpireMod:Brewmster","Burning Pact"],"campfire_rested":2,"item_purchase_floors":[36,54],"current_hp_per_floor":[74,74,74,74,74,74,75,67,67,67,73,52,58,62,62,33,65,67,67,67,69,54,54,27,49,49,40,62,62,75,75,42,67,75,75,75,75,75,75,75,75,60,60,60,60,51,75,75,75,75,48,0,0],"gold":34,"neow_bonus":"THREE_ENEMY_KILL","is_daily":false,"chose_seed":false,"campfire_upgraded":7,"win_rate":0.0,"timestamp":1614171853,"path_taken":["M","?","?","?","$","R","E","?","T","R","E","?","M","M","R","BOSS","M","?","?","M","?","R","E","R","T","M","R","?","?","R","BOSS","M","$","?","$","R","M","$","T","E","?","R","R","BOSS","BOSS","R","$","E","BOSS"],"items_purchased_type":["Card","Card"],"build_version":"2020-12-22","purchased_purges":2,"victory":false,"max_hp_per_floor":[75,75,75,75,75,75,75,75,75,75,75,75,75,75,75,75,75,75,75,75,75,75,75,75,75,75,75,75,75,75,75,75,75,75,75,75,75,75,75,75,75,75,75,75,75,75,75,75,75,75,75,75,75],"card_choices":[{"not_picked":["Clash","Havoc"],"picked":"Iron Wave","floor":1},{"not_picked":["Shockwave","Body Slam"],"picked":"Heavy Blade","floor":7},{"not_picked":["Power Through","Body Slam"],"picked":"Entrench","floor":11},{"not_picked":["Cleave","Intimidate"],"picked":"Shrug It Off","floor":12},{"not_picked":["Pommel Strike","Twin Strike"],"picked":"Fire Breathing","floor":13},{"not_picked":["Massacre","Cleave","Heavy Blade"],"picked":"SKIP","floor":14},{"not_picked":["Double Tap","Bludgeon"],"picked":"Berserk","floor":16},{"not_picked":["Entrench","Evolve"],"picked":"Pommel Strike","floor":18},{"not_picked":["Iron Wave","Shrug It Off","Second Wind"],"picked":"SKIP","floor":21},{"not_picked":["Warcry","Thunderclap"],"picked":"Spot Weakness","floor":22},{"not_picked":["Shrug It Off+1","Pummel"],"picked":"Reaper","floor":24},{"not_picked":["Anger","Iron Wave"],"picked":"Headbutt","floor":27},{"not_picked":["Cleave","Iron Wave"],"picked":"Havoc","floor":31},{"not_picked":["Hemogenesis","Demon Form"],"picked":"Brutality","floor":33},{"not_picked":["Cleave","Heavy Blade","Sword Boomerang"],"picked":"hubris:ReadiedAction","floor":35},{"not_picked":["Cleave","Havoc","Sword Boomerang+1"],"picked":"Shrug It Off","floor":41},{"not_picked":["Anger","Cleave","Massacre"],"picked":"Body Slam+1","floor":44},{"not_picked":["ReplayTheSpireMod:LeadingStrike","Run Through","Defy Death"],"picked":"ReplayTheSpireMod:Muscle Training","floor":55}],"player_experience":2586041,"relics_obtained":[{"floor":4,"key":"Ring of Misfortune"},{"floor":7,"key":"construct:BoolHorns"},{"floor":9,"key":"InkBottle"},{"floor":11,"key":"Self Forming Clay"},{"floor":12,"key":"Odd Mushroom"},{"floor":24,"key":"hubris:Teleporter"},{"floor":26,"key":"hubris:ChampionShield"},{"floor":44,"key":"Simple Rune"},{"floor":55,"key":"Replay:Baseball"}],"event_choices":[{"damage_healed":0,"gold_gain":0,"player_choice":"Bought 1 Potion","damage_taken":0,"max_hp_gain":0,"max_hp_loss":0,"event_name":"The Woman in Blue","floor":2,"gold_loss":0},{"damage_healed":0,"gold_gain":0,"player_choice":"Fought Mushrooms","damage_taken":0,"max_hp_gain":0,"max_hp_loss":0,"event_name":"Mushrooms","floor":12,"gold_loss":0},{"damage_healed":0,"gold_gain":0,"player_choice":"Copied","damage_taken":0,"max_hp_gain":0,"max_hp_loss":0,"event_name":"Duplicator","floor":20,"gold_loss":0,"cards_obtained":["Iron Wave"]},{"cards_removed":["Strike_R"],"damage_healed":0,"gold_gain":0,"player_choice":"Upgrade and Remove","damage_taken":0,"max_hp_gain":0,"max_hp_loss":0,"event_name":"Designer","floor":29,"gold_loss":110,"cards_upgraded":["Defend_R"]}],"is_beta":false,"boss_relics":[{"not_picked":["Velvet Choker","hubris:BlackHole"],"picked":"SlaversCollar"},{"not_picked":["Ring of Chaos","hubris:VirtuousBlindfold"],"picked":"Honey Jar"}],"items_purged_floors":[3,36],"is_endless":false,"potions_floor_spawned":[11,13,18,22,31,33,44,55],"killed_by":"The Heart","ascension_level":20}}