{"host":"1bzbl1adcbkdzqlf","time":1614197288,"event":{"mods":["BaseMod","Minty Spire (QoL Compilation)","Slay the Relics Exporter"],"gold_per_floor":[114,264,264,277,277,308,324,304,304,304,229,264,264,274,274,345,345,356,270,281,297,220,246,246,272,351,367,367,387,387,387,387,460,460,473,484,7,57,57,57],"floor_reached":39,"language":"ENG","playtime":3506,"items_purged":["Strike_R"],"score":929,"play_id":"19964328-6547-4a3e-8c25-339a87b0bd51","local_time":"20210224140808","is_ascension_mode":true,"campfire_choices":[{"data":"Bash","floor":10,"key":"SMITH"},{"data":"Evolve","floor":13,"key":"SMITH"},{"data":"Power Through","floor":15,"key":"SMITH"},{"data":"Barricade","floor":24,"key":"SMITH"},{"floor":28,"key":"REST"},{"data":"Second Wind","floor":30,"key":"SMITH"},{"data":"Dark Embrace","floor":32,"key":"SMITH"}],"circlet_count":0,"master_deck":["AscendersBane","Bash+1","Iron Wave","Evolve+1","Cleave","Power Through+1","Demon Form","Second Wind","Seeing Red","Juggernaut","Barricade+1","Combust","Sentinel","True Grit","Inflame+1","Feel No Pain","Shrug It Off","Dark Embrace+1","Headbutt","Second Wind+1","Exhume","Feed","Entrench","Flame Barrier+1"],"relics":["Burning Blood","NeowsBlessing","Singing Bowl","Shuriken","Centennial Puzzle","Pandora\u0027s Box","Gambling Chip","Paper Frog","Self Forming Clay","Philosopher\u0027s Stone","Membership Card","Dead Branch","Toxic Egg 2"],"acts_visited":["Exordium","TheCity","TheBeyond"],"potions_floor_usage":[12,20,23,29,39],"damage_taken":[{"damage":0,"enemies":"Small Slimes","floor":1,"turns":1},{"damage":0,"enemies":"Jaw Worm","floor":4,"turns":1},{"damage":0,"enemies":"3 Sentries","floor":6,"turns":2},{"damage":2,"enemies":"Cultist","floor":7,"turns":4},{"damage":32,"enemies":"Gremlin Nob","floor":12,"turns":4},{"damage":3,"enemies":"3 Louse","floor":14,"turns":2},{"damage":57,"enemies":"The Guardian","floor":16,"turns":16},{"damage":3,"enemies":"Chosen","floor":18,"turns":5},{"damage":36,"enemies":"Shell Parasite","floor":20,"turns":6},{"damage":11,"enemies":"Chosen and Byrds","floor":21,"turns":6},{"damage":19,"enemies":"Gremlin Leader","floor":23,"turns":7},{"damage":34,"enemies":"Slavers","floor":25,"turns":7},{"damage":3,"enemies":"Centurion and Healer","floor":27,"turns":5},{"damage":50,"enemies":"3 Cultists","floor":29,"turns":6},{"damage":19,"enemies":"Champ","floor":33,"turns":13},{"damage":27,"enemies":"3 Shapes","floor":35,"turns":4},{"damage":11,"enemies":"Orb Walker","floor":36,"turns":4},{"damage":66,"enemies":"Sphere and 2 Shapes","floor":39,"turns":3}],"seed_played":"-7576897963576105686","potions_obtained":[{"floor":1,"key":"GamblersBrew"},{"floor":4,"key":"FairyPotion"},{"floor":8,"key":"SkillPotion"},{"floor":16,"key":"Swift Potion"},{"floor":18,"key":"BloodPotion"},{"floor":20,"key":"PowerPotion"},{"floor":25,"key":"EssenceOfSteel"},{"floor":33,"key":"Fruit Juice"}],"is_trial":false,"path_per_floor":["M","?","?","M","?","E","M","?","T","R","$","E","R","M","R","B",null,"M","$","M","M","$","E","R","E","T","M","R","M","R","?","R","B",null,"M","M","$","?","M"],"character_chosen":"IRONCLAD","items_purchased":["Feel No Pain","Dark Embrace","Membership Card","Dead Branch","Toxic Egg 2","Flame Barrier+1"],"campfire_rested":1,"item_purchase_floors":[19,22,37,37,37,37],"current_hp_per_floor":[74,74,79,80,80,80,82,82,82,82,82,56,56,61,61,10,66,69,69,55,52,52,39,39,11,11,14,39,33,33,33,33,20,71,52,50,50,50,0,0],"gold":57,"neow_bonus":"THREE_ENEMY_KILL","is_daily":false,"chose_seed":false,"campfire_upgraded":6,"win_rate":0.0,"timestamp":1614197288,"path_taken":["M","?","?","M","?","E","?","?","T","R","$","E","R","?","R","BOSS","M","$","M","M","$","E","R","E","T","M","R","M","R","?","R","BOSS","M","M","$","?","M"],"items_purchased_type":["Card","Card","Relic","Relic","Relic","Card"],"build_version":"2020-12-22","purchased_purges":1,"victory":false,"max_hp_per_floor":[75,75,80,80,80,80,82,82,82,82,82,82,82,84,84,84,84,84,84,84,86,86,86,86,86,86,86,86,88,88,88,88,88,88,90,93,93,93,98,98],"card_choices":[{"not_picked":["Entrench","Warcry"],"picked":"Iron Wave","floor":1},{"not_picked":["Flex","Iron Wave"],"picked":"Evolve","floor":4},{"not_picked":["Clash","Body Slam"],"picked":"Cleave","floor":6},{"not_picked":["True Grit","Heavy Blade","Juggernaut"],"picked":"Singing Bowl","floor":7},{"not_picked":["Disarm","Pummel"],"picked":"Power Through","floor":12},{"not_picked":["Flex","Bloodletting","Intimidate"],"picked":"Singing Bowl","floor":14},{"not_picked":["Impervious","Double Tap"],"picked":"Demon Form","floor":16},{"not_picked":["Reckless Charge","Carnage"],"picked":"Inflame+1","floor":18},{"not_picked":["Warcry","Seeing Red"],"picked":"Shrug It Off","floor":20},{"not_picked":["Body Slam","Ghostly Armor","Heavy Blade"],"picked":"Singing Bowl","floor":21},{"not_picked":["Havoc","Shrug It Off"],"picked":"Headbutt","floor":23},{"not_picked":["Sword Boomerang","True Grit"],"picked":"Second Wind","floor":25},{"not_picked":["Heavy Blade","Thunderclap"],"picked":"Exhume","floor":27},{"not_picked":["True Grit","Headbutt","Perfected Strike"],"picked":"Singing Bowl","floor":29},{"not_picked":["Limit Break","Demon Form"],"picked":"Feed","floor":33},{"not_picked":["Pommel Strike","Pummel","Heavy Blade+1"],"picked":"Singing Bowl","floor":35},{"not_picked":["Second Wind","Burning Pact+1"],"picked":"Entrench","floor":36}],"player_experience":537026,"relics_obtained":[{"floor":6,"key":"Singing Bowl"},{"floor":9,"key":"Shuriken"},{"floor":12,"key":"Centennial Puzzle"},{"floor":23,"key":"Gambling Chip"},{"floor":25,"key":"Paper Frog"},{"floor":26,"key":"Self Forming Clay"}],"event_choices":[{"damage_healed":0,"gold_gain":150,"player_choice":"AGREE","damage_taken":0,"max_hp_gain":0,"max_hp_loss":0,"event_name":"Liars Game","floor":2,"gold_loss":0,"cards_obtained":["Doubt"]},{"damage_healed":0,"gold_gain":0,"player_choice":"Donut","damage_taken":0,"max_hp_gain":5,"max_hp_loss":0,"event_name":"Big Fish","floor":3,"gold_loss":0},{"cards_removed":["Doubt"],"damage_healed":0,"gold_gain":0,"player_choice":"Purged","damage_taken":0,"max_hp_gain":0,"max_hp_loss":0,"event_name":"Purifier","floor":5,"gold_loss":0},{"damage_healed":0,"gold_gain":0,"player_choice":"Bought 1 Potion","damage_taken":0,"max_hp_gain":0,"max_hp_loss":0,"event_name":"The Woman in Blue","floor":8,"gold_loss":0},{"cards_removed":["Inflame"],"damage_healed":0,"gold_gain":0,"player_choice":"Purged","damage_taken":0,"max_hp_gain":0,"max_hp_loss":0,"event_name":"Purifier","floor":31,"gold_loss":0},{"damage_healed":0,"gold_gain":50,"player_choice":"Pray","damage_taken":0,"max_hp_gain":0,"max_hp_loss":0,"event_name":"Golden Shrine","floor":38,"gold_loss":0}],"is_beta":false,"boss_relics":[{"not_picked":["Coffee Dripper","Astrolabe"],"picked":"Pandora\u0027s Box"},{"not_picked":["Runic Cube","Fusion Hammer"],"picked":"Philosopher\u0027s Stone"}],"items_purged_floors":[11],"is_endless":false,"potions_floor_spawned":[1,4,16,18,20,21,25,33],"killed_by":"Sphere and 2 Shapes","ascension_level":20}}