{"host":"a9gsz7kv8aebwp1f","time":1614154967,"event":{"mods":["AchievementEnabler","BaseMod","Minty Spire (QoL Compilation)"],"gold_per_floor":[113,113,136,150,160,193,193,210,210,226,226,243,256,60,60,161,161,178,178,178],"floor_reached":19,"language":"KOR","playtime":550,"items_purged":[],"score":274,"play_id":"e2f9d701-bb46-442a-ae44-4d27b283db38","local_time":"20210224172247","is_ascension_mode":true,"campfire_choices":[{"floor":7,"key":"REST"},{"floor":11,"key":"REST"},{"data":"Demon Form","floor":15,"key":"SMITH"}],"circlet_count":0,"master_deck":["AscendersBane","Strike_R","Strike_R+1","Strike_R","Strike_R","Strike_R+1","Defend_R","Defend_R","Defend_R","Defend_R","Demon Form+1","Armaments","Shrug It Off","Cleave","Inflame+1","Twin Strike","Headbutt","Armaments","Double Tap","Armaments"],"relics":["Burning Blood","Regal Pillow","Frozen Egg 2","Blue Candle","Toy Ornithopter","Empty Cage"],"acts_visited":["Exordium","TheCity"],"potions_floor_usage":[16],"damage_taken":[{"damage":2,"enemies":"2 Louse","floor":1,"turns":3},{"damage":12,"enemies":"Jaw Worm","floor":4,"turns":3},{"damage":1,"enemies":"Cultist","floor":5,"turns":3},{"damage":45,"enemies":"3 Sentries","floor":6,"turns":6},{"damage":37,"enemies":"Gremlin Gang","floor":8,"turns":3},{"damage":2,"enemies":"Red Slaver","floor":10,"turns":3},{"damage":32,"enemies":"Exordium Thugs","floor":12,"turns":6},{"damage":1,"enemies":"3 Louse","floor":13,"turns":2},{"damage":52,"enemies":"Hexaghost","floor":16,"turns":8},{"damage":48,"enemies":"Spheric Guardian","floor":18,"turns":6},{"damage":0,"enemies":"2 Thieves","floor":19,"turns":1}],"seed_played":"5947685084593039694","potions_obtained":[{"floor":1,"key":"Energy Potion"},{"floor":8,"key":"Fire Potion"}],"is_trial":false,"path_per_floor":["M","?","T","M","M","E","R","M","T","M","R","M","M","$","R","B",null,"M","M"],"character_chosen":"IRONCLAD","items_purchased":["Toy Ornithopter","Armaments"],"campfire_rested":2,"item_purchase_floors":[14,14],"current_hp_per_floor":[76,60,60,54,59,20,59,28,28,32,71,45,50,50,50,9,62,20,20,20],"gold":178,"neow_bonus":"ONE_RANDOM_RARE_CARD","is_daily":false,"chose_seed":false,"campfire_upgraded":1,"win_rate":0.0,"timestamp":1614154967,"path_taken":["M","?","?","?","M","E","R","M","T","?","R","M","M","$","R","BOSS","M","M"],"items_purchased_type":["Relic","Card"],"build_version":"2020-12-22","purchased_purges":0,"victory":false,"max_hp_per_floor":[80,80,80,80,80,80,80,80,80,80,80,80,80,80,80,80,80,80,80,80],"card_choices":[{"not_picked":["Sever Soul","Havoc"],"picked":"Armaments","floor":1},{"not_picked":["Havoc","Seeing Red"],"picked":"Shrug It Off","floor":4},{"not_picked":["Shrug It Off","Entrench"],"picked":"Cleave","floor":5},{"not_picked":["Thunderclap","Havoc"],"picked":"Inflame+1","floor":6},{"not_picked":["Bludgeon","Iron Wave"],"picked":"Twin Strike","floor":8},{"not_picked":["Clothesline","Uppercut"],"picked":"Headbutt","floor":10},{"not_picked":["Pommel Strike","Second Wind"],"picked":"Infernal Blade","floor":12},{"not_picked":["Dual Wield","Second Wind","Iron Wave"],"picked":"SKIP","floor":13},{"not_picked":["Immolate","Fiend Fire"],"picked":"Double Tap","floor":16},{"not_picked":["Twin Strike","Feel No Pain+1"],"picked":"Armaments","floor":18}],"player_experience":484234,"relics_obtained":[{"floor":3,"key":"Regal Pillow"},{"floor":6,"key":"Frozen Egg 2"},{"floor":9,"key":"Blue Candle"}],"event_choices":[{"damage_healed":0,"gold_gain":0,"player_choice":"Entered Light","damage_taken":16,"max_hp_gain":0,"max_hp_loss":0,"event_name":"Shining Light","floor":2,"gold_loss":0,"cards_upgraded":["Strike_R","Strike_R"]}],"is_beta":false,"boss_relics":[{"not_picked":["Pandora\u0027s Box","Coffee Dripper"],"picked":"Empty Cage"}],"items_purged_floors":[],"is_endless":false,"potions_floor_spawned":[1,8,12,13],"killed_by":"2 Thieves","ascension_level":12}}