{"host":"5tzvto3beate6p8b","time":1614189374,"event":{"mods":["BaseMod","Colored Map","DeckTracker","Minty Spire (QoL Compilation)","Relic Stats","StSLib","SuperFastMode"],"gold_per_floor":[213,213,53,53,69,69,113,138,162,162,162,162,162,180,180,180,180],"floor_reached":16,"language":"JPN","playtime":549,"items_purged":["Strike_G"],"score":196,"play_id":"24ed26ed-8275-4f6d-b67f-c0f6ebd98fd2","local_time":"20210225025614","is_ascension_mode":true,"campfire_choices":[{"data":"Eviscerate","floor":6.0,"key":"SMITH"},{"floor":10.0,"key":"REST"},{"data":"Concentrate","floor":12.0,"key":"SMITH"},{"data":"Neutralize","floor":15.0,"key":"SMITH"}],"circlet_count":0,"master_deck":["AscendersBane","Strike_G","Strike_G+1","Strike_G","Defend_G","Defend_G","Defend_G","Defend_G","Defend_G+1","Survivor","Neutralize+1","Eviscerate+1","Underhanded Strike","Concentrate+1","Underhanded Strike","Leg Sweep"],"relics":["Ring of the Snake","Golden Idol","Omamori","Boot"],"acts_visited":[],"potions_floor_usage":[16],"damage_taken":[{"damage":1.0,"enemies":"2 Louse","floor":1.0,"turns":3.0},{"damage":4.0,"enemies":"Jaw Worm","floor":5.0,"turns":3.0},{"damage":28.0,"enemies":"Lagavulin","floor":7.0,"turns":8.0},{"damage":4.0,"enemies":"Small Slimes","floor":8.0,"turns":5.0},{"damage":0.0,"enemies":"3 Louse","floor":14.0,"turns":3.0},{"damage":52,"enemies":"Slime Boss","floor":16,"turns":8}],"seed_played":"1399801377656097915","potions_obtained":[{"floor":5.0,"key":"Poison Potion"}],"is_trial":false,"path_per_floor":["M","?","$","?","M","R","E","M","T","R","?","R","?","M","R","B"],"character_chosen":"THE_SILENT","items_purchased":["CunningPotion"],"campfire_rested":1,"item_purchase_floors":[3],"current_hp_per_floor":[58,58,58,40,36,36,8,4,4,22,15,15,35,35,35,0,0],"gold":180,"neow_bonus":"HUNDRED_GOLD","is_daily":false,"chose_seed":false,"campfire_upgraded":3,"win_rate":0.0,"timestamp":1614189374,"path_taken":["M","?","$","?","M","R","E","M","T","R","?","R","?","M","R","BOSS"],"items_purchased_type":["Potion"],"build_version":"2020-12-22","purchased_purges":1,"victory":false,"max_hp_per_floor":[66,60,60,60,60,60,60,60,60,60,60,60,60,60,60,60,60],"relic_stats":{"counters":[6,30],"Golden Idol":21,"Boot":[4],"obtain_stats":[{"Golden Idol":2,"Omamori":7,"Boot":9,"Ring of the Snake":0},{"Golden Idol":1,"Omamori":3,"Boot":4,"Ring of the Snake":0},{"Golden Idol":3,"Omamori":14,"Boot":19,"Ring of the Snake":0}],"Ring of the Snake":[12]},"card_choices":[{"not_picked":["Slice","Flying Knee"],"picked":"Eviscerate","floor":1.0},{"not_picked":["PiercingWail","Infinite Blades"],"picked":"Underhanded Strike","floor":5.0},{"not_picked":["Slice","Bane"],"picked":"Concentrate","floor":7.0},{"not_picked":["Cloak And Dagger","Wraith Form v2"],"picked":"Underhanded Strike","floor":8.0},{"not_picked":["Concentrate","Blade Dance"],"picked":"Leg Sweep","floor":14.0}],"player_experience":871421,"relics_obtained":[{"floor":7.0,"key":"Omamori"},{"floor":9.0,"key":"Boot"}],"event_choices":[{"damage_healed":0.0,"max_hp_gain":0.0,"max_hp_loss":6.0,"gold_gain":0.0,"event_name":"Golden Idol","player_choice":"Lose Max HP","floor":2.0,"gold_loss":0.0,"damage_taken":0.0,"relics_obtained":["Golden Idol"]},{"damage_healed":0.0,"max_hp_gain":0.0,"max_hp_loss":0.0,"gold_gain":0.0,"event_name":"Shining Light","player_choice":"Entered Light","floor":4.0,"gold_loss":0.0,"damage_taken":18.0,"cards_upgraded":["Strike_G","Defend_G"]},{"cards_removed":["Strike_G"],"damage_healed":0.0,"max_hp_gain":0.0,"max_hp_loss":0.0,"gold_gain":0.0,"event_name":"Golden Wing","player_choice":"Card Removal","floor":11.0,"gold_loss":0.0,"damage_taken":7.0},{"damage_healed":20.0,"max_hp_gain":0.0,"max_hp_loss":0.0,"gold_gain":0.0,"event_name":"Big Fish","player_choice":"Banana","floor":13.0,"gold_loss":0.0,"damage_taken":0.0}],"is_beta":false,"boss_relics":[],"items_purged_floors":[3],"is_endless":false,"potions_floor_spawned":[5],"killed_by":"Slime Boss","ascension_level":20}}