{"host":"cgwysqtmt736mr58","time":1614131814,"event":{"mods":["2.2 Compatiblity","Act Like it!","Aspiration","BaseMod","Beaked The Cultist","BetterRewards","Colored Map","Colored Powertips","Downfall","Duelist Mod","GifTheSpireLib","Googly Eyes","Halation","Hallownest","Hermit","Hubris","Infinite Spire","Lobotomy","LobotomyExtend","Minty Spire (QoL Compilation)","Quick Restart","Relic Stats","Replay The Spire","Shade Mod","Shop Mod","StSLib","The Bug Knight","The Construct","The Cursed","The Disciple","The Exalted","The Necromancer","The Runesmith","Waifu the Spire","Yuri Mod"],"gold_per_floor":[278,127,137,150,150,184,184,184,184,211,68,87,87,47,47,145,145,164,164,181,181,195,195,224,144,144,144,157,157,173,186,186,283,283,295,295,309,309,309,309,344,344,370,387,387,77,97,109,109,109,109],"floor_reached":52,"language":"ENG","playtime":3203,"items_purged":[],"score":1010,"play_id":"a9da9088-27cf-490b-a9d2-3710b79be27b","local_time":"20210224125654","is_ascension_mode":false,"campfire_choices":[{"data":"HollowMod:SlysStrikes","floor":8,"key":"SMITH"},{"data":"HollowMod:GoodIntentions","floor":23,"key":"SMITH"},{"data":"Hallownest:skillCityofTearsMap","floor":27,"key":"SMITH"},{"data":"HollowMod:MantisMark","floor":29,"key":"SMITH"},{"data":"HollowMod:HuntersJournal","floor":32,"key":"SMITH"},{"data":"HollowMod:SlysStrikes","floor":40,"key":"SMITH"},{"floor":42,"key":"REST"},{"floor":49,"key":"REST"}],"circlet_count":0,"master_deck":["HollowMod:NailStrikeStart","HollowMod:NailStrikeStart","HollowMod:NailStrikeStart","HollowMod:NailStrikeStart","HollowMod:QuickDashStart","HollowMod:QuickDashStart","HollowMod:QuickDashStart","HollowMod:QuickDashStart","HollowMod:FocusHealStart+1","HollowMod:PogoStrike","HollowMod:ChannelNail","HollowMod:HeavyBlow","HollowMod:SoulStrike","downfall:Haunted","downfall:Haunted","theDuelist:DuelistAscender","HollowMod:SlysStrikes+1","Doubt","HollowMod:SlysStrikes+1","HollowMod:NewGlowingWomb","HollowMod:ElderbugsWisdom","HollowMod:GoodIntentions+1","infinitespire:Starlight","HollowMod:GoodIntentions+1","Hallownest:skillCityofTearsMap+1","HollowMod:MantisMark+1","HollowMod:HuntersJournal+1","hubris:NaturalOne","HollowMod:LifebloodCocoon+1","HollowMod:SlysStrikes+1","CurseOfTheBell","HollowMod:SoulSplash+1","infinitespire:Starlight","HollowMod:LifebloodCocoon+1","HollowMod:PureVessel"],"relics":["HollowMod:VesselMask","LetterFromLob","hubris:TenFootPole","hubris:SlimyHat","Du-Vu Doll","halation:BottledLove","halation:KoshaPiece","Sling","hubris:Icosahedron","Onion Ring","hubris:ScarierMask","Toy Ornithopter","aspiration:FetidBarrel","Calling Bell","Potion Belt","Replay:WaspNest","hubris:SphereOfDissonance","BranchBurnRelic","Quantum Egg","Bromod:ArcaneMomentum","Bromod:ArcaneConsequence"],"acts_visited":["Exordium","Hallownest:Greenpath","Hallownest:CityofTears"],"potions_floor_usage":[6,6,33,33,46,48,48,50,50],"damage_taken":[{"damage":1,"enemies":"Hallownest:2_Baldur","floor":1,"turns":3},{"damage":9,"enemies":"Hallownest:2_Tiktiks_and_1_Crawlid","floor":3,"turns":4},{"damage":1,"enemies":"Hallownest:monsterHuskWarrior","floor":4,"turns":3},{"damage":7,"enemies":"Hallownest:eliteMossKnight","floor":6,"turns":9},{"damage":9,"enemies":"Hallownest:eliteCrystalGuardian","floor":10,"turns":5},{"damage":10,"enemies":"Hallownest:MossCreep_and_Mosskin","floor":12,"turns":4},{"damage":43,"enemies":"Hallownest:BossHornet","floor":16,"turns":9},{"damage":43,"enemies":"Hallownest:3_Youths","floor":18,"turns":12},{"damage":0,"enemies":"Hallownest:2_Mistakes","floor":20,"turns":5},{"damage":3,"enemies":"Hallownest:2_Husk_Sentries","floor":22,"turns":5},{"damage":14,"enemies":"Hallownest:eliteSoulWarrior","floor":24,"turns":8},{"damage":0,"enemies":"Hallownest:Warrior_and_Youth","floor":28,"turns":3},{"damage":18,"enemies":"Hallownest:Master_and_Novice","floor":30,"turns":4},{"damage":3,"enemies":"Hallownest:2_Husk_Sentries","floor":31,"turns":4},{"damage":53,"enemies":"Hallownest:BossGrimm","floor":33,"turns":10},{"damage":0,"enemies":"Hallownest:3_Siblings","floor":35,"turns":3},{"damage":19,"enemies":"Hallownest:2_Littles","floor":37,"turns":4},{"damage":42,"enemies":"Hallownest:eliteCollector","floor":41,"turns":7},{"damage":13,"enemies":"Hallownest:2_Soldiers_and_1_Guardian","floor":44,"turns":4},{"damage":50,"enemies":"Hallownest:monsterPrimalAspid","floor":47,"turns":4},{"damage":33,"enemies":"Hallownest:Xero_Hu_Marmu","floor":48,"turns":5},{"damage":50,"enemies":"Hallownest:Radiance","floor":50,"turns":27}],"seed_played":"-4043784561600277754","potions_obtained":[{"floor":1,"key":"ColorlessPotion"},{"floor":4,"key":"Strength Potion"},{"floor":10,"key":"PowerPotion"},{"floor":22,"key":"Regen Potion"},{"floor":24,"key":"sneckomod:MuddlingPotion"},{"floor":41,"key":"construct:ShiftPotion"},{"floor":47,"key":"Toxic Potion"},{"floor":48,"key":"SteroidPotion"}],"is_trial":false,"path_per_floor":["M","$","M","M","?","E","?","R","T","E","$","M","?","$","R_BF","B",null,"M","AVR","M","?","M","R","E","?","T","R","M","R","M","M","R","B",null,"M","?","M","AVR","?","R","E","R","T","M","?","$","M","M","R","B",null,null],"character_chosen":"THE_BUGKNIGHT","items_purchased":["hubris:TenFootPole","Sling","HollowMod:NewGlowingWomb","Bromod:ArcaneConsequence","Fruit Juice","PowerPotion"],"campfire_rested":2,"item_purchase_floors":[2,11,14,46,46,46],"current_hp_per_floor":[74,74,71,70,70,68,73,73,73,70,70,66,66,66,80,49,80,37,37,53,61,68,68,70,70,70,70,70,70,68,80,80,60,80,80,80,71,71,79,79,51,75,75,80,80,85,55,58,83,56,56],"gold":109,"neow_bonus":"","is_daily":false,"chose_seed":false,"campfire_upgraded":6,"win_rate":0.0,"timestamp":1614131814,"path_taken":["M","$","?","M","?","E","?","R","T","E","$","M","?","$","R_BF","BOSS","M","AVR","M","?","?","R","E","?","T","R","M","R","M","?","R","BOSS","M","?","M","AVR","?","R","E","R","T","?","?","$","?","M","R","BOSS"],"items_purchased_type":["Relic","Relic","Card","Relic","Potion","Potion"],"build_version":"2020-12-22","purchased_purges":0,"victory":true,"max_hp_per_floor":[75,75,75,75,75,75,80,80,80,80,80,80,80,80,80,80,80,80,80,80,80,80,80,80,80,80,80,80,80,80,80,80,80,80,80,80,80,80,80,80,80,80,80,80,80,85,85,85,85,85,85],"relic_stats":{"counters":[20,129],"obtain_stats":[{"Darkstone Periapt":8,"Golden Egg":30,"HollowMod:LumaflyLanternRelic":14,"Hallownest:UnbreakableCardRelic":19,"HollowMod:VesselMask":0,"Hallownest:DreamNailRelic":4,"hubris:SlimyHat":40,"Boot":0,"Sling":40,"BranchBurnRelic":40,"hubris:Icosahedron":40,"hubris:ScarierMask":40,"hubris:DeckOfHolding":9,"halation:Toothbrush":7,"halation:KoshaPiece":40,"Potion Belt":40,"halation:BottledLove":40,"aspiration:FetidBarrel":40,"Quantum Egg":41,"hubris:SphereOfDissonance":38,"Replay:WaspNest":40,"Bromod:ArcaneConsequence":46,"Bromod:ArcaneMomentum":43,"Du-Vu Doll":40,"Calling Bell":40,"SlaversCollar":17,"Shuriken":26,"Onion Ring":40,"RedMistMask":20,"LetterFromLob":1,"hubris:TenFootPole":40,"Toy Ornithopter":40},{"Darkstone Periapt":4,"Golden Egg":12,"HollowMod:LumaflyLanternRelic":6,"Hallownest:UnbreakableCardRelic":8,"HollowMod:VesselMask":0,"Hallownest:DreamNailRelic":2,"hubris:SlimyHat":15,"Boot":0,"Sling":15,"BranchBurnRelic":15,"hubris:Icosahedron":15,"hubris:ScarierMask":15,"hubris:DeckOfHolding":4,"halation:Toothbrush":4,"halation:KoshaPiece":15,"Potion Belt":15,"halation:BottledLove":15,"aspiration:FetidBarrel":15,"Quantum Egg":16,"hubris:SphereOfDissonance":15,"Replay:WaspNest":15,"Bromod:ArcaneConsequence":17,"Bromod:ArcaneMomentum":16,"Du-Vu Doll":15,"Calling Bell":15,"SlaversCollar":7,"Shuriken":10,"Onion Ring":15,"RedMistMask":9,"LetterFromLob":1,"hubris:TenFootPole":15,"Toy Ornithopter":15},{"Darkstone Periapt":21,"Golden Egg":65,"HollowMod:LumaflyLanternRelic":34,"Hallownest:UnbreakableCardRelic":51,"HollowMod:VesselMask":0,"Hallownest:DreamNailRelic":7,"hubris:SlimyHat":82,"Boot":0,"Sling":82,"BranchBurnRelic":82,"hubris:Icosahedron":82,"hubris:ScarierMask":82,"hubris:DeckOfHolding":21,"halation:Toothbrush":21,"halation:KoshaPiece":82,"Potion Belt":82,"halation:BottledLove":82,"aspiration:FetidBarrel":82,"Quantum Egg":89,"hubris:SphereOfDissonance":82,"Replay:WaspNest":82,"Bromod:ArcaneConsequence":93,"Bromod:ArcaneMomentum":89,"Du-Vu Doll":82,"Calling Bell":82,"SlaversCollar":45,"Shuriken":59,"Onion Ring":82,"RedMistMask":56,"LetterFromLob":5,"hubris:TenFootPole":82,"Toy Ornithopter":82}],"Toy Ornithopter":17},"card_choices":[{"not_picked":["HollowMod:DashSlash","HollowMod:TaintedHusks"],"picked":"HollowMod:ChannelNail","floor":1},{"not_picked":["HollowMod:PureNailStrike","HollowMod:SoulMaster"],"picked":"HollowMod:HeavyBlow","floor":3},{"not_picked":["HollowMod:MothsMistake","HollowMod:InfectedCysts","HollowMod:CloakDash"],"picked":"SKIP","floor":4},{"not_picked":["HollowMod:VengefulVoid","HollowMod:InfectedCysts"],"picked":"HollowMod:SoulStrike","floor":6},{"not_picked":["HollowMod:DescendingDark","HollowMod:ShapeofUnn","HollowMod:InfectedCysts"],"picked":"SKIP","floor":10},{"not_picked":["HollowMod:SoulShaman","HollowMod:SharpenedNail"],"picked":"HollowMod:SlysStrikes","floor":12},{"not_picked":["HollowMod:VoidDash","HollowMod:Hiveblood"],"picked":"HollowMod:ElderbugsWisdom","floor":16},{"not_picked":["HollowMod:ChannelNail","HollowMod:AbyssShriek"],"picked":"HollowMod:GoodIntentions+1","floor":18},{"not_picked":["HollowMod:ChannelNail","HollowMod:SoulStrike","HollowMod:SiblingsSouls"],"picked":"SKIP","floor":20},{"not_picked":["HollowMod:CloakDash","HollowMod:DesolateDive"],"picked":"HollowMod:GoodIntentions","floor":22},{"not_picked":["HollowMod:CloakDash","HollowMod:BlackTendrils+1","HollowMod:InfectedAttack+1"],"picked":"SKIP","floor":24},{"not_picked":["HollowMod:MawleksShell+1","HollowMod:SharpenedNail"],"picked":"HollowMod:MantisMark","floor":28},{"not_picked":["HollowMod:DescendingDark+1","HollowMod:NewJinnsSoul"],"picked":"HollowMod:HuntersJournal","floor":30},{"not_picked":["HollowMod:FallenFury","HollowMod:ChannelNail"],"picked":"HollowMod:LifebloodCocoon+1","floor":31},{"not_picked":["HollowMod:HornetsHelp","HollowMod:LifebloodCore"],"picked":"HollowMod:SlysStrikes","floor":33},{"not_picked":["HollowMod:HeavyBlow","HollowMod:VengefulSpirit+1"],"picked":"HollowMod:SoulSplash+1","floor":35},{"not_picked":["HollowMod:SoulSplash+1","HollowMod:CloakDash","HollowMod:VengefulVoid+1"],"picked":"SKIP","floor":37},{"not_picked":["HollowMod:VengefulVoid","HollowMod:InfectedAttack+1"],"picked":"HollowMod:LifebloodCocoon+1","floor":41},{"not_picked":["HollowMod:VengefulSpirit+1","HollowMod:NewLittleFool","HollowMod:SiblingsShadow+1"],"picked":"SKIP","floor":44},{"not_picked":["HollowMod:ChannelNail+1","HollowMod:VengefulSpirit","HollowMod:MothsMistake"],"picked":"SKIP","floor":47},{"not_picked":["HollowMod:VengefulSpirit+1","HollowMod:NewLittleFool"],"picked":"HollowMod:PureVessel","floor":48}],"player_experience":1124685,"relics_obtained":[{"floor":1,"key":"LetterFromLob"},{"floor":6,"key":"hubris:SlimyHat"},{"floor":9,"key":"halation:BottledLove"},{"floor":10,"key":"halation:KoshaPiece"},{"floor":24,"key":"Toy Ornithopter"},{"floor":26,"key":"aspiration:FetidBarrel"},{"floor":34,"key":"Potion Belt"},{"floor":34,"key":"Replay:WaspNest"},{"floor":34,"key":"Dead Branch"},{"floor":41,"key":"Quantum Egg"},{"floor":43,"key":"Bromod:ArcaneMomentum"}],"event_choices":[],"is_beta":false,"boss_relics":[{"not_picked":["Runic Dome","halation:Prosthetics","halation:Risk"]},{"not_picked":["Replay:Grab Bag","Honey Jar"],"picked":"Calling Bell"}],"items_purged_floors":[],"is_endless":false,"potions_floor_spawned":[1,4,10,22,24,41,47,48],"ascension_level":0}}