{"host":"ydg0vn0pu4pubmdt","time":1614164756,"event":{"mods":["AchievementEnabler","BaseMod","Colored Map","Minty Spire (QoL Compilation)","Quick Restart","SuperFastMode"],"gold_per_floor":[113,129,54,67,87,122,140,140,140,140,40,58,58,74,74,149,149,167,167,184,194,194,194,194],"floor_reached":23,"language":"KOR","playtime":505,"items_purged":["Strike_P","Defend_P"],"score":390,"play_id":"678f6934-9cf6-456b-84ca-caeda1a74e29","local_time":"20210224200556","is_ascension_mode":true,"campfire_choices":[{"data":"Eruption","floor":8.0,"key":"SMITH"},{"data":"CrushJoints","floor":13.0,"key":"SMITH"},{"data":"Adaptation","floor":15.0,"key":"SMITH"}],"circlet_count":0,"master_deck":["AscendersBane","Strike_P+1","Strike_P+1","Strike_P+1","Defend_P","Defend_P+1","Defend_P","Eruption+1","Vigilance","FlurryOfBlows","EmptyBody","TalkToTheHand","EmptyMind","EmptyFist","CrushJoints+1","Adaptation+1","Evaluate+1","Ghostly","Ghostly","Ghostly","Vault"],"relics":["PureWater","Whetstone","Ginger","MealTicket","Runic Pyramid"],"acts_visited":["Exordium","TheCity"],"potions_floor_usage":[16,23],"damage_taken":[{"damage":0.0,"enemies":"Cultist","floor":1.0,"turns":2.0},{"damage":0.0,"enemies":"Small Slimes","floor":2.0,"turns":2.0},{"damage":0.0,"enemies":"2 Louse","floor":4.0,"turns":2.0},{"damage":0.0,"enemies":"2 Fungi Beasts","floor":5.0,"turns":3.0},{"damage":1.0,"enemies":"Lagavulin","floor":6.0,"turns":5.0},{"damage":0.0,"enemies":"Blue Slaver","floor":7.0,"turns":2.0},{"damage":0.0,"enemies":"Exordium Wildlife","floor":12.0,"turns":2.0},{"damage":0.0,"enemies":"Looter","floor":14.0,"turns":1.0},{"damage":21,"enemies":"Hexaghost","floor":16,"turns":5},{"damage":17,"enemies":"Shell Parasite","floor":18,"turns":3},{"damage":10,"enemies":"Chosen","floor":20,"turns":5},{"damage":0,"enemies":"Centurion and Healer","floor":21,"turns":4},{"damage":1,"enemies":"Slavers","floor":23,"turns":5}],"seed_played":"3213541543235449682","potions_obtained":[{"floor":4.0,"key":"AttackPotion"},{"floor":5.0,"key":"ColorlessPotion"},{"floor":12.0,"key":"SkillPotion"},{"floor":16,"key":"SkillPotion"}],"is_trial":false,"path_per_floor":["M","M","$","M","M","E","M","R","T","?","$","M","R","M","R","B",null,"M","?","M","M","?","E"],"character_chosen":"WATCHER","items_purchased":[],"campfire_rested":0,"item_purchase_floors":[],"current_hp_per_floor":[61,61,61,61,61,60,60,60,60,40,55,55,55,55,55,34,60,43,34,24,24,24,23,23],"gold":194,"neow_bonus":"RANDOM_COMMON_RELIC","is_daily":false,"chose_seed":false,"campfire_upgraded":3,"win_rate":0.0,"timestamp":1614164756,"path_taken":["M","M","$","M","M","E","?","R","T","?","$","M","R","M","R","BOSS","M","?","M","M","?","E"],"items_purchased_type":[],"build_version":"2020-12-22","purchased_purges":2,"victory":false,"max_hp_per_floor":[68,68,68,68,68,68,68,68,68,68,68,68,68,68,68,68,68,68,34,34,34,34,34,34],"card_choices":[{"not_picked":["CutThroughFate","Protect"],"picked":"FlurryOfBlows","floor":1.0},{"not_picked":["Evaluate","SashWhip","Swivel"],"picked":"SKIP","floor":2.0},{"not_picked":["ThirdEye","SashWhip"],"picked":"EmptyBody","floor":4.0},{"not_picked":["FollowUp","ClearTheMind"],"picked":"TalkToTheHand","floor":5.0},{"not_picked":["Study","Prostrate"],"picked":"EmptyMind","floor":6.0},{"not_picked":["Weave","CutThroughFate"],"picked":"EmptyFist","floor":7.0},{"not_picked":["Prostrate","CutThroughFate"],"picked":"CrushJoints","floor":12.0},{"not_picked":["BowlingBash","Protect"],"picked":"Adaptation","floor":14.0},{"not_picked":["Perseverance","Study"],"picked":"Evaluate+1","floor":18},{"not_picked":["FlyingSleeves","ClearTheMind","FollowUp"],"picked":"SKIP","floor":20},{"not_picked":["SandsOfTime","WindmillStrike","WaveOfTheHand"],"picked":"SKIP","floor":21}],"player_experience":630673,"relics_obtained":[{"floor":6.0,"key":"Ginger"},{"floor":9.0,"key":"MealTicket"}],"event_choices":[{"damage_healed":0.0,"max_hp_gain":0.0,"max_hp_loss":0.0,"gold_gain":0.0,"event_name":"Shining Light","player_choice":"Entered Light","floor":10.0,"gold_loss":0.0,"damage_taken":20.0,"cards_upgraded":["Strike_P","Defend_P"]},{"damage_healed":0,"gold_gain":0,"player_choice":"Became a Ghost","damage_taken":0,"max_hp_gain":0,"max_hp_loss":34,"event_name":"Ghosts","floor":19,"gold_loss":0,"cards_obtained":["Ghostly","Ghostly","Ghostly"]},{"damage_healed":0,"gold_gain":0,"player_choice":"Read","damage_taken":0,"max_hp_gain":0,"max_hp_loss":0,"event_name":"The Library","floor":22,"gold_loss":0,"cards_obtained":["Vault"]}],"is_beta":false,"boss_relics":[{"not_picked":["SlaversCollar","Fusion Hammer"],"picked":"Runic Pyramid"}],"items_purged_floors":[3,11],"is_endless":false,"potions_floor_spawned":[4,5,12,16],"killed_by":"Slavers","ascension_level":20}}