{"host":"q6l9o5ad25lrm2yj","time":1614164371,"event":{"mods":["Act Like it!","BaseMod","BetterRewards","Colored Powertips","Gensokyo","Hermit","Minty Spire (QoL Compilation)","Quick Restart","Replay The Spire","StSLib","[IsaacMod]ÒÔÈö¼âËþ"],"gold_per_floor":[118,218,237,253,272,272,272],"floor_reached":6,"language":"ZHS","playtime":2528,"items_purged":[],"score":38,"play_id":"b0e52933-ada1-4954-95a6-f2e93f27468c","local_time":"20210224185931","is_ascension_mode":false,"campfire_choices":[],"circlet_count":0,"master_deck":["hermit:Strike_Hermit","hermit:Strike_Hermit","hermit:Strike_Hermit","hermit:Strike_Hermit","hermit:Defend_Hermit","hermit:Defend_Hermit","hermit:Defend_Hermit","hermit:Defend_Hermit","hermit:Snapshot","hermit:Covet","DoctorFetus","hermit:CalledShot","hermit:BodyArmor","hermit:Manifest","hermit:Quickdraw","hermit:Glare"],"relics":["hermit:Momento","HushsDoor","Void","Peace Pipe","Bird Faced Urn","Bag of Marbles","Replay:Multitool"],"acts_visited":["Exordium"],"potions_floor_usage":[6,6],"damage_taken":[{"damage":0,"enemies":"Gensokyo:3_Fairies","floor":1,"turns":4},{"damage":12,"enemies":"Gensokyo:Gryphon","floor":3,"turns":3},{"damage":6,"enemies":"Gensokyo:Python","floor":4,"turns":3},{"damage":12,"enemies":"Gensokyo:VengefulSpirit","floor":5,"turns":6},{"damage":23,"enemies":"Gensokyo:Aya","floor":6,"turns":6}],"seed_played":"8089974518456638856","potions_obtained":[{"floor":3,"key":"SkillPotion"},{"floor":5,"key":"SpeedPotion"}],"is_trial":false,"path_per_floor":["M","?","M","M","M","E"],"character_chosen":"HERMIT","items_purchased":["Peace Pipe","Bird Faced Urn"],"campfire_rested":0,"item_purchase_floors":[0,0],"current_hp_per_floor":[40,40,30,24,14,0,0],"gold":272,"neow_bonus":"","is_daily":false,"chose_seed":false,"campfire_upgraded":0,"win_rate":0.0,"timestamp":1614164371,"path_taken":["M","?","M","M","M","E"],"items_purchased_type":["Relic","Relic"],"build_version":"2020-12-22","purchased_purges":0,"victory":false,"max_hp_per_floor":[75,75,75,75,75,75,75],"card_choices":[{"not_picked":[],"picked":"DoctorFetus","floor":0},{"not_picked":["hermit:Desperado","hermit:PistolWhip"],"picked":"hermit:CalledShot","floor":1},{"not_picked":["hermit:Dive","hermit:NoHoldsBarred"],"picked":"hermit:BodyArmor","floor":2},{"not_picked":["hermit:Adapt","hermit:ItchyTrigger"],"picked":"hermit:Manifest","floor":3},{"not_picked":["hermit:Spite","hermit:CalledShot"],"picked":"hermit:Quickdraw","floor":4},{"not_picked":["hermit:Spite","hermit:HoleUp"],"picked":"hermit:Glare","floor":5}],"player_experience":25243,"relics_obtained":[],"event_choices":[],"is_beta":false,"boss_relics":[],"items_purged_floors":[],"is_endless":false,"potions_floor_spawned":[3,5],"killed_by":"Gensokyo:Aya","ascension_level":0}}