{"host":"l8n56n8abrvcftzc","time":1614143647,"event":{"mods":["Act Like it!","Arknights","BaseMod","Better Note","Better Third Choice","Colored Map","DeckTracker","Googly Eyes","Highlight Path","Minty Spire (QoL Compilation)","Permanent Neow","Relic Stats","StSLib","SuperFastMode","Uncapped"],"gold_per_floor":[113,113,63,78,78,78,109,109,109,34,54,64,90,109,109,212,212,228,228,143,143,64,64,89,89,116,142,157,168,196,213,213,311,311,325,342,359,409,428,459,477,510,510,542,595,595,607,624,624,624,624,624,24,63,63],"floor_reached":56,"language":"ENG","playtime":3617,"items_purged":["ats:Strike V","ats:Strike G+1"],"score":1357,"play_id":"637d62d4-0ee3-46c9-be37-53aaef13cc5b","local_time":"20210223211407","is_ascension_mode":true,"campfire_choices":[{"data":"ats:Armor Crushing Shot","floor":6.0,"key":"SMITH"},{"floor":8.0,"key":"REST"},{"data":"ats:Support Order","floor":15.0,"key":"SMITH"},{"data":"ats:Part Time Job","floor":23.0,"key":"SMITH"},{"data":"ats:Roar Of Ursus","floor":32.0,"key":"SMITH"},{"floor":49.0,"key":"RECALL"},{"data":"ats:Ambush","floor":52.0,"key":"SMITH"}],"circlet_count":0,"master_deck":["ats:Strike S","ats:Armor Crushing Shot+1","ats:Defend","ats:Defend+1","ats:Defend","ats:Emotion Absorption+1","ats:Healing Strengthening","ats:Healing Strengthening","ats:Rapid Magazine","ats:Powerful Strike","ats:Support Order+1","ats:Explosion Area Strengthen","ats:Nebulous Foxfire","ats:Part Time Job+1","ats:Roar Of Ursus+1","ats:Neurotoxin","ats:Powerful Strike+1","ats:Shell Defense","ats:Ambush+1","ats:Poison Spread","ats:Absolute Focus+1","ats:Poison Spread+1","ats:Absolute Focus+1","ats:Poison Spread","ats:Composite Medical Shells+1"],"relics":["ats:Sanity","ats:Originium","ats:Omniscience","PreservedInsect","ats:Ability Aura","Black Star","Centennial Puzzle","White Beast Statue","Strawberry","Anchor","Nunchaku","Omamori","Smiling Mask","Potion Belt","Coffee Dripper","ats:Emergency Defibrillator","Eternal Feather","CeramicFish","StoneCalendar","Bag of Marbles","Bag of Preparation","Shuriken","Turnip","InkBottle","ats:Lavender","Boot","Mummified Hand"],"acts_visited":["Exordium","TheCity","TheBeyond","TheEnding"],"potions_floor_usage":[],"damage_taken":[{"damage":0.0,"enemies":"Small Slimes","floor":1.0,"turns":4.0},{"damage":2.0,"enemies":"2 Louse","floor":4.0,"turns":3.0},{"damage":41.0,"enemies":"3 Sentries","floor":7.0,"turns":11.0},{"damage":0.0,"enemies":"Jaw Worm","floor":11.0,"turns":4.0},{"damage":0.0,"enemies":"Exordium Thugs","floor":12.0,"turns":4.0},{"damage":11.0,"enemies":"Gremlin Nob","floor":13.0,"turns":4.0},{"damage":0.0,"enemies":"Large Slime","floor":14.0,"turns":3.0},{"damage":17.0,"enemies":"Hexaghost","floor":16.0,"turns":9.0},{"damage":0.0,"enemies":"3 Byrds","floor":18.0,"turns":6.0},{"damage":45.0,"enemies":"Gremlin Leader","floor":24.0,"turns":8.0},{"damage":58.0,"enemies":"Slavers","floor":27.0,"turns":9.0},{"damage":8.0,"enemies":"2 Thieves","floor":28.0,"turns":5.0},{"damage":0.0,"enemies":"Centurion and Healer","floor":29.0,"turns":6.0},{"damage":0.0,"enemies":"Gremlin Leader","floor":30.0,"turns":4.0},{"damage":15.0,"enemies":"Snake Plant","floor":31.0,"turns":7.0},{"damage":35.0,"enemies":"Automaton","floor":33.0,"turns":10.0},{"damage":1.0,"enemies":"3 Darklings","floor":35.0,"turns":5.0},{"damage":5.0,"enemies":"Orb Walker","floor":36.0,"turns":4.0},{"damage":25.0,"enemies":"Maw","floor":37.0,"turns":8.0},{"damage":6.0,"enemies":"Mind Bloom Boss Battle","floor":38.0,"turns":8.0},{"damage":0.0,"enemies":"Transient","floor":39.0,"turns":5.0},{"damage":23.0,"enemies":"Giant Head","floor":40.0,"turns":7.0},{"damage":57.0,"enemies":"Sphere and 2 Shapes","floor":41.0,"turns":8.0},{"damage":13.0,"enemies":"Reptomancer","floor":42.0,"turns":5.0},{"damage":34.0,"enemies":"Nemesis","floor":44.0,"turns":7.0},{"damage":49.0,"enemies":"2 Orb Walkers","floor":45.0,"turns":6.0},{"damage":24.0,"enemies":"Spire Growth","floor":47.0,"turns":6.0},{"damage":0.0,"enemies":"Jaw Worm Horde","floor":48.0,"turns":4.0},{"damage":142.0,"enemies":"Time Eater","floor":50.0,"turns":13.0},{"damage":20.0,"enemies":"Shield and Spear","floor":54.0,"turns":7.0},{"damage":68,"enemies":"The Heart","floor":55,"turns":9}],"seed_played":"499271375879915745","potions_obtained":[{"floor":4.0,"key":"FearPotion"},{"floor":11.0,"key":"ats:Emergency Sanity Potion"},{"floor":12.0,"key":"ats:Burn Big Potion"},{"floor":24.0,"key":"DistilledChaos"},{"floor":27.0,"key":"ats:Top Emergency Sanity Potion"},{"floor":28.0,"key":"AttackPotion"},{"floor":30.0,"key":"ats:Emergency Sanity Potion"},{"floor":31.0,"key":"ColorlessPotion"},{"floor":33.0,"key":"ColorlessPotion"},{"floor":35.0,"key":"LiquidMemories"},{"floor":38.0,"key":"EssenceOfSteel"},{"floor":39.0,"key":"SmokeBomb"},{"floor":48.0,"key":"DuplicationPotion"},{"floor":54.0,"key":"SpeedPotion"}],"is_trial":false,"path_per_floor":["M","?","?","M","?","R","E","R","T","$","M","M","E","M","R","B",null,"M","?","?","?","$","R","E","?","T","E","M","M","E","M","R","B",null,"M","M","M","?","M","E","M","E","T","E","?","?","M","M","R","B",null,"R","$","E","B",null],"character_chosen":"DOCTOR_CLASS","items_purchased":["ats:Part Time Job","InkBottle","ats:Lavender","ats:Poison Spread"],"campfire_rested":1,"item_purchase_floors":[22,53,53,53],"current_hp_per_floor":[72,58,58,56,56,56,15,36,36,36,36,36,25,25,25,8,72,72,72,72,72,72,72,65,50,50,79,82,84,84,84,84,84,84,84,82,82,84,84,77,74,79,79,68,57,57,83,84,84,65,84,84,84,84,73],"gold":63,"neow_bonus":"UPGRADE_CARD","is_daily":false,"chose_seed":false,"campfire_upgraded":5,"win_rate":0.0,"timestamp":1614143647,"path_taken":["M","?","?","M","?","R","E","R","T","?","?","M","E","M","R","BOSS","M","?","?","?","?","R","E","?","T","E","M","M","E","M","R","BOSS","M","M","M","?","M","E","M","E","T","E","?","?","?","M","R","BOSS","R","$","E","BOSS"],"items_purchased_type":["Card","Relic","Relic","Card"],"build_version":"2020-12-22","purchased_purges":2,"victory":true,"max_hp_per_floor":[72,72,72,72,72,72,72,72,72,72,72,72,72,72,72,72,72,72,72,72,72,72,72,79,84,84,84,84,84,84,84,84,84,84,84,84,84,84,84,84,84,84,84,84,84,84,84,84,84,84,84,84,84,84,84],"relic_stats":{"counters":[31,199],"CeramicFish":18,"Eternal Feather":0,"StoneCalendar":[125],"PreservedInsect":454,"Bag of Preparation":[12],"Smiling Mask":50,"Boot":[0],"Centennial Puzzle":[54],"Nunchaku":[24],"Shuriken":[14],"Mummified Hand":[9],"Turnip":[2],"Black Star":7,"obtain_stats":[{"ats:Ability Aura":13,"CeramicFish":40,"StoneCalendar":42,"Bag of Preparation":44,"Smiling Mask":30,"Boot":54,"Centennial Puzzle":20,"Nunchaku":27,"Mummified Hand":54,"Strawberry":24,"ats:Emergency Defibrillator":38,"ats:Sanity":0,"ats:Omniscience":7,"InkBottle":53,"Potion Belt":30,"ats:Lavender":53,"Eternal Feather":40,"PreservedInsect":9,"Omamori":27,"White Beast Statue":24,"Anchor":26,"ats:Originium":7,"Shuriken":44,"Turnip":45,"Black Star":17,"Coffee Dripper":34,"Bag of Marbles":42},{"ats:Ability Aura":6,"CeramicFish":22,"StoneCalendar":24,"Bag of Preparation":25,"Smiling Mask":14,"Boot":30,"Centennial Puzzle":9,"Nunchaku":11,"Mummified Hand":30,"Strawberry":10,"ats:Emergency Defibrillator":20,"ats:Sanity":0,"ats:Omniscience":3,"InkBottle":29,"Potion Belt":14,"ats:Lavender":29,"Eternal Feather":22,"PreservedInsect":3,"Omamori":11,"White Beast Statue":10,"Anchor":10,"ats:Originium":3,"Shuriken":25,"Turnip":26,"Black Star":8,"Coffee Dripper":16,"Bag of Marbles":24},{"ats:Ability Aura":30,"CeramicFish":134,"StoneCalendar":147,"Bag of Preparation":154,"Smiling Mask":80,"Boot":190,"Centennial Puzzle":48,"Nunchaku":65,"Mummified Hand":190,"Strawberry":56,"ats:Emergency Defibrillator":122,"ats:Sanity":0,"ats:Omniscience":18,"InkBottle":183,"Potion Belt":80,"ats:Lavender":183,"Eternal Feather":134,"PreservedInsect":18,"Omamori":65,"White Beast Statue":56,"Anchor":56,"ats:Originium":18,"Shuriken":154,"Turnip":160,"Black Star":42,"Coffee Dripper":97,"Bag of Marbles":147}],"InkBottle":[8]},"card_choices":[{"not_picked":["ats:Blood Oath","ats:Revitalization","ats:Guard Mode"],"picked":"SKIP","floor":1.0},{"not_picked":["ats:Defend Order","ats:Guardian Obelisk"],"picked":"ats:Healing Strengthening","floor":4.0},{"not_picked":["ats:Poison Spread","ats:Assault Order"],"picked":"ats:Healing Strengthening","floor":7.0},{"not_picked":["ats:Leaping Hammer","ats:Curse Doll"],"picked":"ats:Rapid Magazine","floor":11.0},{"not_picked":["ats:Closed Bolt Burst Fire","ats:Thermite Blade"],"picked":"ats:Powerful Strike","floor":12.0},{"not_picked":["ats:Beaten Up","ats:Absolute Focus"],"picked":"ats:Support Order","floor":13.0},{"not_picked":["ats:LN2 Cannon","ats:Wolf Pack"],"picked":"ats:Explosion Area Strengthen","floor":14.0},{"not_picked":["ats:True Silver Slash","ats:Disruption Kick"],"picked":"ats:Nebulous Foxfire","floor":16.0},{"not_picked":["ats:Explosion Area Strengthen","ats:Literary Storm","ats:Assault Order"],"picked":"SKIP","floor":18.0},{"not_picked":["ats:Support Order+1","ats:Guard Mode"],"picked":"ats:Roar Of Ursus","floor":24.0},{"not_picked":["ats:Hammer On","ats:Magnetic Hammer+1"],"picked":"ats:Neurotoxin","floor":27.0},{"not_picked":["ats:Guard Mode","ats:Ignite"],"picked":"ats:Powerful Strike+1","floor":28.0},{"not_picked":["ats:Assault Order","ats:Beaten Up"],"picked":"ats:Shell Defense","floor":29.0},{"not_picked":["ats:Burning Ground","ats:Ignite","ats:Healing Drone"],"picked":"SKIP","floor":30.0},{"not_picked":["ats:Cat Scratch","ats:Closed Bolt Burst Fire+1","ats:Revitalization+1"],"picked":"SKIP","floor":31.0},{"not_picked":["ats:Disruption Kick","ats:True Silver Slash"],"picked":"ats:Ambush","floor":33.0},{"not_picked":["ats:Ignite","ats:Blood Oath+1"],"picked":"ats:Poison Spread","floor":35.0},{"not_picked":["ats:Very Hot Blade","ats:Shell Defense+1","ats:Sashimi Platter+1"],"picked":"SKIP","floor":36.0},{"not_picked":["ats:LN2 Cannon+1","ats:Shell Defense"],"picked":"ats:Absolute Focus+1","floor":37.0},{"not_picked":["ats:Curse Doll","ats:Cat Scratch"],"picked":"ats:Poison Spread+1","floor":38.0},{"not_picked":["ats:Shell Defense","ats:Red Shift+1"],"picked":"ats:Absolute Focus+1","floor":39.0},{"not_picked":["ats:Beaten Up+1","ats:Guard Mode+1","ats:Song Of Battle+1"],"picked":"SKIP","floor":40.0},{"not_picked":["ats:Literary Storm+1","ats:Very Hot Blade+1","ats:True Silver Slash"],"picked":"SKIP","floor":41.0},{"not_picked":["ats:Blood Oath+1","ats:Absolute Focus","ats:Consecutive Shot Auto"],"picked":"SKIP","floor":42.0},{"not_picked":["ats:Absolute Focus","ats:Leaping Hammer","ats:Apocalypse"],"picked":"SKIP","floor":44.0},{"not_picked":["ats:Ignite+1","ats:Charging Defense","ats:Blood Oath"],"picked":"SKIP","floor":47.0},{"not_picked":["ats:Hook Shot+1","ats:Absolute Focus","ats:Directed Diagnosis"],"picked":"SKIP","floor":48.0},{"not_picked":["ats:Curse Doll+1","ats:Shell Defense+1"],"picked":"ats:Composite Medical Shells+1","floor":54.0}],"player_experience":811157,"relics_obtained":[{"floor":7.0,"key":"ats:Originium"},{"floor":7.0,"key":"ats:Omniscience"},{"floor":9.0,"key":"PreservedInsect"},{"floor":13.0,"key":"ats:Originium"},{"floor":13.0,"key":"ats:Ability Aura"},{"floor":24.0,"key":"ats:Originium"},{"floor":24.0,"key":"White Beast Statue"},{"floor":24.0,"key":"Strawberry"},{"floor":26.0,"key":"Anchor"},{"floor":27.0,"key":"ats:Originium"},{"floor":27.0,"key":"Nunchaku"},{"floor":27.0,"key":"Omamori"},{"floor":30.0,"key":"Smiling Mask"},{"floor":30.0,"key":"Potion Belt"},{"floor":38.0,"key":"ats:Emergency Defibrillator"},{"floor":40.0,"key":"Eternal Feather"},{"floor":40.0,"key":"CeramicFish"},{"floor":42.0,"key":"StoneCalendar"},{"floor":42.0,"key":"Bag of Marbles"},{"floor":44.0,"key":"Bag of Preparation"},{"floor":44.0,"key":"Shuriken"},{"floor":45.0,"key":"Turnip"},{"floor":54.0,"key":"Boot"},{"floor":54.0,"key":"Mummified Hand"}],"event_choices":[{"damage_healed":72.0,"max_hp_gain":0.0,"max_hp_loss":72.0,"gold_gain":0.0,"event_name":"betterThird:BetterShining","player_choice":"Upgrade","floor":2.0,"gold_loss":0.0,"damage_taken":14.0,"cards_upgraded":["ats:Strike G","ats:Defend"]},{"cards_removed":["ats:Defend"],"damage_healed":0.0,"max_hp_gain":0.0,"max_hp_loss":0.0,"gold_gain":0.0,"event_name":"The Cleric","player_choice":"Card Removal","floor":3.0,"gold_loss":50.0,"damage_taken":0.0},{"damage_healed":0.0,"max_hp_gain":0.0,"max_hp_loss":0.0,"gold_gain":0.0,"event_name":"betterThird:BetterSerpent","player_choice":"Ignored","floor":5.0,"gold_loss":0.0,"damage_taken":78.0},{"cards_removed":["ats:Strike C"],"damage_healed":0.0,"max_hp_gain":0.0,"max_hp_loss":0.0,"gold_gain":0.0,"event_name":"betterNote:BetterNote","player_choice":"Give","floor":19.0,"gold_loss":0.0,"damage_taken":0.0,"cards_obtained":["Strike_G"]},{"damage_healed":0.0,"max_hp_gain":0.0,"max_hp_loss":0.0,"gold_gain":0.0,"event_name":"Addict","player_choice":"Obtained Relic","floor":20.0,"gold_loss":85.0,"damage_taken":0.0,"relics_obtained":["Centennial Puzzle"]},{"cards_removed":["ats:Strike C"],"damage_healed":0.0,"max_hp_gain":0.0,"max_hp_loss":0.0,"gold_gain":0.0,"event_name":"betterThird:BetterWriting","player_choice":"Elegance","floor":21.0,"gold_loss":0.0,"damage_taken":0.0},{"damage_healed":0.0,"max_hp_gain":5.0,"max_hp_loss":0.0,"gold_gain":0.0,"event_name":"Forgotten Altar","player_choice":"Shed Blood","floor":25.0,"gold_loss":0.0,"damage_taken":20.0},{"damage_healed":0.0,"max_hp_gain":0.0,"max_hp_loss":0.0,"gold_gain":0.0,"event_name":"MindBloom","player_choice":"Fight","floor":38.0,"gold_loss":0.0,"damage_taken":0.0},{"damage_healed":0.0,"max_hp_gain":0.0,"max_hp_loss":0.0,"gold_gain":0.0,"event_name":"Mysterious Sphere","player_choice":"Fight","floor":45.0,"gold_loss":0.0,"damage_taken":0.0},{"damage_healed":0.0,"max_hp_gain":0.0,"max_hp_loss":0.0,"gold_gain":0.0,"event_name":"SensoryStone","player_choice":"Memory 1","floor":46.0,"gold_loss":0.0,"damage_taken":0.0}],"is_beta":false,"boss_relics":[{"not_picked":["Cursed Key","Ectoplasm"],"picked":"Black Star"},{"not_picked":["Philosopher\u0027s Stone","ats:Sanity Plus"],"picked":"Coffee Dripper"}],"items_purged_floors":[10,53],"is_endless":false,"potions_floor_spawned":[4,11,12,24,27,28,29,30,31,33,35,36,37,38,39,40,41,42,44,45,47,48,54],"ascension_level":1}}