{"host":"r3islh0l1a1ykxfu","time":1614177062,"event":{"mods":["BaseMod","Bestiary","Colored Map","Colored Powertips","Highlight Path","Minty Spire (QoL Compilation)","Relic Stats","Slay-I","StSLib","Weighted Paths"],"gold_per_floor":[361,361,91,101,101,101,118,118,118,136,136,147,182,201,201,298,298,318,10,23,23,42,42,74,99,186,198,210,233,245,269,281,293,293],"floor_reached":33,"language":"ENG","playtime":4995,"items_purged":["Parasite","Defend_B"],"score":348,"play_id":"ff76b059-7ced-4d7b-acb8-c9e1277f9bca","local_time":"20210224083102","is_ascension_mode":true,"campfire_choices":[{"data":"Streamline","floor":6.0,"key":"SMITH"},{"data":"Zap","floor":8.0,"key":"SMITH"},{"data":"Ball Lightning","floor":11.0,"key":"SMITH"},{"data":"Hologram","floor":15.0,"key":"SMITH"},{"floor":23,"key":"REST"},{"floor":32,"key":"REST"}],"circlet_count":0,"master_deck":["Defend_B","Defend_B","Zap+1","Dualcast","Streamline+1","Ball Lightning+1","Go for the Eyes","Glacier","Ball Lightning","Hologram+1","Conserve Battery","Electrodynamics","Cold Snap","Lockon","Lockon","Zap+1","Steam","Steam+1","Auto Shields","Lockon+1","Beam Cell","Conserve Battery+1","Bite","Bite","Bite","Bite","BootSequence+1"],"relics":["Cracked Core","Pen Nib","Orichalcum","The Courier","Mango","Empty Cage","DollysMirror","MawBank","Toxic Egg 2"],"acts_visited":["Exordium","TheCity"],"potions_floor_usage":[24,29],"damage_taken":[{"damage":9.0,"enemies":"2 Louse","floor":1.0,"turns":2.0},{"damage":0.0,"enemies":"Cultist","floor":4.0,"turns":2.0},{"damage":1.0,"enemies":"Jaw Worm","floor":7.0,"turns":3.0},{"damage":0.0,"enemies":"2 Fungi Beasts","floor":10.0,"turns":2.0},{"damage":3.0,"enemies":"Exordium Wildlife","floor":12.0,"turns":2.0},{"damage":4.0,"enemies":"3 Sentries","floor":13.0,"turns":4.0},{"damage":0.0,"enemies":"Large Slime","floor":14.0,"turns":3.0},{"damage":33.0,"enemies":"The Guardian","floor":16.0,"turns":9.0},{"damage":27.0,"enemies":"3 Byrds","floor":18.0,"turns":4.0},{"damage":16.0,"enemies":"2 Thieves","floor":20.0,"turns":2.0},{"damage":31,"enemies":"Shelled Parasite and Fungi","floor":22,"turns":4},{"damage":63,"enemies":"Gremlin Leader","floor":24,"turns":8},{"damage":23,"enemies":"Snake Plant","floor":25,"turns":3},{"damage":4,"enemies":"Centurion and Healer","floor":29,"turns":5},{"damage":0,"enemies":"Cultist and Chosen","floor":31,"turns":4},{"damage":40,"enemies":"Champ","floor":33,"turns":7}],"seed_played":"2877343320710405686","potions_obtained":[{"floor":1.0,"key":"FairyPotion"},{"floor":4.0,"key":"Strength Potion"},{"floor":14.0,"key":"Dexterity Potion"},{"floor":22,"key":"PowerPotion"},{"floor":29,"key":"BlessingOfTheForge"},{"floor":31,"key":"Fire Potion"}],"is_trial":false,"path_per_floor":["M","?","$","M","?","R","M","R","T","M","R","M","E","M","R","B",null,"M","$","M","?","M","R","E","M","T","?","?","M","?","M","R","B"],"character_chosen":"DEFECT","items_purchased":["Streamline","Orichalcum","Lockon","Lockon","DollysMirror"],"campfire_rested":2,"item_purchase_floors":[3,3,19,19,19],"current_hp_per_floor":[66,66,66,66,66,66,65,65,65,65,65,62,72,72,72,39,86,59,59,43,71,40,65,2,4,4,4,4,6,6,8,26,0,0],"gold":293,"neow_bonus":"TWO_FIFTY_GOLD","is_daily":false,"chose_seed":false,"campfire_upgraded":4,"win_rate":0.0,"timestamp":1614177062,"path_taken":["M","?","$","?","?","R","M","R","T","M","R","M","E","M","R","BOSS","M","$","M","?","M","R","E","M","T","?","?","M","?","?","R","BOSS"],"items_purchased_type":["Card","Relic","Card","Card","Relic"],"build_version":"2020-12-22","purchased_purges":2,"victory":false,"max_hp_per_floor":[75,75,72,72,72,72,72,72,72,72,72,72,86,86,86,86,86,86,86,86,86,86,86,86,86,86,86,60,60,60,60,60,60,60],"relic_stats":{"counters":[16,64],"Pen Nib":[11],"Orichalcum":[138],"MawBank":108,"obtain_stats":[{"DollysMirror":19,"Mango":13,"Pen Nib":2,"The Courier":9,"Orichalcum":3,"Toxic Egg 2":26,"Cracked Core":0,"Empty Cage":17,"MawBank":24},{"DollysMirror":9,"Mango":6,"Pen Nib":1,"The Courier":3,"Orichalcum":1,"Toxic Egg 2":13,"Cracked Core":0,"Empty Cage":8,"MawBank":12},{"DollysMirror":31,"Mango":15,"Pen Nib":2,"The Courier":7,"Orichalcum":2,"Toxic Egg 2":48,"Cracked Core":0,"Empty Cage":27,"MawBank":45}]},"card_choices":[{"not_picked":["Steam","Scrape"],"picked":"Cold Snap","floor":1.0},{"not_picked":["Beam Cell","Reinforced Body"],"picked":"Ball Lightning","floor":4.0},{"not_picked":["Steam Power","Genetic Algorithm"],"picked":"Go for the Eyes","floor":7.0},{"not_picked":["Reinforced Body","Stack"],"picked":"Glacier","floor":10.0},{"not_picked":["Steam Power","Lockon"],"picked":"Ball Lightning","floor":12.0},{"not_picked":["Sweeping Beam","Heatsinks"],"picked":"Hologram","floor":13.0},{"not_picked":["Hologram","Force Field"],"picked":"Conserve Battery","floor":14.0},{"not_picked":["Reboot","Amplify"],"picked":"Electrodynamics","floor":16.0},{"not_picked":["Consume","Gash"],"picked":"Cold Snap","floor":18.0},{"not_picked":["Undo","Sweeping Beam+1"],"picked":"Steam","floor":20.0},{"not_picked":["Hologram","Capacitor+1"],"picked":"Steam+1","floor":22},{"not_picked":["Skim+1","Buffer"],"picked":"Auto Shields","floor":24},{"not_picked":["Reinforced Body+1","Coolheaded+1"],"picked":"Lockon+1","floor":25},{"not_picked":["Gash","Ball Lightning","Sweeping Beam"],"picked":"SKIP","floor":29},{"not_picked":["Skim+1","Compile Driver"],"picked":"BootSequence+1","floor":31}],"player_experience":1402281,"relics_obtained":[{"floor":9.0,"key":"The Courier"},{"floor":13.0,"key":"Mango"},{"floor":24,"key":"MawBank"},{"floor":26,"key":"Toxic Egg 2"}],"event_choices":[{"cards_removed":["Cold Snap"],"damage_healed":0.0,"max_hp_gain":0.0,"max_hp_loss":0.0,"gold_gain":0.0,"event_name":"WeMeetAgain","player_choice":"Gave Card","floor":2.0,"gold_loss":0.0,"damage_taken":0.0,"relics_obtained":["Pen Nib"]},{"damage_healed":0.0,"max_hp_gain":0.0,"max_hp_loss":0.0,"gold_gain":0.0,"event_name":"Shining Light","player_choice":"Ignored","floor":5.0,"gold_loss":0.0,"damage_taken":0.0},{"damage_healed":28,"gold_gain":0,"player_choice":"Heal","damage_taken":0,"max_hp_gain":0,"max_hp_loss":0,"event_name":"The Library","floor":21,"gold_loss":0},{"damage_healed":0,"gold_gain":0,"cards_transformed":["Strike_B","Defend_B"],"player_choice":"Became Test Subject","damage_taken":0,"max_hp_gain":0,"max_hp_loss":0,"event_name":"Drug Dealer","floor":27,"gold_loss":0,"cards_obtained":["Beam Cell","Conserve Battery"]},{"damage_healed":0,"gold_gain":0,"player_choice":"Became a vampire","damage_taken":0,"max_hp_gain":0,"max_hp_loss":26,"event_name":"Vampires","floor":28,"gold_loss":0,"cards_obtained":["Bite","Bite","Bite","Bite","Bite"]},{"cards_removed":["Bite"],"damage_healed":0,"gold_gain":0,"player_choice":"Purged","damage_taken":0,"max_hp_gain":0,"max_hp_loss":0,"event_name":"Purifier","floor":30,"gold_loss":0}],"is_beta":false,"boss_relics":[{"not_picked":["Black Star","Runic Dome"],"picked":"Empty Cage"}],"items_purged_floors":[3,19],"is_endless":false,"potions_floor_spawned":[1,4,14,22,29,31],"killed_by":"Champ","ascension_level":4}}