{"host":"2l5k2wp87eek7qja","time":1614168467,"event":{"mods":["BaseMod","Colored Map","Minty Spire (QoL Compilation)","Relic Stats"],"gold_per_floor":[115,127,146,59,71,96,171,171,171,184,184,184],"floor_reached":11,"language":"ENG","playtime":252,"items_purged":[],"score":150,"play_id":"6528bacc-5524-49b4-8aaf-056eb56d8275","local_time":"20210224140747","is_ascension_mode":true,"campfire_choices":[{"floor":8,"key":"REST"}],"circlet_count":0,"master_deck":["AscendersBane","Strike_G","Strike_G","Strike_G","Strike_G","Strike_G","Defend_G","Defend_G","Defend_G","Defend_G","Defend_G","Survivor","Neutralize","Catalyst","Deadly Poison","Cloak And Dagger","Accuracy","All Out Attack","Poisoned Stab+1"],"relics":["Ring of the Snake","NeowsBlessing","Molten Egg 2","Gremlin Horn"],"acts_visited":["Exordium"],"potions_floor_usage":[5,6],"damage_taken":[{"damage":0,"enemies":"Cultist","floor":1,"turns":1},{"damage":0,"enemies":"Jaw Worm","floor":2,"turns":1},{"damage":0,"enemies":"Small Slimes","floor":3,"turns":1},{"damage":0,"enemies":"Blue Slaver","floor":5,"turns":6},{"damage":46,"enemies":"Lagavulin","floor":6,"turns":8},{"damage":2,"enemies":"2 Fungi Beasts","floor":10,"turns":4},{"damage":21,"enemies":"3 Sentries","floor":11,"turns":3}],"seed_played":"1816259691450500929","potions_obtained":[{"floor":1,"key":"Swift Potion"},{"floor":3,"key":"GamblersBrew"}],"is_trial":false,"path_per_floor":["M","M","M","$","M","E","?","R","T","M","E"],"character_chosen":"THE_SILENT","items_purchased":["Accuracy"],"campfire_rested":1,"item_purchase_floors":[4],"current_hp_per_floor":[59,59,59,59,59,13,2,21,21,19,0,0],"gold":184,"neow_bonus":"THREE_ENEMY_KILL","is_daily":false,"chose_seed":false,"campfire_upgraded":0,"win_rate":0.0,"timestamp":1614168467,"path_taken":["M","?","M","?","?","E","?","R","T","M","E"],"items_purchased_type":["Card"],"build_version":"2020-12-22","purchased_purges":0,"victory":false,"max_hp_per_floor":[66,66,66,66,66,66,66,66,66,66,66,66],"relic_stats":{"Gremlin Horn":[2,2],"counters":[7,24],"obtain_stats":[{"NeowsBlessing":0,"Gremlin Horn":9,"Molten Egg 2":6,"Ring of the Snake":0},{"NeowsBlessing":0,"Gremlin Horn":5,"Molten Egg 2":5,"Ring of the Snake":0},{"NeowsBlessing":0,"Gremlin Horn":17,"Molten Egg 2":17,"Ring of the Snake":0}],"Ring of the Snake":[14]},"card_choices":[{"not_picked":["Crippling Poison","Prepared"],"picked":"Catalyst","floor":1},{"not_picked":["Masterful Stab","Skewer"],"picked":"Deadly Poison","floor":2},{"not_picked":["Poisoned Stab","Leg Sweep"],"picked":"Cloak And Dagger","floor":3},{"not_picked":["Quick Slash","Backflip"],"picked":"All Out Attack","floor":5},{"not_picked":["Setup","Slice+1"],"picked":"Poisoned Stab+1","floor":6},{"not_picked":["All Out Attack+1","Sucker Punch+1","Dagger Throw+1"],"picked":"SKIP","floor":10},{"not_picked":["All Out Attack+1","Sucker Punch+1","Dagger Throw+1"],"picked":"SKIP","floor":10}],"player_experience":878715,"relics_obtained":[{"floor":6,"key":"Molten Egg 2"},{"floor":9,"key":"Gremlin Horn"}],"event_choices":[{"damage_healed":0,"gold_gain":75,"player_choice":"Gather Gold","damage_taken":11,"max_hp_gain":0,"max_hp_loss":0,"event_name":"World of Goop","floor":7,"gold_loss":0}],"is_beta":false,"boss_relics":[],"items_purged_floors":[],"is_endless":false,"potions_floor_spawned":[1,3],"killed_by":"3 Sentries","ascension_level":20}}