{"host":"o88u0awh8mkwl1l8","time":1614133747,"event":{"mods":["BaseMod","Colored Map","Highlight Path","Minty Spire (QoL Compilation)","Relic Sorter"],"gold_per_floor":[20,39,56,56,70,70,96,96,96,139,139,163,163,184,184,282,282,301,301,226,226,237,237,252,280,303,327,339,378,405,435,447,536,548,574,586,609,639,705,752,764,776,776],"floor_reached":42,"language":"JPN","playtime":2033,"items_purged":["Defend_P"],"score":1040,"play_id":"0c1478d0-1db7-44c7-9281-9a57bc6f8c41","local_time":"20210224112907","is_ascension_mode":true,"campfire_choices":[{"data":"Wallop","floor":6.0,"key":"SMITH"},{"data":"Conclude","floor":8.0,"key":"SMITH"},{"data":"BattleHymn","floor":13.0,"key":"SMITH"},{"data":"Devotion","floor":15.0,"key":"SMITH"},{"data":"MentalFortress","floor":23.0,"key":"SMITH"},{"data":"Consecrate","floor":28.0,"key":"SMITH"},{"data":"BowlingBash","floor":32.0,"key":"SMITH"},{"data":"Strike_P","floor":41,"key":"PURGE"}],"circlet_count":0,"master_deck":["AscendersBane","Strike_P","Strike_P","Defend_P","Defend_P","Eruption","Vigilance","BattleHymn+1","Consecrate+1","Wallop+1","Conclude+1","Wireheading","FlurryOfBlows","Devotion+1","Vault","MentalFortress+1","EmptyBody","BowlingBash+1","Collect"],"relics":["PureWater","Bloody Idol","Vajra","Ice Cream","Juzu Bracelet","Busted Crown","PreservedInsect","MawBank","Calipers","Philosopher\u0027s Stone","Peace Pipe","GoldenEye"],"acts_visited":["TheCity","TheBeyond"],"potions_floor_usage":[42],"damage_taken":[{"damage":8.0,"enemies":"Small Slimes","floor":1.0,"turns":4.0},{"damage":7.0,"enemies":"Jaw Worm","floor":2.0,"turns":3.0},{"damage":0.0,"enemies":"Cultist","floor":3.0,"turns":2.0},{"damage":2.0,"enemies":"Exordium Wildlife","floor":5.0,"turns":5.0},{"damage":0.0,"enemies":"Lagavulin","floor":10.0,"turns":4.0},{"damage":1.0,"enemies":"Looter","floor":12.0,"turns":3.0},{"damage":0.0,"enemies":"Blue Slaver","floor":14.0,"turns":2.0},{"damage":3.0,"enemies":"Hexaghost","floor":16.0,"turns":5.0},{"damage":17.0,"enemies":"2 Thieves","floor":18.0,"turns":3.0},{"damage":16.0,"enemies":"Shell Parasite","floor":22.0,"turns":4.0},{"damage":0.0,"enemies":"3 Cultists","floor":24.0,"turns":2.0},{"damage":20.0,"enemies":"Book of Stabbing","floor":25.0,"turns":4.0},{"damage":9.0,"enemies":"Centurion and Healer","floor":27.0,"turns":4.0},{"damage":0.0,"enemies":"Gremlin Leader","floor":29.0,"turns":3.0},{"damage":17.0,"enemies":"Snake Plant","floor":30.0,"turns":5.0},{"damage":13.0,"enemies":"Shelled Parasite and Fungi","floor":31.0,"turns":2.0},{"damage":2.0,"enemies":"Automaton","floor":33.0,"turns":6.0},{"damage":4.0,"enemies":"Orb Walker","floor":35.0,"turns":3.0},{"damage":5.0,"enemies":"3 Shapes","floor":37.0,"turns":4.0},{"damage":0.0,"enemies":"3 Darklings","floor":38.0,"turns":4.0},{"damage":43,"enemies":"2 Orb Walkers","floor":39,"turns":4},{"damage":7,"enemies":"Giant Head","floor":40,"turns":5},{"damage":52,"enemies":"Reptomancer","floor":42,"turns":3}],"seed_played":"7654779017044329457","potions_obtained":[{"floor":3.0,"key":"StancePotion"},{"floor":5.0,"key":"SneckoOil"},{"floor":10.0,"key":"Energy Potion"},{"floor":30.0,"key":"Energy Potion"},{"floor":39,"key":"PowerPotion"},{"floor":40,"key":"CultistPotion"}],"is_trial":false,"path_per_floor":["M","M","M","?","M","R","T","R","T","E","?","M","R","M","R","B",null,"M","?","$","?","M","R","M","E","T","M","R","E","M","M","R","B",null,"M","?","M","M","?","E","R","E"],"character_chosen":"WATCHER","items_purchased":[],"campfire_rested":0,"item_purchase_floors":[],"current_hp_per_floor":[65,58,58,30,28,28,28,28,28,28,28,27,27,27,27,24,66,49,49,49,49,38,38,43,28,33,34,39,49,42,39,44,52,74,80,80,80,80,42,45,50,3,3],"gold":776,"neow_bonus":"TWENTY_PERCENT_HP_BONUS","is_daily":false,"chose_seed":false,"campfire_upgraded":7,"win_rate":0.0,"timestamp":1614133747,"path_taken":["M","M","M","?","M","R","?","R","T","E","?","M","R","M","R","BOSS","M","?","$","?","M","R","M","E","T","M","R","E","M","M","R","BOSS","M","?","M","M","?","E","R","E"],"items_purchased_type":[],"build_version":"2020-12-22","purchased_purges":1,"victory":false,"max_hp_per_floor":[80,80,80,80,80,80,80,80,80,80,80,80,80,80,80,80,80,80,80,80,80,80,80,80,80,80,80,80,80,80,80,80,80,80,80,80,80,80,80,80,80,80,80],"card_choices":[{"not_picked":["Protect","Wallop"],"picked":"BattleHymn","floor":1.0},{"not_picked":["WheelKick","WaveOfTheHand"],"picked":"Consecrate","floor":2.0},{"not_picked":["FearNoEvil","ThirdEye"],"picked":"Wallop","floor":3.0},{"not_picked":["Consecrate","Indignation"],"picked":"Conclude","floor":5.0},{"not_picked":["FlyingSleeves","Weave"],"picked":"Wireheading","floor":10.0},{"not_picked":["FollowUp","ThirdEye"],"picked":"FlurryOfBlows","floor":12.0},{"not_picked":["ThirdEye","Protect"],"picked":"Devotion","floor":14.0},{"not_picked":["Omniscience","Alpha"],"picked":"Vault","floor":16.0},{"not_picked":["Protect"],"picked":"SKIP","floor":18.0},{"not_picked":[],"picked":"MentalFortress","floor":22.0},{"not_picked":["FollowUp"],"picked":"SKIP","floor":24.0},{"not_picked":["FollowUp"],"picked":"SKIP","floor":24.0},{"not_picked":["WindmillStrike"],"picked":"SKIP","floor":25.0},{"not_picked":[],"picked":"EmptyBody","floor":27.0},{"not_picked":["Fasting2"],"picked":"SKIP","floor":29.0},{"not_picked":["Fasting2"],"picked":"SKIP","floor":29.0},{"not_picked":["JustLucky+1"],"picked":"SKIP","floor":30.0},{"not_picked":["JustLucky+1"],"picked":"SKIP","floor":30.0},{"not_picked":[],"picked":"BowlingBash","floor":31.0},{"not_picked":["Consecrate"],"picked":"SKIP","floor":35.0},{"not_picked":["BowlingBash"],"picked":"SKIP","floor":37.0},{"not_picked":["Collect"],"picked":"SKIP","floor":38.0},{"not_picked":[],"picked":"Collect","floor":38.0},{"not_picked":["FollowUp"],"picked":"SKIP","floor":40}],"player_experience":1337450,"relics_obtained":[{"floor":7.0,"key":"Vajra"},{"floor":9.0,"key":"Ice Cream"},{"floor":10.0,"key":"Juzu Bracelet"},{"floor":25.0,"key":"PreservedInsect"},{"floor":26.0,"key":"MawBank"},{"floor":29.0,"key":"Calipers"},{"floor":39,"key":"Peace Pipe"},{"floor":40,"key":"GoldenEye"}],"event_choices":[{"damage_healed":0.0,"max_hp_gain":0.0,"max_hp_loss":0.0,"gold_gain":0.0,"event_name":"Golden Idol","player_choice":"Take Damage","floor":4.0,"gold_loss":0.0,"damage_taken":28.0,"relics_obtained":["Golden Idol"]},{"damage_healed":0.0,"max_hp_gain":0.0,"max_hp_loss":0.0,"gold_gain":0.0,"event_name":"Liars Game","player_choice":"Ignored","floor":11.0,"gold_loss":0.0,"damage_taken":0.0},{"cards_removed":["Strike_P"],"damage_healed":0.0,"max_hp_gain":0.0,"max_hp_loss":0.0,"gold_gain":0.0,"event_name":"Back to Basics","player_choice":"Elegance","floor":19.0,"gold_loss":0.0,"damage_taken":0.0},{"damage_healed":0.0,"max_hp_gain":0.0,"max_hp_loss":0.0,"gold_gain":0.0,"event_name":"Forgotten Altar","player_choice":"Gave Idol","floor":21.0,"relics_lost":["Golden Idol"],"gold_loss":0.0,"damage_taken":0.0,"relics_obtained":["Bloody Idol"]},{"cards_removed":["Defend_P"],"damage_healed":0.0,"max_hp_gain":0.0,"max_hp_loss":0.0,"gold_gain":0.0,"event_name":"Falling","player_choice":"Removed Skill","floor":36.0,"gold_loss":0.0,"damage_taken":0.0},{"damage_healed":0,"gold_gain":0,"player_choice":"Fight","damage_taken":0,"max_hp_gain":0,"max_hp_loss":0,"event_name":"Mysterious Sphere","floor":39,"gold_loss":0}],"is_beta":false,"boss_relics":[{"not_picked":["Coffee Dripper","Runic Dome"],"picked":"Busted Crown"},{"not_picked":["Tiny House","Astrolabe"],"picked":"Philosopher\u0027s Stone"}],"items_purged_floors":[20],"is_endless":false,"potions_floor_spawned":[3,5,10,14,16,18,22,30,31,35,39,40],"killed_by":"Reptomancer","ascension_level":20}}