{"host":"qwp6882a7gaon7u5","time":1614177340,"event":{"mods":["ATMod(阿瑾Mod)","Act Like it!","BaseMod","BetterRewards","CapriCore","Library of Ruina","Library of Ruina Extra","Minty Spire (QoL Compilation)","Red Circlet Mod","Relic Filter Mod","Replay The Spire","RumiaBox-露米娅的神秘盒子","Spicy Shops","StSLib","【功能Mod】混沌之环修复补丁","【遗物卡牌】REMEMod","篝火指南"],"gold_per_floor":[110,130,305,46,46,78,78,90,90,123,133,167,167,192,192,292,292,303,321,261,32,44,73,73,73,128,128,155,170,198,198,198,198,198],"floor_reached":33,"language":"ZHS","playtime":1395,"items_purged":["LightDefense"],"score":631,"play_id":"17cb0c7d-4f8f-4e20-8a41-9930634c476a","local_time":"20210224223540","is_ascension_mode":true,"campfire_choices":[{"data":"REME_Fury","floor":7,"key":"SMITH"},{"data":"Observe","floor":15,"key":"SMITH"},{"data":"1","floor":24,"key":"LIFT"},{"data":"2","floor":32,"key":"LIFT"}],"circlet_count":0,"master_deck":["Dodge","LightDefense","LightAttack","LightAttack","LightAttack","LightDefense","LightDefense","ChargeAndCover","FocusedStrikes","REME_Fury+1","AT_FamilyPortrait","SnakesPrey","FleetFootsteps","Parry2","MultiHit+1","BayonetCombat","Track","GreatSerpentsImpact","Observe+1","FrontalAssault","UnforgettableMelody","PreemptiveStrike+1","DarkCloud+1","TheRedNotes+1","Thrust+1","SuanNi","GrazeTheGrass","GrazeTheGrass","PreparedMind","HandlingWork"],"relics":["PageOfLibrarian","REME_ComplimentaryCards","AT_ATBox","Omamori","AT_LudenTempest","AT_BladeRuinedKing","ClockworkSouvenir","Akabeko","StrikeDummy","Potion Belt","GodSword7","Ancient Tea Set","Meat on the Bone","PageOfMountain","Replay:Bronze Core","Orrery","AT_BellDemon","Durian","Nunchaku","Girya","Iron Hammer","Replay:Rubber Ducky","Bag of Preparation","PageOfMercenary","PageOfApocalypseBird","Replay:Wax Seal","PageOfLittleHelper"],"acts_visited":["Exordium","TheCity"],"potions_floor_usage":[16,22,23,33,33],"damage_taken":[{"damage":1,"enemies":"Jaw Worm","floor":1,"turns":2},{"damage":0,"enemies":"Cultist","floor":2,"turns":2},{"damage":15,"enemies":"Lagavulin","floor":6,"turns":4},{"damage":3,"enemies":"Small Slimes","floor":8,"turns":2},{"damage":7,"enemies":"Replay:BlueRogue","floor":10,"turns":4},{"damage":0,"enemies":"Looter","floor":11,"turns":1},{"damage":0,"enemies":"Lagavulin","floor":12,"turns":3},{"damage":13,"enemies":"3 Sentries","floor":14,"turns":5},{"damage":19,"enemies":"Hexaghost","floor":16,"turns":4},{"damage":5,"enemies":"3 Byrds","floor":18,"turns":4},{"damage":3,"enemies":"2 Thieves","floor":19,"turns":2},{"damage":12,"enemies":"Cultist and Chosen","floor":22,"turns":3},{"damage":33,"enemies":"Gremlin Leader","floor":23,"turns":4},{"damage":0,"enemies":"Replay:Snechameleon","floor":28,"turns":2},{"damage":0,"enemies":"Centurion and Healer","floor":29,"turns":1},{"damage":0,"enemies":"Slavers","floor":30,"turns":2},{"damage":127,"enemies":"RedHoodMercenary","floor":33,"turns":4}],"seed_played":"-695184358692362466","potions_obtained":[{"floor":1,"key":"Adrenaline Potion"},{"floor":11,"key":"Death Potion"},{"floor":12,"key":"SteroidPotion"},{"floor":14,"key":"SteroidPotion"},{"floor":22,"key":"Weak Potion"},{"floor":23,"key":"PowerPotion"},{"floor":28,"key":"BlessingOfTheForge"}],"is_trial":false,"path_per_floor":["M","M","?","$","?","E","R","M","T","E","M","E","?","E","R","B",null,"M","M","?","$","M","E","R","T","T","?","E","M","E","?","R","B"],"character_chosen":"Librarian","items_purchased":["Omamori","AT_LudenTempest","AT_BladeRuinedKing","SnakesPrey","ClockworkSouvenir","Akabeko","MultiHit+1","Orrery","AT_BellDemon"],"campfire_rested":0,"item_purchase_floors":[0,0,0,0,4,4,4,21,21],"current_hp_per_floor":[59,61,61,61,61,46,46,43,43,36,36,36,36,37,37,30,70,63,60,60,60,53,32,32,32,32,32,44,44,44,35,35,0,0],"gold":198,"neow_bonus":"","is_daily":false,"chose_seed":false,"campfire_upgraded":2,"win_rate":0.0,"timestamp":1614177340,"path_taken":["M","M","?","$","?","E","R","M","T","E","?","E","?","E","R","BOSS","M","?","?","?","M","E","R","?","T","?","E","?","E","?","R","BOSS"],"items_purchased_type":["Relic","Relic","Relic","Card","Relic","Relic","Card","Relic","Relic"],"build_version":"2020-12-22","purchased_purges":1,"victory":false,"max_hp_per_floor":[74,65,65,65,65,75,75,62,62,77,77,68,68,77,77,70,70,63,70,70,70,81,87,87,87,87,87,80,68,91,91,91,91,91],"card_choices":[{"not_picked":["NightInTheBackstreets","GuardingStance","Guardian_lor","HeavyPeaks","AutonomousRush","Pound","MultiBlock","Concentration"],"picked":"FleetFootsteps","floor":1},{"not_picked":["BlowItUp","UpbeatPerformance","Wallop_lor","EmotionalTurbulence","SuppressingShot","EndlessBattle","Gigigig","WaitUp"],"picked":"Parry2","floor":2},{"not_picked":["ViolentFlame","Endure","Multislash","GreatSerpentsImpact","SilentMist","WildCard","Castigation","UnavoidableGaze"],"picked":"Track","floor":6},{"not_picked":["ScatteringSlash","Outburst","ProselytesBlade","SuanNi","JiaoTu","Rewind","BizarreAttack","SturdyDefense"],"picked":"GreatSerpentsImpact","floor":8},{"not_picked":["GreatSerpentsImpact","IronWall","SnakesPrey","CumulusWall","DaringDecision","FleetFootsteps","Decapitation","CoordinatedAssault"],"picked":"Observe","floor":10},{"not_picked":["StrikeDown","QuickAttack","IronWall","ICanCookAnything","Outburst","Gigigig","Wallop_lor","Feast","UpbeatPerformance"],"picked":"SKIP","floor":11},{"not_picked":["StrikeDown","Leap_lor","EnergyShield","TraceOfFumes","Brawl","SerpentineBarrier","ConcentratedFire","Rewind"],"picked":"FrontalAssault","floor":12},{"not_picked":["MultiHit","EnergyShield","NonstopAssault","SuppressingShot","SummaryJudgment","EnergyStrike","Feast","Diversion","Leap_lor"],"picked":"SKIP","floor":14},{"not_picked":["SenseQuarry","SuanNi"],"picked":"UnforgettableMelody","floor":16},{"not_picked":["Rewind+1","GreatSerpentsImpact","QuickSuppression","SerpentSwordTechnique","BackAttack","TasteMyFlamingBat","GrazeTheGrass","HiddenBlade","BulkyImpact"],"picked":"SKIP","floor":18},{"not_picked":["YoureAHindrance","Standoff+1","IllEndYou","MultiBlock","NonstopAssault","AlloutWar","ToOvercomeCrisis+1","GreatSerpentsImpact"],"picked":"PreemptiveStrike+1","floor":19},{"not_picked":["RushDown","SharpSwipe","Parry2","FrontalAssault","Thrust","PinpointShot","Juggling","NightInTheBackstreets+1"],"picked":"DarkCloud+1","floor":21},{"not_picked":["SturdyDefense","Reload","SnakesPrey+1","SilentMist","CoordinatedAssault","StrikeDown","Commandeering","DarkCloud"],"picked":"TheRedNotes+1","floor":21},{"not_picked":["BiAn","Retaliate","InnerArdor","FleetEdge","Reload","Tailoring","FleetFootsteps","SkyClearingCut+1"],"picked":"Thrust+1","floor":21},{"not_picked":["QuickAttack","Guardian_lor","EndlessBattle+1","LawAndOrder+1","FlashOfSunup","GuidanceOfTheGears","CookingPrep","AutonomousRush+1"],"picked":"SuanNi","floor":22},{"not_picked":["SunsetBlade","StrongStrike","IngredientHunt+1","Preparation","Faith","ToOvercomeCrisis+1","Unlock1","Punishment"],"picked":"GrazeTheGrass","floor":23},{"not_picked":["Standoff","Brawl+1","StrikeDown","DefenseOrder","SomberProcuration","BiAn","Leap_lor","AutonomousRush"],"picked":"PreparedMind","floor":28},{"not_picked":["Multislash","RushDown","QuickSuppression","MindWhip","GreatSerpentsImpact","BlowItUp","EndlessBattle+1","MirageStorm","SnakesPrey+1"],"picked":"SKIP","floor":29},{"not_picked":["HardRehearsal","Bvapour","TendonChords","ForcefulGesture","KeepItFresh","AssaultOrder+1","DestructiveImpact","RhinoRam"],"picked":"HandlingWork","floor":30}],"player_experience":187042,"relics_obtained":[{"floor":6,"key":"StrikeDummy"},{"floor":9,"key":"Potion Belt"},{"floor":10,"key":"GodSword7"},{"floor":12,"key":"Ancient Tea Set"},{"floor":14,"key":"PageOfMountain"},{"floor":22,"key":"Durian"},{"floor":23,"key":"Nunchaku"},{"floor":23,"key":"Girya"},{"floor":25,"key":"Iron Hammer"},{"floor":26,"key":"Replay:Rubber Ducky"},{"floor":28,"key":"Bag of Preparation"},{"floor":28,"key":"PageOfMercenary"},{"floor":29,"key":"PageOfApocalypseBird"},{"floor":30,"key":"Replay:Wax Seal"},{"floor":30,"key":"PageOfLittleHelper"}],"event_choices":[{"damage_healed":0,"gold_gain":175,"player_choice":"AGREE","damage_taken":0,"max_hp_gain":0,"max_hp_loss":0,"event_name":"Liars Game","floor":3,"gold_loss":0,"cards_obtained":["Doubt"]},{"damage_healed":0,"gold_gain":0,"cards_transformed":["SnakesPrey"],"player_choice":"Transformed","damage_taken":0,"max_hp_gain":0,"max_hp_loss":0,"event_name":"Transmorgrifier","floor":5,"gold_loss":0,"cards_obtained":["BayonetCombat"]},{"damage_healed":0,"gold_gain":0,"player_choice":"Gave Potion","damage_taken":0,"relics_obtained":["Meat on the Bone"],"max_hp_gain":0,"max_hp_loss":0,"event_name":"WeMeetAgain","floor":13,"gold_loss":0},{"damage_healed":0,"gold_gain":0,"player_choice":"Copied","damage_taken":0,"max_hp_gain":0,"max_hp_loss":0,"event_name":"Duplicator","floor":27,"gold_loss":0,"cards_obtained":["GrazeTheGrass"]},{"damage_healed":0,"gold_gain":0,"player_choice":"Stopped","damage_taken":9,"max_hp_gain":0,"max_hp_loss":0,"event_name":"Cursed Tome","floor":31,"gold_loss":0}],"is_beta":false,"boss_relics":[{"not_picked":["Cursed Key","REME_ChargedStone"],"picked":"Replay:Bronze Core"}],"items_purged_floors":[0],"is_endless":false,"potions_floor_spawned":[1,11,12,14,22,23,28],"killed_by":"RedHoodMercenary","ascension_level":1}}