{"host":"y6zg4wwu39otf01a","time":1614186962,"event":{"mods":["Act Like it!","Aspiration","BaseMod","Better Altar","Better Match","Better Note","Better Sensory Stone","Better Skull","Better Third Choice","Challenge The Spire","Colored Map","Colored Powertips","Conspire","Downfall","Energized Spire","GifTheSpireLib","Glutton Mod","Halation","Hermit","Hubris","Infinite Spire","Mimic Mod","Minty Spire (QoL Compilation)","Puzzle Mod","Quick Restart","Random Character Button","Rare Cards Sparkle","Reliquary","Replay The Spire","Retaliation","Ruina","Spicy Shops","StSLib","Stuff the Spire","Synergy Search","The Blue Laboratory","The Construct","The Jungle"],"gold_per_floor":[115,128,128,144,219,219,253,253,253,266,366,55,71,99,99,197,197,209,209,9,25,36,36,36],"floor_reached":23,"language":"ENG","playtime":1422,"items_purged":[],"score":251,"play_id":"d9c2e753-1751-4788-90c8-8ae6d81e4ad0","local_time":"20210224111602","is_ascension_mode":true,"campfire_choices":[{"data":"hermit:Gestalt","floor":6,"key":"SMITH"},{"floor":8,"key":"REST"},{"data":"hermit:Glare","floor":15,"key":"SMITH"}],"circlet_count":0,"master_deck":["hermit:Strike_Hermit","hermit:Strike_Hermit","hermit:Strike_Hermit","hermit:Strike_Hermit","hermit:Defend_Hermit","hermit:Defend_Hermit","hermit:Defend_Hermit","hermit:Defend_Hermit","hermit:Snapshot","hermit:Covet","hermit:Headshot","hermit:Glare+1","hermit:Gestalt+1","hermit:BigShot","hermit:Dive","hermit:BigShot","hermit:Gambit","hermit:WideOpen","hermit:FatalDesire"],"relics":["hermit:Momento","construct:Cogwheel","Pantograph","infinitespire:BottledMercury","aspiration:ChemicalBlood","hubris:EmptyBottle","Boot","hubris:HollowSoul","Nloth\u0027s Gift","Mirror"],"acts_visited":["Exordium","TheCity"],"potions_floor_usage":[7,7,14,14,16,16,16,18,18,21,21,22,22,22,23,23,23,23,23,23,23,23],"damage_taken":[{"damage":7,"enemies":"Small Slimes","floor":1,"turns":3},{"damage":0,"enemies":"Cultist","floor":2,"turns":2},{"damage":1,"enemies":"2 Louse","floor":4,"turns":2},{"damage":22,"enemies":"3 Sentries","floor":7,"turns":6},{"damage":7,"enemies":"Blue Slaver","floor":10,"turns":3},{"damage":11,"enemies":"Lots of Slimes","floor":13,"turns":4},{"damage":1,"enemies":"Lagavulin","floor":14,"turns":3},{"damage":39,"enemies":"The Guardian","floor":16,"turns":9},{"damage":3,"enemies":"Chosen","floor":18,"turns":3},{"damage":24,"enemies":"2 Thieves","floor":21,"turns":4},{"damage":20,"enemies":"Sentry and Sphere","floor":22,"turns":6},{"damage":28,"enemies":"Book of Stabbing","floor":23,"turns":4}],"seed_played":"1832013460277665146","potions_obtained":[{"floor":1,"key":"Venom Potion"},{"floor":4,"key":"Adrenaline Potion"},{"floor":13,"key":"AttackPotion"},{"floor":16,"key":"Toxic Potion"},{"floor":22,"key":"AttackPotion"}],"is_trial":false,"path_per_floor":["M","M","?","M","?","R","E","R","T","M","?","$","M","E","R","B",null,"M","?","$","M","M","E"],"character_chosen":"HERMIT","items_purchased":["aspiration:ChemicalBlood","hubris:EmptyBottle","Mirror","DistilledChaos"],"campfire_rested":1,"item_purchase_floors":[12,12,20,20],"current_hp_per_floor":[68,68,68,67,56,56,34,56,56,49,49,49,38,37,37,23,62,59,59,59,35,15,0,0],"gold":36,"neow_bonus":"NOSTALGIA","is_daily":false,"chose_seed":false,"campfire_upgraded":2,"win_rate":0.0,"timestamp":1614186962,"path_taken":["M","M","?","?","?","R","E","R","T","M","?","$","?","E","R","BOSS","M","?","$","M","?","E"],"items_purchased_type":["Relic","Relic","Relic","Potion"],"build_version":"2020-12-22","purchased_purges":0,"victory":false,"max_hp_per_floor":[75,75,75,75,75,75,75,75,75,75,75,75,75,75,75,75,75,75,75,75,75,75,75,75],"card_choices":[{"not_picked":["hermit:Desperado","hermit:Malice"],"picked":"hermit:Headshot","floor":1},{"not_picked":["hermit:GoldenBullet","hermit:LuckOfTheDraw"],"picked":"hermit:Glare","floor":2},{"not_picked":["hermit:Manifest","hermit:Scavenge"],"picked":"hermit:Gestalt","floor":4},{"not_picked":["hermit:Quickdraw","hermit:Dive"],"picked":"hermit:BigShot","floor":7},{"not_picked":["hermit:Coalescence","hermit:Glare","hermit:Spite"],"picked":"SKIP","floor":10},{"not_picked":["hermit:ItchyTrigger","hermit:Headshot"],"picked":"hermit:Dive","floor":13},{"not_picked":["hermit:CursedWeapon","hermit:EternalForm"],"picked":"hermit:BigShot","floor":14},{"not_picked":["hermit:FatalDesire","hermit:Magnum"],"picked":"hermit:Gambit","floor":16},{"not_picked":["hermit:Grudge","hermit:Ricochet"],"picked":"hermit:WideOpen","floor":18},{"not_picked":["hermit:Determination","hermit:PistolWhip","hermit:LoneWolf"],"picked":"SKIP","floor":21},{"not_picked":["hermit:Showdown+1","hermit:Spite"],"picked":"hermit:FatalDesire","floor":22}],"player_experience":965307,"relics_obtained":[{"floor":7,"key":"Pantograph"},{"floor":9,"key":"infinitespire:BottledMercury"},{"floor":14,"key":"Boot"}],"event_choices":[{"damage_healed":0,"gold_gain":0,"player_choice":"Bought 0 Potions","damage_taken":0,"max_hp_gain":0,"max_hp_loss":0,"event_name":"The Woman in Blue","floor":3,"gold_loss":0},{"damage_healed":0,"gold_gain":75,"player_choice":"Gold","damage_taken":11,"max_hp_gain":0,"max_hp_loss":0,"event_name":"betterThird:BetterGoop","floor":5,"gold_loss":0},{"damage_healed":0,"gold_gain":100,"player_choice":"Gold","damage_taken":0,"max_hp_gain":0,"max_hp_loss":0,"event_name":"Wheel of Change","floor":11,"gold_loss":0},{"damage_healed":0,"gold_gain":0,"player_choice":"Traded Relic","damage_taken":0,"relics_obtained":["Nloth\u0027s Gift"],"max_hp_gain":0,"max_hp_loss":0,"event_name":"N\u0027loth","floor":19,"relics_lost":["aspiration:Nostalgia"],"gold_loss":0}],"is_beta":false,"boss_relics":[{"not_picked":["Astrolabe","halation:ForbiddenBikini"],"picked":"hubris:HollowSoul"}],"items_purged_floors":[],"is_endless":false,"potions_floor_spawned":[1,4,13,16,22],"killed_by":"Book of Stabbing","ascension_level":5}}