{"host":"9nndy8b5p9ivqzyi","time":1614208412,"event":{"mods":["Act Like it!","Aspiration","BaseMod","Colored Powertips","Conspire","Downfall","Halation","Hubris","Minty Spire (QoL Compilation)","Relic Sorter","Reliquary","Replay The Spire","Ruina","StSLib"],"gold_per_floor":[99,110,110,110,20,20,20,43,55,68,81,81,81,108,127,226,226,126,139,152,152,166,182,205,205,90,108,208,277,368,418,437,437,437,437],"floor_reached":33,"language":"ENG","playtime":1724,"items_purged":["Amnesia","downfall:Malfunctioning"],"score":249,"play_id":"dffee951-91a7-4032-a582-8e797651b4ca","local_time":"20210224231332","is_ascension_mode":false,"campfire_choices":[{"floor":1,"key":"RECALL"},{"data":"champ:Shatter","floor":6,"key":"SMITH"},{"data":"champ:PerfectedStrike","floor":13,"key":"SMITH"}],"circlet_count":0,"master_deck":["champ:Strike","champ:Strike+1","champ:Strike","champ:Strike+1","champ:Defend","champ:Defend","champ:Defend","champ:Defend","champ:Execute","champ:Taunt","champ:FanOfKnives+1","champ:Shatter+1","champ:PerfectedStrike+1","champ:BerserkersShout","champ:RisingSlash","champ:TripleStrike","champ:Shatter+1","champ:RecklessLeap","hubris:NaturalOne","champ:FanOfKnives+1","champ:LastStand","champ:EnragedBash+1","champ:FanOfKnives","Dramatic Entrance"],"relics":["champ:ChampionCrown","halation:PinkSoulGem","hubris:Icosahedron","Ring of Peace","ReplayTheSpireMod:Ring of Collecting","ReplayTheSpireMod:Ring of Addiction","Potion Belt","SacredBark","aspiration:AnachronicSnailShell","Replay:Mystery Machine","Bag of Marbles","SlaversCollar","downfall:HeartBlessingRed","hubris:Towel","aspiration:RitualStick","downfall:CloakOfManyFaces","CultistMask","FaceOfCleric","NlothsMask","GremlinMask","SsserpentHead","halation:PrussianBluePaint"],"acts_visited":["Exordium","TheCity"],"potions_floor_usage":[11,14,14,16,20,27,28,33],"damage_taken":[{"damage":23,"enemies":"Jaw Worm","floor":2,"turns":3},{"damage":0,"enemies":"downfall:FleeingMerchant","floor":5,"turns":4},{"damage":6,"enemies":"Small Slimes","floor":9,"turns":4},{"damage":10,"enemies":"Cultist","floor":10,"turns":3},{"damage":23,"enemies":"Exordium Wildlife","floor":11,"turns":4},{"damage":16,"enemies":"3 Sentries","floor":14,"turns":5},{"damage":25,"enemies":"Blue Slaver","floor":15,"turns":4},{"damage":64,"enemies":"SI_SHIV_ARCHETYPE","floor":16,"turns":10},{"damage":18,"enemies":"downfall:LooterAlt2","floor":19,"turns":3},{"damage":16,"enemies":"conspire:FuzzyDice","floor":20,"turns":5},{"damage":53,"enemies":"Snecko","floor":22,"turns":6},{"damage":10,"enemies":"Snake Plant","floor":23,"turns":2},{"damage":30,"enemies":"downfall:FleeingMerchant","floor":26,"turns":4},{"damage":36,"enemies":"Cultist and Chosen","floor":27,"turns":3},{"damage":31,"enemies":"downfall:FaceTrader","floor":28,"turns":4},{"damage":14,"enemies":"conspire:HollyBat","floor":29,"turns":6},{"damage":34,"enemies":"downfall:FleeingMerchant","floor":30,"turns":4},{"damage":2,"enemies":"Shelled Parasite and Fungi","floor":32,"turns":2},{"damage":62,"enemies":"WA_ARCHETYPE_CALM","floor":33,"turns":5}],"seed_played":"-7929148000274951998","potions_obtained":[{"floor":2,"key":"conspire:TimeTravelPotion"},{"floor":7,"key":"champ:CounterPotion"},{"floor":7,"key":"SteroidPotion"},{"floor":7,"key":"FearPotion"},{"floor":11,"key":"Swift Potion"},{"floor":15,"key":"Strength Potion"},{"floor":19,"key":"Strength Potion"},{"floor":29,"key":"champ:UltimateStancePotion"},{"floor":32,"key":"Doom Potion"}],"is_trial":false,"path_per_floor":["R","M","?","?","$","R","T","T","M","M","M","?","R","E","M","B",null,"R","M","M","?","M","M","T","?","$","M","?","M","$","?","M","B"],"character_chosen":"THE_CHAMP","items_purchased":["Dramatic Entrance","halation:PrussianBluePaint"],"campfire_rested":0,"item_purchase_floors":[30,30],"current_hp_per_floor":[99,96,96,96,99,99,99,99,98,98,94,94,94,88,88,59,97,97,89,93,93,55,60,60,41,46,45,49,51,48,48,47,0,0,0],"gold":437,"neow_bonus":"TEN_PERCENT_HP_BONUS","is_daily":false,"chose_seed":false,"campfire_upgraded":2,"win_rate":0.0,"timestamp":1614208412,"path_taken":["R","M","?","?","$","R","T","?","M","M","M","?","R","E","M","BOSS","R","M","M","?","M","M","T","?","$","M","?","?","$","?","M","BOSS"],"items_purchased_type":["Card","Relic"],"build_version":"2020-12-22","purchased_purges":2,"victory":false,"max_hp_per_floor":[99,99,99,99,99,99,99,99,99,99,97,97,97,97,97,97,97,97,97,95,95,95,95,93,93,93,91,91,92,93,93,92,92,92,92],"card_choices":[{"not_picked":["champ:AdrenalArmor","champ:Shatter"],"picked":"champ:FanOfKnives","floor":2},{"not_picked":["champ:Circumvent","champ:AdrenalArmor"],"picked":"champ:Shatter","floor":5},{"not_picked":["champ:AdrenalArmor","champ:BerserkersShout"],"picked":"champ:PerfectedStrike","floor":9},{"not_picked":["champ:FaceSlap","champ:DefensiveShout"],"picked":"champ:BerserkersShout","floor":10},{"not_picked":["champ:AdrenalArmor","champ:GladiatorForm","champ:PreemptiveStrike"],"picked":"SKIP","floor":11},{"not_picked":["champ:Lariat","champ:Haymaker"],"picked":"champ:RisingSlash","floor":14},{"not_picked":["champ:Backstep","champ:BladeFlurry","champ:FocusedDefense"],"picked":"SKIP","floor":15},{"not_picked":["champ:MurderStrike","champ:HoldFirm"],"picked":"champ:TripleStrike","floor":16},{"not_picked":["champ:AdrenalArmor","champ:GutPunch"],"picked":"champ:Shatter+1","floor":19},{"not_picked":["champ:GladiatorStyle","champ:PreciseThrust"],"picked":"champ:RecklessLeap","floor":20},{"not_picked":["champ:EndlessRage","champ:FalseCounter","champ:PreemptiveStrike"],"picked":"SKIP","floor":22},{"not_picked":["champ:Shatter","champ:Backstep+1","champ:FocusedDefense+1"],"picked":"SKIP","floor":23},{"not_picked":["champ:AdrenalArmor","champ:DefensiveShout"],"picked":"champ:FanOfKnives+1","floor":26},{"not_picked":["champ:PerfectedStrike","champ:Circumvent+1"],"picked":"champ:LastStand","floor":27},{"not_picked":["champ:FalseCounter","champ:PerfectedStrike"],"picked":"champ:EnragedBash+1","floor":28},{"not_picked":["champ:ArenaPreparation","champ:Backstep"],"picked":"champ:FanOfKnives","floor":29},{"not_picked":["champ:DefensiveShout","champ:SteelEdge","champ:TornadoPunch"],"picked":"SKIP","floor":30},{"not_picked":["champ:BladeFlurry","champ:GutPunch","champ:ShieldWall"],"picked":"SKIP","floor":32}],"player_experience":126818,"relics_obtained":[{"floor":4,"key":"Ring of Peace"},{"floor":4,"key":"ReplayTheSpireMod:Ring of Collecting"},{"floor":7,"key":"ReplayTheSpireMod:Ring of Addiction"},{"floor":7,"key":"Potion Belt"},{"floor":7,"key":"SacredBark"},{"floor":7,"key":"aspiration:AnachronicSnailShell"},{"floor":8,"key":"Replay:Mystery Machine"},{"floor":14,"key":"Bag of Marbles"},{"floor":28,"key":"downfall:CloakOfManyFaces"}],"event_choices":[{"damage_healed":0,"gold_gain":0,"player_choice":"Ignored","damage_taken":0,"max_hp_gain":0,"max_hp_loss":0,"event_name":"Ghosts","floor":31,"gold_loss":0}],"is_beta":false,"boss_relics":[{"not_picked":["Astrolabe","hubris:TerracottaHorce"],"picked":"SlaversCollar"}],"items_purged_floors":[5,26],"is_endless":false,"potions_floor_spawned":[2,11,15,19,29,32],"killed_by":"WA_ARCHETYPE_CALM","ascension_level":0}}