{"host":"1xo5g347e5o4auts","time":1614201617,"event":{"mods":["BaseMod","Minty Spire (QoL Compilation)","Permanent Neow","StSLib"],"gold_per_floor":[112,122,122,122,133,161,161,175,243,243,253,286,305,337,337,408,408,421,437,107,107,154,154,184,109,109,127,154,168,183,210,210,287,287,298,317,336,349,369,397,397,423,423,423,423,437,437,465,465,465,465,465,465,82,111,111],"floor_reached":57,"language":"ENG","playtime":2711,"items_purged":["Strike_R"],"score":2873,"play_id":"175e0102-816a-4c4c-af6d-ac493d393833","local_time":"20210224232017","is_ascension_mode":true,"campfire_choices":[{"data":"Hemokinesis","floor":7.0,"key":"SMITH"},{"data":"Immolate","floor":15.0,"key":"SMITH"},{"data":"Seeing Red","floor":23.0,"key":"SMITH"},{"data":"Impervious","floor":32.0,"key":"SMITH"},{"data":"Demon Form","floor":41.0,"key":"SMITH"},{"floor":45.0,"key":"RECALL"},{"data":"Shockwave","floor":49.0,"key":"SMITH"},{"data":"Feel No Pain","floor":53.0,"key":"SMITH"}],"circlet_count":0,"master_deck":["AscendersBane","Defend_R+1","Defend_R+1","Defend_R+1","Defend_R+1","Bash+1","Shockwave+1","Shrug It Off","Hemokinesis+1","Feed","Reckless Charge","Whirlwind","Immolate+1","Reaper+1","Rupture","Feel No Pain+1","Anger+1","Seeing Red+1","Immolate","Spot Weakness","Spot Weakness","Flame Barrier","Battle Trance+1","Impervious+1","Demon Form+1","Headbutt","Sentinel+1","Disarm+1","Sword Boomerang","Reaper+1","Metallicize","Dark Shackles","Headbutt","Bloodletting"],"relics":["Burning Blood","Mango","Incense Burner","Matryoshka","Art of War","Blue Candle","Runic Pyramid","Orrery","Anchor","Whetstone","Pear","Tiny Chest","Bronze Scales","Toy Ornithopter","HornCleat","Velvet Choker","Eternal Feather","Bottled Lightning","Pen Nib","Bag of Preparation","Letter Opener"],"acts_visited":["Exordium","TheCity","TheBeyond","TheEnding"],"potions_floor_usage":[56,56],"damage_taken":[{"damage":9.0,"enemies":"2 Louse","floor":1.0,"turns":4.0},{"damage":15.0,"enemies":"Small Slimes","floor":2.0,"turns":5.0},{"damage":1.0,"enemies":"Jaw Worm","floor":5.0,"turns":5.0},{"damage":31.0,"enemies":"3 Sentries","floor":6.0,"turns":8.0},{"damage":3.0,"enemies":"3 Louse","floor":8.0,"turns":4.0},{"damage":3.0,"enemies":"Looter","floor":11.0,"turns":4.0},{"damage":5.0,"enemies":"Lagavulin","floor":12.0,"turns":7.0},{"damage":3.0,"enemies":"Gremlin Gang","floor":13.0,"turns":4.0},{"damage":17.0,"enemies":"3 Sentries","floor":14.0,"turns":6.0},{"damage":27.0,"enemies":"Slime Boss","floor":16.0,"turns":7.0},{"damage":25.0,"enemies":"Shell Parasite","floor":18.0,"turns":5.0},{"damage":6.0,"enemies":"3 Byrds","floor":19.0,"turns":4.0},{"damage":39.0,"enemies":"Book of Stabbing","floor":24.0,"turns":6.0},{"damage":0.0,"enemies":"3 Cultists","floor":27.0,"turns":3.0},{"damage":32.0,"enemies":"Slavers","floor":28.0,"turns":3.0},{"damage":16.0,"enemies":"Cultist and Chosen","floor":29.0,"turns":4.0},{"damage":2.0,"enemies":"Chosen and Byrds","floor":30.0,"turns":4.0},{"damage":18.0,"enemies":"Book of Stabbing","floor":31.0,"turns":5.0},{"damage":21.0,"enemies":"Champ","floor":33.0,"turns":14.0},{"damage":5.0,"enemies":"3 Darklings","floor":35.0,"turns":6.0},{"damage":1.0,"enemies":"Orb Walker","floor":36.0,"turns":5.0},{"damage":13.0,"enemies":"Sphere and 2 Shapes","floor":37.0,"turns":4.0},{"damage":2.0,"enemies":"Jaw Worm Horde","floor":38.0,"turns":5.0},{"damage":44.0,"enemies":"Spire Growth","floor":39.0,"turns":9.0},{"damage":93.0,"enemies":"Giant Head","floor":40.0,"turns":9.0},{"damage":5.0,"enemies":"Nemesis","floor":42.0,"turns":7.0},{"damage":2.0,"enemies":"Maw","floor":46.0,"turns":8.0},{"damage":4.0,"enemies":"Reptomancer","floor":48.0,"turns":6.0},{"damage":68.0,"enemies":"Donu and Deca","floor":50.0,"turns":9.0},{"damage":35.0,"enemies":"Time Eater","floor":51.0,"turns":10.0},{"damage":52.0,"enemies":"Shield and Spear","floor":55.0,"turns":7.0},{"damage":136,"enemies":"The Heart","floor":56,"turns":12}],"seed_played":"-6629480488170652796","potions_obtained":[{"floor":1.0,"key":"AttackPotion"},{"floor":5.0,"key":"EssenceOfSteel"},{"floor":11.0,"key":"Block Potion"},{"floor":19.0,"key":"HeartOfIron"},{"floor":24.0,"key":"Dexterity Potion"},{"floor":27.0,"key":"HeartOfIron"}],"is_trial":false,"path_per_floor":["M","M","?","?","M","E","R","M","T","?","M","E","M","E","R","B",null,"M","M","$","?","T","R","E","?","T","M","E","M","M","E","R","B",null,"M","M","M","M","M","E","R","E","T","?","R","M","?","E","R","B","B",null,"R","$","E","B",null],"character_chosen":"IRONCLAD","items_purchased":["Orrery","Spot Weakness","Bag of Preparation","Dark Shackles","Headbutt","Bloodletting"],"campfire_rested":0,"item_purchase_floors":[20,20,54,54,54,54],"current_hp_per_floor":[79,70,75,68,73,48,48,54,54,54,60,61,67,56,56,35,81,65,68,68,68,68,68,60,60,60,69,70,60,83,85,85,89,120,130,133,136,139,137,80,98,117,117,117,135,148,148,148,148,151,154,154,154,154,154,118],"gold":111,"neow_bonus":"ONE_RARE_RELIC","is_daily":false,"chose_seed":false,"campfire_upgraded":7,"win_rate":0.0,"timestamp":1614201617,"path_taken":["M","M","?","?","M","E","R","M","T","?","M","E","M","E","R","BOSS","M","M","$","?","?","R","E","?","T","M","E","M","M","E","R","BOSS","M","M","M","M","M","E","R","E","T","?","R","?","?","E","R","BOSS","BOSS","R","$","E","BOSS"],"items_purchased_type":["Relic","Card","Relic","Card","Card","Card"],"build_version":"2020-12-22","purchased_purges":1,"victory":true,"max_hp_per_floor":[82,82,87,87,87,87,87,90,90,90,93,93,96,96,96,96,96,99,102,102,102,102,102,115,115,115,118,121,121,124,127,127,130,130,130,133,136,139,142,145,145,148,148,148,148,148,148,148,148,151,154,154,154,154,154,154],"card_choices":[{"not_picked":["Twin Strike","Havoc"],"picked":"Shockwave","floor":1.0},{"not_picked":["Second Wind","Cleave"],"picked":"Shrug It Off","floor":2.0},{"not_picked":["Thunderclap","Disarm"],"picked":"Hemokinesis","floor":5.0},{"not_picked":["Clothesline","Ghostly Armor"],"picked":"Feed","floor":6.0},{"not_picked":["Sentinel","Sword Boomerang","Power Through"],"picked":"SKIP","floor":8.0},{"not_picked":["Warcry","Power Through"],"picked":"Whirlwind","floor":11.0},{"not_picked":["Body Slam","Warcry","Pommel Strike"],"picked":"SKIP","floor":12.0},{"not_picked":["Infernal Blade","Searing Blow","Dropkick"],"picked":"SKIP","floor":13.0},{"not_picked":["Combust","Clothesline"],"picked":"Immolate","floor":14.0},{"not_picked":["Brutality","Offering"],"picked":"Reaper","floor":16.0},{"not_picked":["Headbutt","Combust+1"],"picked":"Rupture","floor":18.0},{"not_picked":["Headbutt","Wild Strike"],"picked":"Feel No Pain","floor":19.0},{"not_picked":["Sever Soul","Sword Boomerang"],"picked":"Anger+1","floor":20.0},{"not_picked":["Flame Barrier","Iron Wave"],"picked":"Seeing Red","floor":20.0},{"not_picked":["Anger","Flex"],"picked":"Immolate","floor":20.0},{"not_picked":["Entrench","Fire Breathing"],"picked":"Spot Weakness","floor":24.0},{"not_picked":["Pommel Strike","Havoc"],"picked":"Flame Barrier","floor":27.0},{"not_picked":["Reckless Charge","Shockwave","Perfected Strike"],"picked":"SKIP","floor":28.0},{"not_picked":["Clash","Wild Strike","Cleave+1"],"picked":"SKIP","floor":29.0},{"not_picked":["Thunderclap","Wild Strike+1"],"picked":"Battle Trance+1","floor":30.0},{"not_picked":["Pummel+1","Rupture"],"picked":"Impervious","floor":31.0},{"not_picked":["Juggernaut","Immolate"],"picked":"Demon Form","floor":33.0},{"not_picked":["Combust","Thunderclap","Flame Barrier"],"picked":"SKIP","floor":35.0},{"not_picked":["Battle Trance","Inflame"],"picked":"Headbutt","floor":36.0},{"not_picked":["Heavy Blade+1","Wild Strike+1","Sentinel+1"],"picked":"SKIP","floor":37.0},{"not_picked":["Heavy Blade+1","Wild Strike+1"],"picked":"Sentinel+1","floor":37.0},{"not_picked":["Pommel Strike","Havoc","Thunderclap+1"],"picked":"SKIP","floor":38.0},{"not_picked":["Havoc","Ghostly Armor"],"picked":"Disarm+1","floor":39.0},{"not_picked":["Searing Blow","Sword Boomerang","Twin Strike+1"],"picked":"SKIP","floor":40.0},{"not_picked":["Searing Blow","Twin Strike+1"],"picked":"Sword Boomerang","floor":40.0},{"not_picked":["Heavy Blade","Evolve","Combust"],"picked":"SKIP","floor":42.0},{"not_picked":["Flex+1","Reckless Charge+1","Havoc"],"picked":"SKIP","floor":46.0},{"not_picked":["Wild Strike","Thunderclap","Fire Breathing"],"picked":"SKIP","floor":48.0},{"not_picked":["Warcry","Perfected Strike","Juggernaut"],"picked":"SKIP","floor":55.0}],"player_experience":1510397,"relics_obtained":[{"floor":6.0,"key":"Incense Burner"},{"floor":9.0,"key":"Matryoshka"},{"floor":12.0,"key":"Art of War"},{"floor":14.0,"key":"Blue Candle"},{"floor":22.0,"key":"Anchor"},{"floor":22.0,"key":"Whetstone"},{"floor":24.0,"key":"Pear"},{"floor":26.0,"key":"Tiny Chest"},{"floor":26.0,"key":"Bronze Scales"},{"floor":28.0,"key":"Toy Ornithopter"},{"floor":31.0,"key":"HornCleat"},{"floor":40.0,"key":"Eternal Feather"},{"floor":42.0,"key":"Bottled Lightning"},{"floor":48.0,"key":"Pen Nib"},{"floor":55.0,"key":"Letter Opener"}],"event_choices":[{"damage_healed":0.0,"max_hp_gain":5.0,"max_hp_loss":0.0,"gold_gain":0.0,"event_name":"Big Fish","player_choice":"Donut","floor":3.0,"gold_loss":0.0,"damage_taken":0.0},{"cards_removed":["Strike_R"],"damage_healed":0.0,"max_hp_gain":0.0,"max_hp_loss":0.0,"gold_gain":0.0,"event_name":"Golden Wing","player_choice":"Card Removal","floor":4.0,"gold_loss":0.0,"damage_taken":7.0},{"damage_healed":0.0,"max_hp_gain":0.0,"max_hp_loss":0.0,"gold_gain":0.0,"cards_transformed":["Strike_R"],"event_name":"Living Wall","player_choice":"Change","floor":10.0,"gold_loss":0.0,"damage_taken":0.0,"cards_obtained":["Reckless Charge"]},{"damage_healed":0.0,"max_hp_gain":0.0,"max_hp_loss":0.0,"gold_gain":0.0,"event_name":"Back to Basics","player_choice":"Simplicity","floor":21.0,"gold_loss":0.0,"damage_taken":0.0,"cards_upgraded":["Strike_R","Strike_R","Defend_R","Defend_R","Defend_R","Defend_R"]},{"cards_removed":["Strike_R"],"damage_healed":0.0,"max_hp_gain":0.0,"max_hp_loss":0.0,"gold_gain":0.0,"event_name":"Beggar","player_choice":"Gave Gold","floor":25.0,"gold_loss":75.0,"damage_taken":0.0},{"damage_healed":0.0,"max_hp_gain":0.0,"max_hp_loss":0.0,"gold_gain":0.0,"event_name":"Duplicator","player_choice":"Copied","floor":44.0,"gold_loss":0.0,"damage_taken":0.0,"cards_obtained":["Reaper"]},{"damage_healed":0.0,"max_hp_gain":0.0,"max_hp_loss":0.0,"gold_gain":0.0,"cards_transformed":["Strike_R"],"event_name":"Transmorgrifier","player_choice":"Transformed","floor":47.0,"gold_loss":0.0,"damage_taken":0.0,"cards_obtained":["Metallicize"]}],"is_beta":false,"boss_relics":[{"not_picked":["Cursed Key","SlaversCollar"],"picked":"Runic Pyramid"},{"not_picked":["Black Star","Busted Crown"],"picked":"Velvet Choker"}],"items_purged_floors":[20],"is_endless":false,"potions_floor_spawned":[1,5,11,14,19,24,27,29,31,35,40,42,48],"ascension_level":20}}