{"host":"iovigr651ajk16h5","time":1614180789,"event":{"mods":["2.2 Compatiblity","AchievementEnabler","Aspiration","BaseMod","Better Altar","Better Match","Better Note","Better Sensory Stone","Better Skull","Better Third Choice","Block Reminder","CapriCore","Colored Map","Ekko","Energized Spire","GifTheSpireLib","GungeonMod","Halation","Hermit","Highlight Path","Hubris","Infinite Spire","Koishi","Luminous","Marisa????????","Minty Spire (QoL Compilation)","Nova Terra(??·??)","Onozuka Komachi Mod","Permanent Neow","Prisma Mod","Quick Restart","Railgun Mod","Remilia??????","Replay The Spire","StSLib","Stuff the Spire","Td1madao Mod","The Administrix","The Bladedancer","The Bug Knight","The Construct","The Exalted","The Immortal","The Marked","The Problem Sleuth","The Servant 0.9.4","TheFirefly","TheSwordswoman","Trackpad","Waifu the Spire","WarShipGirlsR/????R mod","everything is the same but u backflip on backflip"],"gold_per_floor":[113,113,113,127,140,140,170,170,244,261,261,226,226,226,226],"floor_reached":14,"language":"ENG","playtime":266,"items_purged":[],"score":92,"play_id":"bb560099-b3c8-4c5d-bd08-b32b5f823c11","local_time":"20210224103309","is_ascension_mode":true,"campfire_choices":[{"data":"theMarked:Vacuum","floor":6,"key":"SMITH"}],"circlet_count":0,"master_deck":["theMarked:Strike","theMarked:Strike","theMarked:Strike","theMarked:Strike","theMarked:Defend","theMarked:Defend","theMarked:Defend","theMarked:Defend","theMarked:SoldierOfQuellstein","theMarked:BanishingStrike+1","theMarked:BanishingStrike+1","theMarked:Vacuum+1","theMarked:WardOff","Hallucinations"],"relics":["theMarked:ArtifactOfAir","NeowsBlessing","infinitespire:Joker Card","hubris:Icosahedron","Replay:Bottled Eggs","infinitespire:Broken Mirror","hubris:DisguiseKit"],"acts_visited":["Exordium"],"potions_floor_usage":[],"damage_taken":[{"damage":0,"enemies":"2 Louse","floor":1,"turns":1},{"damage":0,"enemies":"Jaw Worm","floor":4,"turns":1},{"damage":0,"enemies":"Cultist","floor":5,"turns":1},{"damage":22,"enemies":"Lagavulin","floor":7,"turns":5},{"damage":6,"enemies":"Blue Slaver","floor":10,"turns":2},{"damage":17,"enemies":"3 Sentries","floor":14,"turns":4}],"seed_played":"-6068693500314001725","potions_obtained":[{"floor":1,"key":"SkillPotion"},{"floor":7,"key":"Fire Potion"},{"floor":10,"key":"theMarked:ChargePotion"}],"is_trial":false,"path_per_floor":["M","?","?","M","M","R","E","?","T","M","T","?","?","E"],"character_chosen":"THE_DEFAULT","items_purchased":[],"campfire_rested":0,"item_purchase_floors":[],"current_hp_per_floor":[72,72,72,72,72,72,50,50,50,44,44,62,62,45,45],"gold":226,"neow_bonus":"THREE_ENEMY_KILL","is_daily":false,"chose_seed":false,"campfire_upgraded":1,"win_rate":0.0,"timestamp":1614180789,"path_taken":["M","?","?","M","?","R","E","?","T","?","?","?","?","E"],"items_purchased_type":[],"build_version":"2020-12-22","purchased_purges":0,"victory":false,"max_hp_per_floor":[72,72,72,72,72,72,72,72,72,72,72,72,72,72,72],"card_choices":[{"not_picked":["theMarked:Aftermath","theMarked:ComboAttacks"],"picked":"theMarked:BanishingStrike","floor":1},{"not_picked":["theMarked:TwofoldDefense","theMarked:TakeCover"],"picked":"theMarked:BanishingStrike","floor":4},{"not_picked":["theMarked:TunnelVision","theMarked:EnhanceMovement"],"picked":"theMarked:Vacuum","floor":5},{"not_picked":["theMarked:TunnelVision","theMarked:ComboAttacks","theMarked:WastefulAttack"],"picked":"SKIP","floor":7},{"not_picked":["theMarked:Memento","theMarked:SelfDefenseTraining"],"picked":"theMarked:WardOff","floor":10}],"player_experience":414004,"relics_obtained":[{"floor":7,"key":"infinitespire:Joker Card"},{"floor":9,"key":"Replay:Bottled Eggs"},{"floor":11,"key":"infinitespire:Broken Mirror"}],"event_choices":[{"cards_removed":["theMarked:Strike"],"damage_healed":0,"gold_gain":0,"player_choice":"Offered Basic","damage_taken":0,"max_hp_gain":0,"max_hp_loss":0,"event_name":"Bonfire Elementals","floor":3,"gold_loss":0},{"damage_healed":18,"gold_gain":0,"player_choice":"Healed","damage_taken":0,"max_hp_gain":0,"max_hp_loss":0,"event_name":"The Cleric","floor":12,"gold_loss":35}],"is_beta":false,"boss_relics":[],"items_purged_floors":[],"is_endless":false,"potions_floor_spawned":[1,7,10],"killed_by":"3 Sentries","ascension_level":1}}