{"host":"5ezk7t18wcb10u1o","time":1614169324,"event":{"mods":["BaseMod","Bestiary","Colored Powertips","Minty Spire (QoL Compilation)","Relic Sorter"],"gold_per_floor":[20,20,20,20,20,20,44,80,80,80,101,121,121,155,155,246,246,230,255,255,255],"floor_reached":20,"language":"ENG","playtime":1308,"items_purged":[],"score":334,"play_id":"1511f035-2759-4cc8-b4af-9d34a9492e87","local_time":"20210224122204","is_ascension_mode":true,"campfire_choices":[{"data":"Neutralize","floor":6.0,"key":"SMITH"},{"floor":10.0,"key":"REST"},{"data":"Skewer","floor":13,"key":"SMITH"},{"floor":15,"key":"REST"}],"circlet_count":0,"master_deck":["AscendersBane","Strike_G","Strike_G","Strike_G","Strike_G","Strike_G","Defend_G","Defend_G","Defend_G","Defend_G","Defend_G","Survivor","Neutralize+1","Cloak And Dagger","Injury","Skewer+1","Envenom","Slice","Terror","Bane","Dagger Spray","Malaise","Flying Knee","Cloak And Dagger"],"relics":["Ring of the Serpent","Golden Idol","Kunai","Strawberry","White Beast Statue","Dream Catcher"],"acts_visited":["Exordium","TheCity"],"potions_floor_usage":[12,14,18,18,20,20],"damage_taken":[{"damage":0.0,"enemies":"Small Slimes","floor":1.0,"turns":4.0},{"damage":3.0,"enemies":"2 Louse","floor":7.0,"turns":3.0},{"damage":33.0,"enemies":"Gremlin Nob","floor":8.0,"turns":6.0},{"damage":4.0,"enemies":"Jaw Worm","floor":11.0,"turns":4.0},{"damage":2,"enemies":"Large Slime","floor":12,"turns":6},{"damage":36,"enemies":"3 Sentries","floor":14,"turns":10},{"damage":27,"enemies":"The Guardian","floor":16,"turns":12},{"damage":19,"enemies":"2 Thieves","floor":18,"turns":4},{"damage":30,"enemies":"Shell Parasite","floor":19,"turns":6},{"damage":24,"enemies":"Shelled Parasite and Fungi","floor":20,"turns":3}],"seed_played":"-4903560090260837811","potions_obtained":[{"floor":11.0,"key":"CunningPotion"},{"floor":12,"key":"Explosive Potion"},{"floor":14,"key":"SkillPotion"},{"floor":16,"key":"PowerPotion"},{"floor":18,"key":"LiquidBronze"},{"floor":19,"key":"FearPotion"}],"is_trial":false,"path_per_floor":["M","?","?","$","?","R","M","E","T","R","M","M","R","E","R","B",null,"M","M","M"],"character_chosen":"THE_SILENT","items_purchased":[],"campfire_rested":2,"item_purchase_floors":[],"current_hp_per_floor":[71,71,64,64,64,64,61,35,35,60,56,54,54,18,43,16,68,49,19,0,0],"gold":255,"neow_bonus":"TWENTY_PERCENT_HP_BONUS","is_daily":false,"chose_seed":false,"campfire_upgraded":2,"win_rate":0.0,"timestamp":1614169324,"path_taken":["M","?","?","?","?","R","M","E","T","R","M","M","R","E","R","BOSS","M","M","M"],"items_purchased_type":[],"build_version":"2020-12-22","purchased_purges":0,"victory":false,"max_hp_per_floor":[78,78,78,78,78,78,78,85,85,85,85,85,85,85,85,85,85,85,85,85,85],"card_choices":[{"not_picked":["Slice","Quick Slash"],"picked":"Cloak And Dagger","floor":1.0},{"not_picked":["Prepared","Masterful Stab"],"picked":"Skewer","floor":7.0},{"not_picked":["PiercingWail","Skewer"],"picked":"Envenom","floor":8.0},{"not_picked":["Leg Sweep","All Out Attack"],"picked":"Slice","floor":11.0},{"not_picked":["Eviscerate","Deadly Poison"],"picked":"Terror","floor":12},{"not_picked":["Terror","Masterful Stab"],"picked":"Bane","floor":14},{"not_picked":["Concentrate","Outmaneuver"],"picked":"Dagger Spray","floor":15},{"not_picked":["Bullet Time","Wraith Form v2"],"picked":"Malaise","floor":16},{"not_picked":["All Out Attack","Skewer+1"],"picked":"Flying Knee","floor":18},{"not_picked":["Flying Knee","Deadly Poison"],"picked":"Cloak And Dagger","floor":19}],"player_experience":1254783,"relics_obtained":[{"floor":8.0,"key":"Strawberry"},{"floor":9.0,"key":"White Beast Statue"},{"floor":14,"key":"Dream Catcher"}],"event_choices":[{"damage_healed":0.0,"max_hp_gain":0.0,"max_hp_loss":0.0,"gold_gain":0.0,"event_name":"Golden Idol","player_choice":"Take Wound","floor":2.0,"gold_loss":0.0,"damage_taken":0.0,"relics_obtained":["Golden Idol"],"cards_obtained":["Injury"]},{"damage_healed":0.0,"max_hp_gain":0.0,"max_hp_loss":0.0,"gold_gain":0.0,"event_name":"Scrap Ooze","player_choice":"Success","floor":3.0,"gold_loss":0.0,"damage_taken":7.0,"relics_obtained":["Kunai"]},{"damage_healed":0.0,"max_hp_gain":0.0,"max_hp_loss":0.0,"gold_gain":0.0,"event_name":"Liars Game","player_choice":"Ignored","floor":5.0,"gold_loss":0.0,"damage_taken":0.0}],"is_beta":false,"boss_relics":[{"not_picked":["SacredBark","Black Star"],"picked":"Ring of the Serpent"}],"items_purged_floors":[],"is_endless":false,"potions_floor_spawned":[11,12,14,16,18,19],"killed_by":"Shelled Parasite and Fungi","ascension_level":14}}