{"host":"9qgbal69wq5palas","time":1614176465,"event":{"mods":["2.2 Compatiblity","Abigail Mod","AchievementEnabler","Act Like it!","Aspiration","Astrologer","Bartender","BaseMod","Better Altar","Better Note","Better Skull","Better Third Choice","Colored Powertips","Hallownest","Hermit","Highlight Path","Hubris","Infinite Spire","Jorbs\u0027s Wanderer Trilogy","Koishi","Lobotomy","Minty Spire (QoL Compilation)","Potionbrewer","Quick Restart","Random Character Button","Replay The Spire","Shade Mod","Shop Mod","Spicy Shops","StSLib","The Animator","The Bug Knight","The Cursed","The Disciple","The Exalted","The Hierophant","The Necromancer","The Servant 0.9.4","Wandering Minibosses"],"gold_per_floor":[110,121,38,56,56,56,82,96,120,131,158,158,174,210,210,340,403,418,418,431,450,450,490,490,506,506,506,547,61,61,104,104,225,225,248,248,272,272,287,287,287],"floor_reached":40,"language":"ENG","playtime":2186,"items_purged":["Strike_Bartender","Defend_Bartender"],"score":654,"play_id":"6e46bb93-78b8-49cd-b74e-39fcc47535f8","local_time":"20210224152105","is_ascension_mode":true,"campfire_choices":[{"data":"Snap_Punch","floor":6,"key":"SMITH"},{"floor":15,"key":"REST"},{"floor":24,"key":"REST"},{"data":"OpoOpo_Form","floor":27,"key":"SMITH"},{"data":"Spirits_Within","floor":32,"key":"SMITH"}],"circlet_count":0,"master_deck":["Defend_Bartender","Somersault","Dragonkick","Sucker_Punch+1","Snap_Punch+1","Stick_and_Move","Power_Up_Punch","Center_Self","Spirits_Within+1","Injury","Bicycle_Kick","Step_Of_The_Wind","Form_Shift+1","Feint","Perfect_Balance+1","Vortex","OpoOpo_Form+1","With_A_Twist","Bitters","Liquid_Armor","Pony_Shot+1","Step_Of_The_Wind+1","Torment+1","Center_Self+1"],"relics":["Sneakers","potionbrewer:MortarAndPestle","potionbrewer:Torch","hubris:Metronome","Golden Idol","Omamori","Tiny House","aspiration:ChemicalBlood","infinitespire:ShieldingShard","Lee\u0027s Waffle","Replay:Baseball","aspiration:TomeofQuesting","Astrolabe"],"acts_visited":["Exordium","TheCity","TheBeyond"],"potions_floor_usage":[14,28,31,31,33,33,33,40,40],"damage_taken":[{"damage":4,"enemies":"Jaw Worm","floor":1,"turns":7},{"damage":0,"enemies":"2 Louse","floor":2,"turns":2},{"damage":4,"enemies":"Small Slimes","floor":4,"turns":3},{"damage":16,"enemies":"Lagavulin","floor":7,"turns":6},{"damage":2,"enemies":"2 Fungi Beasts","floor":8,"turns":3},{"damage":4,"enemies":"Red Slaver","floor":10,"turns":3},{"damage":16,"enemies":"Gremlin Nob","floor":11,"turns":3},{"damage":0,"enemies":"Blue Slaver","floor":13,"turns":1},{"damage":9,"enemies":"3 Sentries","floor":14,"turns":6},{"damage":39,"enemies":"Fading Forest","floor":16,"turns":11},{"damage":0,"enemies":"Spheric Guardian","floor":18,"turns":2},{"damage":12,"enemies":"Chosen","floor":20,"turns":2},{"damage":16,"enemies":"Centurion and Healer","floor":21,"turns":7},{"damage":18,"enemies":"Book of Stabbing","floor":23,"turns":5},{"damage":4,"enemies":"3 Cultists","floor":25,"turns":5},{"damage":39,"enemies":"Gremlin Leader","floor":28,"turns":6},{"damage":9,"enemies":"Slavers","floor":31,"turns":5},{"damage":88,"enemies":"Collector","floor":33,"turns":9},{"damage":0,"enemies":"Orb Walker","floor":35,"turns":3},{"damage":0,"enemies":"3 Darklings","floor":37,"turns":7},{"damage":7,"enemies":"Transient","floor":39,"turns":5},{"damage":94,"enemies":"Nightmare","floor":40,"turns":7}],"seed_played":"-3252382555552120257","potions_obtained":[{"floor":4,"key":"potionbrewer:CleansingPotion"},{"floor":7,"key":"Reflective Coating"},{"floor":11,"key":"potionbrewer:ToxicPotion"},{"floor":16,"key":"Cursed Concoction"},{"floor":17,"key":"Reflective Coating"},{"floor":18,"key":"SkillPotion"},{"floor":31,"key":"SpeedPotion"},{"floor":33,"key":"potionbrewer:FreezingPotion"},{"floor":33,"key":"Reflective Coating"},{"floor":36,"key":"PowerPotion"},{"floor":36,"key":"potionbrewer:DiscountPotion"},{"floor":36,"key":"SmokeBomb"},{"floor":39,"key":"Adrenaline Potion"},{"floor":40,"key":"Toxic Potion"}],"is_trial":false,"path_per_floor":["M","M","$","M","?","R","E","M","T","M","E","?","M","E","R","B",null,"M","?","M","M","?","E","R","M","T","R","E","$","?","E","R","B",null,"M","?","M","?","M","NM"],"character_chosen":"BARTENDER","items_purchased":["Snap_Punch","Stick_and_Move","Lee\u0027s Waffle","Replay:Baseball"],"campfire_rested":2,"item_purchase_floors":[3,3,29,29],"current_hp_per_floor":[66,66,66,62,55,55,39,37,37,33,17,17,17,8,31,23,69,69,69,57,41,41,28,52,48,48,48,9,89,89,80,80,48,79,79,89,89,89,87,0,0],"gold":287,"neow_bonus":"TEN_PERCENT_HP_BONUS","is_daily":false,"chose_seed":false,"campfire_upgraded":3,"win_rate":0.0,"timestamp":1614176465,"path_taken":["M","M","$","M","?","R","E","M","T","M","E","?","M","E","R","BOSS","M","?","M","M","?","E","R","M","T","R","E","$","?","E","R","BOSS","M","?","?","?","M","NM"],"items_purchased_type":["Card","Card","Relic","Relic"],"build_version":"2020-12-22","purchased_purges":2,"victory":false,"max_hp_per_floor":[77,77,77,77,77,77,77,77,77,77,77,77,77,77,77,77,82,82,82,82,82,82,82,82,82,82,82,82,89,89,89,89,89,89,89,89,89,89,89,89,89],"card_choices":[{"not_picked":["Pony_Shot","Press_Forward"],"picked":"Dragonkick","floor":1},{"not_picked":["Ripple","ThreeSidedStar"],"picked":"Sucker_Punch","floor":2},{"not_picked":["Alacrity","Phantom_Blow"],"picked":"Power_Up_Punch","floor":4},{"not_picked":["Snap_Punch","Scoop","Pony_Shot"],"picked":"SKIP","floor":7},{"not_picked":["Cross","Ripple"],"picked":"Center_Self","floor":8},{"not_picked":["Greased_Lightning","Scoop"],"picked":"Spirits_Within","floor":10},{"not_picked":["Dancing_Jab","Scoop","Surge"],"picked":"SKIP","floor":11},{"not_picked":["Scoop","Stick_and_Move"],"picked":"Bicycle_Kick","floor":13},{"not_picked":["Patience","Well_Drinks"],"picked":"Step_Of_The_Wind","floor":14},{"not_picked":["Beat_Rush","Butterfly_Float"],"picked":"Form_Shift","floor":16},{"not_picked":["Greased_Lightning","Stick_and_Move"],"picked":"Feint","floor":18},{"not_picked":["Press_Forward","Wall_of_Ice"],"picked":"Perfect_Balance+1","floor":20},{"not_picked":["Feint","Scoop"],"picked":"Vortex","floor":21},{"not_picked":["Scoop+1","Step_Of_The_Wind"],"picked":"OpoOpo_Form","floor":23},{"not_picked":["Step_Of_The_Wind","Foot_Thrust+1"],"picked":"With_A_Twist","floor":25},{"not_picked":["Perfect_Balance","Meditate"],"picked":"Bitters","floor":28},{"not_picked":["Scoop+1","Scowl","Top_Shelf"],"picked":"SKIP","floor":31},{"not_picked":["High_Tide","Butterfly_Float"],"picked":"Liquid_Armor","floor":33},{"not_picked":["Dragonkick","Pony_Shot+1"],"picked":"Torment+1","floor":35},{"not_picked":["Fading_Blow","Greased_Lightning"],"picked":"Center_Self+1","floor":37},{"not_picked":["Scoop","Ripple+1","On_The_Rocks"],"picked":"SKIP","floor":39}],"player_experience":2806554,"relics_obtained":[{"floor":7,"key":"potionbrewer:MortarAndPestle"},{"floor":9,"key":"potionbrewer:Torch"},{"floor":11,"key":"hubris:Metronome"},{"floor":14,"key":"Omamori"},{"floor":23,"key":"aspiration:ChemicalBlood"},{"floor":28,"key":"infinitespire:ShieldingShard"},{"floor":31,"key":"aspiration:TomeofQuesting"}],"event_choices":[{"cards_removed":["Strike_Bartender"],"damage_healed":0,"gold_gain":0,"player_choice":"Card Removal","damage_taken":7,"max_hp_gain":0,"max_hp_loss":0,"event_name":"Golden Wing","floor":5,"gold_loss":0},{"damage_healed":0,"gold_gain":0,"player_choice":"Take Wound","damage_taken":0,"relics_obtained":["Golden Idol"],"max_hp_gain":0,"max_hp_loss":0,"event_name":"Golden Idol","floor":12,"gold_loss":0,"cards_obtained":["Injury"]},{"damage_healed":0,"gold_gain":0,"player_choice":"Upgraded","damage_taken":0,"max_hp_gain":0,"max_hp_loss":0,"event_name":"Upgrade Shrine","floor":19,"gold_loss":0,"cards_upgraded":["Form_Shift"]},{"cards_removed":["Injury"],"damage_healed":0,"gold_gain":0,"player_choice":"Give","damage_taken":0,"max_hp_gain":0,"max_hp_loss":0,"event_name":"betterNote:BetterNote","floor":22,"gold_loss":0,"cards_obtained":["Defend_Bartender"]},{"cards_removed":["Strike_Bartender"],"damage_healed":0,"gold_gain":0,"player_choice":"Elegance","damage_taken":0,"max_hp_gain":0,"max_hp_loss":0,"event_name":"betterThird:BetterWriting","floor":30,"gold_loss":0},{"damage_healed":0,"gold_gain":0,"player_choice":"Got Potions","damage_taken":0,"max_hp_gain":0,"max_hp_loss":0,"event_name":"Lab","floor":36,"gold_loss":0},{"cards_removed":["Rope_A_Dope"],"damage_healed":0,"gold_gain":0,"player_choice":"Removed Power","damage_taken":0,"max_hp_gain":0,"max_hp_loss":0,"event_name":"Falling","floor":38,"gold_loss":0}],"is_beta":false,"boss_relics":[{"not_picked":["Replay:Drink Me","Painkiller Herb"],"picked":"Tiny House"},{"not_picked":["aspiration:DefectSkillbook","Fusion Hammer"],"picked":"Astrolabe"}],"items_purged_floors":[29,29],"is_endless":false,"potions_floor_spawned":[4,7,11,16,18,31,33,39],"killed_by":"Nightmare","ascension_level":7}}