{"host":"3m32mriab3qyn2w0","time":1614134900,"event":{"mods":["AchievementEnabler","Aspiration","BaseMod","Beaked The Cultist","Better Altar","Better Match","Better Note","Better Sensory Stone","Better Skull","Better Third Choice","Better Vampires","Clawfect","Colored Map","Colored Powertips","Colorless Booster Pack","Conjunction","Conspire","Defuse TimeMaze Blight","Displayed Cursed Tome","Downfall","Emptier Cage","Energized Spire","Exacting","Friendly Minions","Glutton Mod","Halation","Hubris","Hyrulean Relics","Infinite Spire","Marisa????????","Mimic Mod","Minty Spire (QoL Compilation)","Mirrors Mod","Permanent Neow","Relic Sorter","Replay The Spire","Shop Mod","Spicy Shops","Spikes Relics","StSLib","SuperFastMode","The Blue Laboratory","The Bug Knight","The Cursed","Uncapped","Wandering Minibosses"],"gold_per_floor":[99,99,110,18,18,36,91,103,3,32,34,44,44,494,509,504,504],"floor_reached":16,"language":"ENG","playtime":864,"items_purged":[],"score":202,"play_id":"7eb742bd-ad2e-40e7-b9a8-999d71aab2b2","local_time":"20210224024820","is_ascension_mode":false,"campfire_choices":[{"floor":1.0,"key":"RECALL"},{"data":"UpSweep","floor":9,"key":"SMITH"},{"data":"PropBag","floor":13,"key":"SMITH"}],"circlet_count":0,"master_deck":["Strike_MRS","Strike_MRS","Strike_MRS","Strike_MRS","Defend_MRS","Defend_MRS","Defend_MRS","Defend_MRS","MasterSpark","UpSweep+1","CloudedMind","ShootTheMoon","AsteroidBelt","Pain","AsteroidBelt","ShootingEcho","SuperPerseids","PropBag+1","WitchLeyline","downfall:Icky","downfall:Icky","downfall:Icky","UltimateShortwave"],"relics":["MiniHakkero","HollowMod:QueensCombRelic","Simple Rune","hubris:OldNail","downfall:HeartBlessingBlue","Replay:Mystery Machine","Mercury Hourglass"],"acts_visited":["Exordium"],"potions_floor_usage":[16],"damage_taken":[{"damage":3.0,"enemies":"conspire:RoseBush","floor":3.0,"turns":2.0},{"damage":2.0,"enemies":"downfall:FleeingMerchant","floor":4.0,"turns":6.0},{"damage":11,"enemies":"FloatingMirror","floor":6,"turns":4},{"damage":2,"enemies":"Cultist","floor":8,"turns":3},{"damage":15,"enemies":"Replay:BlueRogue","floor":10,"turns":9},{"damage":11,"enemies":"downfall:LooterAlt","floor":11,"turns":7},{"damage":12,"enemies":"2 Fungi Beasts","floor":12,"turns":5},{"damage":3,"enemies":"Large Slime","floor":15,"turns":4},{"damage":48,"enemies":"WA_ARCHETYPE_RETAIN","floor":16,"turns":7}],"seed_played":"4899217338611195464","potions_obtained":[{"floor":3.0,"key":"sneckomod:MuddlingPotion"},{"floor":6,"key":"blueLaboratory:ArtificerPotion"},{"floor":8,"key":"ShroomBrew"},{"floor":15,"key":"EssenceOfSteel"}],"is_trial":false,"path_per_floor":["R","?","M","$","?","M","T","M","R","E","M","M","R","?","M","B"],"character_chosen":"MARISA","items_purchased":["hubris:OldNail"],"campfire_rested":0,"item_purchase_floors":[4],"current_hp_per_floor":[50,50,47,48,48,39,39,45,55,44,41,33,33,33,43,0,0],"gold":504,"neow_bonus":"ONE_RARE_RELIC","is_daily":false,"chose_seed":false,"campfire_upgraded":2,"win_rate":0.0,"timestamp":1614134900,"path_taken":["R","?","M","$","?","M","T","?","R","E","M","M","R","?","M","BOSS"],"items_purchased_type":["Relic"],"build_version":"2020-12-22","purchased_purges":0,"victory":false,"max_hp_per_floor":[50,50,50,50,50,50,50,50,60,60,60,60,60,60,60,60,60],"card_choices":[{"not_picked":["MilkyWay","AlicesGift"],"picked":"ShootTheMoon","floor":3.0},{"not_picked":["GrandCross","BinaryStars"],"picked":"AsteroidBelt","floor":4},{"not_picked":["DoubleSpark","UnstableBomb"],"picked":"ShootingEcho","floor":6},{"not_picked":["IllusionStar","SprinkleStarSeal"],"picked":"SuperPerseids","floor":8},{"not_picked":["NonDirectionalLaser","EarthLightRay"],"picked":"PropBag","floor":10},{"not_picked":["DC","DarkSpark","LuminesStrike"],"picked":"SKIP","floor":11},{"not_picked":["DC","DarkSpark","LuminesStrike"],"picked":"SKIP","floor":11},{"not_picked":["NonDirectionalLaser","Occultation"],"picked":"WitchLeyline","floor":12},{"not_picked":["BlazeAway","NonDirectionalLaser"],"picked":"UltimateShortwave","floor":15}],"player_experience":363578,"relics_obtained":[{"floor":2.0,"key":"Simple Rune"},{"floor":10,"key":"Replay:Mystery Machine"}],"event_choices":[],"is_beta":false,"boss_relics":[],"items_purged_floors":[],"is_endless":false,"potions_floor_spawned":[3,6,8,11,15],"killed_by":"WA_ARCHETYPE_RETAIN","ascension_level":0}}