{"host":"zdahj580pq9zy75i","time":1614129065,"event":{"mods":["AchievementEnabler","BaseMod","Colored Map","Minty Spire (QoL Compilation)","Relic Stats","StSLib"],"gold_per_floor":[115,265,275,275,295,295,0,31,56,56,91,103,134,146,146,222,222,233,246,246,256,38,38,38],"floor_reached":23,"language":"ENG","playtime":1598,"items_purged":["Strike_R"],"score":421,"play_id":"65bd0625-7510-4303-9ba4-626c7a573f8a","local_time":"20210223201105","is_ascension_mode":true,"campfire_choices":[{"data":"Whirlwind","floor":6,"key":"SMITH"},{"data":"Pommel Strike","floor":10,"key":"SMITH"},{"data":"Iron Wave","floor":15,"key":"SMITH"}],"circlet_count":0,"master_deck":["AscendersBane","Strike_R","Strike_R","Strike_R","Defend_R","Defend_R","Defend_R","Defend_R","Bash","Jack Of All Trades","Pommel Strike+1","Whirlwind+1","True Grit","Bloodletting","Shrug It Off","Shrug It Off","Iron Wave+1","Barricade","Body Slam","Dark Embrace"],"relics":["Burning Blood","Bronze Scales","Ancient Tea Set","Potion Belt","Oddly Smooth Stone","Shuriken","Snecko Eye","Spirit Poop"],"acts_visited":["Exordium","TheCity"],"potions_floor_usage":[8,12,13,16,16,16,23],"damage_taken":[{"damage":2,"enemies":"2 Louse","floor":1,"turns":4},{"damage":9,"enemies":"Jaw Worm","floor":3,"turns":4},{"damage":1,"enemies":"Cultist","floor":5,"turns":3},{"damage":8,"enemies":"Gremlin Nob","floor":8,"turns":2},{"damage":38,"enemies":"Lagavulin","floor":11,"turns":6},{"damage":5,"enemies":"3 Louse","floor":12,"turns":2},{"damage":18,"enemies":"3 Sentries","floor":13,"turns":7},{"damage":5,"enemies":"Red Slaver","floor":14,"turns":2},{"damage":37,"enemies":"The Guardian","floor":16,"turns":15},{"damage":0,"enemies":"3 Byrds","floor":18,"turns":3},{"damage":25,"enemies":"2 Thieves","floor":19,"turns":4},{"damage":34,"enemies":"Chosen and Byrds","floor":21,"turns":7},{"damage":38,"enemies":"Book of Stabbing","floor":23,"turns":4}],"seed_played":"-1889204372890002915","potions_obtained":[{"floor":3,"key":"EssenceOfSteel"},{"floor":8,"key":"BlessingOfTheForge"},{"floor":11,"key":"Fire Potion"},{"floor":13,"key":"Regen Potion"},{"floor":14,"key":"LiquidMemories"},{"floor":21,"key":"DuplicationPotion"}],"is_trial":false,"path_per_floor":["M","?","M","?","M","R","$","E","T","R","E","M","E","M","R","B",null,"M","M","?","M","$","E"],"character_chosen":"IRONCLAD","items_purchased":["Bronze Scales","AttackPotion","Regen Potion","SteroidPotion","Dark Embrace"],"campfire_rested":0,"item_purchase_floors":[7,7,22,22,22],"current_hp_per_floor":[72,72,69,69,74,74,74,72,72,72,40,41,29,30,30,14,60,66,47,47,19,19,0,0],"gold":38,"neow_bonus":"RANDOM_COLORLESS","is_daily":false,"chose_seed":false,"campfire_upgraded":3,"win_rate":0.0,"timestamp":1614129065,"path_taken":["M","?","M","?","?","R","$","E","T","R","E","M","E","M","R","BOSS","M","M","?","M","$","E"],"items_purchased_type":["Relic","Potion","Potion","Potion","Card"],"build_version":"2020-12-22","purchased_purges":1,"victory":false,"max_hp_per_floor":[75,75,75,75,75,75,75,75,75,75,75,75,75,75,75,75,75,75,75,75,75,75,75,75],"relic_stats":{"counters":[13,63],"Shuriken":[4],"Bronze Scales":[213],"Snecko Eye":[26,33,31,28],"obtain_stats":[{"Potion Belt":9,"Shuriken":13,"Bronze Scales":7,"Oddly Smooth Stone":11,"Snecko Eye":17,"Spirit Poop":20,"Ancient Tea Set":8,"Burning Blood":0},{"Potion Belt":4,"Shuriken":7,"Bronze Scales":3,"Oddly Smooth Stone":5,"Snecko Eye":9,"Spirit Poop":11,"Ancient Tea Set":4,"Burning Blood":0},{"Potion Belt":13,"Shuriken":28,"Bronze Scales":11,"Oddly Smooth Stone":19,"Snecko Eye":45,"Spirit Poop":52,"Ancient Tea Set":13,"Burning Blood":0}],"Burning Blood":72},"card_choices":[{"not_picked":["Deep Breath","Blind"],"picked":"Jack Of All Trades","floor":0},{"not_picked":["Disarm","Headbutt"],"picked":"Pommel Strike","floor":1},{"not_picked":["Sever Soul","Dual Wield"],"picked":"Whirlwind","floor":3},{"not_picked":["Power Through","Sentinel"],"picked":"True Grit","floor":5},{"not_picked":["Whirlwind","Iron Wave"],"picked":"Bloodletting","floor":8},{"not_picked":["Cleave","Bludgeon","Flex"],"picked":"SKIP","floor":11},{"not_picked":["Iron Wave","Blood for Blood"],"picked":"Shrug It Off","floor":12},{"not_picked":["Iron Wave","Flex"],"picked":"Shrug It Off","floor":13},{"not_picked":["Double Tap","Thunderclap"],"picked":"Iron Wave","floor":14},{"not_picked":["Limit Break","Brutality"],"picked":"Barricade","floor":16},{"not_picked":["Rampage+1","Flex","Pommel Strike"],"picked":"SKIP","floor":18},{"not_picked":["True Grit","Dropkick"],"picked":"Body Slam","floor":19},{"not_picked":["Havoc","True Grit","Headbutt+1"],"picked":"SKIP","floor":21}],"player_experience":796998,"relics_obtained":[{"floor":8,"key":"Ancient Tea Set"},{"floor":9,"key":"Potion Belt"},{"floor":11,"key":"Oddly Smooth Stone"},{"floor":13,"key":"Shuriken"}],"event_choices":[{"damage_healed":0,"gold_gain":150,"player_choice":"AGREE","damage_taken":0,"max_hp_gain":0,"max_hp_loss":0,"event_name":"Liars Game","floor":2,"gold_loss":0,"cards_obtained":["Doubt"]},{"cards_removed":["Strike_R"],"damage_healed":0,"gold_gain":0,"player_choice":"Purged","damage_taken":0,"max_hp_gain":0,"max_hp_loss":0,"event_name":"Purifier","floor":4,"gold_loss":0},{"cards_removed":["Doubt"],"damage_healed":0,"gold_gain":0,"player_choice":"Offered Curse","damage_taken":0,"relics_obtained":["Spirit Poop"],"max_hp_gain":0,"max_hp_loss":0,"event_name":"Bonfire Elementals","floor":20,"gold_loss":0}],"is_beta":false,"boss_relics":[{"not_picked":["Runic Cube","Calling Bell"],"picked":"Snecko Eye"}],"items_purged_floors":[7],"is_endless":false,"potions_floor_spawned":[3,8,11,13,14,21],"killed_by":"Book of Stabbing","ascension_level":20}}