{"host":"qp7xs8nuzfsyommi","time":1614195336,"event":{"mods":["2.2 Compatiblity","BaseMod","Colored Powertips","DeckTracker","Highlight Path","Minty Spire (QoL Compilation)","Permanent Neow","Quick Restart","StSLib","Weighted Paths"],"gold_per_floor":[33,90,125,185,185,238,69,97,97,150,150,166,166,200,200,271,271,302,336,146,61,61,61],"floor_reached":22,"language":"ENG","playtime":956,"items_purged":[],"score":412,"play_id":"90a887e3-1bb2-46c0-82fd-1da0f4a235f3","local_time":"20210224143536","is_ascension_mode":true,"campfire_choices":[{"floor":11.0,"key":"REST"},{"data":"Loop","floor":13.0,"key":"SMITH"},{"data":"Recycle","floor":15.0,"key":"SMITH"}],"circlet_count":0,"master_deck":["AscendersBane","Zap","Dualcast","HandOfGreed","Glacier","Compile Driver","Beam Cell","Gash","Capacitor","Reboot","All For One","Loop+1","Recycle+1","Rainbow","Streamline","Meteor Strike","Steam Power","Hello World","Cold Snap","Recycle","Core Surge","Coolheaded","Turbo","Chrysalis"],"relics":["Cracked Core","Anchor","PreservedInsect","Pantograph","Blue Candle","Bottled Tornado","Pandora\u0027s Box","Unceasing Top"],"acts_visited":["Exordium","TheCity"],"potions_floor_usage":[22],"damage_taken":[{"damage":2.0,"enemies":"Jaw Worm","floor":1.0,"turns":3.0},{"damage":0.0,"enemies":"Small Slimes","floor":2.0,"turns":3.0},{"damage":0.0,"enemies":"Cultist","floor":3.0,"turns":4.0},{"damage":10.0,"enemies":"Exordium Thugs","floor":4.0,"turns":4.0},{"damage":4.0,"enemies":"Gremlin Nob","floor":6.0,"turns":3.0},{"damage":20.0,"enemies":"Lagavulin","floor":8.0,"turns":4.0},{"damage":5.0,"enemies":"Gremlin Nob","floor":10.0,"turns":3.0},{"damage":0.0,"enemies":"Looter","floor":12.0,"turns":3.0},{"damage":2.0,"enemies":"Exordium Wildlife","floor":14.0,"turns":4.0},{"damage":42.0,"enemies":"Hexaghost","floor":16.0,"turns":9.0},{"damage":41.0,"enemies":"3 Byrds","floor":18.0,"turns":6.0},{"damage":8.0,"enemies":"Chosen","floor":19.0,"turns":3.0},{"damage":9,"enemies":"Centurion and Healer","floor":22,"turns":1}],"seed_played":"-1683927595009392118","potions_obtained":[{"floor":1.0,"key":"CultistPotion"},{"floor":4.0,"key":"Explosive Potion"},{"floor":6.0,"key":"Dexterity Potion"},{"floor":8.0,"key":"FearPotion"},{"floor":19.0,"key":"DuplicationPotion"}],"is_trial":false,"path_per_floor":["M","M","M","M","?","E","$","E","T","E","R","M","R","M","R","B",null,"M","M","$","?","M"],"character_chosen":"DEFECT","items_purchased":["PreservedInsect","Chrysalis"],"campfire_rested":1,"item_purchase_floors":[7,20],"current_hp_per_floor":[62,62,62,52,45,41,41,21,21,16,37,37,37,35,35,18,58,17,9,9,9,0,0],"gold":61,"neow_bonus":"RANDOM_COLORLESS_2","is_daily":false,"chose_seed":false,"campfire_upgraded":2,"win_rate":0.0,"timestamp":1614195336,"path_taken":["M","M","M","M","?","E","$","E","T","E","R","M","R","M","R","BOSS","M","M","$","?","M"],"items_purchased_type":["Relic","Card"],"build_version":"2020-12-22","purchased_purges":0,"victory":false,"max_hp_per_floor":[71,71,71,71,71,71,71,71,71,71,71,71,71,71,71,71,71,71,71,71,71,71,71],"card_choices":[{"not_picked":["The Bomb","Secret Technique"],"picked":"HandOfGreed","floor":0.0},{"not_picked":["Sweeping Beam","Compile Driver"],"picked":"Glacier","floor":1.0},{"not_picked":["Reinforced Body","Stack"],"picked":"Compile Driver","floor":2.0},{"not_picked":["Capacitor","Rebound"],"picked":"Beam Cell","floor":3.0},{"not_picked":["Blizzard","Steam"],"picked":"Gash","floor":4.0},{"not_picked":["Tempest","Steam"],"picked":"Capacitor","floor":6.0},{"not_picked":["Compile Driver","Sweeping Beam"],"picked":"Reboot","floor":8.0},{"not_picked":["Gash","Turbo"],"picked":"All For One","floor":10.0},{"not_picked":["Leap","Rebound"],"picked":"Loop","floor":12.0},{"not_picked":["Go for the Eyes","Sweeping Beam"],"picked":"Recycle","floor":14.0},{"not_picked":["Creative AI","Seek"],"picked":"Rainbow","floor":16.0},{"not_picked":["Ball Lightning","Leap"],"picked":"Coolheaded","floor":18.0},{"not_picked":["Rebound","Sweeping Beam"],"picked":"Turbo","floor":19.0}],"player_experience":1507105,"relics_obtained":[{"floor":6.0,"key":"Anchor"},{"floor":8.0,"key":"Pantograph"},{"floor":9.0,"key":"Blue Candle"},{"floor":10.0,"key":"Bottled Tornado"}],"event_choices":[{"cards_removed":["Strike_B"],"damage_healed":0.0,"max_hp_gain":0.0,"max_hp_loss":0.0,"gold_gain":0.0,"event_name":"Golden Wing","player_choice":"Card Removal","floor":5.0,"gold_loss":0.0,"damage_taken":7.0},{"damage_healed":0.0,"max_hp_gain":0.0,"max_hp_loss":0.0,"gold_gain":0.0,"event_name":"Addict","player_choice":"Obtained Relic","floor":21.0,"gold_loss":85.0,"damage_taken":0.0,"relics_obtained":["Unceasing Top"]}],"is_beta":false,"boss_relics":[{"not_picked":["Runic Dome","Fusion Hammer"],"picked":"Pandora\u0027s Box"}],"items_purged_floors":[],"is_endless":false,"potions_floor_spawned":[1,4,6,8,12,19],"killed_by":"Centurion and Healer","ascension_level":20}}