{"host":"73bw5seuoedfmnty","time":1614136136,"event":{"mods":["AchievementEnabler","Ascension Reborn","Aspiration","Bard","BaseMod","CCEM2","Challenge The Spire","Conspire","Curses Come First","Custom Start","Downfall","Emptier Cage","Gremlin Mod","Halation","Hubris","Infinite Spire","Marked Mod","Minty Spire (QoL Compilation)","Permanent Neow","Reliquary","Replay The Spire","Robot Space Explorer","Somnambulant","Spikes Relics","StSLib","The Cursed","The Disciple","The Jungle","The Senshi","thorton"],"gold_per_floor":[109,121,137,107,127,127,127],"floor_reached":6,"language":"ENG","playtime":3703,"items_purged":[],"score":38,"play_id":"5ddba72c-453f-439b-a165-558a88237f3e","local_time":"20210223190856","is_ascension_mode":true,"campfire_choices":[],"circlet_count":0,"master_deck":["Strike_G","Strike_G","Strike_G","Strike_G","Defend_G","Defend_G","Defend_G","Defend_G","Defend_G","Survivor","Neutralize","Well Laid Plans","ReplayTheSpireMod:Scrap Shanks","Acrobatics","hubris:SlightOfHand","conspire:DoublingDagger","Sneak Up"],"relics":["Ring of the Snake"],"acts_visited":["Exordium"],"potions_floor_usage":[5,6],"damage_taken":[{"damage":2,"enemies":"2 Louse","floor":1,"turns":4},{"damage":4,"enemies":"Cultist","floor":2,"turns":6},{"damage":6,"enemies":"Jaw Worm","floor":3,"turns":8},{"damage":5,"enemies":"Looter","floor":4,"turns":4},{"damage":15,"enemies":"3 Louse","floor":5,"turns":5},{"damage":49,"enemies":"Lagavulin","floor":6,"turns":9}],"seed_played":"-7152452367002169150","potions_obtained":[{"floor":1,"key":"champ:CounterPotion"},{"floor":2,"key":"Energy Potion"}],"is_trial":false,"path_per_floor":["M","M","M","M","M","E"],"character_chosen":"THE_SILENT","items_purchased":[],"campfire_rested":0,"item_purchase_floors":[],"current_hp_per_floor":[68,64,58,53,38,0,0],"gold":127,"neow_bonus":"TRANSFORM_CARD","is_daily":false,"chose_seed":false,"campfire_upgraded":0,"win_rate":0.0,"timestamp":1614136136,"path_taken":["M","M","M","M","M","E"],"items_purchased_type":[],"build_version":"2020-12-22","purchased_purges":0,"victory":false,"max_hp_per_floor":[70,70,70,70,70,70,70],"card_choices":[{"not_picked":["Sucker Punch","Deflect"],"picked":"ReplayTheSpireMod:Scrap Shanks","floor":1},{"not_picked":["Deflect","Dodge and Roll"],"picked":"Acrobatics","floor":2},{"not_picked":["Deadly Poison","Backflip"],"picked":"hubris:SlightOfHand","floor":3},{"not_picked":["Prepared","ReplayTheSpireMod:Necrosis"],"picked":"conspire:DoublingDagger","floor":4},{"not_picked":["ShadowRift","All Out Attack"],"picked":"Sneak Up","floor":5}],"player_experience":99314,"relics_obtained":[],"event_choices":[],"is_beta":false,"boss_relics":[],"items_purged_floors":[],"is_endless":false,"potions_floor_spawned":[1,2],"killed_by":"Lagavulin","ascension_level":0}}