{"host":"bpr07pynnqpe5ded","time":1614188250,"event":{"mods":["2.2 Compatiblity","Aspiration","BaseMod","Better Third Choice","BetterRewards","Jorbs\u0027s Wanderer Trilogy","Minty Spire (QoL Compilation)","Replay The Spire","Robot Space Explorer","Shop Mod","StSLib","The Marked","TheBandit","??????REMEMod"],"gold_per_floor":[212,231,231,247,265,298,298,223,223,223,223,243,243,262,262,262,262],"floor_reached":16,"language":"ENG","playtime":743,"items_purged":["RobotSpaceExplorer:Strike"],"score":102,"play_id":"31db111f-7e80-4d04-9b56-55e65ae5427e","local_time":"20210224173730","is_ascension_mode":false,"campfire_choices":[{"data":"RobotSpaceExplorer:Discharger","floor":7,"key":"SMITH"},{"floor":10,"key":"REST"},{"data":"RobotSpaceExplorer:Electroshield","floor":13,"key":"SMITH"},{"floor":15,"key":"DIG"}],"circlet_count":0,"master_deck":["RobotSpaceExplorer:Strike","RobotSpaceExplorer:Strike","RobotSpaceExplorer:Strike","RobotSpaceExplorer:Defend","RobotSpaceExplorer:Defend","RobotSpaceExplorer:Defend","RobotSpaceExplorer:Defend","RobotSpaceExplorer:Scan","RobotSpaceExplorer:MiniLasers","ReplayTheSpireMod:Private Reserves","RobotSpaceExplorer:Discharger+1","RobotSpaceExplorer:Electroshield+1","RobotSpaceExplorer:SlimeMissile"],"relics":["RobotSpaceExplorer:RoboCore","REME_ComplimentaryCards","ReplayTheSpireMod:Ninjato","aspiration:StickyExplosives_weak","Lantern"],"acts_visited":["Exordium"],"potions_floor_usage":[2,5,16],"damage_taken":[{"damage":0,"enemies":"Cultist","floor":1,"turns":4},{"damage":0,"enemies":"Jaw Worm","floor":2,"turns":3},{"damage":0,"enemies":"2 Louse","floor":4,"turns":4},{"damage":0,"enemies":"Looter","floor":5,"turns":4},{"damage":11,"enemies":"3 Sentries","floor":6,"turns":6},{"damage":0,"enemies":"Blue Slaver","floor":12,"turns":6},{"damage":4,"enemies":"Exordium Thugs","floor":14,"turns":4},{"damage":20,"enemies":"Hexaghost","floor":16,"turns":11}],"seed_played":"-6799137716830315244","potions_obtained":[{"floor":1,"key":"RobotSpaceExplorer:RecyclePotion"},{"floor":4,"key":"Fire Potion"},{"floor":12,"key":"Block Potion"},{"floor":14,"key":"Milkshake"}],"is_trial":false,"path_per_floor":["M","M","?","M","M","E","R","$","T","R","?","M","R","M","R","B"],"character_chosen":"RobotSpaceExplorer","items_purchased":[],"campfire_rested":1,"item_purchase_floors":[],"current_hp_per_floor":[75,75,42,42,42,31,31,31,31,53,61,61,61,57,57,37,37],"gold":262,"neow_bonus":"HUNDRED_GOLD","is_daily":false,"chose_seed":false,"campfire_upgraded":2,"win_rate":0.0,"timestamp":1614188250,"path_taken":["M","M","?","M","M","E","R","$","T","R","?","?","R","M","R","BOSS"],"items_purchased_type":[],"build_version":"2020-12-22","purchased_purges":1,"victory":false,"max_hp_per_floor":[75,75,75,75,75,75,75,75,75,75,75,75,75,75,75,75,75],"card_choices":[{"not_picked":["RobotSpaceExplorer:Pulsar","RobotSpaceExplorer:SlimeMissile","RobotSpaceExplorer:Blitz"],"picked":"SKIP","floor":1},{"not_picked":["RobotSpaceExplorer:SelfCleaning","RobotSpaceExplorer:StunGrenade"],"picked":"RobotSpaceExplorer:Discharger","floor":2},{"not_picked":["RobotSpaceExplorer:BigMissile","RobotSpaceExplorer:SurgingStrike"],"picked":"RobotSpaceExplorer:Electroshield","floor":4},{"not_picked":["RobotSpaceExplorer:MakeshiftVolley","RobotSpaceExplorer:StunGrenade"],"picked":"RobotSpaceExplorer:SlimeMissile","floor":5},{"not_picked":["RobotSpaceExplorer:ScrapMissile","RobotSpaceExplorer:StunGrenade","RobotSpaceExplorer:Ammunition"],"picked":"SKIP","floor":6},{"not_picked":["RobotSpaceExplorer:MakeshiftVolley","RobotSpaceExplorer:ShockMissile","RobotSpaceExplorer:StunGrenade"],"picked":"SKIP","floor":12},{"not_picked":["RobotSpaceExplorer:FrostMissile","RobotSpaceExplorer:TurboDodge","RobotSpaceExplorer:SurgingStrike"],"picked":"SKIP","floor":14}],"player_experience":1088293,"relics_obtained":[{"floor":6,"key":"aspiration:StickyExplosives_weak"},{"floor":15,"key":"Lantern"}],"event_choices":[{"damage_healed":0,"gold_gain":0,"player_choice":"Relic ","damage_taken":33,"max_hp_gain":0,"max_hp_loss":0,"event_name":"betterThird:BetterScrap","floor":3,"gold_loss":0,"cards_obtained":["Adrenaline"]}],"is_beta":false,"boss_relics":[],"items_purged_floors":[8],"is_endless":false,"potions_floor_spawned":[1,4,12,14],"killed_by":"Hexaghost","ascension_level":0}}