{"host":"jsd6g3c2vo13e69c","time":1614149132,"event":{"mods":["2.2 Compatiblity","Act Like it!","BaseMod","Better Altar","Better Match","Better Note","Better Sensory Stone","Better Third Choice","BetterRewards","Colored Map","Colored Powertips","Downfall","Friendly Minions","GifTheSpireLib","Googly Eyes","Gremlin Mod","Hermit","Hubris","Infinite Spire","Melee Mod","Minty Spire (QoL Compilation)","Permanent Neow","Quick Restart","Random Character Button","Replay The Spire","Shop Mod","Spire Arcade","StSLib","The Cursed","The Disciple","The Forsaken","thorton"],"gold_per_floor":[112,112,112,112,128,163,179,179,179,202,215,67,67,88,88,88,88],"floor_reached":16,"language":"ENG","playtime":968,"items_purged":[],"score":112,"play_id":"4182ae24-fee6-4da2-bf43-80a20f8f30b1","local_time":"20210224014532","is_ascension_mode":true,"campfire_choices":[{"data":"PathToVictory","floor":8.0,"key":"SMITH"},{"data":"ThirdEye","floor":13.0,"key":"SMITH"},{"floor":15.0,"key":"REST"}],"circlet_count":0,"master_deck":["Strike_P+1","Strike_P","Strike_P","Defend_P","Defend_P","Defend_P+1","Defend_P","Eruption","Vigilance","JustLucky","ThirdEye+1","PathToVictory+1","ThirdEye"],"relics":["PureWater","Golden Idol","Ancient Tea Set","Eternal Feather","Happy Flower"],"acts_visited":[],"potions_floor_usage":[],"damage_taken":[{"damage":2.0,"enemies":"Jaw Worm","floor":1.0,"turns":4.0},{"damage":0.0,"enemies":"Small Slimes","floor":5.0,"turns":3.0},{"damage":31.0,"enemies":"Gremlin Nob","floor":6.0,"turns":4.0},{"damage":0.0,"enemies":"2 Louse","floor":7.0,"turns":2.0},{"damage":0.0,"enemies":"Blue Slaver","floor":10.0,"turns":4.0},{"damage":0.0,"enemies":"3 Louse","floor":11.0,"turns":2.0},{"damage":11.0,"enemies":"Gremlin Gang","floor":14.0,"turns":5.0},{"damage":0,"enemies":"Slime Boss","floor":16,"turns":1}],"seed_played":"-6252896330573877960","potions_obtained":[{"floor":7.0,"key":"BottledMiracle"},{"floor":10.0,"key":"Ancient Potion"}],"is_trial":false,"path_per_floor":["M","?","?","?","M","E","M","R","T","M","M","$","R","M","R","B"],"character_chosen":"WATCHER","items_purchased":["Happy Flower"],"campfire_rested":1,"item_purchase_floors":[12],"current_hp_per_floor":[77,77,58,42,42,11,11,11,11,11,11,11,17,6,35,35,35],"gold":88,"neow_bonus":"TEN_PERCENT_HP_BONUS","is_daily":false,"chose_seed":false,"campfire_upgraded":2,"win_rate":0.0,"timestamp":1614149132,"path_taken":["M","?","?","?","M","E","M","R","T","M","?","$","R","M","R","BOSS"],"items_purchased_type":["Relic"],"build_version":"2020-12-22","purchased_purges":0,"victory":false,"max_hp_per_floor":[79,79,79,79,79,79,79,79,79,79,79,79,79,79,79,79,79],"card_choices":[{"not_picked":["Protect","ClearTheMind"],"picked":"JustLucky","floor":1.0},{"not_picked":["CrushJoints","FlurryOfBlows"],"picked":"ThirdEye","floor":5.0},{"not_picked":["WreathOfFlame","Perseverance","Weave"],"picked":"SKIP","floor":6.0},{"not_picked":["DeceiveReality","Protect"],"picked":"PathToVictory","floor":7.0},{"not_picked":["CarveReality","EmptyMind","FlyingSleeves"],"picked":"SKIP","floor":10.0},{"not_picked":["EmptyMind","Vengeance"],"picked":"ThirdEye","floor":11.0},{"not_picked":["FollowUp","Evaluate","BowlingBash"],"picked":"SKIP","floor":14.0}],"player_experience":432579,"relics_obtained":[{"floor":6.0,"key":"Ancient Tea Set"},{"floor":9.0,"key":"Eternal Feather"}],"event_choices":[{"cards_removed":["Strike_P"],"damage_healed":0.0,"max_hp_gain":0.0,"max_hp_loss":0.0,"gold_gain":0.0,"event_name":"Living Wall","player_choice":"Forget","floor":2.0,"gold_loss":0.0,"damage_taken":0.0},{"damage_healed":0.0,"max_hp_gain":0.0,"max_hp_loss":0.0,"gold_gain":0.0,"event_name":"Golden Idol","player_choice":"Take Damage","floor":3.0,"gold_loss":0.0,"damage_taken":19.0,"relics_obtained":["Golden Idol"]},{"damage_healed":0.0,"max_hp_gain":0.0,"max_hp_loss":0.0,"gold_gain":0.0,"event_name":"Shining Light","player_choice":"Entered Light","floor":4.0,"gold_loss":0.0,"damage_taken":16.0,"cards_upgraded":["Defend_P","Strike_P"]}],"is_beta":false,"boss_relics":[],"items_purged_floors":[],"is_endless":false,"potions_floor_spawned":[7,10],"killed_by":"Slime Boss","ascension_level":2}}