{"host":"9v3x998ddbx8o276","time":1614140663,"event":{"mods":["AchievementEnabler","BaseMod","Colored Map","Colored Powertips","Highlight Path","Minty Spire (QoL Compilation)","Quick Restart","Rare Cards Sparkle"],"gold_per_floor":[16,16,28,101,111,111,140,140,140,154,12,12,12,38,38,114,114,131,131,91,91],"floor_reached":20,"language":"ENG","playtime":447,"items_purged":[],"score":360,"play_id":"94d2367f-93ba-4783-8a38-310ae7dfc16a","local_time":"20210224145423","is_ascension_mode":true,"campfire_choices":[{"data":"Pummel","floor":6,"key":"SMITH"},{"data":"Whirlwind","floor":8,"key":"SMITH"},{"data":"Inflame","floor":12,"key":"SMITH"},{"data":"Rupture","floor":15,"key":"SMITH"}],"circlet_count":0,"master_deck":["AscendersBane","Strike_R","Strike_R","Strike_R","Strike_R","Defend_R","Defend_R","Defend_R","Defend_R","Bash+1","Juggernaut","Inflame+1","Pummel+1","Wild Strike","Whirlwind+1","Rampage","Rupture+1","Bloodletting","Demon Form","Twin Strike"],"relics":["Black Blood","StoneCalendar","Bottled Tornado","Ornamental Fan","Strawberry"],"acts_visited":["Exordium","TheCity"],"potions_floor_usage":[7,14,16,20],"damage_taken":[{"damage":7,"enemies":"Cultist","floor":1,"turns":4},{"damage":12,"enemies":"2 Louse","floor":3,"turns":4},{"damage":7,"enemies":"Jaw Worm","floor":5,"turns":3},{"damage":15,"enemies":"Lagavulin","floor":7,"turns":4},{"damage":7,"enemies":"Exordium Thugs","floor":10,"turns":4},{"damage":5,"enemies":"3 Sentries","floor":14,"turns":3},{"damage":44,"enemies":"Hexaghost","floor":16,"turns":7},{"damage":60,"enemies":"Shell Parasite","floor":18,"turns":5},{"damage":12,"enemies":"2 Thieves","floor":20,"turns":2}],"seed_played":"8339067070736133104","potions_obtained":[{"floor":5,"key":"SteroidPotion"},{"floor":7,"key":"AttackPotion"},{"floor":14,"key":"LiquidBronze"},{"floor":18,"key":"FearPotion"}],"is_trial":false,"path_per_floor":["M","?","M","?","M","R","E","R","T","M","$","R","T","E","R","B",null,"M","?","M"],"character_chosen":"IRONCLAD","items_purchased":["Rupture","Fire Potion"],"campfire_rested":0,"item_purchase_floors":[11,11],"current_hp_per_floor":[67,67,61,61,60,60,51,51,51,50,50,50,50,58,58,20,67,19,19,7,7],"gold":91,"neow_bonus":"THREE_RARE_CARDS","is_daily":false,"chose_seed":false,"campfire_upgraded":4,"win_rate":0.0,"timestamp":1614140663,"path_taken":["M","?","M","?","M","R","E","R","T","M","$","R","?","E","R","BOSS","M","?","M"],"items_purchased_type":["Card","Potion"],"build_version":"2020-12-22","purchased_purges":0,"victory":false,"max_hp_per_floor":[75,75,75,75,75,75,75,75,75,75,75,75,75,82,82,82,82,82,82,82,82],"card_choices":[{"not_picked":["Berserk","Exhume"],"picked":"Juggernaut","floor":0},{"not_picked":["Havoc","Sever Soul"],"picked":"Inflame","floor":1},{"not_picked":["Thunderclap","True Grit"],"picked":"Pummel","floor":3},{"not_picked":["Thunderclap","Dual Wield"],"picked":"Wild Strike","floor":5},{"not_picked":["Dual Wield","Armaments"],"picked":"Whirlwind","floor":7},{"not_picked":["Sever Soul","Wild Strike"],"picked":"Rampage","floor":10},{"not_picked":["Exhume","Wild Strike"],"picked":"Bloodletting","floor":14},{"not_picked":["Juggernaut","Impervious"],"picked":"Demon Form","floor":16},{"not_picked":["Perfected Strike","Headbutt"],"picked":"Twin Strike","floor":18}],"player_experience":2251608,"relics_obtained":[{"floor":7,"key":"StoneCalendar"},{"floor":9,"key":"Bottled Tornado"},{"floor":13,"key":"Ornamental Fan"},{"floor":14,"key":"Strawberry"}],"event_choices":[{"damage_healed":0,"gold_gain":0,"player_choice":"Grow","damage_taken":0,"max_hp_gain":0,"max_hp_loss":0,"event_name":"Living Wall","floor":2,"gold_loss":0,"cards_upgraded":["Bash"]},{"damage_healed":0,"gold_gain":73,"player_choice":"Gained Gold","damage_taken":0,"max_hp_gain":0,"max_hp_loss":0,"event_name":"Golden Wing","floor":4,"gold_loss":0},{"cards_removed":["Strike_R"],"damage_healed":0,"gold_gain":0,"player_choice":"Elegance","damage_taken":0,"max_hp_gain":0,"max_hp_loss":0,"event_name":"Back to Basics","floor":19,"gold_loss":0}],"is_beta":false,"boss_relics":[{"not_picked":["Philosopher\u0027s Stone","Fusion Hammer"],"picked":"Black Blood"}],"items_purged_floors":[],"is_endless":false,"potions_floor_spawned":[5,7,14,18],"killed_by":"2 Thieves","ascension_level":20}}