{"host":"254qdhpnbonm8z0p","time":1614156689,"event":{"mods":["AchievementEnabler","BaseMod","Block Reminder","Colored Map","Colored Powertips","Minty Spire (QoL Compilation)","SuperFastMode","ojb\u0027s Better Paths Mod"],"gold_per_floor":[115,129,129,129,143,143,176,176,176,176,202,27,38,52,52,155,155,170,180,197,52,52,78,78,90,90,118,118,129,129,144,144,248,248,259,0,0,17,29,40,40,40,65,65,65,65,65,65,65,65],"floor_reached":51,"language":"ENG","playtime":4164,"items_purged":["Defend_R"],"score":704,"play_id":"6e1e34c9-516f-43cd-8513-42fc5fba4eda","local_time":"20210224005129","is_ascension_mode":true,"campfire_choices":[{"data":"Pommel Strike","floor":6.0,"key":"SMITH"},{"data":"Blood for Blood","floor":8.0,"key":"SMITH"},{"data":"Bash","floor":10.0,"key":"SMITH"},{"data":"Feed","floor":15.0,"key":"SMITH"},{"floor":24.0,"key":"REST"},{"data":"Barricade","floor":30.0,"key":"SMITH"},{"floor":32.0,"key":"REST"},{"floor":44.0,"key":"REST"},{"data":"Double Tap","floor":46.0,"key":"SMITH"},{"floor":49.0,"key":"REST"}],"circlet_count":0,"master_deck":["Strike_R+1","Strike_R+1","Strike_R+1","Strike_R+1","Strike_R+1","Defend_R+1","Defend_R+1","Bash+1","Pommel Strike+1","Clash","Blood for Blood+1","Clash","Shrug It Off","Clash","Feed+1","Double Tap+1","CurseOfTheBell","Barricade+1","Carnage","Perfected Strike+1","Juggernaut","Sever Soul+1","Spot Weakness","Madness","Madness"],"relics":["Burning Blood","Ice Cream","CultistMask","Nunchaku","Question Card","Pen Nib","Calling Bell","Anchor","Gremlin Horn","Unceasing Top","Lantern","PreservedInsect","Mummified Hand","Happy Flower","Black Star","Red Mask","Ornamental Fan","Toy Ornithopter"],"acts_visited":["Exordium","TheCity","TheBeyond"],"potions_floor_usage":[50,50],"damage_taken":[{"damage":3.0,"enemies":"Small Slimes","floor":1.0,"turns":4.0},{"damage":8.0,"enemies":"Jaw Worm","floor":2.0,"turns":3.0},{"damage":1.0,"enemies":"Cultist","floor":5.0,"turns":3.0},{"damage":22.0,"enemies":"Gremlin Nob","floor":7.0,"turns":4.0},{"damage":16.0,"enemies":"Lagavulin","floor":11.0,"turns":5.0},{"damage":0.0,"enemies":"Large Slime","floor":13.0,"turns":2.0},{"damage":0.0,"enemies":"3 Louse","floor":14.0,"turns":2.0},{"damage":32.0,"enemies":"The Guardian","floor":16.0,"turns":7.0},{"damage":18.0,"enemies":"3 Byrds","floor":18.0,"turns":5.0},{"damage":0.0,"enemies":"Chosen","floor":19.0,"turns":4.0},{"damage":20.0,"enemies":"Centurion and Healer","floor":20.0,"turns":4.0},{"damage":38.0,"enemies":"Book of Stabbing","floor":23.0,"turns":6.0},{"damage":11.0,"enemies":"Chosen and Byrds","floor":25.0,"turns":5.0},{"damage":22.0,"enemies":"Slavers","floor":27.0,"turns":4.0},{"damage":30.0,"enemies":"Snecko","floor":29.0,"turns":4.0},{"damage":21.0,"enemies":"Shelled Parasite and Fungi","floor":31.0,"turns":5.0},{"damage":40.0,"enemies":"Champ","floor":33.0,"turns":10.0},{"damage":0.0,"enemies":"Orb Walker","floor":35.0,"turns":2.0},{"damage":35.0,"enemies":"3 Darklings","floor":38.0,"turns":3.0},{"damage":7.0,"enemies":"Sphere and 2 Shapes","floor":39.0,"turns":15.0},{"damage":34.0,"enemies":"Spire Growth","floor":40.0,"turns":4.0},{"damage":0.0,"enemies":"3 Darklings","floor":41.0,"turns":2.0},{"damage":98,"enemies":"Donu and Deca","floor":50,"turns":9}],"seed_played":"-1527355746232411175","potions_obtained":[{"floor":2.0,"key":"Strength Potion"},{"floor":7.0,"key":"Dexterity Potion"},{"floor":11.0,"key":"ElixirPotion"},{"floor":14.0,"key":"Swift Potion"},{"floor":25.0,"key":"SmokeBomb"},{"floor":39.0,"key":"GamblersBrew"},{"floor":40.0,"key":"Block Potion"}],"is_trial":false,"path_per_floor":["M","M","?","?","M","R","E","R","T","R","E","$","M","M","R","B",null,"M","M","M","$","?","E","R","M","T","E","?","M","R","M","R","B",null,"M","?","?","M","M","M","M","T","T","R","$","R","?","$","R","B",null],"character_chosen":"IRONCLAD","items_purchased":["Fruit Juice","Lantern"],"campfire_rested":4,"item_purchase_floors":[12,21],"current_hp_per_floor":[72,70,70,70,72,72,56,56,56,56,46,46,52,63,63,41,81,73,79,65,65,65,37,63,62,62,50,50,26,26,15,45,11,101,101,101,101,76,79,51,57,57,57,89,89,89,75,75,107,25],"gold":65,"neow_bonus":"ONE_RARE_RELIC","is_daily":false,"chose_seed":false,"campfire_upgraded":6,"win_rate":0.0,"timestamp":1614156689,"path_taken":["M","M","?","?","M","R","E","R","T","R","E","$","?","M","R","BOSS","M","M","M","$","?","E","R","M","T","E","?","?","R","M","R","BOSS","M","?","?","M","M","M","M","?","T","R","$","R","?","?","R","BOSS"],"items_purchased_type":["Potion","Relic"],"build_version":"2020-12-22","purchased_purges":1,"victory":true,"max_hp_per_floor":[72,72,72,72,72,72,72,72,72,72,72,72,72,77,77,81,81,85,85,85,85,85,89,89,93,93,97,97,97,97,101,101,101,101,101,101,101,105,109,109,109,109,109,109,109,109,109,109,109,109],"card_choices":[{"not_picked":["Disarm","Warcry"],"picked":"Pommel Strike","floor":1.0},{"not_picked":["Sentinel","Twin Strike"],"picked":"Clash","floor":2.0},{"not_picked":["Warcry","Anger"],"picked":"Blood for Blood","floor":5.0},{"not_picked":["Seeing Red","Body Slam"],"picked":"Clash","floor":7.0},{"not_picked":["Burning Pact","Iron Wave","Dropkick"],"picked":"Shrug It Off","floor":11.0},{"not_picked":["Havoc","Twin Strike","Warcry"],"picked":"Clash","floor":13.0},{"not_picked":["Evolve","Shrug It Off","Pommel Strike"],"picked":"Feed","floor":14.0},{"not_picked":["Reaper","Feed","Berserk"],"picked":"Double Tap","floor":16.0},{"not_picked":["Cleave","Rupture+1","Clothesline","Havoc+1"],"picked":"SKIP","floor":18.0},{"not_picked":["Thunderclap","Searing Blow","Dual Wield"],"picked":"Barricade","floor":19.0},{"not_picked":["Feel No Pain+1","Shrug It Off+1","Sword Boomerang","Warcry+1"],"picked":"SKIP","floor":20.0},{"not_picked":["Whirlwind","Clothesline","Clash"],"picked":"Carnage","floor":23.0},{"not_picked":["Flame Barrier","Warcry","Feel No Pain"],"picked":"Perfected Strike+1","floor":25.0},{"not_picked":["Reckless Charge+1","Anger","Sword Boomerang","Whirlwind+1"],"picked":"SKIP","floor":27.0},{"not_picked":["Immolate","Clothesline","Iron Wave","Armaments"],"picked":"SKIP","floor":29.0},{"not_picked":["Anger","Sword Boomerang","Flame Barrier","Shrug It Off+1"],"picked":"SKIP","floor":31.0},{"not_picked":["Feed","Reaper","Bludgeon"],"picked":"Juggernaut","floor":33.0},{"not_picked":["Cleave","Anger+1","Pommel Strike"],"picked":"Sever Soul+1","floor":35.0},{"not_picked":["Wild Strike+1","Thunderclap","Berserk","Iron Wave"],"picked":"SKIP","floor":38.0},{"not_picked":["Anger","Heavy Blade","Flame Barrier"],"picked":"Spot Weakness","floor":39.0},{"not_picked":["Whirlwind+1","Dark Embrace","Clothesline+1","Evolve+1"],"picked":"SKIP","floor":40.0}],"player_experience":157473,"relics_obtained":[{"floor":7.0,"key":"Nunchaku"},{"floor":9.0,"key":"Question Card"},{"floor":11.0,"key":"Pen Nib"},{"floor":17.0,"key":"Anchor"},{"floor":17.0,"key":"Gremlin Horn"},{"floor":17.0,"key":"Unceasing Top"},{"floor":23.0,"key":"PreservedInsect"},{"floor":26.0,"key":"Mummified Hand"},{"floor":27.0,"key":"Happy Flower"},{"floor":42.0,"key":"Ornamental Fan"},{"floor":43.0,"key":"Toy Ornithopter"}],"event_choices":[{"damage_healed":0.0,"max_hp_gain":0.0,"max_hp_loss":0.0,"gold_gain":0.0,"event_name":"Liars Game","player_choice":"Ignored","floor":3.0,"gold_loss":0.0,"damage_taken":0.0},{"damage_healed":0.0,"max_hp_gain":0.0,"max_hp_loss":0.0,"gold_gain":0.0,"event_name":"FaceTrader","player_choice":"Trade","floor":4.0,"gold_loss":0.0,"damage_taken":0.0,"relics_obtained":["CultistMask"]},{"damage_healed":0.0,"max_hp_gain":0.0,"max_hp_loss":0.0,"gold_gain":0.0,"event_name":"Back to Basics","player_choice":"Simplicity","floor":22.0,"gold_loss":0.0,"damage_taken":0.0,"cards_upgraded":["Strike_R","Strike_R","Strike_R","Strike_R","Strike_R","Defend_R","Defend_R","Defend_R"]},{"damage_healed":0.0,"max_hp_gain":0.0,"max_hp_loss":0.0,"gold_gain":0.0,"event_name":"Cursed Tome","player_choice":"Ignored","floor":28.0,"gold_loss":0.0,"damage_taken":0.0},{"damage_healed":0.0,"max_hp_gain":0.0,"max_hp_loss":0.0,"gold_gain":0.0,"event_name":"Tomb of Lord Red Mask","player_choice":"Paid","floor":36.0,"gold_loss":259.0,"damage_taken":0.0,"relics_obtained":["Red Mask"]},{"cards_removed":["Defend_R"],"damage_healed":0.0,"max_hp_gain":0.0,"max_hp_loss":0.0,"gold_gain":0.0,"event_name":"Falling","player_choice":"Removed Skill","floor":37.0,"gold_loss":0.0,"damage_taken":0.0},{"damage_healed":0.0,"max_hp_gain":0.0,"max_hp_loss":0.0,"gold_gain":0.0,"event_name":"Winding Halls","player_choice":"Embrace Madness","floor":47.0,"gold_loss":0.0,"damage_taken":14.0,"cards_obtained":["Madness","Madness"]}],"is_beta":false,"boss_relics":[{"not_picked":["Ectoplasm","Runic Dome"],"picked":"Calling Bell"},{"not_picked":["Pandora\u0027s Box","SacredBark"],"picked":"Black Star"}],"items_purged_floors":[12],"is_endless":false,"potions_floor_spawned":[2,7,11,14,18,25,27,39,40,41],"ascension_level":1}}