{"host":"jh7kh5nqtgzr3auj","time":1614162635,"event":{"mods":["AchievementEnabler","Act Like it!","BaseMod","Colored Powertips","Downfall","Good Game Mod","Minty Spire (QoL Compilation)","Quick Restart","Relic Stats","Replay The Spire","StSLib","TestMod","WarShipGirlsR/’ΩΩ¢…Ÿ≈ÆR mod"],"gold_per_floor":[115,115,127,145,163,191,116,116,143,143,143,143],"floor_reached":11,"language":"ZHS","playtime":498,"items_purged":["Regret"],"score":77,"play_id":"63f47f92-051d-4cd8-a88e-764c43cb7a75","local_time":"20210224183035","is_ascension_mode":true,"campfire_choices":[{"data":"Glacier","floor":8,"key":"SMITH"}],"circlet_count":0,"master_deck":["Strike_B+1","Defend_B","Defend_B","Defend_B","Defend_B","Zap","Dualcast","testmod-ChaoticCore","Steam+1","BasicCrystalCard","Glacier+1","Double Energy"],"relics":["Cracked Core","REME:ComplimentaryCards","testmod-TestBox","testmod-Brilliant","Dream Catcher"],"acts_visited":["Exordium"],"potions_floor_usage":[11,11],"damage_taken":[{"damage":4,"enemies":"Small Slimes","floor":1,"turns":2},{"damage":8,"enemies":"Jaw Worm","floor":3,"turns":4},{"damage":2,"enemies":"Cultist","floor":4,"turns":3},{"damage":0,"enemies":"3 Louse","floor":5,"turns":1},{"damage":20,"enemies":"3 Sentries","floor":6,"turns":12},{"damage":27,"enemies":"Gremlin Nob","floor":11,"turns":4}],"seed_played":"-7964352572910449252","potions_obtained":[{"floor":3,"key":"SpeedPotion"},{"floor":5,"key":"Explosive Potion"}],"is_trial":false,"path_per_floor":["M","?","M","M","M","E","$","R","T","?","E"],"character_chosen":"DEFECT","items_purchased":[],"campfire_rested":0,"item_purchase_floors":[],"current_hp_per_floor":[71,56,48,46,46,26,26,26,26,26,0,0],"gold":143,"neow_bonus":"TRANSFORM_TWO_CARDS","is_daily":false,"chose_seed":false,"campfire_upgraded":1,"win_rate":0.0,"timestamp":1614162635,"path_taken":["M","?","M","M","M","E","$","R","T","?","E"],"items_purchased_type":[],"build_version":"2020-12-22","purchased_purges":1,"victory":false,"max_hp_per_floor":[75,75,75,75,75,75,75,75,75,75,75,75],"relic_stats":{"Dream Catcher":0,"counters":[6,26],"obtain_stats":[{"testmod-Brilliant":0,"REME:ComplimentaryCards":0,"Dream Catcher":6,"testmod-TestBox":0,"Cracked Core":0},{"testmod-Brilliant":0,"REME:ComplimentaryCards":0,"Dream Catcher":5,"testmod-TestBox":0,"Cracked Core":0},{"testmod-Brilliant":0,"REME:ComplimentaryCards":0,"Dream Catcher":22,"testmod-TestBox":0,"Cracked Core":0}]},"card_choices":[{"not_picked":["Coolheaded","Ball Lightning"],"picked":"Steam","floor":1},{"not_picked":["Static Discharge","Streamline"],"picked":"BasicCrystalCard","floor":3},{"not_picked":["ReplayTheSpireMod:Calculation Training","Undo"],"picked":"Glacier","floor":4},{"not_picked":["Aggregate","Tempest","Leap"],"picked":"SKIP","floor":5},{"not_picked":["Streamline","Reprogram","BasicCrystalCard"],"picked":"SKIP","floor":6}],"player_experience":317097,"relics_obtained":[{"floor":6,"key":"Dream Catcher"}],"event_choices":[{"damage_healed":0,"gold_gain":0,"player_choice":"Entered Light","damage_taken":15,"max_hp_gain":0,"max_hp_loss":0,"event_name":"Shining Light","floor":2,"gold_loss":0,"cards_upgraded":["Steam","Strike_B"]},{"damage_healed":0,"gold_gain":0,"cards_transformed":["Strike_B"],"player_choice":"Transformed","damage_taken":0,"max_hp_gain":0,"max_hp_loss":0,"event_name":"Transmorgrifier","floor":10,"gold_loss":0,"cards_obtained":["Double Energy"]}],"is_beta":false,"boss_relics":[],"items_purged_floors":[7],"is_endless":false,"potions_floor_spawned":[3,5],"killed_by":"Gremlin Nob","ascension_level":1}}