{"host":"a57oumegxze0vmhs","time":1614167390,"event":{"mods":["AchievementEnabler","BaseMod","Colored Powertips","Minty Spire (QoL Compilation)","Quick Restart","Relic Stats"],"gold_per_floor":[109,109,109,119,139,168,168,168,168],"floor_reached":8,"language":"ENG","playtime":340,"items_purged":[],"score":92,"play_id":"9bebe936-7db1-4919-b835-3c94b5d2cbea","local_time":"20210224134950","is_ascension_mode":true,"campfire_choices":[{"floor":7,"key":"REST"}],"circlet_count":0,"master_deck":["AscendersBane","Strike_G","Strike_G","Strike_G","Strike_G","Strike_G","Defend_G","Defend_G+1","Defend_G","Defend_G","Defend_G+1","Survivor","Neutralize","Dagger Throw","Leg Sweep","Quick Slash","Infinite Blades"],"relics":["Ring of the Snake","Anchor","Blue Candle"],"acts_visited":["Exordium"],"potions_floor_usage":[],"damage_taken":[{"damage":2,"enemies":"Jaw Worm","floor":1,"turns":4},{"damage":0,"enemies":"Small Slimes","floor":4,"turns":3},{"damage":0,"enemies":"Cultist","floor":5,"turns":5},{"damage":37,"enemies":"3 Sentries","floor":6,"turns":16},{"damage":36,"enemies":"Gremlin Nob","floor":8,"turns":4}],"seed_played":"-5979403198231330566","potions_obtained":[],"is_trial":false,"path_per_floor":["M","?","?","M","M","E","R","E"],"character_chosen":"THE_SILENT","items_purchased":[],"campfire_rested":1,"item_purchase_floors":[],"current_hp_per_floor":[61,61,47,47,47,10,31,0,0],"gold":168,"neow_bonus":"RANDOM_COMMON_RELIC","is_daily":false,"chose_seed":false,"campfire_upgraded":0,"win_rate":0.0,"timestamp":1614167390,"path_taken":["M","?","?","M","M","E","R","E"],"items_purchased_type":[],"build_version":"2020-12-22","purchased_purges":0,"victory":false,"max_hp_per_floor":[70,70,70,70,70,70,70,70,70],"relic_stats":{"counters":[5,32],"Blue Candle":[0],"obtain_stats":[{"Anchor":0,"Blue Candle":6,"Ring of the Snake":0},{"Anchor":0,"Blue Candle":4,"Ring of the Snake":0},{"Anchor":0,"Blue Candle":28,"Ring of the Snake":0}],"Ring of the Snake":[10]},"card_choices":[{"not_picked":["Bane","Deflect"],"picked":"Dagger Throw","floor":1},{"not_picked":["Deflect","Eviscerate"],"picked":"Leg Sweep","floor":4},{"not_picked":["Flying Knee","Prepared"],"picked":"Quick Slash","floor":5},{"not_picked":["Flechettes","Masterful Stab"],"picked":"Infinite Blades","floor":6}],"player_experience":464549,"relics_obtained":[{"floor":6,"key":"Blue Candle"}],"event_choices":[{"damage_healed":0,"gold_gain":0,"player_choice":"Ignored","damage_taken":0,"max_hp_gain":0,"max_hp_loss":0,"event_name":"Golden Wing","floor":2,"gold_loss":0},{"damage_healed":0,"gold_gain":0,"player_choice":"Entered Light","damage_taken":14,"max_hp_gain":0,"max_hp_loss":0,"event_name":"Shining Light","floor":3,"gold_loss":0,"cards_upgraded":["Defend_G","Defend_G"]}],"is_beta":false,"boss_relics":[],"items_purged_floors":[],"is_endless":false,"potions_floor_spawned":[],"killed_by":"Gremlin Nob","ascension_level":13}}