{"host":"hxbbrccw7ig68b38","time":1614133784,"event":{"mods":["BaseMod","Hermit","Minty Spire (QoL Compilation)","StSLib","The Cursed"],"gold_per_floor":[109,384,25,42,60,60,72,83,83,101,115,129,129,154,154,250,250,270,288,288,387,387,387],"floor_reached":22,"language":"KOR","playtime":1032,"items_purged":[],"score":189,"play_id":"045ad6b6-9f7a-4fc9-b50f-b27aab155ce7","local_time":"20210224112944","is_ascension_mode":true,"campfire_choices":[{"data":"hermit:Snapshot","floor":6,"key":"SMITH"},{"floor":13,"key":"REST"},{"floor":15,"key":"REST"}],"circlet_count":0,"master_deck":["hermit:Strike_Hermit","hermit:Strike_Hermit","hermit:Strike_Hermit","hermit:Strike_Hermit","hermit:Defend_Hermit","hermit:Defend_Hermit","hermit:Defend_Hermit","hermit:Defend_Hermit","hermit:Snapshot+1","hermit:Covet","Swift Strike","hermit:Misfire","Regret","hermit:CalledShot","hermit:BodyArmor","hermit:BigShot","hermit:WideOpen","hermit:Combo","hermit:LowProfile","hermit:BigShot","hermit:Feint","hermit:ItchyTrigger","hermit:Feint","hermit:RoundhouseKick","hermit:Snipe","hermit:Desperado"],"relics":["hermit:ClaspedLocket","Shuriken","Ginger","Odd Mushroom"],"acts_visited":["Exordium","TheCity"],"potions_floor_usage":[16,16],"damage_taken":[{"damage":6,"enemies":"Jaw Worm","floor":1,"turns":2},{"damage":0,"enemies":"Cultist","floor":4,"turns":3},{"damage":6,"enemies":"2 Louse","floor":5,"turns":3},{"damage":0,"enemies":"Large Slime","floor":7,"turns":4},{"damage":15,"enemies":"Looter","floor":8,"turns":3},{"damage":14,"enemies":"Exordium Thugs","floor":10,"turns":5},{"damage":6,"enemies":"Large Slime","floor":11,"turns":4},{"damage":0,"enemies":"2 Fungi Beasts","floor":12,"turns":2},{"damage":36,"enemies":"The Mushroom Lair","floor":14,"turns":6},{"damage":19,"enemies":"Slime Boss","floor":16,"turns":6},{"damage":44,"enemies":"3 Byrds","floor":18,"turns":8},{"damage":17,"enemies":"Chosen","floor":19,"turns":6},{"damage":14,"enemies":"3 Cultists","floor":22,"turns":6}],"seed_played":"4891133483501439655","potions_obtained":[{"floor":4,"key":"GamblersBrew"},{"floor":5,"key":"Regen Potion"},{"floor":11,"key":"DuplicationPotion"},{"floor":14,"key":"ColorlessPotion"},{"floor":19,"key":"hermit:BlackBile"}],"is_trial":false,"path_per_floor":["M","?","$","M","M","R","M","M","T","M","M","M","R","?","R","B",null,"M","M","?","?","M"],"character_chosen":"HERMIT","items_purchased":["Shuriken","hermit:CalledShot","hermit:BodyArmor"],"campfire_rested":2,"item_purchase_floors":[3,3,3],"current_hp_per_floor":[69,69,69,69,63,63,63,48,48,34,28,28,50,14,36,29,75,33,17,17,17,4,4],"gold":387,"neow_bonus":"RANDOM_COLORLESS","is_daily":false,"chose_seed":false,"campfire_upgraded":1,"win_rate":0.0,"timestamp":1614133784,"path_taken":["M","?","$","M","M","R","M","M","T","?","?","M","R","?","R","BOSS","M","M","?","?","M"],"items_purchased_type":["Relic","Card","Card"],"build_version":"2020-12-22","purchased_purges":0,"victory":false,"max_hp_per_floor":[75,75,75,75,75,75,75,75,75,75,75,75,75,75,75,75,75,75,75,75,75,75,75],"card_choices":[{"not_picked":["Forethought","Madness"],"picked":"Swift Strike","floor":0},{"not_picked":["hermit:Maintenance","hermit:BodyArmor"],"picked":"hermit:Misfire","floor":1},{"not_picked":["hermit:Headshot","hermit:Roulette"],"picked":"hermit:BigShot","floor":4},{"not_picked":["hermit:CalledShot","hermit:Coalescence"],"picked":"hermit:WideOpen","floor":5},{"not_picked":["hermit:Gestalt","hermit:HighCaliber"],"picked":"hermit:Combo","floor":7},{"not_picked":["hermit:Glare","hermit:Coalescence"],"picked":"hermit:LowProfile","floor":8},{"not_picked":["hermit:ShadowCloak","hermit:Maintenance"],"picked":"hermit:BigShot","floor":10},{"not_picked":["hermit:Ricochet","hermit:FlashPowder"],"picked":"hermit:Feint","floor":11},{"not_picked":["hermit:HoleUp","hermit:ShadowCloak"],"picked":"hermit:ItchyTrigger","floor":12},{"not_picked":["hermit:Spite","hermit:NoHoldsBarred"],"picked":"hermit:Feint","floor":14},{"not_picked":["hermit:Adapt","hermit:FromBeyond"],"picked":"hermit:RoundhouseKick","floor":16},{"not_picked":["hermit:TrackingShot","hermit:BodyArmor+1"],"picked":"hermit:Snipe","floor":18},{"not_picked":["hermit:Showdown","hermit:TakeAim+1"],"picked":"hermit:Desperado","floor":19}],"player_experience":87704,"relics_obtained":[{"floor":9,"key":"Ginger"},{"floor":14,"key":"Odd Mushroom"}],"event_choices":[{"damage_healed":0,"gold_gain":275,"player_choice":"Desecrate","damage_taken":0,"max_hp_gain":0,"max_hp_loss":0,"event_name":"Golden Shrine","floor":2,"gold_loss":0,"cards_obtained":["Regret"]},{"damage_healed":0,"gold_gain":0,"player_choice":"Fought Mushrooms","damage_taken":0,"max_hp_gain":0,"max_hp_loss":0,"event_name":"Mushrooms","floor":14,"gold_loss":0},{"damage_healed":0,"gold_gain":0,"player_choice":"Ignored","damage_taken":0,"max_hp_gain":0,"max_hp_loss":0,"event_name":"Vampires","floor":20,"gold_loss":0},{"damage_healed":0,"gold_gain":99,"player_choice":"Stole From Cult","damage_taken":0,"max_hp_gain":0,"max_hp_loss":0,"event_name":"Nest","floor":21,"gold_loss":0}],"is_beta":false,"boss_relics":[{"not_picked":["Black Star","Philosopher\u0027s Stone"],"picked":"hermit:ClaspedLocket"}],"items_purged_floors":[],"is_endless":false,"potions_floor_spawned":[4,5,11,14,19],"killed_by":"3 Cultists","ascension_level":1}}