{"host":"edxvja3o9k759ope","time":1614129691,"event":{"mods":["BaseMod","Bestiary","Minty Spire (QoL Compilation)","Relic Stats","Slay the Relics Exporter","StSLib"],"gold_per_floor":[12,12,27,46,46,46,46],"floor_reached":6,"language":"ENG","playtime":320,"items_purged":[],"score":61,"play_id":"31ea63ad-7860-4752-9a0d-3a0e48009b89","local_time":"20210223192131","is_ascension_mode":true,"campfire_choices":[],"circlet_count":0,"master_deck":["AscendersBane","Strike_R","Strike_R","Strike_R","Strike_R","Defend_R","Defend_R","Defend_R","Defend_R","Bash","Demon Form","Warcry","Flame Barrier","Rage"],"relics":["Burning Blood"],"acts_visited":["Exordium"],"potions_floor_usage":[6,6],"damage_taken":[{"damage":6,"enemies":"Cultist","floor":1,"turns":4},{"damage":9,"enemies":"Jaw Worm","floor":3,"turns":4},{"damage":11,"enemies":"Small Slimes","floor":4,"turns":4},{"damage":78,"enemies":"Gremlin Nob","floor":6,"turns":5}],"seed_played":"-4052563245828332625","potions_obtained":[{"floor":2,"key":"Energy Potion"},{"floor":2,"key":"ColorlessPotion"}],"is_trial":false,"path_per_floor":["M","?","M","M","?","E"],"character_chosen":"IRONCLAD","items_purchased":[],"campfire_rested":0,"item_purchase_floors":[],"current_hp_per_floor":[68,68,65,60,53,0,0],"gold":46,"neow_bonus":"THREE_RARE_CARDS","is_daily":false,"chose_seed":false,"campfire_upgraded":0,"win_rate":0.0,"timestamp":1614129691,"path_taken":["M","?","?","M","?","E"],"items_purchased_type":[],"build_version":"2020-12-22","purchased_purges":0,"victory":false,"max_hp_per_floor":[75,75,75,75,75,75,75],"relic_stats":{"counters":[4,17],"obtain_stats":[{"Burning Blood":0},{"Burning Blood":0},{"Burning Blood":0}],"Burning Blood":18},"card_choices":[{"not_picked":["Immolate","Bludgeon"],"picked":"Demon Form","floor":0},{"not_picked":["Clothesline","Flex"],"picked":"Warcry","floor":1},{"not_picked":["Warcry","Havoc"],"picked":"Flame Barrier","floor":3},{"not_picked":["Flex","Dropkick"],"picked":"Rage","floor":4}],"player_experience":836917,"relics_obtained":[],"event_choices":[{"damage_healed":0,"gold_gain":0,"player_choice":"Got Potions","damage_taken":0,"max_hp_gain":0,"max_hp_loss":0,"event_name":"Lab","floor":2,"gold_loss":0},{"cards_removed":["Strike_R"],"damage_healed":0,"gold_gain":0,"player_choice":"Card Removal","damage_taken":7,"max_hp_gain":0,"max_hp_loss":0,"event_name":"Golden Wing","floor":5,"gold_loss":0}],"is_beta":false,"boss_relics":[],"items_purged_floors":[],"is_endless":false,"potions_floor_spawned":[],"killed_by":"Gremlin Nob","ascension_level":14}}