{"host":"emzatosnsokm6754","time":1614146043,"event":{"mods":["Act Like it!","BaseMod","Bossed Relics","Colored Powertips","Energized Spire","Minty Spire (QoL Compilation)","Rare Cards Sparkle","Replay The Spire","Ruina","StSLib","The Cursed","The Gatherer","The Hierophant","The Servant 0.9.4"],"gold_per_floor":[119,119,132,151,174,201,201,201,272,272,305,3,3,14,14,116,116,135,135,135,135,135,135,185,15,39,81,93,93],"floor_reached":28,"language":"ENG","playtime":1034,"items_purged":["Exchange","Spreading Infection"],"score":224,"play_id":"faea4463-5cc2-49dd-9403-4266c7373f9c","local_time":"20210224185403","is_ascension_mode":false,"campfire_choices":[{"floor":7,"key":"REST"},{"floor":10,"key":"REST"},{"floor":15,"key":"REST"},{"floor":23,"key":"REST"}],"circlet_count":0,"master_deck":["Strike_S+1","Strike_S+1","Strike_S","Defend_S","Defend_S","Defend_S+1","Defend_S+1","KidneyShot+1","Starlight+1","Rearm+1","Rearm","Luminosity","Solidify","ruina:SwordSharpened","SilverBlades","Moondial"],"relics":["Uniform","Gremlin Food","OldScarf","Bronze Scales","InkBottle","Kunai","WingedGreaves","HandDrill","Ring of Chaos","Ring of Greed","Replay:Bandana","MawBank","Whetstone"],"acts_visited":["Exordium","ruina:Briah"],"potions_floor_usage":[16,19],"damage_taken":[{"damage":0,"enemies":"2 Louse","floor":1,"turns":3},{"damage":3,"enemies":"Jaw Worm","floor":3,"turns":3},{"damage":0,"enemies":"Cultist","floor":4,"turns":3},{"damage":52,"enemies":"Gremlin Nob","floor":6,"turns":4},{"damage":36,"enemies":"Lagavulin","floor":11,"turns":9},{"damage":1,"enemies":"Gremlin Gang","floor":14,"turns":6},{"damage":26,"enemies":"Fading Forest","floor":16,"turns":11},{"damage":50,"enemies":"ruina:3_Bats","floor":18,"turns":8},{"damage":0,"enemies":"ruina:BadWolf","floor":19,"turns":1},{"damage":21,"enemies":"ruina:Nos_and_Bat","floor":27,"turns":7},{"damage":11,"enemies":"ruina:KnightOfDespair","floor":28,"turns":4}],"seed_played":"1383029521305886835","potions_obtained":[{"floor":4,"key":"Elixir"},{"floor":14,"key":"PowerPotion"},{"floor":18,"key":"SmokeBomb"}],"is_trial":false,"path_per_floor":["M","?","M","M","T","E","R","?","T","R","E","$","?","M","R","B",null,"M","M","?","$","?","R","?","$","T","M","M"],"character_chosen":"THE_SERVANT","items_purchased":["Luminosity","HandDrill","SilverBlades"],"campfire_rested":4,"item_purchase_floors":[12,12,25],"current_hp_per_floor":[65,58,55,55,55,3,22,22,22,41,5,5,5,4,23,3,65,15,15,15,15,34,53,53,53,53,32,21,21],"gold":93,"neow_bonus":"RANDOM_COMMON_RELIC","is_daily":false,"chose_seed":false,"campfire_upgraded":0,"win_rate":0.0,"timestamp":1614146043,"path_taken":["M","?","M","M","?","E","R","?","T","R","E","$","?","?","R","BOSS","M","?","?","$","?","R","?","$","T","?","M"],"items_purchased_type":["Card","Relic","Card"],"build_version":"2020-12-22","purchased_purges":2,"victory":false,"max_hp_per_floor":[65,65,65,65,65,65,65,65,65,65,65,65,65,65,65,65,65,65,65,65,65,65,65,65,65,65,65,65,65],"card_choices":[{"not_picked":["DoubleEdge","Reset"],"picked":"Starlight","floor":1},{"not_picked":["Rewind","Alleviate"],"picked":"Rearm","floor":3},{"not_picked":["Advance","Revamp"],"picked":"Rearm","floor":4},{"not_picked":["LightFlow","Defy","DualDimension"],"picked":"SKIP","floor":6},{"not_picked":["StarChef","Defy","DoubleEdge"],"picked":"SKIP","floor":11},{"not_picked":["DualDimension","FastForward","Unruled"],"picked":"SKIP","floor":14},{"not_picked":["FlawlessForm","LightFlow"],"picked":"Solidify","floor":16},{"not_picked":["Alleviate","Potential","Read"],"picked":"SKIP","floor":18},{"not_picked":["Rearm","SpecialFormula"],"picked":"Moondial","floor":27}],"player_experience":227949,"relics_obtained":[{"floor":5,"key":"Bronze Scales"},{"floor":6,"key":"InkBottle"},{"floor":9,"key":"Kunai"},{"floor":11,"key":"WingedGreaves"},{"floor":24,"key":"Ring of Greed"},{"floor":24,"key":"Replay:Bandana"},{"floor":24,"key":"MawBank"},{"floor":26,"key":"Whetstone"}],"event_choices":[{"damage_healed":0,"gold_gain":0,"player_choice":"Success","damage_taken":7,"relics_obtained":["OldScarf"],"max_hp_gain":0,"max_hp_loss":0,"event_name":"Scrap Ooze","floor":2,"gold_loss":0},{"cards_removed":["Strike_S"],"damage_healed":0,"gold_gain":0,"player_choice":"Purged","damage_taken":0,"max_hp_gain":0,"max_hp_loss":0,"event_name":"Purifier","floor":13,"gold_loss":0}],"is_beta":false,"boss_relics":[{"not_picked":["Busted Crown","energizedSpire:RedRose"],"picked":"Ring of Chaos"}],"items_purged_floors":[12,25],"is_endless":false,"potions_floor_spawned":[4,14,18,19],"killed_by":"ruina:KnightOfDespair","ascension_level":0}}