{"host":"v4nyfngrgywi7zc6","time":1614148639,"event":{"mods":["2.2 Compatiblity","Act Like it!","BaseMod","Custom Start","Friendly Minions","Minty Spire (QoL Compilation)","Reliquary","Ruina","Shade Mod","Shop Mod","StSLib","The Cursed","The Judge","The Jungle","The Marked","The Mystic","The Necromancer","The Saiyan"],"gold_per_floor":[111,111,111,130,130,130,130,43,43,81,99,143,161,192,192,313,313,331,346,365,365,381,415,415,167,167,167,190,190,230,253,253,372,372,391,491,391,416,416,451,451,451,499,513,576,576,595,402,402,402,402,402,8,44,44],"floor_reached":56,"language":"ENG","playtime":5600,"items_purged":["Doubt","mysticmod:Strike_Mystic","mysticmod:Defend_Mystic","mysticmod:Defend_Mystic"],"score":1283,"play_id":"4b388210-841a-473f-9b0c-b3880a634a2b","local_time":"20210224003719","is_ascension_mode":false,"campfire_choices":[{"floor":6,"key":"REST"},{"floor":15,"key":"REST"},{"floor":27,"key":"REST"},{"data":"mysticmod:TomeOfSpells","floor":29,"key":"SMITH"},{"floor":32,"key":"REST"},{"floor":42,"key":"RECALL"},{"floor":49,"key":"REST"},{"data":"mysticmod:TomeOfSpells","floor":52,"key":"SMITH"}],"circlet_count":0,"master_deck":["mysticmod:Defend_Mystic+1","mysticmod:ArcaneDodge","mysticmod:PunishingArmor","mysticmod:HeavyStrike+1","mysticmod:TomeOfSpells+1","Flash of Steel","mysticmod:RapidCaster","mysticmod:SuddenClarity","mysticmod:SuddenClarity","mysticmod:TomeOfSpells+1","ruina:LoveAndHate","ruina:FadedMemories","mysticmod:TomeOfSpells","mysticmod:SpellRecall","mysticmod:ComboCaster"],"relics":["mysticmod:BlessedBook","Golden Idol","InkBottle","reliquary:QuartzCube","reliquary:BallBearing","reliquary:PorcupineQuills","reliquary:RedCape","WingedGreaves","Bottled Tornado","Ornamental Fan","Calipers","Lizard Tail","Mummified Hand"],"acts_visited":["Exordium","Exordium","TheBeyond","TheEnding"],"potions_floor_usage":[16,16,23,54,55,55,55,55],"damage_taken":[{"damage":0,"enemies":"Jaw Worm","floor":1,"turns":3},{"damage":0,"enemies":"2 Louse","floor":4,"turns":3},{"damage":14,"enemies":"3 Sentries","floor":10,"turns":10},{"damage":0,"enemies":"Cultist","floor":11,"turns":2},{"damage":4,"enemies":"Lagavulin","floor":12,"turns":7},{"damage":0,"enemies":"2 Fungi Beasts","floor":13,"turns":3},{"damage":9,"enemies":"3 Sentries","floor":14,"turns":8},{"damage":0,"enemies":"Hexaghost","floor":16,"turns":8},{"damage":6,"enemies":"ruina:Nosferatu","floor":18,"turns":3},{"damage":3,"enemies":"ruina:2_Scarecrows","floor":19,"turns":4},{"damage":0,"enemies":"ruina:Nos_and_Bat","floor":20,"turns":5},{"damage":1,"enemies":"ruina:3_Scarecrows","floor":22,"turns":8},{"damage":18,"enemies":"ruina:RoadHome","floor":23,"turns":6},{"damage":0,"enemies":"ruina:Woodsman","floor":28,"turns":3},{"damage":20,"enemies":"ruina:Mountain","floor":30,"turns":5},{"damage":5,"enemies":"ruina:KnightOfDespair","floor":31,"turns":3},{"damage":10,"enemies":"ruina:JesterOfNihil","floor":33,"turns":6},{"damage":0,"enemies":"3 Shapes","floor":35,"turns":4},{"damage":7,"enemies":"3 Darklings","floor":38,"turns":3},{"damage":5,"enemies":"Nemesis","floor":40,"turns":4},{"damage":0,"enemies":"Sphere and 2 Shapes","floor":44,"turns":3},{"damage":0,"enemies":"Mind Bloom Boss Battle","floor":45,"turns":4},{"damage":14,"enemies":"4 Shapes","floor":47,"turns":4},{"damage":21,"enemies":"Donu and Deca","floor":50,"turns":7},{"damage":20,"enemies":"Shield and Spear","floor":54,"turns":4},{"damage":47,"enemies":"The Heart","floor":55,"turns":5}],"seed_played":"-4760813084561578996","potions_obtained":[{"floor":10,"key":"SpeedPotion"},{"floor":12,"key":"EntropicBrew"},{"floor":13,"key":"BlessingOfTheForge"},{"floor":19,"key":"DistilledChaos"},{"floor":20,"key":"PowerPotion"},{"floor":23,"key":"DuplicationPotion"}],"is_trial":false,"path_per_floor":["M","?","?","M","?","R","?","$","T","E","M","E","M","E","R","B",null,"M","M","M","?","M","E","?","$","T","R","M","R","E","M","R","B",null,"M","?","$","M","?","E","?","R","T","M","?","?","M","$","R","B",null,"R","$","E","B",null],"character_chosen":"MYSTIC_CLASS","items_purchased":["Flash of Steel","ruina:FadedMemories","mysticmod:ComboCaster","Mummified Hand"],"campfire_rested":5,"item_purchase_floors":[8,25,48,53],"current_hp_per_floor":[56,37,37,37,22,45,45,45,45,31,31,27,27,18,41,41,77,71,68,68,68,67,49,49,49,49,72,72,72,52,47,70,60,77,77,77,77,70,70,65,65,65,65,65,65,65,51,51,74,53,77,77,77,57,10],"gold":44,"neow_bonus":"TRANSFORM_TWO_CARDS","is_daily":false,"chose_seed":false,"campfire_upgraded":2,"win_rate":0.0,"timestamp":1614148639,"path_taken":["M","?","?","?","?","R","?","?","T","E","M","E","M","E","R","BOSS","M","?","M","?","M","E","?","$","T","R","M","R","E","M","R","BOSS","M","?","?","?","?","E","?","R","T","?","?","?","M","$","R","BOSS","R","$","E","BOSS"],"items_purchased_type":["Card","Card","Card","Relic"],"build_version":"2020-12-22","purchased_purges":4,"victory":true,"max_hp_per_floor":[77,77,77,77,77,77,77,77,77,77,77,77,77,77,77,77,77,77,77,77,77,77,77,77,77,77,77,77,77,77,77,77,77,77,77,77,77,77,77,77,77,77,77,77,77,77,77,77,77,77,77,77,77,77,77],"card_choices":[{"not_picked":["mysticmod:BulkUp","mysticmod:SummonFamiliar"],"picked":"mysticmod:HeavyStrike","floor":1},{"not_picked":["mysticmod:Shield","mysticmod:SuddenClarity"],"picked":"mysticmod:TomeOfSpells","floor":4},{"not_picked":["mysticmod:Disengage","mysticmod:ComponentsPouch","mysticmod:StyleChange"],"picked":"SKIP","floor":10},{"not_picked":["mysticmod:Sideswipe","mysticmod:Fly","mysticmod:SummonFamiliar"],"picked":"SKIP","floor":11},{"not_picked":["mysticmod:EnchantedMoulinet","mysticmod:LightningBolt","mysticmod:HeavyStrike"],"picked":"SKIP","floor":12},{"not_picked":["mysticmod:Daze","mysticmod:Probe","mysticmod:AllIn"],"picked":"SKIP","floor":13},{"not_picked":["mysticmod:PowerSlash","mysticmod:Sideswipe","mysticmod:BulkUp"],"picked":"SKIP","floor":14},{"not_picked":["mysticmod:Shield","mysticmod:Disengage+1"],"picked":"mysticmod:RapidCaster","floor":18},{"not_picked":["mysticmod:AllIn","mysticmod:PowerSlash"],"picked":"mysticmod:SuddenClarity","floor":19},{"not_picked":["mysticmod:Flourish","mysticmod:IllusionOfCalm","mysticmod:KeenEdge"],"picked":"SKIP","floor":20},{"not_picked":["mysticmod:DiviningBlow+1","mysticmod:EbbAndFlow"],"picked":"mysticmod:SuddenClarity","floor":22},{"not_picked":["mysticmod:Riposte+1","mysticmod:Probe+1"],"picked":"mysticmod:TomeOfSpells","floor":23},{"not_picked":["mysticmod:HeavyStrike","mysticmod:KnowledgePool","mysticmod:Alacrity"],"picked":"SKIP","floor":28},{"not_picked":["mysticmod:HeavyStrike","mysticmod:KnowledgePool","mysticmod:Alacrity"],"picked":"SKIP","floor":28},{"not_picked":["mysticmod:LightningBolt","mysticmod:Probe"],"picked":"mysticmod:TomeOfSpells","floor":30},{"not_picked":["mysticmod:Stoneskin","mysticmod:Probe","mysticmod:SuddenClarity"],"picked":"SKIP","floor":31},{"not_picked":["mysticmod:HeavyStrike","mysticmod:VorpalThrust","mysticmod:LightningBolt+1"],"picked":"SKIP","floor":35},{"not_picked":["mysticmod:IllusionOfCalm+1","mysticmod:BladeMaster+1","mysticmod:Probe+1"],"picked":"SKIP","floor":38},{"not_picked":["mysticmod:FiveFootStep","mysticmod:Fireball","mysticmod:EbbAndFlow"],"picked":"SKIP","floor":40},{"not_picked":["mysticmod:Sideswipe+1","mysticmod:AllIn","mysticmod:Shield+1"],"picked":"SKIP","floor":44},{"not_picked":["mysticmod:PureInstinct","mysticmod:Haste","mysticmod:TomeOfSpells"],"picked":"SKIP","floor":47},{"not_picked":["mysticmod:Grapple+1","mysticmod:Disengage","mysticmod:DiviningBlow"],"picked":"SKIP","floor":54}],"player_experience":296854,"relics_obtained":[{"floor":9,"key":"InkBottle"},{"floor":10,"key":"reliquary:QuartzCube"},{"floor":12,"key":"reliquary:BallBearing"},{"floor":14,"key":"reliquary:PorcupineQuills"},{"floor":26,"key":"Bottled Tornado"},{"floor":30,"key":"Ornamental Fan"},{"floor":40,"key":"Calipers"},{"floor":45,"key":"Lizard Tail"}],"event_choices":[{"damage_healed":0,"gold_gain":0,"player_choice":"Take Damage","damage_taken":19,"relics_obtained":["Golden Idol"],"max_hp_gain":0,"max_hp_loss":0,"event_name":"Golden Idol","floor":2,"gold_loss":0},{"cards_removed":["mysticmod:Strike_Mystic"],"damage_healed":0,"gold_gain":0,"player_choice":"Offered Basic","damage_taken":0,"max_hp_gain":0,"max_hp_loss":0,"event_name":"Bonfire Elementals","floor":3,"gold_loss":0},{"damage_healed":0,"gold_gain":0,"player_choice":"Entered Light","damage_taken":15,"max_hp_gain":0,"max_hp_loss":0,"event_name":"Shining Light","floor":5,"gold_loss":0,"cards_upgraded":["mysticmod:HeavyStrike","mysticmod:Defend_Mystic"]},{"cards_removed":["mysticmod:Strike_Mystic"],"damage_healed":0,"gold_gain":0,"player_choice":"Forget","damage_taken":0,"max_hp_gain":0,"max_hp_loss":0,"event_name":"Living Wall","floor":7,"gold_loss":0},{"damage_healed":0,"gold_gain":100,"player_choice":"Pray","damage_taken":0,"max_hp_gain":0,"max_hp_loss":0,"event_name":"Golden Shrine","floor":36,"gold_loss":0},{"cards_removed":["mysticmod:ShockingGrasp"],"damage_healed":0,"gold_gain":0,"player_choice":"Removed Attack","damage_taken":0,"max_hp_gain":0,"max_hp_loss":0,"event_name":"Falling","floor":39,"gold_loss":0},{"damage_healed":0,"gold_gain":0,"cards_transformed":["mysticmod:Snowball"],"player_choice":"Transformed","damage_taken":0,"max_hp_gain":0,"max_hp_loss":0,"event_name":"Transmorgrifier","floor":41,"gold_loss":0,"cards_obtained":["mysticmod:SpellRecall"]},{"damage_healed":0,"gold_gain":0,"player_choice":"Fight","damage_taken":0,"max_hp_gain":0,"max_hp_loss":0,"event_name":"MindBloom","floor":45,"gold_loss":0},{"damage_healed":0,"gold_gain":0,"player_choice":"Ignored","damage_taken":0,"max_hp_gain":0,"max_hp_loss":0,"event_name":"Tomb of Lord Red Mask","floor":46,"gold_loss":0}],"is_beta":false,"boss_relics":[{"not_picked":["Astrolabe","Snecko Eye"],"picked":"reliquary:RedCape"},{"not_picked":["SlaversCollar","Pandora\u0027s Box"],"picked":"mysticmod:BlessedBook"}],"items_purged_floors":[25,37,48,53],"is_endless":false,"potions_floor_spawned":[10,12,13,14,19,20,23,30,31,44,45],"ascension_level":0}}