{"host":"7xwe9tmiyvwn0fou","time":1614209678,"event":{"mods":["2.2 Compatiblity","AchievementEnabler","Act Like it!","Aspiration","BaseMod","Better Altar","Better Match","Better Note","Better Sensory Stone","Better Skull","Better Third Choice","BetterRewards","CapriCore","Colored Map","Colored Powertips","Conspire","Downfall","Elementarium","Energized Spire","Friendly Minions","Gensokyo","GifTheSpireLib","Halation","Hallownest","Hero for Fun","Highlight Path","Hubris","Infinite Spire","LagranYue(???·?)","Lobotomy","Minty Spire (QoL Compilation)","MostiFishMod","Rare Cards Sparkle","Reliquary","Ruina","Shop Mod","Spikes Relics","Spire Arcade","StSLib","Stuff the Spire","Td1madao Mod","The Bug Knight","The Jungle","Waifu the Spire","everything is the same but u backflip on backflip","slay the spire mod where everything is the same but ironclad has a cowboy hat"],"gold_per_floor":[113,442,286,304,127,153,153],"floor_reached":6,"language":"ENG","playtime":748,"items_purged":["HollowMod:NailStrikeStart","HollowMod:NailStrikeStart"],"score":44,"play_id":"ff7745ea-0705-4ebb-b02f-292832d2036e","local_time":"20210224183438","is_ascension_mode":false,"campfire_choices":[],"circlet_count":0,"master_deck":["HollowMod:NailStrikeStart","HollowMod:NailStrikeStart","HollowMod:QuickDashStart","HollowMod:QuickDashStart","HollowMod:QuickDashStart","HollowMod:QuickDashStart","HollowMod:FocusHealStart","HollowMod:PogoStrike","Deep Breath","HollowMod:InfectedAttack","HollowMod:NewInfectedGuardian","HollowMod:NewInfectedGuardian"],"relics":["HollowMod:VesselMask","DaveBox","LagranYue:RandomDrawCardRelic","SynthV:TestCard","CeramicFish"],"acts_visited":["Hallownest:Greenpath"],"potions_floor_usage":[],"damage_taken":[{"damage":2,"enemies":"Hallownest:monsterHuskGuard","floor":1,"turns":3},{"damage":0,"enemies":"Hallownest:2_Tiktiks_and_1_Crawlid","floor":4,"turns":4},{"damage":61,"enemies":"Hallownest:eliteCrystalGuardian","floor":6,"turns":8}],"seed_played":"5677666055254966787","potions_obtained":[{"floor":6,"key":"SteroidPotion"}],"is_trial":false,"path_per_floor":["M","?","$","M","$","E"],"character_chosen":"THE_BUGKNIGHT","items_purchased":["HollowMod:NewInfectedGuardian","HollowMod:NewInfectedGuardian"],"campfire_rested":0,"item_purchase_floors":[3,5],"current_hp_per_floor":[75,53,53,59,59,8,8],"gold":153,"neow_bonus":"RANDOM_COLORLESS","is_daily":false,"chose_seed":false,"campfire_upgraded":0,"win_rate":0.0,"timestamp":1614209678,"path_taken":["M","?","$","M","$","E"],"items_purchased_type":["Card","Card"],"build_version":"2020-12-22","purchased_purges":2,"victory":false,"max_hp_per_floor":[75,75,75,75,75,75,75],"card_choices":[{"not_picked":["hubris:Ssssneak","Mind Blast"],"picked":"Deep Breath","floor":0},{"not_picked":["HollowMod:AbyssShriek","HollowMod:SiblingsSouls"],"picked":"HollowMod:InfectedAttack","floor":1},{"not_picked":["HollowMod:SoulSplash","HollowMod:GoodIntentions","HollowMod:SharpenedNail","HollowMod:CycloneSlash","HollowMod:SiblingsSouls"],"picked":"SKIP","floor":4}],"player_experience":51234,"relics_obtained":[{"floor":1,"key":"SynthV:TestCard"},{"floor":6,"key":"CeramicFish"}],"event_choices":[{"damage_healed":0,"gold_gain":329,"player_choice":"GO GO GO ","damage_taken":25,"relics_obtained":[],"max_hp_gain":0,"max_hp_loss":0,"event_name":"betterSkull:BetterSkull","floor":2,"gold_loss":0,"cards_upgraded":[]}],"is_beta":false,"boss_relics":[],"items_purged_floors":[3,5],"is_endless":false,"potions_floor_spawned":[6],"killed_by":"Hallownest:eliteCrystalGuardian","ascension_level":0}}