{"host":"k7m72kgq8xdir5ne","time":1614156551,"event":{"mods":["ATMod(阿瑾Mod)","AchievementEnabler","Act Like it!","BaseMod","Friendly Minions","Gensokyo","LagranYue(拉格朗・月)","Minty Spire (QoL Compilation)","Quick Restart","Reliquary","RumiaBox-露米娅的神秘盒子","Shop Mod","Spicy Shops","StSLib","SuperFastMode","TestMod","TheSwordswoman","Yakumo Yukari mod","Youmu（魂魄妖梦）","【功能Mod】Neow奖励","【功能Mod】混沌之环修复补丁","篝火指南"],"gold_per_floor":[417,367,367,442,77,77,77],"floor_reached":6,"language":"ZHS","playtime":123,"items_purged":["Regret","Strike_P"],"score":90,"play_id":"65eba762-7526-4371-9859-197d992ca9aa","local_time":"20210224164911","is_ascension_mode":true,"campfire_choices":[],"circlet_count":0,"master_deck":["Strike_P","Strike_P","Defend_P","Defend_P","Defend_P","Defend_P","Eruption","Vigilance","AT_DarkMatter","Transmutation"],"relics":["testmod-TestBox","AT_ATBox","LagranYue:RandomDrawCardRelic","testmod-SaigiyounoYou","reliquary:Ember","AddBug","SecretRecord","Baka"],"acts_visited":["Exordium"],"potions_floor_usage":[],"damage_taken":[{"damage":16,"enemies":"Small Slimes","floor":1,"turns":3}],"seed_played":"8873988799047501839","potions_obtained":[{"floor":1,"key":"Block Potion"}],"is_trial":false,"path_per_floor":["M","?","?","?","$","E"],"character_chosen":"WATCHER","items_purchased":["Transmutation"],"campfire_rested":0,"item_purchase_floors":[5],"current_hp_per_floor":[116,116,116,105,105,0,0],"gold":77,"neow_bonus":"BOSS_RELIC","is_daily":false,"chose_seed":false,"campfire_upgraded":0,"win_rate":0.0,"timestamp":1614156551,"path_taken":["M","?","?","?","$","E"],"items_purchased_type":["Card"],"build_version":"2020-12-22","purchased_purges":2,"victory":false,"max_hp_per_floor":[144,144,144,144,144,144,144],"card_choices":[{"not_picked":["WaveOfTheHand","InnerPeace","ReachHeaven"],"picked":"SKIP","floor":1}],"player_experience":96304,"relics_obtained":[{"floor":1,"key":"AddBug"},{"floor":1,"key":"Baka"}],"event_choices":[{"cards_removed":["Strike_P"],"damage_healed":0,"gold_gain":0,"player_choice":"Card Removal","damage_taken":0,"max_hp_gain":0,"max_hp_loss":0,"event_name":"The Cleric","floor":2,"gold_loss":50},{"damage_healed":0,"gold_gain":0,"player_choice":"Box","damage_taken":0,"relics_obtained":["reliquary:QuartzCube"],"max_hp_gain":0,"max_hp_loss":0,"event_name":"Big Fish","floor":3,"gold_loss":0,"cards_obtained":["Regret"]},{"damage_healed":0,"gold_gain":75,"player_choice":"Gather Gold","damage_taken":11,"max_hp_gain":0,"max_hp_loss":0,"event_name":"World of Goop","floor":4,"gold_loss":0}],"is_beta":false,"boss_relics":[],"items_purged_floors":[5,5],"is_endless":false,"potions_floor_spawned":[1],"killed_by":"Lagavulin","ascension_level":5}}