{"host":"cdkrzjeeka80pjqp","time":1614203483,"event":{"mods":["AchievementEnabler","BaseMod","Block Reminder","Colored Map","Colored Powertips","Highlight Path","Minty Spire (QoL Compilation)","Relic Stats"],"gold_per_floor":[111,111,36,36,56,56,87,101,101,112,146,159,234,250,250,355,355,375,375,387,406,8,34,34,46,46,62,62,79,79,79,79,182,182,192,192,192,207,207,207,207,207],"floor_reached":41,"language":"ENG","playtime":2743,"items_purged":["Defend_R","Defend_R"],"score":448,"play_id":"ce4357b5-142f-46c9-8be3-fd071456a716","local_time":"20210224225123","is_ascension_mode":false,"campfire_choices":[{"data":"Iron Wave","floor":6,"key":"SMITH"},{"data":"Armaments","floor":15,"key":"SMITH"},{"data":"Perfected Strike","floor":28,"key":"SMITH"},{"data":"Shrug It Off","floor":30,"key":"SMITH"},{"data":"Perfected Strike","floor":32,"key":"SMITH"},{"data":"Perfected Strike","floor":40,"key":"SMITH"}],"circlet_count":0,"master_deck":["Strike_R","Strike_R","Strike_R","Strike_R","Strike_R","Defend_R","Defend_R","Bash","Warcry","Iron Wave+1","Armaments+1","Shrug It Off+1","Perfected Strike+1","Flex","Perfected Strike+1","Thunderclap","J.A.X.","Perfected Strike+1","Ghostly","Ghostly","Ghostly","Ghostly","CurseOfTheBell","Pommel Strike"],"relics":["Burning Blood","TungstenRod","StrikeDummy","Bottled Flame","Bronze Scales","SacredBark","Incense Burner","Lantern","Calling Bell","Pen Nib","Singing Bowl","Magic Flower"],"acts_visited":["Exordium","TheCity","TheBeyond"],"potions_floor_usage":[16,20,23,23,33,33,35,41,41],"damage_taken":[{"damage":7,"enemies":"Cultist","floor":1,"turns":5},{"damage":10,"enemies":"Small Slimes","floor":5,"turns":3},{"damage":27,"enemies":"3 Sentries","floor":7,"turns":12},{"damage":0,"enemies":"2 Louse","floor":8,"turns":3},{"damage":0,"enemies":"Large Slime","floor":10,"turns":5},{"damage":28,"enemies":"Lagavulin","floor":11,"turns":10},{"damage":1,"enemies":"Exordium Thugs","floor":12,"turns":6},{"damage":11,"enemies":"Blue Slaver","floor":14,"turns":3},{"damage":26,"enemies":"The Guardian","floor":16,"turns":8},{"damage":22,"enemies":"Spheric Guardian","floor":18,"turns":5},{"damage":7,"enemies":"Shell Parasite","floor":20,"turns":4},{"damage":3,"enemies":"Snecko","floor":21,"turns":4},{"damage":16,"enemies":"Gremlin Leader","floor":23,"turns":6},{"damage":8,"enemies":"Centurion and Healer","floor":25,"turns":6},{"damage":23,"enemies":"Sentry and Sphere","floor":27,"turns":4},{"damage":9,"enemies":"Chosen and Byrds","floor":29,"turns":4},{"damage":39,"enemies":"Collector","floor":33,"turns":13},{"damage":0,"enemies":"3 Shapes","floor":35,"turns":4},{"damage":0,"enemies":"3 Darklings","floor":38,"turns":6},{"damage":90,"enemies":"Giant Head","floor":41,"turns":9}],"seed_played":"-7354733663277943670","potions_obtained":[{"floor":5,"key":"ElixirPotion"},{"floor":11,"key":"FearPotion"},{"floor":12,"key":"DistilledChaos"},{"floor":14,"key":"Energy Potion"},{"floor":18,"key":"EssenceOfSteel"},{"floor":21,"key":"Swift Potion"},{"floor":25,"key":"EssenceOfSteel"},{"floor":29,"key":"SpeedPotion"},{"floor":33,"key":"LiquidBronze"},{"floor":35,"key":"Fruit Juice"}],"is_trial":false,"path_per_floor":["M","?","$","?","M","R","E","M","T","M","E","M","?","M","R","B",null,"M","?","M","M","$","E","?","M","T","M","R","M","R","?","R","B",null,"M","?","?","M","?","R","E"],"character_chosen":"IRONCLAD","items_purchased":["Incense Burner"],"campfire_rested":0,"item_purchase_floors":[22],"current_hp_per_floor":[87,84,84,84,80,80,59,65,65,71,49,54,44,39,39,19,88,72,72,71,74,74,64,64,62,62,45,45,42,42,42,42,9,44,54,54,51,62,62,62,0,0],"gold":207,"neow_bonus":"TEN_PERCENT_HP_BONUS","is_daily":false,"chose_seed":false,"campfire_upgraded":6,"win_rate":0.0,"timestamp":1614203483,"path_taken":["M","?","$","?","M","R","E","M","T","M","E","?","?","M","R","BOSS","M","?","M","M","$","E","?","M","T","?","R","M","R","?","R","BOSS","M","?","?","M","?","R","E"],"items_purchased_type":["Relic"],"build_version":"2020-12-22","purchased_purges":2,"victory":false,"max_hp_per_floor":[88,88,88,88,88,88,88,88,88,88,88,88,88,88,88,88,88,88,88,88,88,88,88,88,88,88,88,88,88,88,44,44,44,44,54,54,60,62,62,62,62,62],"relic_stats":{"Singing Bowl":8,"counters":[20,120],"Bronze Scales":[216],"Magic Flower":[3],"Pen Nib":[2],"obtain_stats":[{"Calling Bell":34,"Bottled Flame":9,"Lantern":23,"Singing Bowl":34,"Bronze Scales":11,"SacredBark":17,"Magic Flower":34,"Pen Nib":34,"Incense Burner":22,"StrikeDummy":7,"Burning Blood":0,"TungstenRod":2},{"Calling Bell":17,"Bottled Flame":4,"Lantern":13,"Singing Bowl":17,"Bronze Scales":6,"SacredBark":9,"Magic Flower":17,"Pen Nib":17,"Incense Burner":12,"StrikeDummy":3,"Burning Blood":0,"TungstenRod":1},{"Calling Bell":101,"Bottled Flame":23,"Lantern":74,"Singing Bowl":101,"Bronze Scales":38,"SacredBark":55,"Magic Flower":101,"Pen Nib":101,"Incense Burner":68,"StrikeDummy":20,"Burning Blood":0,"TungstenRod":5}],"Burning Blood":111,"TungstenRod":84},"card_choices":[{"not_picked":["Rage","Headbutt"],"picked":"Warcry","floor":1},{"not_picked":["Anger","Dual Wield"],"picked":"Iron Wave","floor":5},{"not_picked":["Clash","Juggernaut"],"picked":"Armaments","floor":7},{"not_picked":["Anger","Clothesline"],"picked":"Shrug It Off","floor":8},{"not_picked":["Body Slam","Rage","Disarm"],"picked":"SKIP","floor":10},{"not_picked":["Havoc","Anger"],"picked":"Perfected Strike","floor":11},{"not_picked":["Feed","Clash","Evolve"],"picked":"SKIP","floor":12},{"not_picked":["Feel No Pain","Anger"],"picked":"Flex","floor":14},{"not_picked":["Whirlwind","Fire Breathing"],"picked":"Perfected Strike","floor":18},{"not_picked":["Carnage","Havoc","Wild Strike+1"],"picked":"SKIP","floor":20},{"not_picked":["Headbutt","Anger","Iron Wave"],"picked":"SKIP","floor":21},{"not_picked":["Second Wind","Rage+1","Body Slam"],"picked":"SKIP","floor":23},{"not_picked":["Bloodletting","Havoc","Spot Weakness+1"],"picked":"SKIP","floor":25},{"not_picked":["Seeing Red","Havoc+1","Cleave"],"picked":"SKIP","floor":27},{"not_picked":["Sentinel","Thunderclap"],"picked":"Perfected Strike","floor":29},{"not_picked":["Iron Wave","Sword Boomerang+1"],"picked":"Pommel Strike","floor":35},{"not_picked":["Good Instincts","Jack Of All Trades","Chrysalis"],"picked":"Singing Bowl","floor":37},{"not_picked":["Forethought","Panacea","Purity"],"picked":"Singing Bowl","floor":37},{"not_picked":["Chrysalis","Jack Of All Trades","Thinking Ahead"],"picked":"Singing Bowl","floor":37},{"not_picked":["True Grit","Burning Pact","Flex"],"picked":"Singing Bowl","floor":38}],"player_experience":413989,"relics_obtained":[{"floor":7,"key":"StrikeDummy"},{"floor":9,"key":"Bottled Flame"},{"floor":11,"key":"Bronze Scales"},{"floor":23,"key":"Lantern"},{"floor":34,"key":"Pen Nib"},{"floor":34,"key":"Singing Bowl"},{"floor":34,"key":"Magic Flower"}],"event_choices":[{"damage_healed":0,"gold_gain":0,"player_choice":"Success","damage_taken":3,"relics_obtained":["TungstenRod"],"max_hp_gain":0,"max_hp_loss":0,"event_name":"Scrap Ooze","floor":2,"gold_loss":0},{"damage_healed":0,"gold_gain":0,"player_choice":"Ignored","damage_taken":0,"max_hp_gain":0,"max_hp_loss":0,"event_name":"NoteForYourself","floor":4,"gold_loss":0},{"damage_healed":0,"gold_gain":75,"player_choice":"Gather Gold","damage_taken":11,"max_hp_gain":0,"max_hp_loss":0,"event_name":"World of Goop","floor":13,"gold_loss":0},{"damage_healed":0,"gold_gain":0,"player_choice":"Read","damage_taken":0,"max_hp_gain":0,"max_hp_loss":0,"event_name":"The Library","floor":19,"gold_loss":0,"cards_obtained":["Thunderclap"]},{"damage_healed":0,"gold_gain":0,"player_choice":"Obtain J.A.X.","damage_taken":0,"max_hp_gain":0,"max_hp_loss":0,"event_name":"Drug Dealer","floor":24,"gold_loss":0,"cards_obtained":["J.A.X."]},{"damage_healed":0,"gold_gain":0,"player_choice":"Became a Ghost","damage_taken":0,"max_hp_gain":0,"max_hp_loss":44,"event_name":"Ghosts","floor":31,"gold_loss":0,"cards_obtained":["Ghostly","Ghostly","Ghostly","Ghostly","Ghostly"]},{"cards_removed":["Ghostly"],"damage_healed":0,"gold_gain":0,"player_choice":"Removed Skill","damage_taken":0,"max_hp_gain":0,"max_hp_loss":0,"event_name":"Falling","floor":36,"gold_loss":0},{"damage_healed":0,"gold_gain":0,"player_choice":"Memory 3","damage_taken":10,"max_hp_gain":0,"max_hp_loss":0,"event_name":"SensoryStone","floor":37,"gold_loss":0},{"damage_healed":0,"gold_gain":0,"player_choice":"Ignored","damage_taken":0,"max_hp_gain":0,"max_hp_loss":0,"event_name":"Transmorgrifier","floor":39,"gold_loss":0}],"is_beta":false,"boss_relics":[{"not_picked":["Ectoplasm","Runic Dome"],"picked":"SacredBark"},{"not_picked":["Tiny House","Coffee Dripper"],"picked":"Calling Bell"}],"items_purged_floors":[3,22],"is_endless":false,"potions_floor_spawned":[5,11,12,14,18,21,25,29,33,35],"killed_by":"Giant Head","ascension_level":0}}