{"host":"8z0h4areh8sio1k0","time":1614131608,"event":{"mods":["10 clothes from DAL","Act Like it!","Aspiration","BaseMod","Colored Map","Conspire","Crowbot","Hubris","Library of Ruina Extra","Luminous","Mimic Mod","Minty Spire (QoL Compilation)","Replay The Spire","Ring Of Destiny","StSLib","TestMod","The Administrix","The Blackbeard","The Blue Laboratory","The Fake Hero","[Fun]BeWhatYouAte","【功能Mod】精心准备","【遗物Mod】死灵法师NEW","老伊莉雅"],"gold_per_floor":[114,119,135,147,164,164,175,175,175,175],"floor_reached":8,"language":"ZHS","playtime":281,"items_purged":["ReplayTheSpireMod:Restless Dread"],"score":50,"play_id":"b63f0629-8021-402d-a262-5d7daa5d6217","local_time":"20210224095328","is_ascension_mode":false,"campfire_choices":[{"data":"blackbeard:Shrapnel","floor":6,"key":"SMITH"}],"circlet_count":0,"master_deck":["blackbeard:BlackbeardStrike","blackbeard:BlackbeardStrike","blackbeard:BlackbeardStrike","blackbeard:BlackbeardStrike","blackbeard:IntimidatingStrike","blackbeard:BlackbeardDefend","blackbeard:BlackbeardDefend","blackbeard:BlackbeardDefend","blackbeard:BlackbeardDefend","blackbeard:Cutlass","blackbeard:Shrapnel+1","blackbeard:Sword","blackbeard:RearmingStrike","blackbeard:WiseDefense","blackbeard:SwordDance","blackbeard:BuriedTreasure"],"relics":["blackbeard:LoadTheCannons","testmod-TestBox","testmod-Charity","NeowsBlessing","ReplayTheSpireMod:CursedCoin"],"acts_visited":["Exordium"],"potions_floor_usage":[5,8],"damage_taken":[{"damage":0,"enemies":"Cultist","floor":1,"turns":1},{"damage":0,"enemies":"Small Slimes","floor":3,"turns":1},{"damage":0,"enemies":"Jaw Worm","floor":4,"turns":1},{"damage":10,"enemies":"Looter","floor":5,"turns":2},{"damage":6,"enemies":"Exordium Wildlife","floor":7,"turns":4},{"damage":13,"enemies":"3 Sentries","floor":8,"turns":3}],"seed_played":"-1237671231637892988","potions_obtained":[{"floor":1,"key":"Energy Potion"},{"floor":5,"key":"blueLaboratory:PolymorphPotion"},{"floor":7,"key":"Venom Potion"}],"is_trial":false,"path_per_floor":["M","$","M","M","M","R","M","E"],"character_chosen":"BLACKBEARD_CLASS","items_purchased":["blackbeard:Sword","ReplayTheSpireMod:CursedCoin","blackbeard:RearmingStrike"],"campfire_rested":0,"item_purchase_floors":[2,2,2],"current_hp_per_floor":[76,77,78,79,71,71,66,53,53,53],"gold":175,"neow_bonus":"THREE_ENEMY_KILL","is_daily":false,"chose_seed":false,"campfire_upgraded":1,"win_rate":0.0,"timestamp":1614131608,"path_taken":["M","$","M","M","M","R","M","E"],"items_purchased_type":["Card","Relic","Card"],"build_version":"2020-12-22","purchased_purges":1,"victory":false,"max_hp_per_floor":[76,77,78,79,81,81,82,82,82,82],"card_choices":[{"not_picked":["blackbeard:Bandana","blackbeard:CannonballSupply"],"picked":"blackbeard:Shrapnel","floor":1},{"not_picked":["blackbeard:CatONineTails","blackbeard:Fencing"],"picked":"blackbeard:WiseDefense","floor":3},{"not_picked":["blackbeard:GoldenStrike","blackbeard:Sword"],"picked":"blackbeard:SwordDance","floor":4},{"not_picked":["blackbeard:DelayedPain","blackbeard:SwordDance","blackbeard:Dagger"],"picked":"SKIP","floor":5},{"not_picked":["blackbeard:ChaoticDefense","blackbeard:WiseDefense"],"picked":"blackbeard:BuriedTreasure","floor":7}],"player_experience":644831,"relics_obtained":[],"event_choices":[],"is_beta":false,"boss_relics":[],"items_purged_floors":[2],"is_endless":false,"potions_floor_spawned":[1,5,7],"killed_by":"3 Sentries","ascension_level":0}}