{"host":"Tylorde","time":1614139762,"event":{"mods":["BaseMod","Minty Spire (QoL Compilation)","Weighted Paths"],"gold_per_floor":[113,113,132,150,150,150,185,201,201,201,216,13,13,28,28,131,131,142,142,154,168,168,168,201,201,224,251,251,49,61,61,61,159,159,170,170,170,186,30,30,62,82,82,108,118,149,149,180,180,180,180],"floor_reached":50,"language":"ENG","playtime":6770,"items_purged":[],"score":1237,"play_id":"811f6401-75b3-4a18-bfc3-71ca0ce13e36","local_time":"20210223200922","is_ascension_mode":true,"campfire_choices":[{"data":"JustLucky","floor":6,"key":"SMITH"},{"data":"Halt","floor":10,"key":"SMITH"},{"floor":13,"key":"REST"},{"data":"CutThroughFate","floor":15,"key":"SMITH"},{"data":"Consecrate","floor":23,"key":"SMITH"},{"data":"Prostrate","floor":25,"key":"SMITH"},{"data":"Blasphemy","floor":28,"key":"SMITH"},{"data":"Wallop","floor":32,"key":"SMITH"},{"data":"Vengeance","floor":40,"key":"SMITH"},{"floor":47,"key":"RECALL"},{"data":"ClearTheMind","floor":49,"key":"SMITH"}],"circlet_count":0,"master_deck":["AscendersBane","Eruption","Vigilance","JustLucky+1","Blasphemy+1","Scrawl+1","Halt+1","FlurryOfBlows","Swivel+1","ReachHeaven","FollowUp","Sanctity","Prostrate+1","WheelKick","EmptyMind+1","CutThroughFate+1","Consecrate+1","Ragnarok","ClearTheMind+1","Wallop+1","MentalFortress","Vengeance+1","InnerPeace+1","Devotion","Halt+1","FearNoEvil+1","Meditate","EmptyMind+1"],"relics":["TeardropLocket","Bottled Flame","Frozen Eye","SlaversCollar","Nilry\u0027s Codex","Meat on the Bone","Bronze Scales","FossilizedHelix","Nloth\u0027s Gift","Runic Dome","Oddly Smooth Stone","TungstenRod","StrikeDummy","The Courier","Bag of Preparation"],"acts_visited":["Exordium","TheCity","TheBeyond"],"potions_floor_usage":[8,20,24,33,41,50],"damage_taken":[{"damage":0,"enemies":"Cultist","floor":1,"turns":2},{"damage":0,"enemies":"Jaw Worm","floor":3,"turns":1},{"damage":0,"enemies":"2 Louse","floor":4,"turns":2},{"damage":29,"enemies":"3 Sentries","floor":7,"turns":7},{"damage":0,"enemies":"Lots of Slimes","floor":8,"turns":2},{"damage":0,"enemies":"Blue Slaver","floor":11,"turns":2},{"damage":0,"enemies":"2 Fungi Beasts","floor":14,"turns":2},{"damage":0,"enemies":"Slime Boss","floor":16,"turns":4},{"damage":9,"enemies":"Shell Parasite","floor":18,"turns":3},{"damage":4,"enemies":"2 Thieves","floor":20,"turns":3},{"damage":0,"enemies":"Sentry and Sphere","floor":21,"turns":3},{"damage":2,"enemies":"Slavers","floor":24,"turns":3},{"damage":0,"enemies":"Book of Stabbing","floor":27,"turns":4},{"damage":0,"enemies":"Cultist and Chosen","floor":30,"turns":5},{"damage":0,"enemies":"Champ","floor":33,"turns":7},{"damage":0,"enemies":"Orb Walker","floor":35,"turns":2},{"damage":24,"enemies":"3 Darklings","floor":38,"turns":4},{"damage":0,"enemies":"Nemesis","floor":41,"turns":6},{"damage":0,"enemies":"Jaw Worm Horde","floor":42,"turns":3},{"damage":0,"enemies":"Giant Head","floor":44,"turns":4},{"damage":29,"enemies":"Writhing Mass","floor":45,"turns":4},{"damage":8,"enemies":"Reptomancer","floor":46,"turns":6},{"damage":5,"enemies":"Giant Head","floor":48,"turns":6},{"damage":41,"enemies":"Awakened One","floor":50,"turns":6}],"seed_played":"-3573713419048763879","potions_obtained":[{"floor":7,"key":"PowerPotion"},{"floor":14,"key":"Energy Potion"},{"floor":16,"key":"LiquidMemories"},{"floor":19,"key":"Swift Potion"},{"floor":20,"key":"BlessingOfTheForge"},{"floor":21,"key":"Ancient Potion"},{"floor":33,"key":"DistilledChaos"},{"floor":41,"key":"LiquidBronze"},{"floor":46,"key":"SneckoOil"}],"is_trial":false,"path_per_floor":["M","?","M","M","?","R","E","M","T","R","M","$","R","M","R","B",null,"M","?","M","M","?","R","E","R","T","E","R","$","M","?","R","B",null,"M","?","?","M","$","R","E","M","T","E","M","E","R","E","R","B"],"character_chosen":"WATCHER","items_purchased":["Frozen Eye","CutThroughFate","MentalFortress","Vengeance","SkillPotion","Oddly Smooth Stone"],"campfire_rested":1,"item_purchase_floors":[12,12,29,29,29,39],"current_hp_per_floor":[65,51,51,51,51,51,22,22,22,22,22,22,43,43,43,43,65,56,56,52,52,36,36,34,34,34,46,46,46,46,46,46,46,66,66,66,66,42,42,42,42,42,42,42,25,29,29,36,36,0,0],"gold":180,"neow_bonus":"BOSS_RELIC","is_daily":false,"chose_seed":false,"campfire_upgraded":9,"win_rate":0.0,"timestamp":1614139762,"path_taken":["M","?","M","M","?","R","E","M","T","R","M","$","R","?","R","BOSS","M","?","M","?","?","R","E","R","T","E","R","$","M","?","R","BOSS","M","?","?","M","$","R","E","?","T","E","M","E","R","E","R","BOSS"],"items_purchased_type":["Relic","Card","Card","Card","Potion","Relic"],"build_version":"2020-12-18","purchased_purges":0,"victory":false,"max_hp_per_floor":[72,72,72,72,72,72,72,72,72,72,72,72,72,72,72,72,72,72,72,72,72,72,72,72,72,72,72,72,72,72,72,72,72,72,72,68,68,68,68,68,68,68,68,68,68,68,68,68,68,68,68],"card_choices":[{"not_picked":["JustLucky","Protect","Swivel"],"picked":"SKIP","floor":1},{"not_picked":["ThirdEye","Perseverance"],"picked":"Sanctity","floor":3},{"not_picked":["ClearTheMind","Prostrate","FlyingSleeves"],"picked":"SKIP","floor":4},{"not_picked":["ConjureBlade","Crescendo"],"picked":"Prostrate","floor":7},{"not_picked":["MentalFortress","Indignation"],"picked":"WheelKick","floor":8},{"not_picked":["ForeignInfluence","WreathOfFlame"],"picked":"EmptyMind","floor":11},{"not_picked":["SandsOfTime","Evaluate"],"picked":"Consecrate","floor":14},{"not_picked":["Alpha","MasterReality"],"picked":"Ragnarok","floor":16},{"not_picked":["EmptyMind","Consecrate"],"picked":"ClearTheMind","floor":18},{"not_picked":["Prostrate","FlurryOfBlows","Wireheading"],"picked":"SKIP","floor":20},{"not_picked":["PathToVictory","BattleHymn","SignatureMove"],"picked":"SKIP","floor":21},{"not_picked":["Halt","Conclude+1","BowlingBash"],"picked":"SKIP","floor":24},{"not_picked":["ForeignInfluence","TalkToTheHand"],"picked":"Wallop","floor":27},{"not_picked":["SashWhip","PathToVictory"],"picked":"InnerPeace+1","floor":30},{"not_picked":["Judgement","MasterReality"],"picked":"Devotion","floor":33},{"not_picked":["WreathOfFlame+1","FlyingSleeves+1"],"picked":"Halt+1","floor":35},{"not_picked":["WaveOfTheHand","Evaluate","Worship"],"picked":"SKIP","floor":38},{"not_picked":["Conclude","Alpha","Pray+1"],"picked":"SKIP","floor":41},{"not_picked":["BowlingBash+1","CrushJoints","Omniscience"],"picked":"SKIP","floor":42},{"not_picked":["EmptyFist+1","CarveReality+1"],"picked":"FearNoEvil+1","floor":44},{"not_picked":["EmptyFist+1","ThirdEye+1","SandsOfTime+1"],"picked":"SKIP","floor":45},{"not_picked":["EmptyBody","SpiritShield"],"picked":"Meditate","floor":46},{"not_picked":["ThirdEye","Brilliance"],"picked":"EmptyMind+1","floor":48}],"player_experience":913844,"relics_obtained":[{"floor":7,"key":"TeardropLocket"},{"floor":9,"key":"Bottled Flame"},{"floor":22,"key":"Nilry\u0027s Codex"},{"floor":24,"key":"Meat on the Bone"},{"floor":26,"key":"Bronze Scales"},{"floor":27,"key":"FossilizedHelix"},{"floor":41,"key":"TungstenRod"},{"floor":44,"key":"StrikeDummy"},{"floor":46,"key":"The Courier"},{"floor":48,"key":"Bag of Preparation"}],"event_choices":[{"damage_healed":0,"gold_gain":0,"player_choice":"Entered Light","damage_taken":14,"max_hp_gain":0,"max_hp_loss":0,"event_name":"Shining Light","floor":2,"gold_loss":0,"cards_upgraded":["Swivel","Scrawl"]},{"damage_healed":0,"gold_gain":0,"player_choice":"Ignored","damage_taken":0,"max_hp_gain":0,"max_hp_loss":0,"event_name":"Liars Game","floor":5,"gold_loss":0},{"damage_healed":0,"gold_gain":0,"player_choice":"Got Potions","damage_taken":0,"max_hp_gain":0,"max_hp_loss":0,"event_name":"Lab","floor":19,"gold_loss":0},{"damage_healed":0,"gold_gain":0,"player_choice":"Obtained Book","damage_taken":16,"max_hp_gain":0,"max_hp_loss":0,"event_name":"Cursed Tome","floor":22,"gold_loss":0},{"damage_healed":0,"gold_gain":0,"player_choice":"Traded Relic","damage_taken":0,"relics_obtained":["Nloth\u0027s Gift"],"max_hp_gain":0,"max_hp_loss":0,"event_name":"N\u0027loth","floor":31,"relics_lost":["Pandora\u0027s Box"],"gold_loss":0},{"damage_healed":0,"gold_gain":0,"player_choice":"Max HP","damage_taken":0,"max_hp_gain":0,"max_hp_loss":4,"event_name":"Winding Halls","floor":36,"gold_loss":0},{"damage_healed":0,"gold_gain":0,"player_choice":"Upgraded","damage_taken":0,"max_hp_gain":0,"max_hp_loss":0,"event_name":"Upgrade Shrine","floor":37,"gold_loss":0,"cards_upgraded":["EmptyMind"]}],"is_beta":true,"boss_relics":[{"not_picked":["Snecko Eye","Astrolabe"],"picked":"SlaversCollar"},{"not_picked":["SacredBark","Runic Pyramid"],"picked":"Runic Dome"}],"items_purged_floors":[],"is_endless":false,"potions_floor_spawned":[7,14,16,20,21,33,41,42,44,46],"killed_by":"Awakened One","ascension_level":11}}