{"host":"6koe3tp991t999dm","time":1614198075,"event":{"mods":["100% Spire Juice","Act Like it!","Arknights","Astrologer","BaseMod","Better Third Choice","CapriCore","Colored Powertips","Downfall","Hubris","Infinite Spire","Koishi","Library of Ruina","Library of Ruina Extra","Lobotomy","LobotomyExtend","Marisa（霧雨　魔理沙）","Minty Spire (QoL Compilation)","Quick Restart","Relic Stats","Replay The Spire","RumiaBox-露米?的神秘盒子","StSLib","vexMod"],"gold_per_floor":[118,152,152,117,128,128,87,87,137,165,165,165,177,192,192,296,296,315,315,334,433,433,433,451,451,451,366,392,392,417,417,417,515,615,634,684,684,695,711,554,582,593,593,469,503,503,503,517,517,517],"floor_reached":51,"language":"ENG","playtime":3388,"items_purged":[],"score":939,"play_id":"87bba05e-e3e7-4bf4-bc52-fae530aeae08","local_time":"20210224212115","is_ascension_mode":false,"campfire_choices":[{"data":"StrongStrike","floor":6,"key":"SMITH"},{"data":"WildCard","floor":11,"key":"SMITH"},{"floor":15,"key":"REST"},{"floor":23,"key":"REST"},{"data":"EnergyBeam","floor":25,"key":"SMITH"},{"data":"UnforgettableMelody","floor":29,"key":"SMITH"},{"floor":32,"key":"REST"},{"floor":49,"key":"REST"}],"circlet_count":0,"master_deck":["Dodge","LightDefense","LightAttack","LightAttack","LightAttack","LightDefense","LightDefense","ChargeAndCover+1","FocusedStrikes+1","StrongStrike+1","AGoldenOpportunity+1","Rewind","WildCard+1","Leap_lor","AbsorbImpact","JiaoTu","UnforgettableMelody+1","RapidGashes+1","QuickSuppression+1","EnergyBeam+1","EnergyShield","FormingStorm+1","QuickSuppression+1","JiaoTu+1","QuickSuppression","GrazeTheGrass","JiaoTu","Unlock1","RepressedFlesh","GroundSmash","MindCrush"],"relics":["PageOfLibrarian","LetterFromLob","Bag of Marbles","PreservedInsect","Pear","Philosopher\u0027s Stone","Membership Card","hubris:FruitBowl","hubris:EvacipatedBox","Mummified Hand","Quantum Egg","infinitespire:PuzzleCube","hubris:SlimyHat","Replay:Wanted Poster","Ginger","PageOfMercenary","vexMod:FocusSash","Bottled Tornado","PageOfTheQueenOfHatred","PageOfTheKnightOfDespair"],"acts_visited":["Exordium","TheCity","TheBeyond"],"potions_floor_usage":[20,20,39,50,51],"damage_taken":[{"damage":6,"enemies":"2 Louse","floor":1,"turns":2},{"damage":0,"enemies":"ats:Genji","floor":5,"turns":4},{"damage":0,"enemies":"Replay:BlueRogue","floor":10,"turns":2},{"damage":0,"enemies":"Small Slimes","floor":13,"turns":2},{"damage":5,"enemies":"2 Fungi Beasts","floor":14,"turns":3},{"damage":0,"enemies":"The Guardian","floor":16,"turns":8},{"damage":0,"enemies":"Chosen","floor":18,"turns":3},{"damage":0,"enemies":"3 Byrds","floor":20,"turns":3},{"damage":17,"enemies":"Sentry and Sphere","floor":24,"turns":5},{"damage":4,"enemies":"Slavers","floor":28,"turns":4},{"damage":0,"enemies":"Book of Stabbing","floor":30,"turns":2},{"damage":21,"enemies":"KingOfGreed","floor":33,"turns":7},{"damage":0,"enemies":"3 Shapes","floor":35,"turns":2},{"damage":0,"enemies":"Mind Bloom Boss Battle","floor":36,"turns":1},{"damage":18,"enemies":"3 Darklings","floor":38,"turns":3},{"damage":6,"enemies":"Writhing Mass","floor":39,"turns":2},{"damage":0,"enemies":"Reptomancer","floor":41,"turns":2},{"damage":40,"enemies":"Sphere and 2 Shapes","floor":42,"turns":4},{"damage":0,"enemies":"R_Hoarder","floor":45,"turns":2},{"damage":0,"enemies":"3 Darklings","floor":48,"turns":2},{"damage":69,"enemies":"infinitespire:MassOfShapes","floor":50,"turns":6}],"seed_played":"8959322873459748611","potions_obtained":[{"floor":1,"key":"SkillPotion"},{"floor":2,"key":"Milkshake"},{"floor":2,"key":"SkillPotion"},{"floor":24,"key":"Regen Potion"},{"floor":28,"key":"DistilledChaos"},{"floor":39,"key":"Dexterity Potion"}],"is_trial":false,"path_per_floor":["M","?","?","?","M","R","$","?","T","E","R","T","M","M","R","B",null,"M","?","M","?","$","R","M","R","T","?","E","R","E","?","R","B",null,"M","?","?","M","M","$","E","M","T","$","E","?","?","M","R","B",null],"character_chosen":"Librarian","items_purchased":["WildCard","Membership Card","hubris:FruitBowl","hubris:EvacipatedBox","PageOfMercenary","JiaoTu","PageOfTheQueenOfHatred"],"campfire_rested":4,"item_purchase_floors":[7,22,22,22,40,40,44],"current_hp_per_floor":[54,18,18,40,40,40,40,40,40,40,40,50,50,45,75,75,101,101,101,101,101,53,83,74,74,74,74,70,70,70,82,101,80,101,101,101,101,83,82,82,82,42,42,42,44,44,44,47,77,16],"gold":517,"neow_bonus":"UPGRADE_CARD","is_daily":false,"chose_seed":false,"campfire_upgraded":4,"win_rate":0.0,"timestamp":1614198075,"path_taken":["M","?","?","?","M","R","?","?","T","E","R","?","M","?","R","BOSS","M","?","M","?","?","R","M","R","T","?","E","R","E","?","R","BOSS","M","?","?","M","?","$","E","M","T","?","E","?","?","M","R","BOSS"],"items_purchased_type":["Card","Relic","Relic","Relic","Relic","Card","Relic"],"build_version":"2020-12-22","purchased_purges":0,"victory":true,"max_hp_per_floor":[91,91,91,91,62,91,91,91,91,91,91,101,101,101,101,101,101,101,101,101,101,101,101,101,101,101,101,101,101,101,101,101,101,101,101,101,101,101,101,101,101,101,101,101,101,101,101,101,101,101],"relic_stats":{"counters":[22,72],"Mummified Hand":[16],"PreservedInsect":215,"Ginger":[2],"obtain_stats":[{"PageOfTheQueenOfHatred":44,"Pear":12,"Quantum Egg":27,"hubris:FruitBowl":22,"PreservedInsect":10,"hubris:SlimyHat":30,"Ginger":36,"vexMod:FocusSash":41,"Bottled Tornado":43,"hubris:EvacipatedBox":22,"PageOfLibrarian":0,"Replay:Wanted Poster":34,"PageOfMercenary":40,"Mummified Hand":26,"PageOfTheKnightOfDespair":45,"Philosopher\u0027s Stone":17,"LetterFromLob":1,"Bag of Marbles":9,"Membership Card":22,"infinitespire:PuzzleCube":28},{"PageOfTheQueenOfHatred":18,"Pear":3,"Quantum Egg":9,"hubris:FruitBowl":8,"PreservedInsect":3,"hubris:SlimyHat":11,"Ginger":14,"vexMod:FocusSash":17,"Bottled Tornado":18,"hubris:EvacipatedBox":8,"PageOfLibrarian":0,"Replay:Wanted Poster":12,"PageOfMercenary":16,"Mummified Hand":9,"PageOfTheKnightOfDespair":19,"Philosopher\u0027s Stone":6,"LetterFromLob":1,"Bag of Marbles":2,"Membership Card":8,"infinitespire:PuzzleCube":10},{"PageOfTheQueenOfHatred":59,"Pear":8,"Quantum Egg":32,"hubris:FruitBowl":27,"PreservedInsect":8,"hubris:SlimyHat":38,"Ginger":48,"vexMod:FocusSash":55,"Bottled Tornado":59,"hubris:EvacipatedBox":27,"PageOfLibrarian":0,"Replay:Wanted Poster":45,"PageOfMercenary":53,"Mummified Hand":32,"PageOfTheKnightOfDespair":61,"Philosopher\u0027s Stone":21,"LetterFromLob":2,"Bag of Marbles":6,"Membership Card":27,"infinitespire:PuzzleCube":36}]},"card_choices":[{"not_picked":["EnergyCycle","Tailoring","KeepItFresh","SnakeSlit","Thrust","Track","FrontalAssault","NonstopAssault"],"picked":"StrongStrike","floor":1},{"not_picked":["Punishment","Wallop_lor","UnavoidableGaze","FlashOfSunup","FierceCharge","FleetEdge","ViolentFlame","HighKick"],"picked":"AGoldenOpportunity","floor":2},{"not_picked":["Riposte","SharpNails","QuickAttack","NonstopAssault","Outburst","SkitterAway","MultiHit","BackAttack"],"picked":"Rewind","floor":5},{"not_picked":["FleetEdge","HardRehearsal","Multislash","Outburst","StrikeDown","Deflect_lor","Guardian_lor","Rampage_lor"],"picked":"Leap_lor","floor":10},{"not_picked":["QuickAttack","Rewind","GatherIntel","BlowItUp","VioletBlade","BiXi","StructuralAnalysis","Wallop_lor"],"picked":"AbsorbImpact","floor":13},{"not_picked":["TimeForALittleTest","LossOfSenses","ClassAndRespect","WillOfThePrescript","FormingStorm","Outburst","Thrust","HiddenBlade"],"picked":"JiaoTu","floor":14},{"not_picked":["TrashDisposal","Suppress"],"picked":"UnforgettableMelody","floor":16},{"not_picked":["ClassAndRespect+1","EnergyStrike","UndertakePrescript","FleetEdge","FierceCharge+1","Standoff+1","TimeForALittleTest+1","FlashingStrike"],"picked":"RapidGashes+1","floor":18},{"not_picked":["GaleKick+1","BackstreetsDash","HiddenBlade+1","ProselytesBlade","YourShield","FeelinGood","SnakesPrey","PinpointShot"],"picked":"QuickSuppression+1","floor":20},{"not_picked":["Reload","ViolentFlame","SnakeSlit+1","CoordinatedAssault","Diversion","SpearedSweep","AssaultOrder","ScatteringSlash"],"picked":"EnergyBeam","floor":24},{"not_picked":["Reload","ShrineToMusic","GuidanceOfTheGears","MultiHit","CleanUp","StrikeDown","NonstopAssault","SnakesPrey"],"picked":"EnergyShield","floor":28},{"not_picked":["GuidanceOfTheGears","PreemptiveStrike+1","TendonChords","OpportunitySpotted","FierceOnslaught+1","UpbeatPerformance","SerpentSwordTechnique","FrontalAssault"],"picked":"EnergyCycle+1","floor":30},{"not_picked":["MirageStorm","BoundaryOfDeath"],"picked":"FormingStorm","floor":33},{"not_picked":["QuickAttack","Pound+1","MultiBlock+1","MultiHit+1","GreatSerpentsImpact","YouOnlyLiveOnce","Outburst+1","SinglePointStab"],"picked":"QuickSuppression+1","floor":35},{"not_picked":["Wallop_lor","UndertakePrescript+1","IngredientHunt+1","TimeForALittleTest","SmokingPipe","SpearedSweep","FlashingStrike","MultiHit+1"],"picked":"JiaoTu+1","floor":36},{"not_picked":["StructuralAnalysis+1","Creak","ChopItOff","KeepItFresh","Brawl","ShrineToMusic+1","SparkingSpear+1","Endure"],"picked":"QuickSuppression","floor":38},{"not_picked":["HighKick+1","IronWall","Wallop_lor+1","Leap_lor+1","FeelinGood","Reload+1","StrikeDown","HandlingWork+1"],"picked":"GrazeTheGrass","floor":39},{"not_picked":["BizarreAttack+1","LawAndOrder","AssaultOrder","UnavoidableGaze","ForTheFamily","Brawl","ToWhereThePrescriptPoints+1","Outburst+1"],"picked":"Unlock1","floor":41},{"not_picked":["ExtremeEdge","ReadyUp","UnavoidableGaze+1","Outburst","Creak+1","IngredientHunt+1","Reload+1","SinglePointStab+1"],"picked":"RepressedFlesh","floor":42},{"not_picked":["Multislash+1","ShockingBlow+1","Castigation","Pound","ClassAndRespect","Quickness+1","Rewind+1","SinglePointStab+1"],"picked":"GroundSmash","floor":45},{"not_picked":["YouOnlyLiveOnce","Thrust","ViolentFlame+1","DarkCloud+1","GuidanceOfTheGears","GuardingStance","Unlock1+1","SmokingPipe"],"picked":"MindCrush","floor":48}],"player_experience":36417,"relics_obtained":[{"floor":1,"key":"LetterFromLob"},{"floor":9,"key":"Bag of Marbles"},{"floor":10,"key":"PreservedInsect"},{"floor":12,"key":"Pear"},{"floor":26,"key":"Mummified Hand"},{"floor":28,"key":"infinitespire:PuzzleCube"},{"floor":30,"key":"hubris:SlimyHat"},{"floor":36,"key":"Ginger"},{"floor":41,"key":"vexMod:FocusSash"},{"floor":43,"key":"Bottled Tornado"},{"floor":45,"key":"PageOfTheKnightOfDespair"}],"event_choices":[{"damage_healed":22,"gold_gain":0,"player_choice":"Healed","damage_taken":0,"max_hp_gain":0,"max_hp_loss":0,"event_name":"The Cleric","floor":4,"gold_loss":35},{"damage_healed":0,"gold_gain":0,"player_choice":"Ignored","damage_taken":0,"max_hp_gain":0,"max_hp_loss":0,"event_name":"Vampires","floor":19,"gold_loss":0},{"damage_healed":0,"gold_gain":99,"player_choice":"Steal","damage_taken":0,"max_hp_gain":0,"max_hp_loss":0,"event_name":"betterThird:BetterNest","floor":21,"gold_loss":0},{"damage_healed":0,"gold_gain":0,"player_choice":"Obtained Relic","damage_taken":0,"relics_obtained":["Quantum Egg"],"max_hp_gain":0,"max_hp_loss":0,"event_name":"Addict","floor":27,"gold_loss":85},{"damage_healed":0,"gold_gain":0,"player_choice":"Fight","damage_taken":0,"max_hp_gain":0,"max_hp_loss":0,"event_name":"MindBloom","floor":36,"gold_loss":0},{"damage_healed":0,"gold_gain":0,"player_choice":"Forge","damage_taken":0,"max_hp_gain":0,"max_hp_loss":0,"event_name":"Accursed Blacksmith","floor":37,"gold_loss":0,"cards_upgraded":["FormingStorm"]},{"cards_removed":["EnergyCycle"],"damage_healed":0,"gold_gain":0,"player_choice":"Removed Attack","damage_taken":0,"max_hp_gain":0,"max_hp_loss":0,"event_name":"Falling","floor":47,"gold_loss":0}],"is_beta":false,"boss_relics":[{"not_picked":["hubris:HollowSoul","hubris:GrandSneckoEye"],"picked":"Philosopher\u0027s Stone"},{"not_picked":["Runic Pyramid","Calling Bell","infinitespire:Cupcake"],"picked":"Replay:Wanted Poster"}],"items_purged_floors":[],"is_endless":false,"potions_floor_spawned":[1,13,24,28,35,38,39,45,48],"ascension_level":0}}