{"host":"zksvs3x2ysy9npnz","time":1614207911,"event":{"mods":["Aspiration","BaseMod","Beaked The Cultist","BetterRewards","Clockwork Mod","Colored Map","Conspire","Downfall","Halation","Highlight Path","Hubris","Infinite Spire","Jedi Mod","Magitek Elite","Minty Spire (QoL Compilation)","Permanent Neow","Quick Restart","Relic Stats","Shop Mod","StSLib","The Runesmith","The Witch"],"gold_per_floor":[119,137,137,137,137,137,165,16,16,16,27,27,46,61,61,158,158,177,20,20,20,35,65,65,94,94,106,118,130,142,185,197,312,324,350,362,385,416,25,56,56,90,90,90,120,120,154,6,6,6],"floor_reached":51,"language":"FRA","playtime":4148,"items_purged":[],"score":1113,"play_id":"99f06d37-a59d-484c-be76-eec02e702b46","local_time":"20210225000511","is_ascension_mode":true,"campfire_choices":[{"data":"hexamod:Float","floor":6,"key":"SMITH"},{"data":"hexamod:Defend","floor":10,"key":"SMITH"},{"data":"hexamod:HeatShield","floor":12,"key":"SMITH"},{"data":"hexamod:RetreatToShadows","floor":15,"key":"SMITH"},{"floor":24,"key":"REST"},{"floor":27,"key":"REST"},{"floor":32,"key":"REST"},{"floor":41,"key":"REST"},{"data":"Clockwork:CraftSomewhatSmoothStone","floor":44,"key":"SMITH"},{"data":"hexamod:ForkedFlame","floor":46,"key":"SMITH"},{"data":"Clockwork:ElasticNanites","floor":49,"key":"SMITH"}],"circlet_count":0,"master_deck":["hexamod:Strike+1","hexamod:Strike+1","hexamod:Strike+1","hexamod:Defend+1","hexamod:Defend+1","hexamod:Defend+1","hexamod:Defend+1","hexamod:Sear+1","hexamod:Float+1","hexamod:AdvancingGuard+1","hexamod:FirstSeal","hexamod:HeatShield+1","hexamod:RetreatToShadows+1","hexamod:StepThrough+1","hexamod:SixthSeal","hexamod:Rewind+1","hexamod:RetreatToShadows+1","hexamod:RetreatToShadows+1","hexamod:ApocalypseNow+1","hexamod:ApocalypseNow+1","hexamod:ShieldOfDarkness+1","hexamod:WildfireWeapon+1","hexamod:CatchUp+1","hexamod:ForkedFlame+1","hubris:DuctTapeCard","Clockwork:ElasticNanites+1"],"relics":["hexamod:SpiritBrand","halation:PromiseList","infinitespire:Beetle Shell","Strawberry","jedi:bottledfury","Black Star","halation:NonexistentMirror","halation:EternalFortune","Nilry\u0027s Codex","hubris:DisguiseKit","StoneCalendar","Eternal Feather","infinitespire:WardingShard","MawBank","Centennial Puzzle","halation:BottledLove","halation:AfternoonTea","Potion Belt","Guard_Bracelet","Sozu","Clockwork:MomentumEngine","Art of War","aspiration:StickyExplosives_weak","aspiration:TomeofQuesting","Toy Ornithopter","Boot","Omamori","Runesmith:Nanobots","hubris:TenFootPole","jedi:matchstick","Clockwork:SomewhatSmoothStone","hubris:DuctTape","hubris:TinFlute","aspiration:Nostalgia","infinitespire:DarkRift"],"acts_visited":["Exordium","TheCity","TheBeyond"],"potions_floor_usage":[18,22,22,25,40],"damage_taken":[{"damage":0,"enemies":"Cultist","floor":1,"turns":3},{"damage":2,"enemies":"Small Slimes","floor":2,"turns":4},{"damage":16,"enemies":"Lagavulin","floor":7,"turns":9},{"damage":0,"enemies":"2 Louse","floor":11,"turns":3},{"damage":7,"enemies":"2 Fungi Beasts","floor":13,"turns":4},{"damage":7,"enemies":"Exordium Wildlife","floor":14,"turns":5},{"damage":12,"enemies":"The Guardian","floor":16,"turns":17},{"damage":20,"enemies":"Spheric Guardian","floor":18,"turns":8},{"damage":7,"enemies":"3 Byrds","floor":22,"turns":5},{"damage":40,"enemies":"Book of Stabbing","floor":23,"turns":7},{"damage":41,"enemies":"Gremlin Leader","floor":25,"turns":8},{"damage":25,"enemies":"Book of Stabbing","floor":31,"turns":8},{"damage":53,"enemies":"conspire:MysteriousRune","floor":33,"turns":13},{"damage":10,"enemies":"3 Darklings","floor":35,"turns":7},{"damage":23,"enemies":"Orb Walker","floor":37,"turns":5},{"damage":17,"enemies":"Spire Growth","floor":38,"turns":7},{"damage":34,"enemies":"Giant Head","floor":40,"turns":12},{"damage":23,"enemies":"Nightmare","floor":42,"turns":8},{"damage":8,"enemies":"Giant Head","floor":45,"turns":9},{"damage":44,"enemies":"Reptomancer","floor":47,"turns":8},{"damage":6,"enemies":"Awakened One","floor":50,"turns":14}],"seed_played":"-4639287621944649580","potions_obtained":[{"floor":1,"key":"AttackPotion"},{"floor":14,"key":"ColorlessPotion"},{"floor":16,"key":"Energy Potion"},{"floor":18,"key":"SkillPotion"},{"floor":31,"key":"hexamod:InfernoChargePotion"}],"is_trial":false,"path_per_floor":["M","M","?","?","?","R","E","$","T","R","M","R","M","M","R","B",null,"M","$","?","?","M","E","R","E","T","R","?","T","?","E","R","B",null,"M","?","M","M","$","E","R","NM","T","R","E","R","E","$","R","B",null],"character_chosen":"THE_SPIRIT","items_purchased":["Strawberry","halation:NonexistentMirror","Art of War","aspiration:StickyExplosives_weak","aspiration:Nostalgia"],"campfire_rested":4,"item_purchase_floors":[8,19,39,39,48],"current_hp_per_floor":[70,68,61,47,40,40,24,31,31,31,38,38,38,38,38,33,77,64,64,67,51,54,21,45,14,14,51,51,51,51,26,63,32,86,83,83,67,57,57,33,74,73,73,88,87,89,52,52,67,78],"gold":6,"neow_bonus":"RANDOM_COMMON_RELIC","is_daily":false,"chose_seed":false,"campfire_upgraded":7,"win_rate":0.0,"timestamp":1614207911,"path_taken":["M","M","?","?","?","R","E","$","T","R","M","R","M","?","R","BOSS","M","$","?","?","?","E","R","E","T","R","?","?","?","E","R","BOSS","M","?","?","M","$","E","R","NM","T","R","E","R","E","?","R","BOSS"],"items_purchased_type":["Relic","Relic","Relic","Relic","Relic"],"build_version":"2020-12-22","purchased_purges":0,"victory":true,"max_hp_per_floor":[70,70,70,70,70,70,70,77,77,77,77,77,77,77,77,77,77,77,77,80,80,83,83,83,86,86,86,86,86,86,86,86,86,86,86,86,86,86,86,89,89,89,89,89,89,89,89,89,89,89],"relic_stats":{"Sozu":3,"Centennial Puzzle":[30],"counters":[21,164],"StoneCalendar":[441],"Eternal Feather":71,"Black Star":7,"Art of War":[11],"MawBank":156,"Boot":[0],"obtain_stats":[{"Nilry\u0027s Codex":21,"StoneCalendar":23,"aspiration:TomeofQuesting":40,"jedi:bottledfury":9,"Boot":42,"aspiration:StickyExplosives_weak":39,"Sozu":34,"Centennial Puzzle":28,"Strawberry":8,"jedi:matchstick":45,"halation:PromiseList":0,"hexamod:SpiritBrand":0,"hubris:TinFlute":47,"Potion Belt":31,"hubris:DisguiseKit":23,"Runesmith:Nanobots":43,"hubris:DuctTape":47,"halation:BottledLove":29,"aspiration:Nostalgia":48,"Clockwork:SomewhatSmoothStone":47,"Eternal Feather":25,"infinitespire:Beetle Shell":7,"Omamori":42,"MawBank":26,"Clockwork:MomentumEngine":37,"halation:NonexistentMirror":19,"infinitespire:DarkRift":48,"infinitespire:WardingShard":25,"halation:EternalFortune":20,"Black Star":17,"Art of War":39,"hubris:TenFootPole":45,"halation:AfternoonTea":30,"Guard_Bracelet":31,"Toy Ornithopter":40},{"Nilry\u0027s Codex":8,"StoneCalendar":10,"aspiration:TomeofQuesting":17,"jedi:bottledfury":3,"Boot":18,"aspiration:StickyExplosives_weak":16,"Sozu":13,"Centennial Puzzle":11,"Strawberry":3,"jedi:matchstick":19,"halation:PromiseList":0,"hexamod:SpiritBrand":0,"hubris:TinFlute":20,"Potion Belt":12,"hubris:DisguiseKit":10,"Runesmith:Nanobots":18,"hubris:DuctTape":20,"halation:BottledLove":11,"aspiration:Nostalgia":20,"Clockwork:SomewhatSmoothStone":20,"Eternal Feather":11,"infinitespire:Beetle Shell":3,"Omamori":18,"MawBank":11,"Clockwork:MomentumEngine":15,"halation:NonexistentMirror":8,"infinitespire:DarkRift":20,"infinitespire:WardingShard":11,"halation:EternalFortune":8,"Black Star":7,"Art of War":16,"hubris:TenFootPole":19,"halation:AfternoonTea":11,"Guard_Bracelet":12,"Toy Ornithopter":17},{"Nilry\u0027s Codex":53,"StoneCalendar":65,"aspiration:TomeofQuesting":125,"jedi:bottledfury":16,"Boot":133,"aspiration:StickyExplosives_weak":113,"Sozu":94,"Centennial Puzzle":73,"Strawberry":16,"jedi:matchstick":142,"halation:PromiseList":0,"hexamod:SpiritBrand":0,"hubris:TinFlute":150,"Potion Belt":81,"hubris:DisguiseKit":65,"Runesmith:Nanobots":133,"hubris:DuctTape":150,"halation:BottledLove":73,"aspiration:Nostalgia":150,"Clockwork:SomewhatSmoothStone":147,"Eternal Feather":73,"infinitespire:Beetle Shell":16,"Omamori":133,"MawBank":73,"Clockwork:MomentumEngine":104,"halation:NonexistentMirror":53,"infinitespire:DarkRift":150,"infinitespire:WardingShard":73,"halation:EternalFortune":53,"Black Star":45,"Art of War":113,"hubris:TenFootPole":142,"halation:AfternoonTea":73,"Guard_Bracelet":81,"Toy Ornithopter":125}],"Toy Ornithopter":0},"card_choices":[{"not_picked":["hexamod:FlamesFromBeyond","hexamod:GhostShield"],"picked":"hexamod:AdvancingGuard","floor":1},{"not_picked":["hexamod:EmpoweredFlame","hexamod:Incineration"],"picked":"hexamod:FlamesFromBeyond","floor":2},{"not_picked":["hexamod:EmpoweredFlame","hexamod:BurningTouch"],"picked":"hexamod:FirstSeal","floor":7},{"not_picked":["hexamod:NightmareStrike","hexamod:GhostLash"],"picked":"hexamod:HeatShield","floor":11},{"not_picked":["hexamod:SpectralAdrenaline","hexamod:Haunt"],"picked":"hexamod:RetreatToShadows","floor":13},{"not_picked":["hexamod:SwordOfDarkness","hexamod:NightmareGuise"],"picked":"hexamod:StepThrough","floor":14},{"not_picked":["hexamod:ApocalypseNow","hexamod:TurnItUp"],"picked":"hexamod:SixthSeal","floor":16},{"not_picked":["hexamod:HeatCrush","hexamod:Firestarter"],"picked":"hexamod:Rewind","floor":18},{"not_picked":["hexamod:GhostOfSpirePast","hexamod:SpectralSpark"],"picked":"hexamod:RetreatToShadows+1","floor":22},{"not_picked":["hexamod:Firestarter","hexamod:ApocalypticArmor"],"picked":"hexamod:ApocalypseNow","floor":23},{"not_picked":["hexamod:SwordOfDarkness+1","hexamod:FirstSeal","hexamod:UnlimitedPower","Clockwork:Pluck"],"picked":"SKIP","floor":25},{"not_picked":["hexamod:BurningTouch","hexamod:FirstSeal","hexamod:HauntingEcho","Clockwork:Enhance"],"picked":"SKIP","floor":31},{"not_picked":["hexamod:FifthSeal","hexamod:GhostflameInferno","hexamod:ParanormalForm"],"picked":"Clockwork:CraftMomentumEngine","floor":33},{"not_picked":["hexamod:HeatCrush+1","hexamod:ThermalTransfer","Clockwork:HeadStart"],"picked":"hexamod:ShieldOfDarkness+1","floor":35},{"not_picked":["hexamod:NightmareGuise+1","hexamod:BacktrackSmack+1","Clockwork:CogBarrier"],"picked":"hexamod:WildfireWeapon","floor":37},{"not_picked":["hexamod:AdvancingGuard+1","hexamod:NightmareGuise","Clockwork:TiltAWhirl"],"picked":"hexamod:CatchUp+1","floor":38},{"not_picked":["hexamod:RainOfEmbers","hexamod:SpectersWail","Clockwork:MechanicalBulk"],"picked":"hexamod:ForkedFlame","floor":40},{"not_picked":["hexamod:ShieldOfDarkness","hexamod:NecessarySacrifice+1","hexamod:NightmareStrike+1"],"picked":"Clockwork:CraftSomewhatSmoothStone","floor":42},{"not_picked":["hexamod:Again","hexamod:BurningTouch","hexamod:SpectersWail","Clockwork:ForgeStrike"],"picked":"SKIP","floor":45},{"not_picked":["hexamod:FourthSeal","hexamod:Incineration+1","hexamod:RadiantFlame+1"],"picked":"Clockwork:ElasticNanites","floor":47}],"player_experience":1943514,"relics_obtained":[{"floor":7,"key":"infinitespire:Beetle Shell"},{"floor":9,"key":"jedi:bottledfury"},{"floor":21,"key":"Nilry\u0027s Codex"},{"floor":22,"key":"halation:EternalFortune"},{"floor":23,"key":"hubris:DisguiseKit"},{"floor":23,"key":"StoneCalendar"},{"floor":25,"key":"halation:EternalFortune"},{"floor":25,"key":"Eternal Feather"},{"floor":25,"key":"infinitespire:WardingShard"},{"floor":26,"key":"MawBank"},{"floor":28,"key":"Centennial Puzzle"},{"floor":29,"key":"halation:BottledLove"},{"floor":31,"key":"Potion Belt"},{"floor":31,"key":"Guard_Bracelet"},{"floor":40,"key":"halation:EternalFortune"},{"floor":40,"key":"aspiration:TomeofQuesting"},{"floor":40,"key":"Toy Ornithopter"},{"floor":42,"key":"Boot"},{"floor":42,"key":"Omamori"},{"floor":43,"key":"Runesmith:Nanobots"},{"floor":45,"key":"hubris:TenFootPole"},{"floor":45,"key":"jedi:matchstick"},{"floor":47,"key":"hubris:DuctTape"},{"floor":47,"key":"hubris:TinFlute"}],"event_choices":[{"cards_removed":["hexamod:Strike"],"damage_healed":0,"gold_gain":0,"player_choice":"Card Removal","damage_taken":7,"max_hp_gain":0,"max_hp_loss":0,"event_name":"Golden Wing","floor":3,"gold_loss":0},{"damage_healed":0,"gold_gain":0,"player_choice":"Entered Light","damage_taken":14,"max_hp_gain":0,"max_hp_loss":0,"event_name":"Shining Light","floor":4,"gold_loss":0,"cards_upgraded":["hexamod:AdvancingGuard","hexamod:Defend"]},{"damage_healed":0,"gold_gain":0,"player_choice":"Damaged","damage_taken":7,"max_hp_gain":0,"max_hp_loss":0,"event_name":"Wheel of Change","floor":5,"gold_loss":0},{"damage_healed":0,"gold_gain":0,"player_choice":"Obtained Book","damage_taken":16,"max_hp_gain":0,"max_hp_loss":0,"event_name":"Cursed Tome","floor":21,"gold_loss":0},{"damage_healed":0,"gold_gain":0,"player_choice":"Opened","damage_taken":0,"relics_obtained":["halation:AfternoonTea"],"max_hp_gain":0,"max_hp_loss":0,"event_name":"The Mausoleum","floor":30,"gold_loss":0,"cards_obtained":["Writhe"]},{"damage_healed":0,"gold_gain":0,"player_choice":"Ignored","damage_taken":0,"max_hp_gain":0,"max_hp_loss":0,"event_name":"SecretPortal","floor":36,"gold_loss":0}],"is_beta":false,"boss_relics":[{"not_picked":["aspiration:SilentSkillbook","conspire:SlowCooker"],"picked":"Black Star"},{"not_picked":["Philosopher\u0027s Stone","Busted Crown"],"picked":"Sozu"}],"items_purged_floors":[],"is_endless":false,"potions_floor_spawned":[1,14,16,18,31,35,38,40],"ascension_level":4}}