{"host":"p9fmk1zxjhqthrxg","time":1614187467,"event":{"mods":["BaseMod","Bestiary","Colored Map","Colored Powertips","Highlight Path","Minty Spire (QoL Compilation)","Random Character Button","Rare Cards Sparkle","StSLib"],"gold_per_floor":[119,132,132,132,132,132,158,158,158,32,50,64,64,81,81,179,179,193,193,193,193,212,212,225,242,242,242,242],"floor_reached":27,"language":"ENG","playtime":1239,"items_purged":[],"score":238,"play_id":"31cfd540-0272-49c6-9c43-0298d46e5207","local_time":"20210224112427","is_ascension_mode":false,"campfire_choices":[{"floor":6,"key":"REST"},{"data":"Fasting2","floor":8,"key":"SMITH"},{"data":"Eruption","floor":13,"key":"SMITH"},{"data":"Vigilance","floor":15,"key":"SMITH"},{"floor":23,"key":"REST"}],"circlet_count":0,"master_deck":["Strike_P+1","Strike_P+1","Strike_P+1","Defend_P+1","Defend_P+1","Defend_P+1","Defend_P+1","Eruption+1","Vigilance+1","FlurryOfBlows","Consecrate","Weave","Fasting2+1","LikeWater","JustLucky","EmptyFist","InnerPeace","Conclude","Alpha","Pray","Pray","FollowUp","JustLucky"],"relics":["PureWater","NeowsBlessing","Calipers","Ornamental Fan","Pantograph","Runic Pyramid","GremlinMask","Mercury Hourglass"],"acts_visited":["Exordium","TheCity"],"potions_floor_usage":[14,16,18,27,27],"damage_taken":[{"damage":0,"enemies":"2 Louse","floor":1,"turns":2},{"damage":0,"enemies":"Small Slimes","floor":2,"turns":1},{"damage":0,"enemies":"Gremlin Nob","floor":7,"turns":1},{"damage":0,"enemies":"Cultist","floor":11,"turns":4},{"damage":0,"enemies":"3 Louse","floor":12,"turns":3},{"damage":0,"enemies":"Exordium Thugs","floor":14,"turns":4},{"damage":38,"enemies":"Hexaghost","floor":16,"turns":8},{"damage":15,"enemies":"2 Thieves","floor":18,"turns":4},{"damage":27,"enemies":"Shell Parasite","floor":22,"turns":6},{"damage":0,"enemies":"3 Cultists","floor":24,"turns":2},{"damage":30,"enemies":"Snake Plant","floor":25,"turns":6},{"damage":41,"enemies":"Snecko","floor":27,"turns":4}],"seed_played":"-3787459668419317904","potions_obtained":[{"floor":1,"key":"EssenceOfSteel"},{"floor":11,"key":"StancePotion"},{"floor":12,"key":"Ancient Potion"},{"floor":16,"key":"Explosive Potion"},{"floor":18,"key":"Explosive Potion"},{"floor":24,"key":"GamblersBrew"}],"is_trial":false,"path_per_floor":["M","M","?","?","?","R","E","R","T","$","M","M","R","M","R","B",null,"M","?","?","?","M","R","M","M","T","M"],"character_chosen":"WATCHER","items_purchased":["LikeWater","JustLucky"],"campfire_rested":2,"item_purchase_floors":[10,10],"current_hp_per_floor":[72,72,72,58,46,67,67,67,67,67,67,67,67,67,67,34,72,57,57,44,44,17,40,40,10,10,0,0],"gold":242,"neow_bonus":"THREE_ENEMY_KILL","is_daily":false,"chose_seed":false,"campfire_upgraded":3,"win_rate":0.0,"timestamp":1614187467,"path_taken":["M","M","?","?","?","R","E","R","T","$","M","M","R","M","R","BOSS","M","?","?","?","?","R","M","M","T","M"],"items_purchased_type":["Card","Card"],"build_version":"2020-12-22","purchased_purges":0,"victory":false,"max_hp_per_floor":[72,72,72,72,72,72,72,72,72,72,72,72,72,72,72,72,72,72,72,77,77,77,77,77,77,77,77,77],"card_choices":[{"not_picked":["Wallop","CrushJoints"],"picked":"FlurryOfBlows","floor":1},{"not_picked":["Tantrum","BowlingBash"],"picked":"Consecrate","floor":2},{"not_picked":["WaveOfTheHand","SashWhip"],"picked":"Fasting2","floor":7},{"not_picked":["CarveReality","ThirdEye"],"picked":"EmptyFist","floor":11},{"not_picked":["Collect","Prostrate"],"picked":"InnerPeace","floor":12},{"not_picked":["Evaluate","LikeWater"],"picked":"Conclude","floor":14},{"not_picked":["DeusExMachina","MasterReality"],"picked":"Alpha","floor":16},{"not_picked":["CutThroughFate","CrushJoints"],"picked":"Pray","floor":18},{"not_picked":["PathToVictory","FlyingSleeves"],"picked":"Pray","floor":22},{"not_picked":["Study+1","Crescendo"],"picked":"FollowUp","floor":24},{"not_picked":["SashWhip+1","Worship"],"picked":"JustLucky","floor":25}],"player_experience":141161,"relics_obtained":[{"floor":7,"key":"Ornamental Fan"},{"floor":9,"key":"Pantograph"},{"floor":26,"key":"Mercury Hourglass"}],"event_choices":[{"damage_healed":0,"gold_gain":0,"cards_transformed":["Strike_P"],"player_choice":"Change","damage_taken":0,"max_hp_gain":0,"max_hp_loss":0,"event_name":"Living Wall","floor":3,"gold_loss":0,"cards_obtained":["Weave"]},{"damage_healed":0,"gold_gain":0,"player_choice":"Entered Light","damage_taken":14,"max_hp_gain":0,"max_hp_loss":0,"event_name":"Shining Light","floor":4,"gold_loss":0,"cards_upgraded":["Defend_P","Defend_P"]},{"damage_healed":0,"gold_gain":0,"player_choice":"Success","damage_taken":12,"relics_obtained":["Calipers"],"max_hp_gain":0,"max_hp_loss":0,"event_name":"Scrap Ooze","floor":5,"gold_loss":0},{"damage_healed":0,"gold_gain":0,"player_choice":"Simplicity","damage_taken":0,"max_hp_gain":0,"max_hp_loss":0,"event_name":"Back to Basics","floor":19,"gold_loss":0,"cards_upgraded":["Strike_P","Strike_P","Strike_P","Defend_P","Defend_P"]},{"damage_healed":0,"gold_gain":0,"player_choice":"Shed Blood","damage_taken":18,"max_hp_gain":5,"max_hp_loss":0,"event_name":"Forgotten Altar","floor":20,"gold_loss":0},{"damage_healed":0,"gold_gain":0,"player_choice":"Trade","damage_taken":0,"relics_obtained":["GremlinMask"],"max_hp_gain":0,"max_hp_loss":0,"event_name":"FaceTrader","floor":21,"gold_loss":0}],"is_beta":false,"boss_relics":[{"not_picked":["Sozu","Snecko Eye"],"picked":"Runic Pyramid"}],"items_purged_floors":[],"is_endless":false,"potions_floor_spawned":[1,11,12,16,18,24],"killed_by":"Snecko","ascension_level":0}}