{"host":"oq9vgnvl0fi8z8ha","time":1614152078,"event":{"mods":["Act Like it!","BaseMod","Block Reminder","ChefMod","Curses Come First","Evolution","Fox Events","Hallownest","Highlight Path","Minty Spire (QoL Compilation)","Relic Stats","Robot Space Explorer","Smile Girya","StSLib","The Blue Laboratory","The Bug Knight","The Runesmith","Treasure Hunter","Unceasing Turn Reminder"],"gold_per_floor":[111,111,124,141,156,187,187,112,138,170,180,191,226,237,237,336,336,349,379,396,396,396],"floor_reached":21,"language":"ENG","playtime":1961,"items_purged":[],"score":248,"play_id":"a4ce31c3-a13e-4a63-9d70-d7128ae3bbbc","local_time":"20210224003438","is_ascension_mode":true,"campfire_choices":[{"floor":7,"key":"RECALL"},{"data":"RobotSpaceExplorer:MiniLasers","floor":15,"key":"SMITH"}],"circlet_count":0,"master_deck":["RobotSpaceExplorer:Strike","RobotSpaceExplorer:Strike","RobotSpaceExplorer:Strike","RobotSpaceExplorer:Strike","RobotSpaceExplorer:Defend","RobotSpaceExplorer:Defend","RobotSpaceExplorer:Defend","RobotSpaceExplorer:Defend","RobotSpaceExplorer:Scan","RobotSpaceExplorer:MiniLasers+1","RobotSpaceExplorer:DualCore","RobotSpaceExplorer:PowerGlove","RobotSpaceExplorer:Counterblock","RobotSpaceExplorer:MetalStrike","TH:BikiniMail","RobotSpaceExplorer:PowerCollector","Hallownest:skillGreenpathMap","TH:Mimic","TH:CursedSword","RobotSpaceExplorer:PowerCollector","RobotSpaceExplorer:Blaster","RobotSpaceExplorer:ScrapMissile","TH:PixieDust","RobotSpaceExplorer:ShovelStrike","RobotSpaceExplorer:SurgingStrike","TH:CopperCoins","RobotSpaceExplorer:HighVoltage","RobotSpaceExplorer:StunGrenade","RobotSpaceExplorer:FreezeRay+1","RobotSpaceExplorer:SurgingShield"],"relics":["RobotSpaceExplorer:RoboCore","EVO:Axolotl","Bird Faced Urn","Hallownest:DreamNailRelic","Ancient Tea Set","RobotSpaceExplorer:ClockworkSextant","PreservedInsect","Black Star","Red Mask"],"acts_visited":["Exordium","TheCity"],"potions_floor_usage":[11,13,14,18,18,19],"damage_taken":[{"damage":3,"enemies":"Hallownest:monsterHuskGuard","floor":1,"turns":5},{"damage":0,"enemies":"Hallownest:2_Baldur","floor":3,"turns":4},{"damage":0,"enemies":"2_ Uuma","floor":4,"turns":5},{"damage":5,"enemies":"Hallownest:Guard_and_Warrior","floor":5,"turns":7},{"damage":0,"enemies":"Hallownest:eliteVengeflyKing","floor":6,"turns":9},{"damage":8,"enemies":"Hallownest:eliteMossKnight","floor":10,"turns":9},{"damage":3,"enemies":"Hallownest:monsterMossCharger","floor":11,"turns":3},{"damage":0,"enemies":"Hallownest:monsterAspidMother","floor":12,"turns":7},{"damage":14,"enemies":"Hallownest:eliteCrystalGuardian","floor":13,"turns":6},{"damage":11,"enemies":"Hallownest:1_Baldur_1_Crawlid_1_Warrior","floor":14,"turns":6},{"damage":20,"enemies":"Hallownest:BossFalseKnight","floor":16,"turns":7},{"damage":2,"enemies":"3 Byrds","floor":18,"turns":4},{"damage":50,"enemies":"Masked Bandits","floor":19,"turns":4},{"damage":25,"enemies":"2 Thieves","floor":20,"turns":4},{"damage":13,"enemies":"Snake Plant","floor":21,"turns":2}],"seed_played":"-6204712136342656513","potions_obtained":[{"floor":4,"key":"FearPotion"},{"floor":5,"key":"Weak Potion"},{"floor":10,"key":"Explosive Potion"},{"floor":11,"key":"ColorlessPotion"},{"floor":13,"key":"PowerPotion"},{"floor":16,"key":"AttackPotion"}],"is_trial":false,"path_per_floor":["M","?","M","M","M","E","R","?","T","E","M","M","E","M","R","B",null,"M","?","M","M"],"character_chosen":"RobotSpaceExplorer","items_purchased":[],"campfire_rested":0,"item_purchase_floors":[],"current_hp_per_floor":[51,51,53,57,56,60,60,60,60,58,61,69,63,62,62,50,75,73,28,9,0,0],"gold":396,"neow_bonus":"ONE_RARE_RELIC","is_daily":false,"chose_seed":false,"campfire_upgraded":1,"win_rate":0.0,"timestamp":1614152078,"path_taken":["M","?","M","?","M","E","R","?","T","E","?","M","E","M","R","BOSS","M","?","M","M"],"items_purchased_type":[],"build_version":"2020-12-22","purchased_purges":0,"victory":false,"max_hp_per_floor":[75,75,75,75,75,75,75,75,75,75,75,75,75,75,75,75,75,75,75,75,75,75],"relic_stats":{"counters":[15,82],"Bird Faced Urn":[73],"PreservedInsect":0,"Black Star":0,"obtain_stats":[{"RobotSpaceExplorer:ClockworkSextant":10,"Bird Faced Urn":0,"RobotSpaceExplorer:RoboCore":0,"PreservedInsect":13,"Hallownest:DreamNailRelic":2,"Black Star":17,"Red Mask":19,"EVO:Axolotl":0,"Ancient Tea Set":6},{"RobotSpaceExplorer:ClockworkSextant":6,"Bird Faced Urn":0,"RobotSpaceExplorer:RoboCore":0,"PreservedInsect":9,"Hallownest:DreamNailRelic":1,"Black Star":11,"Red Mask":13,"EVO:Axolotl":0,"Ancient Tea Set":5},{"RobotSpaceExplorer:ClockworkSextant":39,"Bird Faced Urn":0,"RobotSpaceExplorer:RoboCore":0,"PreservedInsect":55,"Hallownest:DreamNailRelic":5,"Black Star":68,"Red Mask":76,"EVO:Axolotl":0,"Ancient Tea Set":30}]},"card_choices":[{"not_picked":["RobotSpaceExplorer:GlueShot","RobotSpaceExplorer:FranticSearch"],"picked":"RobotSpaceExplorer:DualCore","floor":1},{"not_picked":["RobotSpaceExplorer:Electropulse","RobotSpaceExplorer:ShovelStrike"],"picked":"RobotSpaceExplorer:PowerGlove","floor":3},{"not_picked":["RobotSpaceExplorer:SwiftStep","RobotSpaceExplorer:Fix"],"picked":"RobotSpaceExplorer:Counterblock","floor":4},{"not_picked":["RobotSpaceExplorer:SwiftStep","RobotSpaceExplorer:Scanner"],"picked":"RobotSpaceExplorer:MetalStrike","floor":5},{"not_picked":["TH:DeckOfManyThings"],"picked":"TH:BikiniMail","floor":6},{"not_picked":["RobotSpaceExplorer:ImprovisedAttack","RobotSpaceExplorer:MetalStrike"],"picked":"RobotSpaceExplorer:PowerCollector","floor":6},{"not_picked":["TH:EnergyPotion"],"picked":"TH:Mimic","floor":9},{"not_picked":["TH:CopperCoins"],"picked":"TH:CursedSword","floor":10},{"not_picked":["RobotSpaceExplorer:DroneSwarm","RobotSpaceExplorer:Probe"],"picked":"RobotSpaceExplorer:PowerCollector","floor":10},{"not_picked":["RobotSpaceExplorer:SurgingShield","RobotSpaceExplorer:ShovelStrike"],"picked":"RobotSpaceExplorer:Blaster","floor":11},{"not_picked":["RobotSpaceExplorer:Counterblock","RobotSpaceExplorer:SurgingStrike"],"picked":"RobotSpaceExplorer:ScrapMissile","floor":12},{"not_picked":["TH:ElvenBoots"],"picked":"TH:PixieDust","floor":13},{"not_picked":["RobotSpaceExplorer:PowerCollector","RobotSpaceExplorer:ToxicBomb"],"picked":"RobotSpaceExplorer:ShovelStrike","floor":13},{"not_picked":["RobotSpaceExplorer:SwiftStep","RobotSpaceExplorer:Blitz"],"picked":"RobotSpaceExplorer:SurgingStrike","floor":14},{"not_picked":["TH:DeckOfManyThings"],"picked":"TH:CopperCoins","floor":16},{"not_picked":["RobotSpaceExplorer:Blaster","RobotSpaceExplorer:Wormhole"],"picked":"RobotSpaceExplorer:HighVoltage","floor":16},{"not_picked":["RobotSpaceExplorer:ImprovisedAttack","RobotSpaceExplorer:SlimeMissile"],"picked":"RobotSpaceExplorer:StunGrenade","floor":18},{"not_picked":["RobotSpaceExplorer:ImprovisedAttack","RobotSpaceExplorer:FranticSearch"],"picked":"RobotSpaceExplorer:FreezeRay+1","floor":19},{"not_picked":["RobotSpaceExplorer:TrailblazerForm","RobotSpaceExplorer:PowerCollector+1"],"picked":"RobotSpaceExplorer:SurgingShield","floor":20}],"player_experience":315226,"relics_obtained":[{"floor":6,"key":"Ancient Tea Set"},{"floor":10,"key":"RobotSpaceExplorer:ClockworkSextant"},{"floor":13,"key":"PreservedInsect"},{"floor":19,"key":"Red Mask"}],"event_choices":[{"damage_healed":0,"gold_gain":0,"player_choice":"Fought Bandits","damage_taken":0,"max_hp_gain":0,"max_hp_loss":0,"event_name":"Masked Bandits","floor":19,"gold_loss":0}],"is_beta":false,"boss_relics":[{"not_picked":["RobotSpaceExplorer:TurboCore","Calling Bell"],"picked":"Black Star"}],"items_purged_floors":[],"is_endless":false,"potions_floor_spawned":[4,5,10,11,13,16,18],"killed_by":"Snake Plant","ascension_level":2}}