{"host":"0kk91h4bq4kgfj0u","time":1614144028,"event":{"mods":["BaseMod","Bestiary","Block Reminder","Colored Map","Colored Powertips","Curses Come First","Highlight Path","Minty Spire (QoL Compilation)","Relic Stats","StSLib"],"gold_per_floor":[115,115,131,131,143,178,196,230,284,284,0,0,0,27,27,131,131,144,144,159,84,98,132,132,132,132,132,152,251,280,240,240,240,240],"floor_reached":33,"language":"ENG","playtime":1206,"items_purged":["Defend_G"],"score":433,"play_id":"0e4ee6ea-3d8d-4737-a7ea-b9e566b5d690","local_time":"20210224002028","is_ascension_mode":true,"campfire_choices":[{"floor":10.0,"key":"REST"},{"floor":15.0,"key":"REST"},{"floor":27,"key":"REST"},{"floor":32,"key":"REST"}],"circlet_count":0,"master_deck":["Strike_G","Strike_G","Strike_G","Defend_G","Defend_G","Defend_G","Survivor+1","Neutralize","Blade Dance","Dagger Throw","Tactician","Underhanded Strike","Reflex","Sucker Punch","Deadly Poison","Corpse Explosion","Storm of Steel","Poisoned Stab","Blade Dance","Poisoned Stab","Bane","Tactician+1","Backflip"],"relics":["Ring of the Snake","HornCleat","Bottled Flame","Bag of Preparation","Ninja Scroll","Shuriken","Empty Cage","Sundial","Toy Ornithopter","StoneCalendar"],"acts_visited":["Exordium","TheCity"],"potions_floor_usage":[22,23,25],"damage_taken":[{"damage":0.0,"enemies":"Small Slimes","floor":1.0,"turns":3.0},{"damage":0.0,"enemies":"Cultist","floor":3.0,"turns":3.0},{"damage":0.0,"enemies":"Jaw Worm","floor":5.0,"turns":3.0},{"damage":14.0,"enemies":"Gremlin Nob","floor":6.0,"turns":4.0},{"damage":0.0,"enemies":"Looter","floor":7.0,"turns":3.0},{"damage":23.0,"enemies":"3 Sentries","floor":8.0,"turns":9.0},{"damage":23.0,"enemies":"Lagavulin","floor":14.0,"turns":6.0},{"damage":54.0,"enemies":"The Guardian","floor":16.0,"turns":13.0},{"damage":0,"enemies":"Chosen","floor":18,"turns":3},{"damage":2,"enemies":"Shell Parasite","floor":20,"turns":3},{"damage":7,"enemies":"Sentry and Sphere","floor":22,"turns":4},{"damage":3,"enemies":"Slavers","floor":23,"turns":2},{"damage":30,"enemies":"Gremlin Leader","floor":25,"turns":5},{"damage":10,"enemies":"Shelled Parasite and Fungi","floor":28,"turns":2},{"damage":20,"enemies":"Slavers","floor":30,"turns":3},{"damage":50,"enemies":"Champ","floor":33,"turns":6}],"seed_played":"5877875663877993613","potions_obtained":[{"floor":3.0,"key":"Regen Potion"},{"floor":7.0,"key":"DuplicationPotion"},{"floor":8.0,"key":"SmokeBomb"},{"floor":14.0,"key":"GhostInAJar"},{"floor":18,"key":"Block Potion"}],"is_trial":false,"path_per_floor":["M","?","M","?","M","E","M","E","T","R","$","?","$","E","R","B",null,"M","?","M","$","M","E","?","E","T","R","M","?","E","?","R","B"],"character_chosen":"THE_SILENT","items_purchased":["Ninja Scroll","Deadly Poison"],"campfire_rested":4,"item_purchase_floors":[11,11],"current_hp_per_floor":[70,67,67,67,67,53,53,30,30,53,53,58,58,35,59,17,66,66,66,64,64,57,54,54,24,24,48,38,38,18,18,42,0,0],"gold":240,"neow_bonus":"TEN_PERCENT_HP_BONUS","is_daily":false,"chose_seed":false,"campfire_upgraded":0,"win_rate":0.0,"timestamp":1614144028,"path_taken":["M","?","M","?","M","E","?","E","T","R","$","?","$","E","R","BOSS","M","?","M","$","?","E","?","E","T","R","M","?","E","?","R","BOSS"],"items_purchased_type":["Relic","Card"],"build_version":"2020-12-22","purchased_purges":1,"victory":false,"max_hp_per_floor":[77,77,77,77,77,77,77,77,77,77,77,82,82,82,82,82,82,82,82,82,82,82,82,82,82,82,82,82,82,82,82,82,82,82],"relic_stats":{"counters":[16,72],"Shuriken":[33],"Sundial":[0],"StoneCalendar":[0],"Bag of Preparation":[0],"obtain_stats":[{"Bottled Flame":6,"HornCleat":2,"Ninja Scroll":11,"Shuriken":14,"Sundial":23,"StoneCalendar":30,"Bag of Preparation":8,"Empty Cage":17,"Toy Ornithopter":26,"Ring of the Snake":0},{"Bottled Flame":4,"HornCleat":1,"Ninja Scroll":6,"Shuriken":7,"Sundial":12,"StoneCalendar":15,"Bag of Preparation":6,"Empty Cage":8,"Toy Ornithopter":13,"Ring of the Snake":0},{"Bottled Flame":13,"HornCleat":3,"Ninja Scroll":25,"Shuriken":31,"Sundial":56,"StoneCalendar":66,"Bag of Preparation":25,"Empty Cage":44,"Toy Ornithopter":61,"Ring of the Snake":0}],"Toy Ornithopter":0,"Ring of the Snake":[32]},"card_choices":[{"not_picked":["Slice","Poisoned Stab"],"picked":"Blade Dance","floor":1.0},{"not_picked":["Underhanded Strike","Backflip"],"picked":"Dagger Throw","floor":3.0},{"not_picked":["Poisoned Stab","Burst"],"picked":"Tactician","floor":5.0},{"not_picked":["Bouncing Flask","Poisoned Stab"],"picked":"Underhanded Strike","floor":6.0},{"not_picked":["Dodge and Roll","Bane"],"picked":"Reflex","floor":7.0},{"not_picked":["Escape Plan","Prepared"],"picked":"Sucker Punch","floor":8.0},{"not_picked":["Outmaneuver","Endless Agony"],"picked":"Corpse Explosion","floor":14.0},{"not_picked":["Venomology","Grand Finale"],"picked":"Storm of Steel","floor":16.0},{"not_picked":["Sucker Punch+1","Cloak And Dagger"],"picked":"Poisoned Stab","floor":18},{"not_picked":["Endless Agony","Quick Slash"],"picked":"Poisoned Stab","floor":20},{"not_picked":["Escape Plan","Deadly Poison"],"picked":"Bane","floor":22},{"not_picked":["Crippling Poison+1","All Out Attack"],"picked":"Tactician+1","floor":23},{"not_picked":["Outmaneuver","Terror"],"picked":"Backflip","floor":28},{"not_picked":["Tactician","Acrobatics","Riddle With Holes"],"picked":"SKIP","floor":30}],"player_experience":916581,"relics_obtained":[{"floor":6.0,"key":"Bottled Flame"},{"floor":8.0,"key":"Bag of Preparation"},{"floor":14.0,"key":"Shuriken"},{"floor":23,"key":"Sundial"},{"floor":26,"key":"Toy Ornithopter"},{"floor":30,"key":"StoneCalendar"}],"event_choices":[{"damage_healed":0.0,"max_hp_gain":0.0,"max_hp_loss":0.0,"gold_gain":0.0,"event_name":"Scrap Ooze","player_choice":"Success","floor":2.0,"gold_loss":0.0,"damage_taken":3.0,"relics_obtained":["HornCleat"]},{"cards_removed":["Strike_G"],"damage_healed":0.0,"max_hp_gain":0.0,"max_hp_loss":0.0,"gold_gain":0.0,"event_name":"Bonfire Elementals","player_choice":"Offered Basic","floor":4.0,"gold_loss":0.0,"damage_taken":0.0},{"damage_healed":0.0,"max_hp_gain":5.0,"max_hp_loss":0.0,"gold_gain":0.0,"event_name":"Big Fish","player_choice":"Donut","floor":12.0,"gold_loss":0.0,"damage_taken":0.0},{"damage_healed":0,"gold_gain":0,"player_choice":"Copied","damage_taken":0,"max_hp_gain":0,"max_hp_loss":0,"event_name":"Duplicator","floor":19,"gold_loss":0,"cards_obtained":["Blade Dance"]},{"damage_healed":0,"gold_gain":0,"player_choice":"Ignored","damage_taken":0,"max_hp_gain":0,"max_hp_loss":0,"event_name":"Vampires","floor":24,"gold_loss":0},{"damage_healed":0,"gold_gain":99,"player_choice":"Stole From Cult","damage_taken":0,"max_hp_gain":0,"max_hp_loss":0,"event_name":"Nest","floor":29,"gold_loss":0},{"damage_healed":0,"gold_gain":0,"player_choice":"Upgrade","damage_taken":0,"max_hp_gain":0,"max_hp_loss":0,"event_name":"Designer","floor":31,"gold_loss":40,"cards_upgraded":["Survivor"]}],"is_beta":false,"boss_relics":[{"not_picked":["Velvet Choker","SacredBark"],"picked":"Empty Cage"}],"items_purged_floors":[21],"is_endless":false,"potions_floor_spawned":[3,7,8,14,18,25],"killed_by":"Champ","ascension_level":7}}