{"host":"5bsc0nab6whpyrbj","time":1614130732,"event":{"mods":["BaseMod","Highlight Path","Minty Spire (QoL Compilation)"],"gold_per_floor":[118,131,131,131,147,147,162,162,162,162,78,92,92,105,105,105,105],"floor_reached":16,"language":"ENG","playtime":780,"items_purged":[],"score":92,"play_id":"1de0a844-5e1f-47fe-80c9-da5e945548e5","local_time":"20210223203852","is_ascension_mode":false,"campfire_choices":[{"floor":8,"key":"REST"},{"floor":10,"key":"REST"},{"floor":15,"key":"REST"}],"circlet_count":0,"master_deck":["Strike_B","Strike_B","Strike_B","Defend_B","Defend_B","Defend_B","Defend_B","Zap","Dualcast","Gash","Go for the Eyes","Go for the Eyes","Impatience","Go for the Eyes","Gash"],"relics":["Cracked Core","Tiny Chest","Pantograph","Darkstone Periapt"],"acts_visited":["Exordium"],"potions_floor_usage":[7,14],"damage_taken":[{"damage":1.0,"enemies":"Jaw Worm","floor":1.0,"turns":3.0},{"damage":1.0,"enemies":"Cultist","floor":2.0,"turns":3.0},{"damage":2,"enemies":"2 Louse","floor":5,"turns":2},{"damage":50,"enemies":"Gremlin Gang","floor":7,"turns":5},{"damage":42,"enemies":"Exordium Thugs","floor":12,"turns":5},{"damage":12,"enemies":"3 Louse","floor":14,"turns":3},{"damage":58,"enemies":"The Guardian","floor":16,"turns":9}],"seed_played":"-670452931589711115","potions_obtained":[{"floor":5,"key":"Energy Potion"},{"floor":12,"key":"AttackPotion"},{"floor":14,"key":"SmokeBomb"}],"is_trial":false,"path_per_floor":["M","M","?","?","M","T","M","R","T","R","$","M","$","M","R","B"],"character_chosen":"DEFECT","items_purchased":["Impatience"],"campfire_rested":3,"item_purchase_floors":[11],"current_hp_per_floor":[74,73,73,73,71,71,21,43,43,65,65,23,23,11,33,0,0],"gold":105,"neow_bonus":"RANDOM_COMMON_RELIC","is_daily":false,"chose_seed":false,"campfire_upgraded":0,"win_rate":0.0,"timestamp":1614130732,"path_taken":["M","M","?","?","?","?","M","R","T","R","$","?","?","M","R","BOSS"],"items_purchased_type":["Card"],"build_version":"2020-12-22","purchased_purges":0,"victory":false,"max_hp_per_floor":[75,75,75,75,75,75,75,75,75,75,75,75,75,75,75,75,75],"card_choices":[{"not_picked":["Sweeping Beam","Redo"],"picked":"Gash","floor":1.0},{"not_picked":["Steam","Streamline","Conserve Battery"],"picked":"SKIP","floor":2},{"not_picked":["Coolheaded","Biased Cognition"],"picked":"Go for the Eyes","floor":5},{"not_picked":["Reprogram","Sunder"],"picked":"Go for the Eyes","floor":7},{"not_picked":["Sweeping Beam","Redo"],"picked":"Go for the Eyes","floor":12},{"not_picked":["Cold Snap","Sweeping Beam"],"picked":"Gash","floor":14}],"player_experience":111834,"relics_obtained":[{"floor":6,"key":"Pantograph"},{"floor":9,"key":"Darkstone Periapt"}],"event_choices":[{"damage_healed":0,"gold_gain":0,"player_choice":"Ignored","damage_taken":0,"max_hp_gain":0,"max_hp_loss":0,"event_name":"Golden Wing","floor":3,"gold_loss":0},{"cards_removed":["Strike_B"],"damage_healed":0,"gold_gain":0,"player_choice":"Offered Basic","damage_taken":0,"max_hp_gain":0,"max_hp_loss":0,"event_name":"Bonfire Elementals","floor":4,"gold_loss":0}],"is_beta":false,"boss_relics":[],"items_purged_floors":[],"is_endless":false,"potions_floor_spawned":[5,12,14],"killed_by":"The Guardian","ascension_level":0}}