{"host":"6406jj8da6015sxr","time":1614187379,"event":{"mods":["AchievementEnabler","BaseMod","Colored Map","DeckTracker","Keyboard Shortcuts","Minty Spire (QoL Compilation)","Permanent Neow","Relic Stats","SuperFastMode","everything is the same but u backflip on backflip"],"gold_per_floor":[110,34,34,34,34,34,66,66,66,92,110,123,123,67,67,141,141,156,181,197,210,260,277,277,297,297,313,332,362,10,24,24,101,101,114,114,114,127,7,7,19,54,79,79,96,96,115,115,115],"floor_reached":48,"language":"KOR","playtime":3010,"items_purged":["Blade Dance","Poisoned Stab"],"score":1134,"play_id":"f41efdf5-5b34-4f0f-a135-4c3ac6075aaf","local_time":"20210225022259","is_ascension_mode":true,"campfire_choices":[{"data":"Eviscerate","floor":6.0,"key":"SMITH"},{"data":"Neutralize","floor":8.0,"key":"SMITH"},{"data":"Masterful Stab","floor":13.0,"key":"SMITH"},{"data":"Prepared","floor":15.0,"key":"SMITH"},{"floor":24.0,"key":"REST"},{"floor":32.0,"key":"REST"},{"data":"Night Terror","floor":40,"key":"SMITH"},{"data":"Malaise","floor":44,"key":"SMITH"},{"data":"Calculated Gamble","floor":46,"key":"SMITH"}],"circlet_count":0,"master_deck":["AscendersBane","Survivor","Neutralize+1","Acrobatics","Eviscerate+1","Backflip","Infinite Blades+1","Underhanded Strike","Masterful Stab+1","Prepared+1","Tools of the Trade+1","Bouncing Flask","Malaise+1","Reflex","Deflect","Tools of the Trade+1","Blur","PiercingWail","Calculated Gamble+1","Underhanded Strike","After Image+1","Deflect","Backflip","Masterful Stab","Acrobatics","Night Terror+1","Outmaneuver","Dodge and Roll","Underhanded Strike","Deflect"],"relics":["Ring of the Snake","NeowsBlessing","Frozen Egg 2","Snake Skull","Blue Candle","Singing Bowl","Pandora\u0027s Box","Blood Vial","The Courier","Oddly Smooth Stone","Ancient Tea Set","Empty Cage","Bag of Marbles","Juzu Bracelet"],"acts_visited":["Exordium","TheCity","TheBeyond"],"potions_floor_usage":[41,42],"damage_taken":[{"damage":0.0,"enemies":"Cultist","floor":1.0,"turns":1.0},{"damage":0.0,"enemies":"Lagavulin","floor":7.0,"turns":1.0},{"damage":0.0,"enemies":"Gremlin Nob","floor":10.0,"turns":1.0},{"damage":0.0,"enemies":"Small Slimes","floor":11.0,"turns":3.0},{"damage":9.0,"enemies":"Jaw Worm","floor":12.0,"turns":2.0},{"damage":4.0,"enemies":"Slime Boss","floor":16.0,"turns":7.0},{"damage":0.0,"enemies":"3 Byrds","floor":18.0,"turns":3.0},{"damage":0.0,"enemies":"Chosen","floor":20.0,"turns":2.0},{"damage":16.0,"enemies":"Centurion and Healer","floor":21.0,"turns":5.0},{"damage":30.0,"enemies":"Sentry and Sphere","floor":23.0,"turns":5.0},{"damage":12.0,"enemies":"Cultist and Chosen","floor":25.0,"turns":8.0},{"damage":3.0,"enemies":"Snake Plant","floor":27.0,"turns":5.0},{"damage":10.0,"enemies":"Centurion and Healer","floor":28.0,"turns":6.0},{"damage":12.0,"enemies":"Slavers","floor":29.0,"turns":4.0},{"damage":0.0,"enemies":"Snecko","floor":31.0,"turns":3.0},{"damage":37.0,"enemies":"Collector","floor":33.0,"turns":10.0},{"damage":0.0,"enemies":"3 Shapes","floor":35.0,"turns":9.0},{"damage":3,"enemies":"Orb Walker","floor":38,"turns":3},{"damage":19,"enemies":"3 Darklings","floor":41,"turns":3},{"damage":0,"enemies":"Nemesis","floor":42,"turns":9},{"damage":0,"enemies":"Maw","floor":45,"turns":8},{"damage":12,"enemies":"Spire Growth","floor":47,"turns":7},{"damage":43,"enemies":"Jaw Worm Horde","floor":48,"turns":1}],"seed_played":"-9051373669198127519","potions_obtained":[{"floor":7.0,"key":"PowerPotion"},{"floor":10.0,"key":"Block Potion"},{"floor":11.0,"key":"Fire Potion"},{"floor":18.0,"key":"SteroidPotion"},{"floor":28.0,"key":"Swift Potion"},{"floor":33.0,"key":"Explosive Potion"},{"floor":41,"key":"GhostInAJar"},{"floor":45,"key":"GamblersBrew"}],"is_trial":false,"path_per_floor":["M","$","?","$","?","R","E","R","T","E","M","M","R","$","R","B",null,"M","T","M","M","?","M","R","M","T","M","M","E","$","M","R","B",null,"M","?","?","M","$","R","M","E","T","R","M","R","M","M"],"character_chosen":"THE_SILENT","items_purchased":["Eviscerate","Prepared","Ancient Tea Set","Deflect","Backflip","Masterful Stab","Dodge and Roll"],"campfire_rested":2,"item_purchase_floors":[2,14,30,30,30,30,39],"current_hp_per_floor":[59,59,59,59,41,41,41,41,41,41,41,32,32,32,32,28,57,59,59,61,49,49,21,42,32,32,33,25,15,15,17,38,3,55,57,57,57,58,58,58,43,45,45,45,49,49,39,0,0],"gold":115,"neow_bonus":"THREE_ENEMY_KILL","is_daily":false,"chose_seed":false,"campfire_upgraded":7,"win_rate":0.0,"timestamp":1614187379,"path_taken":["M","?","?","$","?","R","E","R","T","E","M","M","R","?","R","BOSS","M","?","M","M","?","M","R","M","T","M","M","E","$","M","R","BOSS","M","?","?","M","$","R","M","E","T","R","M","R","M","M"],"items_purchased_type":["Card","Card","Relic","Card","Card","Card","Card"],"build_version":"2020-12-22","purchased_purges":2,"victory":false,"max_hp_per_floor":[66,66,66,66,66,66,66,66,66,66,66,66,66,66,66,66,66,68,68,68,70,70,70,70,70,70,72,72,72,72,72,72,72,72,72,72,72,74,74,74,76,76,76,76,78,78,78,78,78],"relic_stats":{"Blood Vial":32,"Singing Bowl":12,"counters":[23,106],"Blue Candle":[0],"Pandora\u0027s Box":["Bouncing Flask","Poisoned Stab","Burst","Malaise","Reflex","Deflect","Catalyst","Tools of the Trade","Blur"],"Snake Skull":[54],"Juzu Bracelet":0,"obtain_stats":[{"NeowsBlessing":0,"Singing Bowl":10,"Blue Candle":9,"Oddly Smooth Stone":29,"Snake Skull":7,"The Courier":26,"Juzu Bracelet":43,"Frozen Egg 2":5,"Ancient Tea Set":30,"Empty Cage":34,"Blood Vial":19,"Pandora\u0027s Box":17,"Bag of Marbles":42,"Ring of the Snake":0},{"NeowsBlessing":0,"Singing Bowl":3,"Blue Candle":2,"Oddly Smooth Stone":14,"Snake Skull":2,"The Courier":11,"Juzu Bracelet":20,"Frozen Egg 2":1,"Ancient Tea Set":14,"Empty Cage":16,"Blood Vial":7,"Pandora\u0027s Box":6,"Bag of Marbles":20,"Ring of the Snake":0},{"NeowsBlessing":0,"Singing Bowl":3,"Blue Candle":2,"Oddly Smooth Stone":53,"Snake Skull":2,"The Courier":38,"Juzu Bracelet":90,"Frozen Egg 2":1,"Ancient Tea Set":53,"Empty Cage":66,"Blood Vial":18,"Pandora\u0027s Box":15,"Bag of Marbles":90,"Ring of the Snake":0}],"Ring of the Snake":[46]},"card_choices":[{"not_picked":["Dodge and Roll","Deflect"],"picked":"Acrobatics","floor":1.0},{"not_picked":["Bane","Distraction"],"picked":"Infinite Blades+1","floor":7.0},{"not_picked":["All Out Attack","Acrobatics"],"picked":"Blade Dance","floor":10.0},{"not_picked":["Doppelganger","Backflip"],"picked":"Underhanded Strike","floor":11.0},{"not_picked":["Flying Knee","Sucker Punch"],"picked":"Masterful Stab","floor":12.0},{"not_picked":["A Thousand Cuts+1","Burst"],"picked":"Tools of the Trade+1","floor":16.0},{"not_picked":["Outmaneuver","Predator","Caltrops+1"],"picked":"Singing Bowl","floor":18.0},{"not_picked":["Bouncing Flask","Deadly Poison+1"],"picked":"Crippling Poison","floor":20.0},{"not_picked":["Poisoned Stab","Leg Sweep","Caltrops+1"],"picked":"Singing Bowl","floor":21.0},{"not_picked":["Slice","Finisher"],"picked":"PiercingWail","floor":23.0},{"not_picked":["Die Die Die","Poisoned Stab"],"picked":"Calculated Gamble","floor":25.0},{"not_picked":["Sucker Punch","Setup","Dagger Spray"],"picked":"Singing Bowl","floor":27.0},{"not_picked":["Blur","Sucker Punch+1"],"picked":"Underhanded Strike","floor":28.0},{"not_picked":["Flying Knee","Predator"],"picked":"After Image+1","floor":29.0},{"not_picked":["Finisher","Blade Dance"],"picked":"Acrobatics","floor":31.0},{"not_picked":["Glass Knife","Unload"],"picked":"Night Terror","floor":33.0},{"not_picked":["Acrobatics","Choke+1"],"picked":"Outmaneuver","floor":35.0},{"not_picked":["Deadly Poison","Expertise+1","Setup"],"picked":"Singing Bowl","floor":38},{"not_picked":["Flying Knee","Infinite Blades+1","Leg Sweep+1"],"picked":"Singing Bowl","floor":41},{"not_picked":["Sucker Punch","Footwork+1"],"picked":"Underhanded Strike","floor":42},{"not_picked":["Dodge and Roll","All Out Attack+1","Poisoned Stab"],"picked":"Singing Bowl","floor":45},{"not_picked":["Sucker Punch","Deadly Poison+1"],"picked":"Deflect","floor":47}],"player_experience":103305,"relics_obtained":[{"floor":7.0,"key":"Snake Skull"},{"floor":9.0,"key":"Blue Candle"},{"floor":10.0,"key":"Singing Bowl"},{"floor":19.0,"key":"Blood Vial"},{"floor":26.0,"key":"The Courier"},{"floor":29.0,"key":"Oddly Smooth Stone"},{"floor":42,"key":"Bag of Marbles"},{"floor":43,"key":"Juzu Bracelet"}],"event_choices":[{"damage_healed":0.0,"max_hp_gain":0.0,"max_hp_loss":0.0,"gold_gain":0.0,"cards_transformed":["Defend_G"],"event_name":"Living Wall","player_choice":"Change","floor":3.0,"gold_loss":0.0,"damage_taken":0.0,"cards_obtained":["Backflip"]},{"damage_healed":0.0,"max_hp_gain":0.0,"max_hp_loss":0.0,"gold_gain":0.0,"event_name":"Scrap Ooze","player_choice":"Success","floor":5.0,"gold_loss":0.0,"damage_taken":18.0,"relics_obtained":["Frozen Egg 2"]},{"damage_healed":0.0,"max_hp_gain":0.0,"max_hp_loss":0.0,"gold_gain":50.0,"event_name":"Nest","player_choice":"Stole From Cult","floor":22.0,"gold_loss":0.0,"damage_taken":0.0},{"cards_removed":["Catalyst"],"damage_healed":0.0,"max_hp_gain":0.0,"max_hp_loss":0.0,"gold_gain":0.0,"event_name":"Falling","player_choice":"Removed Skill","floor":36.0,"gold_loss":0.0,"damage_taken":0.0},{"damage_healed":0,"gold_gain":0,"player_choice":"Ignored","damage_taken":0,"max_hp_gain":0,"max_hp_loss":0,"event_name":"Mysterious Sphere","floor":37,"gold_loss":0}],"is_beta":false,"boss_relics":[{"not_picked":["Calling Bell","Cursed Key"],"picked":"Pandora\u0027s Box"},{"not_picked":["Tiny House","Runic Dome"],"picked":"Empty Cage"}],"items_purged_floors":[30,39],"is_endless":false,"potions_floor_spawned":[7,10,11,12,18,21,23,28,33,41,45],"killed_by":"Jaw Worm Horde","ascension_level":20}}