{"host":"70zhvo5nwrhp1mbg","time":1614190811,"event":{"mods":["AchievementEnabler","BaseMod","Bestiary","Colored Map","Colored Powertips","Highlight Path","Minty Spire (QoL Compilation)","Rare Cards Sparkle","StSLib","ojb\u0027s Info Mod"],"gold_per_floor":[110,110,169,219,236,236,264,264,264,264,278,313,332,350,350,350,350],"floor_reached":16,"language":"ENG","playtime":1188,"items_purged":[],"score":209,"play_id":"03158d8d-e603-41b4-914b-2bdfbc2b6f8c","local_time":"20210224132011","is_ascension_mode":true,"campfire_choices":[{"data":"Dropkick","floor":6,"key":"SMITH"},{"data":"Defend_R","floor":8,"key":"SMITH"},{"data":"Iron Wave","floor":10,"key":"SMITH"},{"floor":15,"key":"REST"}],"circlet_count":0,"master_deck":["AscendersBane","Strike_R","Strike_R","Strike_R","Strike_R","Strike_R","Defend_R+1","Defend_R","Defend_R","Defend_R","Bash+1","Dropkick+1","Twin Strike","Iron Wave+1","Shrug It Off","Evolve","Cleave","Clothesline"],"relics":["Burning Blood","Champion Belt","HornCleat","Toy Ornithopter"],"acts_visited":["Exordium"],"potions_floor_usage":[7],"damage_taken":[{"damage":1,"enemies":"Cultist","floor":1,"turns":3},{"damage":9,"enemies":"2 Louse","floor":5,"turns":4},{"damage":45,"enemies":"Lagavulin","floor":7,"turns":6},{"damage":2,"enemies":"Jaw Worm","floor":11,"turns":2},{"damage":39,"enemies":"Gremlin Nob","floor":12,"turns":5},{"damage":7,"enemies":"Gremlin Gang","floor":13,"turns":6},{"damage":10,"enemies":"Lots of Slimes","floor":14,"turns":5},{"damage":82,"enemies":"Slime Boss","floor":16,"turns":9}],"seed_played":"-588520031301067108","potions_obtained":[{"floor":1,"key":"LiquidMemories"},{"floor":13,"key":"GamblersBrew"}],"is_trial":false,"path_per_floor":["M","?","?","?","M","R","E","R","T","R","M","E","M","M","R","B"],"character_chosen":"IRONCLAD","items_purchased":[],"campfire_rested":1,"item_purchase_floors":[],"current_hp_per_floor":[80,80,80,72,69,69,30,30,30,30,34,16,15,11,35,0,0],"gold":350,"neow_bonus":"TEN_PERCENT_HP_BONUS","is_daily":false,"chose_seed":false,"campfire_upgraded":3,"win_rate":0.0,"timestamp":1614190811,"path_taken":["M","?","?","?","M","R","E","R","T","R","M","E","M","?","R","BOSS"],"items_purchased_type":[],"build_version":"2020-12-22","purchased_purges":0,"victory":false,"max_hp_per_floor":[82,82,82,82,82,82,82,82,82,82,82,82,82,82,82,82,82],"card_choices":[{"not_picked":["Headbutt","Flex"],"picked":"Dropkick","floor":1},{"not_picked":["Warcry","Body Slam"],"picked":"Twin Strike","floor":5},{"not_picked":["Bloodletting","Headbutt"],"picked":"Iron Wave","floor":7},{"not_picked":["Anger","Power Through"],"picked":"Shrug It Off","floor":11},{"not_picked":["Rage","Dual Wield"],"picked":"Evolve","floor":12},{"not_picked":["Pommel Strike","Wild Strike"],"picked":"Cleave","floor":13},{"not_picked":["Perfected Strike","Rupture"],"picked":"Clothesline","floor":14}],"player_experience":703042,"relics_obtained":[{"floor":7,"key":"Champion Belt"},{"floor":9,"key":"HornCleat"},{"floor":12,"key":"Toy Ornithopter"}],"event_choices":[{"damage_healed":0,"gold_gain":0,"player_choice":"Grow","damage_taken":0,"max_hp_gain":0,"max_hp_loss":0,"event_name":"Living Wall","floor":2,"gold_loss":0,"cards_upgraded":["Bash"]},{"damage_healed":0,"gold_gain":59,"player_choice":"Gained Gold","damage_taken":0,"max_hp_gain":0,"max_hp_loss":0,"event_name":"Golden Wing","floor":3,"gold_loss":0},{"damage_healed":0,"gold_gain":50,"player_choice":"Touch","damage_taken":8,"max_hp_gain":0,"max_hp_loss":0,"event_name":"FaceTrader","floor":4,"gold_loss":0}],"is_beta":false,"boss_relics":[],"items_purged_floors":[],"is_endless":false,"potions_floor_spawned":[1,13],"killed_by":"Slime Boss","ascension_level":18}}