{"host":"y9t3brv5y5t41vuj","time":1614167445,"event":{"mods":["AchievementEnabler","BaseMod","BetterRewards","Block Reminder","Colored Map","Colored Powertips","Conspire","Highlight Path","Hubris","Infinite Spire","Minty Spire (QoL Compilation)","Quick Restart","Replay The Spire","Shop Mod","StSLib","SuperFastMode","Unceasing Turn Reminder"],"gold_per_floor":[118,135,18,31,31,31,31,31,31,42,56,56,56,90,90,90,90],"floor_reached":16,"language":"ENG","playtime":438,"items_purged":[],"score":125,"play_id":"518c0785-afcb-4dd2-b778-ee9355cd6bd4","local_time":"20210224125045","is_ascension_mode":true,"campfire_choices":[{"data":"Noxious Fumes","floor":6,"key":"SMITH"},{"data":"Survivor","floor":8,"key":"SMITH"},{"floor":12,"key":"REST"},{"floor":15,"key":"REST"}],"circlet_count":0,"master_deck":["Strike_G+1","Strike_G","Strike_G","Strike_G","Strike_G","Defend_G","Defend_G","Defend_G","Defend_G","Defend_G","Survivor+1","Neutralize","Riddle With Holes","Noxious Fumes+1","Deadly Poison+1","Deflect"],"relics":["Ring of the Snake","Matryoshka","Membership Card","Meat on the Bone"],"acts_visited":["Exordium"],"potions_floor_usage":[16,16],"damage_taken":[{"damage":1,"enemies":"Cultist","floor":1,"turns":3},{"damage":0,"enemies":"2 Louse","floor":2,"turns":4},{"damage":0,"enemies":"Jaw Worm","floor":4,"turns":4},{"damage":26,"enemies":"Lots of Slimes","floor":10,"turns":4},{"damage":11,"enemies":"Large Slime","floor":11,"turns":6},{"damage":15,"enemies":"3 Sentries","floor":14,"turns":7},{"damage":54,"enemies":"Slime Boss","floor":16,"turns":9}],"seed_played":"-5960045475383728985","potions_obtained":[{"floor":2,"key":"SpeedPotion"},{"floor":14,"key":"Dexterity Potion"}],"is_trial":false,"path_per_floor":["M","M","$","M","?","R","?","R","T","M","M","R","$","E","R","B"],"character_chosen":"THE_SILENT","items_purchased":["Noxious Fumes","Deadly Poison","Membership Card"],"campfire_rested":2,"item_purchase_floors":[3,3,13],"current_hp_per_floor":[69,69,69,69,69,69,69,69,69,43,32,53,43,28,49,0,0],"gold":90,"neow_bonus":"THREE_CARDS","is_daily":false,"chose_seed":false,"campfire_upgraded":2,"win_rate":0.0,"timestamp":1614167445,"path_taken":["M","M","$","M","?","R","?","R","T","M","?","R","?","E","R","BOSS"],"items_purchased_type":["Card","Card","Relic"],"build_version":"2020-12-22","purchased_purges":0,"victory":false,"max_hp_per_floor":[70,70,70,70,70,70,70,70,70,70,70,70,70,70,70,70,70],"card_choices":[{"not_picked":["Dagger Throw","Flying Knee"],"picked":"Riddle With Holes","floor":0},{"not_picked":["Dagger Throw","Bane","Acrobatics"],"picked":"SKIP","floor":1},{"not_picked":["ReplayTheSpireMod:The Works","Dagger Throw","Underhanded Strike"],"picked":"SKIP","floor":2},{"not_picked":["hubris:SlightOfHand","Blade Dance","Backflip"],"picked":"SKIP","floor":4},{"not_picked":["Backflip","Grand Finale"],"picked":"Deflect","floor":10},{"not_picked":["Choke","ReplayTheSpireMod:Shiv Toss","Flying Knee"],"picked":"SKIP","floor":11},{"not_picked":["Terror","Blur","Backflip"],"picked":"SKIP","floor":14}],"player_experience":556775,"relics_obtained":[{"floor":9,"key":"Matryoshka"},{"floor":14,"key":"Meat on the Bone"}],"event_choices":[{"damage_healed":0,"gold_gain":0,"player_choice":"Upgraded","damage_taken":0,"max_hp_gain":0,"max_hp_loss":0,"event_name":"Upgrade Shrine","floor":7,"gold_loss":0,"cards_upgraded":["Deadly Poison"]}],"is_beta":false,"boss_relics":[],"items_purged_floors":[],"is_endless":false,"potions_floor_spawned":[2,14],"killed_by":"Slime Boss","ascension_level":5}}