{"host":"7eytxr1oawi6r5nr","time":1614195441,"event":{"mods":["Act Like it!","BaseMod","Better Third Choice","Curses Come First","Dark Map","Hermit","Hubris","Ironclad Rager","Minty Spire (QoL Compilation)","Permanent Neow","Quick Restart","Rare Cards Sparkle","Relic Filter Mod","Reliquary","Replay The Spire","Ruina","StSLib","The Cursed","The Disciple","The Forsaken","The IronCluck","The Runesmith","The Servant 0.9.4","Wide Potions"],"gold_per_floor":[119,136,149,159,109,109,134,134,134,134,134,149,168,179,179,280,280,280],"floor_reached":17,"language":"ENG","playtime":812,"items_purged":[],"score":175,"play_id":"9e09f46b-bfa1-44ab-a5ed-4fa4d98853f7","local_time":"20210224193721","is_ascension_mode":true,"campfire_choices":[{"data":"theForsaken:FuryStrikes","floor":6.0,"key":"SMITH"},{"data":"theForsaken:Smite","floor":8.0,"key":"SMITH"},{"data":"theForsaken:Penitence","floor":10.0,"key":"SMITH"},{"data":"theForsaken:WrathOfGod","floor":15.0,"key":"SMITH"}],"circlet_count":0,"master_deck":["theForsaken:TheForsaken_Strike","theForsaken:TheForsaken_Strike","theForsaken:TheForsaken_Strike","theForsaken:TheForsaken_Defend","theForsaken:TheForsaken_Defend","theForsaken:TheForsaken_Defend","theForsaken:TheForsaken_Defend","theForsaken:Smite+1","theForsaken:Penitence+1","theForsaken:SacredOath","theForsaken:FuryStrikes+1","theForsaken:QuickAttack","theForsaken:WordsOfMight","theForsaken:PanicDive","theForsaken:SpreadingPlague","Pain","theForsaken:PowerUp","theForsaken:WrathOfGod+1","theForsaken:StoreUp","theForsaken:CorruptDeck"],"relics":["theForsaken:JudgementScales","Pear","Garlic","WarpedTongs","reliquary:KinkedSpring"],"acts_visited":["Exordium","Exordium"],"potions_floor_usage":[],"damage_taken":[{"damage":0.0,"enemies":"Small Slimes","floor":1.0,"turns":4.0},{"damage":0.0,"enemies":"2 Louse","floor":2.0,"turns":2.0},{"damage":3.0,"enemies":"Cultist","floor":3.0,"turns":5.0},{"damage":14.0,"enemies":"3 Louse","floor":4.0,"turns":3.0},{"damage":5.0,"enemies":"Replay:BlueRogue","floor":7.0,"turns":7.0},{"damage":4.0,"enemies":"Red Slaver","floor":12.0,"turns":5.0},{"damage":2.0,"enemies":"Exordium Wildlife","floor":13.0,"turns":6.0},{"damage":2.0,"enemies":"Exordium Thugs","floor":14.0,"turns":4.0},{"damage":45,"enemies":"The Guardian","floor":16,"turns":9}],"seed_played":"2641032780053541809","potions_obtained":[{"floor":2.0,"key":"theForsaken:FearPotion"},{"floor":7.0,"key":"LifebloodPotion"},{"floor":12.0,"key":"FearPotion"}],"is_trial":false,"path_per_floor":["M","M","M","M","?","R","E","R","T","R","?","M","M","M","R","B",null],"character_chosen":"THE_FORSAKEN","items_purchased":[],"campfire_rested":0,"item_purchase_floors":[],"current_hp_per_floor":[65,65,62,50,50,50,61,61,61,61,61,63,61,65,65,26,75,75],"gold":280,"neow_bonus":"ONE_RANDOM_RARE_CARD","is_daily":false,"chose_seed":false,"campfire_upgraded":4,"win_rate":0.0,"timestamp":1614195441,"path_taken":["M","M","M","M","?","R","E","R","T","R","?","?","M","M","R","BOSS"],"items_purchased_type":[],"build_version":"2020-12-22","purchased_purges":0,"victory":false,"max_hp_per_floor":[65,65,65,65,65,65,75,75,75,75,75,75,75,75,75,75,75,75],"card_choices":[{"not_picked":["theForsaken:HymnOfPatience","theForsaken:PanicDive"],"picked":"theForsaken:FuryStrikes","floor":1.0},{"not_picked":["theForsaken:HymnOfPatience","theForsaken:Thunderbolt"],"picked":"theForsaken:QuickAttack","floor":2.0},{"not_picked":["theForsaken:Bolster","theForsaken:PanicDive"],"picked":"theForsaken:WordsOfMight","floor":3.0},{"not_picked":["theForsaken:QuickAttack","theForsaken:Eulogy"],"picked":"theForsaken:PanicDive","floor":4.0},{"not_picked":["theForsaken:WardingHymn","theForsaken:WordsOfPestilence"],"picked":"theForsaken:SpreadingPlague","floor":7.0},{"not_picked":["theForsaken:Eulogy","theForsaken:BlightOfFamine"],"picked":"theForsaken:PowerUp","floor":12.0},{"not_picked":["theForsaken:PowerUp","theForsaken:ChargeAttack"],"picked":"theForsaken:WrathOfGod","floor":13.0},{"not_picked":["theForsaken:PowerUp","theForsaken:WardingHymn"],"picked":"theForsaken:StoreUp","floor":14.0},{"not_picked":["theForsaken:SpreadingPlague","theForsaken:Purification"],"picked":"theForsaken:CorruptDeck","floor":16}],"player_experience":215804,"relics_obtained":[{"floor":7.0,"key":"Pear"},{"floor":9.0,"key":"Garlic"}],"event_choices":[{"cards_removed":["theForsaken:TheForsaken_Strike"],"damage_healed":0.0,"max_hp_gain":0.0,"max_hp_loss":0.0,"gold_gain":0.0,"event_name":"The Cleric","player_choice":"Card Removal","floor":5.0,"gold_loss":50.0,"damage_taken":0.0},{"damage_healed":0.0,"max_hp_gain":0.0,"max_hp_loss":0.0,"gold_gain":0.0,"event_name":"Accursed Blacksmith","player_choice":"Rummage","floor":11.0,"gold_loss":0.0,"damage_taken":0.0,"relics_obtained":["WarpedTongs"],"cards_obtained":["Pain"]}],"is_beta":false,"boss_relics":[{"not_picked":["hubris:BlackHole","Honey Jar"],"picked":"reliquary:KinkedSpring"}],"items_purged_floors":[],"is_endless":false,"potions_floor_spawned":[2,7,12,13],"ascension_level":2}}