{"host":"o9lehcdjc4u6j9un","time":1614179443,"event":{"mods":["Aspiration","BaseMod","Better-Laid Plans","Bossed Relics","Colored Map","Koishi","Marisa£®ÏF”Í°°ƒß¿Ì…≥£©","Minty Spire (QoL Compilation)","Reimu£®≤©¿ˆ¡È√Œ£©","Remilia£®¿Ÿ√◊¿Ú—«£©","StSLib","The Senshi","The Servant 0.9.4","Yakumo Yukari mod","Youmu£®ªÍ∆«—˝√Œ£©"],"gold_per_floor":[110,110,126,137,152,152,167,185,211,230,242,242,253,253,253,352,352,370,0,0,12,12,12],"floor_reached":22,"language":"ZHS","playtime":7947,"items_purged":["Strike_B"],"score":182,"play_id":"63a80b62-1f01-44b2-b792-5e199b3dd31a","local_time":"20210224231043","is_ascension_mode":false,"campfire_choices":[{"floor":6,"key":"REST"},{"floor":12,"key":"REST"},{"floor":15,"key":"REST"}],"circlet_count":0,"master_deck":["Strike_B","Strike_B","Strike_B","Defend_B","Defend_B","Defend_B","Defend_B","Zap","Dualcast","FTL","Conserve Battery","Static Discharge","Barrage","Sweeping Beam","Cold Snap","Rip and Tear","Capacitor","Beam Cell","Barrage","Redo","Melter","Rebound","Rip and Tear","Go for the Eyes","Coolheaded","Gash","Reboot","Electrodynamics","Gash","Rebound","Blizzard","Loop","Buffer","Streamline"],"relics":["Cracked Core","Prayer Wheel","Ancient Tea Set","aspiration:FutureDiary","Centennial Puzzle"],"acts_visited":["Exordium","TheCity"],"potions_floor_usage":[22],"damage_taken":[{"damage":1,"enemies":"Jaw Worm","floor":1,"turns":3},{"damage":5,"enemies":"Small Slimes","floor":3,"turns":3},{"damage":1,"enemies":"2 Louse","floor":4,"turns":3},{"damage":6,"enemies":"Exordium Thugs","floor":5,"turns":4},{"damage":0,"enemies":"Large Slime","floor":7,"turns":4},{"damage":3,"enemies":"2 Fungi Beasts","floor":8,"turns":3},{"damage":10,"enemies":"Blue Slaver","floor":10,"turns":3},{"damage":10,"enemies":"Looter","floor":11,"turns":2},{"damage":21,"enemies":"Gremlin Gang","floor":13,"turns":4},{"damage":12,"enemies":"Slime Boss","floor":16,"turns":10},{"damage":18,"enemies":"Shell Parasite","floor":18,"turns":4},{"damage":46,"enemies":"2 Thieves","floor":21,"turns":4},{"damage":7,"enemies":"Snake Plant","floor":22,"turns":1}],"seed_played":"5348462308141501742","potions_obtained":[{"floor":5,"key":"Strength Potion"},{"floor":7,"key":"SpeedPotion"},{"floor":8,"key":"LiquidBronze"},{"floor":21,"key":"Energy Potion"}],"is_trial":false,"path_per_floor":["M","?","M","M","M","R","M","M","T","M","M","R","M","T","R","B",null,"M","$","?","M","M"],"character_chosen":"DEFECT","items_purchased":["Blizzard","Loop","Centennial Puzzle"],"campfire_rested":3,"item_purchase_floors":[19,19,19],"current_hp_per_floor":[67,67,62,61,55,68,68,65,65,55,45,65,44,44,64,52,68,50,50,50,4,0,0],"gold":12,"neow_bonus":"ONE_RARE_RELIC","is_daily":false,"chose_seed":false,"campfire_upgraded":0,"win_rate":0.0,"timestamp":1614179443,"path_taken":["M","?","M","M","M","R","M","M","T","M","M","R","M","?","R","BOSS","M","$","?","M","M"],"items_purchased_type":["Card","Card","Relic"],"build_version":"2020-12-22","purchased_purges":1,"victory":false,"max_hp_per_floor":[68,68,68,68,68,68,68,68,68,68,68,68,68,68,68,68,68,68,68,68,68,68,68],"card_choices":[{"not_picked":["Stack","Coolheaded"],"picked":"FTL","floor":1},{"not_picked":["Compile Driver","Turbo"],"picked":"Conserve Battery","floor":1},{"not_picked":["Stack","Leap"],"picked":"Static Discharge","floor":3},{"not_picked":["Stack","Cold Snap"],"picked":"Barrage","floor":3},{"not_picked":["Cold Snap","Heatsinks"],"picked":"Sweeping Beam","floor":4},{"not_picked":["All For One","Compile Driver"],"picked":"Cold Snap","floor":4},{"not_picked":["Reprogram","Cold Snap"],"picked":"Rip and Tear","floor":5},{"not_picked":["Barrage","Hologram"],"picked":"Capacitor","floor":5},{"not_picked":["Leap","Steam"],"picked":"Beam Cell","floor":7},{"not_picked":["Coolheaded","Reprogram"],"picked":"Barrage","floor":7},{"not_picked":["Cold Snap","Leap"],"picked":"Redo","floor":8},{"not_picked":["Turbo","aspiration:Polymerization"],"picked":"Melter","floor":8},{"not_picked":["Buffer","Chill"],"picked":"Rebound","floor":10},{"not_picked":["Cold Snap","Capacitor"],"picked":"Rip and Tear","floor":10},{"not_picked":["aspiration:Polymerization","Ball Lightning"],"picked":"Go for the Eyes","floor":11},{"not_picked":["Force Field","Go for the Eyes"],"picked":"Coolheaded","floor":11},{"not_picked":["Cold Snap","Static Discharge"],"picked":"Gash","floor":13},{"not_picked":["Sweeping Beam","Hello World"],"picked":"Reboot","floor":13},{"not_picked":["Meteor Strike","Fission"],"picked":"Electrodynamics","floor":16},{"not_picked":["White Noise+1","Hologram"],"picked":"Gash","floor":18},{"not_picked":["Melter","Go for the Eyes"],"picked":"Rebound","floor":18},{"not_picked":["Stack","Steam"],"picked":"Buffer","floor":21},{"not_picked":["Turbo+1","Conserve Battery"],"picked":"Streamline","floor":21}],"player_experience":190481,"relics_obtained":[{"floor":9,"key":"Ancient Tea Set"}],"event_choices":[{"damage_healed":0,"gold_gain":0,"player_choice":"Leave","damage_taken":0,"max_hp_gain":0,"max_hp_loss":0,"event_name":"The Cleric","floor":2,"gold_loss":0}],"is_beta":false,"boss_relics":[{"not_picked":["Philosopher\u0027s Stone","Cursed Key"],"picked":"aspiration:FutureDiary"}],"items_purged_floors":[19],"is_endless":false,"potions_floor_spawned":[5,7,8,21],"killed_by":"Snake Plant","ascension_level":0}}