{"host":"eglukmwb6rueyn6u","time":1614155338,"event":{"mods":["AchievementEnabler","BaseMod","Colored Powertips","Highlight Path","Minty Spire (QoL Compilation)"],"gold_per_floor":[118,118,136,136,110,139,155,155,232,258,152,162,178,189,189,292,292,310,2,2,2,2,2,2,14,14,26,37,37,37,137,137,232,232,249,209,264,282,282,310,310,328,377,397,414,414,35,45,45,45,45,45,45,79,79],"floor_reached":56,"language":"ENG","playtime":4145,"items_purged":["Defend_P+1"],"score":1237,"play_id":"05ae5788-ed54-4518-8b3e-8f891f076a42","local_time":"20210224102858","is_ascension_mode":false,"campfire_choices":[{"data":"TalkToTheHand","floor":15.0,"key":"SMITH"},{"data":"TalkToTheHand","floor":23.0,"key":"SMITH"},{"data":"DevaForm","floor":30.0,"key":"SMITH"},{"data":"Protect","floor":32.0,"key":"SMITH"},{"floor":41.0,"key":"RECALL"},{"data":"Prostrate","floor":46.0,"key":"SMITH"},{"data":"Vigilance","floor":49,"key":"SMITH"},{"data":"Prostrate","floor":52,"key":"SMITH"}],"circlet_count":0,"master_deck":["Strike_P+1","Strike_P+1","Defend_P+1","Defend_P+1","Eruption+1","Vigilance+1","Prostrate+1","BowlingBash","CutThroughFate+1","LikeWater+1","Tantrum+1","LessonLearned","CutThroughFate+1","Prostrate+1","Tantrum+1","TalkToTheHand+1","CutThroughFate+1","DevaForm+1","TalkToTheHand+1","Necronomicurse","Prostrate+1","WheelKick+1","Crescendo+1","JustLucky","Protect+1","Ragnarok+1","Prostrate+1","Madness","Madness+1","WaveOfTheHand","JustLucky","Wireheading+1","Scrawl"],"relics":["HolyWater","NeowsBlessing","Juzu Bracelet","Blood Vial","Mercury Hourglass","Damaru","Incense Burner","MealTicket","Necronomicon","Bag of Marbles","FossilizedHelix","Bottled Flame","Black Star","Dead Branch","Bag of Preparation","Ancient Tea Set","Ginger","Ornamental Fan","Lantern"],"acts_visited":["Exordium","TheCity","TheBeyond","TheEnding"],"potions_floor_usage":[55],"damage_taken":[{"damage":0.0,"enemies":"Small Slimes","floor":1.0,"turns":1.0},{"damage":0.0,"enemies":"Cultist","floor":3.0,"turns":1.0},{"damage":0.0,"enemies":"Gremlin Nob","floor":6.0,"turns":1.0},{"damage":1.0,"enemies":"Jaw Worm","floor":7.0,"turns":4.0},{"damage":27.0,"enemies":"Lagavulin","floor":10.0,"turns":6.0},{"damage":0.0,"enemies":"Exordium Wildlife","floor":12.0,"turns":3.0},{"damage":0.0,"enemies":"Lots of Slimes","floor":13.0,"turns":3.0},{"damage":0.0,"enemies":"Large Slime","floor":14.0,"turns":2.0},{"damage":10.0,"enemies":"Hexaghost","floor":16.0,"turns":6.0},{"damage":7.0,"enemies":"3 Byrds","floor":18.0,"turns":3.0},{"damage":0.0,"enemies":"Spheric Guardian","floor":25.0,"turns":1.0},{"damage":0.0,"enemies":"Snake Plant","floor":27.0,"turns":1.0},{"damage":0.0,"enemies":"3 Cultists","floor":28.0,"turns":4.0},{"damage":4.0,"enemies":"Colosseum Slavers","floor":31.0,"turns":4.0},{"damage":0.0,"enemies":"Colosseum Nobs","floor":31.0,"turns":2.0},{"damage":37.0,"enemies":"Collector","floor":33.0,"turns":5.0},{"damage":0.0,"enemies":"3 Darklings","floor":35.0,"turns":3.0},{"damage":13.0,"enemies":"2 Orb Walkers","floor":37.0,"turns":3.0},{"damage":0.0,"enemies":"Orb Walker","floor":38.0,"turns":1.0},{"damage":0.0,"enemies":"Giant Head","floor":40.0,"turns":7.0},{"damage":0.0,"enemies":"Sphere and 2 Shapes","floor":42.0,"turns":4.0},{"damage":0.0,"enemies":"Writhing Mass","floor":44.0,"turns":4.0},{"damage":0.0,"enemies":"3 Darklings","floor":45.0,"turns":1.0},{"damage":0.0,"enemies":"4 Shapes","floor":48.0,"turns":1.0},{"damage":16,"enemies":"Awakened One","floor":50,"turns":8},{"damage":0,"enemies":"Shield and Spear","floor":54,"turns":3},{"damage":34,"enemies":"The Heart","floor":55,"turns":9}],"seed_played":"-2042484083168290545","potions_obtained":[{"floor":6.0,"key":"SkillPotion"},{"floor":10.0,"key":"DuplicationPotion"},{"floor":13.0,"key":"SpeedPotion"},{"floor":18.0,"key":"Explosive Potion"},{"floor":33.0,"key":"Fire Potion"},{"floor":35.0,"key":"AttackPotion"},{"floor":45.0,"key":"Regen Potion"},{"floor":48.0,"key":"DuplicationPotion"},{"floor":54,"key":"DistilledChaos"}],"is_trial":false,"path_per_floor":["M","?","M","?","$","E","M","?","T","E","$","M","M","M","R","B",null,"M","$","?","?","?","R","?","M","T","M","M","?","R","?","R","B",null,"M","?","?","M","?","E","R","M","T","M","M","R","$","M","R","B",null,"R","$","E","B",null],"character_chosen":"WATCHER","items_purchased":["CutThroughFate","CutThroughFate","Prostrate","Incense Burner","Ginger"],"campfire_rested":0,"item_purchase_floors":[5,11,11,19,47],"current_hp_per_floor":[72,72,72,69,69,69,70,70,70,45,45,47,49,51,51,43,72,65,65,65,65,49,49,49,51,51,53,55,55,55,55,55,20,72,72,72,59,61,52,54,54,56,56,58,60,60,72,72,72,56,72,72,72,72,38],"gold":79,"neow_bonus":"THREE_ENEMY_KILL","is_daily":false,"chose_seed":false,"campfire_upgraded":7,"win_rate":0.0,"timestamp":1614155338,"path_taken":["M","?","?","?","?","E","M","?","T","E","$","M","M","M","R","BOSS","M","$","?","?","?","R","?","M","T","M","M","?","R","?","R","BOSS","M","?","?","M","?","E","R","M","T","M","M","R","?","M","R","BOSS","R","$","E","BOSS"],"items_purchased_type":["Card","Card","Card","Relic","Relic"],"build_version":"2020-12-22","purchased_purges":1,"victory":true,"max_hp_per_floor":[72,72,72,72,72,72,72,72,72,72,72,72,72,72,72,72,72,72,72,72,72,72,72,72,72,72,72,72,72,72,72,72,72,72,72,72,72,72,72,72,72,72,72,72,72,72,72,72,72,72,72,72,72,72,72],"card_choices":[{"not_picked":["SashWhip","SignatureMove"],"picked":"Prostrate","floor":1.0},{"not_picked":["EmptyFist","CutThroughFate"],"picked":"BowlingBash","floor":3.0},{"not_picked":["Consecrate","Evaluate"],"picked":"LikeWater","floor":6.0},{"not_picked":["JustLucky","Protect"],"picked":"Tantrum","floor":7.0},{"not_picked":["PathToVictory","Evaluate"],"picked":"LessonLearned","floor":10.0},{"not_picked":["EmptyMind","EmptyBody"],"picked":"Tantrum","floor":12.0},{"not_picked":["EmptyMind","ThirdEye"],"picked":"TalkToTheHand","floor":13.0},{"not_picked":["ClearTheMind","EmptyFist"],"picked":"CutThroughFate","floor":14.0},{"not_picked":["Blasphemy","Ragnarok"],"picked":"DevaForm","floor":16.0},{"not_picked":["Nirvana","Crescendo"],"picked":"TalkToTheHand","floor":18.0},{"not_picked":["Perseverance","PathToVictory"],"picked":"Crescendo+1","floor":25.0},{"not_picked":["WindmillStrike","SashWhip","EmptyFist+1"],"picked":"SKIP","floor":27.0},{"not_picked":["Perseverance","Pray"],"picked":"JustLucky","floor":28.0},{"not_picked":["Perseverance","Crescendo"],"picked":"Protect","floor":31.0},{"not_picked":["SpiritShield","LessonLearned"],"picked":"Ragnarok","floor":33.0},{"not_picked":["FlyingSleeves+1","Consecrate","WindmillStrike"],"picked":"SKIP","floor":35.0},{"not_picked":["Crescendo+1","FlurryOfBlows+1"],"picked":"Prostrate+1","floor":37.0},{"not_picked":["DeceiveReality+1","PathToVictory+1","CutThroughFate"],"picked":"SKIP","floor":38.0},{"not_picked":["Alpha","PathToVictory"],"picked":"WaveOfTheHand","floor":40.0},{"not_picked":["ForeignInfluence","CrushJoints","Evaluate+1"],"picked":"SKIP","floor":42.0},{"not_picked":["ClearTheMind","Halt","WreathOfFlame+1"],"picked":"SKIP","floor":44.0},{"not_picked":["Worship","BattleHymn"],"picked":"JustLucky","floor":45.0},{"not_picked":["ClearTheMind+1","Study"],"picked":"Wireheading+1","floor":48.0},{"not_picked":["FollowUp","EmptyMind+1"],"picked":"Scrawl","floor":54}],"player_experience":176910,"relics_obtained":[{"floor":6.0,"key":"Blood Vial"},{"floor":9.0,"key":"Mercury Hourglass"},{"floor":10.0,"key":"Damaru"},{"floor":22.0,"key":"Necronomicon"},{"floor":26.0,"key":"Bag of Marbles"},{"floor":31.0,"key":"FossilizedHelix"},{"floor":31.0,"key":"Bottled Flame"},{"floor":37.0,"key":"Dead Branch"},{"floor":40.0,"key":"Bag of Preparation"},{"floor":40.0,"key":"Ancient Tea Set"},{"floor":54,"key":"Ornamental Fan"},{"floor":54,"key":"Lantern"}],"event_choices":[{"cards_removed":["Defend_P"],"damage_healed":0.0,"max_hp_gain":0.0,"max_hp_loss":0.0,"gold_gain":0.0,"event_name":"Bonfire Elementals","player_choice":"Offered Basic","floor":2.0,"gold_loss":0.0,"damage_taken":0.0},{"damage_healed":0.0,"max_hp_gain":0.0,"max_hp_loss":0.0,"gold_gain":0.0,"event_name":"Scrap Ooze","player_choice":"Success","floor":4.0,"gold_loss":0.0,"damage_taken":3.0,"relics_obtained":["Juzu Bracelet"]},{"damage_healed":0.0,"max_hp_gain":0.0,"max_hp_loss":0.0,"gold_gain":0.0,"event_name":"Living Wall","player_choice":"Grow","floor":8.0,"gold_loss":0.0,"damage_taken":0.0,"cards_upgraded":["Eruption"]},{"damage_healed":0.0,"max_hp_gain":0.0,"max_hp_loss":0.0,"gold_gain":0.0,"event_name":"Back to Basics","player_choice":"Simplicity","floor":20.0,"gold_loss":0.0,"damage_taken":0.0,"cards_upgraded":["Strike_P","Strike_P","Strike_P","Strike_P","Defend_P","Defend_P"]},{"damage_healed":0.0,"max_hp_gain":0.0,"max_hp_loss":0.0,"gold_gain":0.0,"event_name":"The Mausoleum","player_choice":"Opened","floor":21.0,"gold_loss":0.0,"damage_taken":0.0,"relics_obtained":["MealTicket"]},{"damage_healed":0.0,"max_hp_gain":0.0,"max_hp_loss":0.0,"gold_gain":0.0,"event_name":"Cursed Tome","player_choice":"Obtained Book","floor":22.0,"gold_loss":0.0,"damage_taken":16.0},{"damage_healed":0.0,"max_hp_gain":0.0,"max_hp_loss":0.0,"gold_gain":0.0,"cards_transformed":["Strike_P","Strike_P"],"event_name":"Drug Dealer","player_choice":"Became Test Subject","floor":24.0,"gold_loss":0.0,"damage_taken":0.0,"cards_obtained":["Prostrate","WheelKick"]},{"damage_healed":0.0,"max_hp_gain":0.0,"max_hp_loss":0.0,"gold_gain":0.0,"event_name":"Vampires","player_choice":"Ignored","floor":29.0,"gold_loss":0.0,"damage_taken":0.0},{"damage_healed":0.0,"max_hp_gain":0.0,"max_hp_loss":0.0,"gold_gain":0.0,"event_name":"Colosseum","player_choice":"Fight","floor":31.0,"gold_loss":0.0,"damage_taken":0.0},{"damage_healed":0.0,"max_hp_gain":0.0,"max_hp_loss":0.0,"gold_gain":0.0,"event_name":"Colosseum","player_choice":"Fought Nobs","floor":31.0,"gold_loss":0.0,"damage_taken":0.0},{"damage_healed":0.0,"max_hp_gain":0.0,"max_hp_loss":0.0,"gold_gain":0.0,"event_name":"Designer","player_choice":"Upgrade","floor":36.0,"gold_loss":40.0,"damage_taken":0.0,"cards_upgraded":["Tantrum"]},{"damage_healed":0.0,"max_hp_gain":0.0,"max_hp_loss":0.0,"gold_gain":0.0,"event_name":"Mysterious Sphere","player_choice":"Fight","floor":37.0,"gold_loss":0.0,"damage_taken":0.0},{"damage_healed":0.0,"max_hp_gain":0.0,"max_hp_loss":0.0,"gold_gain":0.0,"event_name":"Winding Halls","player_choice":"Embrace Madness","floor":39.0,"gold_loss":0.0,"damage_taken":9.0,"cards_obtained":["Madness","Madness"]}],"is_beta":false,"boss_relics":[{"not_picked":["Fusion Hammer","Astrolabe"],"picked":"HolyWater"},{"not_picked":["Snecko Eye","Runic Dome"],"picked":"Black Star"}],"items_purged_floors":[47],"is_endless":false,"potions_floor_spawned":[6,10,13,18,31,33,35,37,45,48,54],"ascension_level":0}}