{"host":"ep8i7b8n5hbu63rl","time":1614173824,"event":{"mods":["AchievementEnabler","BaseMod","Colored Map","DeckTracker","Keyboard Shortcuts","Minty Spire (QoL Compilation)","Permanent Neow","Quick Restart","SuperFastMode"],"gold_per_floor":[366,366,384,384,351,351,386,386,386,386,400,429,429,455,455,556,556,572,572,584,610,636,648,660,660],"floor_reached":24,"language":"KOR","playtime":1289,"items_purged":[],"score":276,"play_id":"84a25c16-6bd8-4ef0-953f-226dba8805a4","local_time":"20210224223704","is_ascension_mode":true,"campfire_choices":[{"floor":6.0,"key":"REST"},{"floor":8.0,"key":"REST"},{"data":"Hologram","floor":10.0,"key":"SMITH"},{"floor":13.0,"key":"REST"},{"floor":15.0,"key":"REST"},{"floor":23,"key":"REST"}],"circlet_count":0,"master_deck":["Strike_B","Strike_B","Defend_B","Defend_B","Defend_B","Defend_B","Zap","Dualcast","White Noise","FTL","Regret","Hologram+1","Ball Lightning","Force Field","Echo Form","Self Repair","Gash","Recycle","Capacitor+1","Hologram"],"relics":["Cracked Core","Bronze Scales","Oddly Smooth Stone","Symbiotic Virus","Darkstone Periapt","Boot","Anchor","Sozu","MawBank"],"acts_visited":["Exordium","TheCity"],"potions_floor_usage":[],"damage_taken":[{"damage":10.0,"enemies":"Small Slimes","floor":1.0,"turns":3.0},{"damage":1.0,"enemies":"2 Louse","floor":3.0,"turns":2.0},{"damage":36.0,"enemies":"Gremlin Nob","floor":7.0,"turns":4.0},{"damage":2.0,"enemies":"Cultist","floor":11.0,"turns":3.0},{"damage":21.0,"enemies":"3 Sentries","floor":12.0,"turns":6.0},{"damage":16.0,"enemies":"Lagavulin","floor":14.0,"turns":4.0},{"damage":41.0,"enemies":"The Guardian","floor":16.0,"turns":9.0},{"damage":0.0,"enemies":"Chosen","floor":18.0,"turns":3.0},{"damage":19.0,"enemies":"Spheric Guardian","floor":21.0,"turns":4.0},{"damage":20,"enemies":"Cultist and Chosen","floor":22,"turns":6},{"damage":56,"enemies":"Book of Stabbing","floor":24,"turns":6}],"seed_played":"6143562090081659944","potions_obtained":[{"floor":7.0,"key":"SkillPotion"},{"floor":11.0,"key":"SpeedPotion"},{"floor":12.0,"key":"Explosive Potion"},{"floor":16.0,"key":"SteroidPotion"}],"is_trial":false,"path_per_floor":["M","?","M","?","?","R","E","R","T","R","M","E","R","E","R","B",null,"M","?","?","M","M","R","E"],"character_chosen":"DEFECT","items_purchased":[],"campfire_rested":5,"item_purchase_floors":[],"current_hp_per_floor":[40,33,32,32,32,54,18,40,40,40,38,17,39,23,45,4,57,57,57,57,45,32,54,0,0],"gold":660,"neow_bonus":"TWO_FIFTY_GOLD","is_daily":false,"chose_seed":false,"campfire_upgraded":1,"win_rate":0.0,"timestamp":1614173824,"path_taken":["M","?","M","?","?","R","E","R","T","R","M","E","R","E","R","BOSS","M","?","?","M","M","R","E"],"items_purchased_type":[],"build_version":"2020-12-22","purchased_purges":0,"victory":false,"max_hp_per_floor":[75,75,75,75,75,75,75,75,75,75,75,75,75,75,75,75,75,75,75,75,75,75,75,75,75],"card_choices":[{"not_picked":["Redo","Cold Snap"],"picked":"White Noise","floor":1.0},{"not_picked":["Lockon","Go for the Eyes"],"picked":"FTL","floor":3.0},{"not_picked":["Electrodynamics","Cold Snap"],"picked":"Hologram","floor":7.0},{"not_picked":["Scrape","Compile Driver","Tempest"],"picked":"SKIP","floor":11.0},{"not_picked":["Lockon","Beam Cell"],"picked":"Ball Lightning","floor":12.0},{"not_picked":["Scrape","Rebound"],"picked":"Force Field","floor":14.0},{"not_picked":["Rainbow","Fission"],"picked":"Echo Form","floor":16.0},{"not_picked":["Compile Driver+1","Ball Lightning"],"picked":"Self Repair","floor":18.0},{"not_picked":["Streamline+1","Turbo"],"picked":"Capacitor+1","floor":21.0},{"not_picked":["Go for the Eyes","Stack"],"picked":"Hologram","floor":22}],"player_experience":172130,"relics_obtained":[{"floor":7.0,"key":"Symbiotic Virus"},{"floor":9.0,"key":"Darkstone Periapt"},{"floor":12.0,"key":"Boot"},{"floor":14.0,"key":"Anchor"}],"event_choices":[{"damage_healed":0.0,"max_hp_gain":0.0,"max_hp_loss":0.0,"gold_gain":0.0,"event_name":"Scrap Ooze","player_choice":"Success","floor":2.0,"gold_loss":0.0,"damage_taken":7.0,"relics_obtained":["Bronze Scales"]},{"damage_healed":0.0,"max_hp_gain":0.0,"max_hp_loss":0.0,"gold_gain":0.0,"event_name":"Big Fish","player_choice":"Box","floor":4.0,"gold_loss":0.0,"damage_taken":0.0,"relics_obtained":["Oddly Smooth Stone"],"cards_obtained":["Regret"]},{"damage_healed":0.0,"max_hp_gain":0.0,"max_hp_loss":0.0,"gold_gain":0.0,"event_name":"World of Goop","player_choice":"Left Gold","floor":5.0,"gold_loss":33.0,"damage_taken":0.0},{"damage_healed":0.0,"max_hp_gain":0.0,"max_hp_loss":0.0,"gold_gain":0.0,"event_name":"The Mausoleum","player_choice":"Opened","floor":19.0,"gold_loss":0.0,"damage_taken":0.0,"relics_obtained":["MawBank"]},{"damage_healed":0.0,"max_hp_gain":0.0,"max_hp_loss":0.0,"gold_gain":0.0,"cards_transformed":["Strike_B","Strike_B"],"event_name":"Drug Dealer","player_choice":"Became Test Subject","floor":20.0,"gold_loss":0.0,"damage_taken":0.0,"cards_obtained":["Gash","Recycle"]}],"is_beta":false,"boss_relics":[{"not_picked":["Busted Crown","SacredBark"],"picked":"Sozu"}],"items_purged_floors":[],"is_endless":false,"potions_floor_spawned":[7,11,12,16,18],"killed_by":"Book of Stabbing","ascension_level":6}}