{"host":"5tzvto3beate6p8b","time":1614146085,"event":{"mods":["BaseMod","Colored Map","DeckTracker","Minty Spire (QoL Compilation)","Relic Stats","StSLib","SuperFastMode"],"gold_per_floor":[115,115,24,24,24,55,55,83,83,97,129,129,152,165,165,236,236,251,251,72,0,0,0,29,29,29,45,45,45],"floor_reached":28,"language":"JPN","playtime":1073,"items_purged":["Decay"],"score":585,"play_id":"7ab1a74e-9220-4c02-bf82-3781e0706398","local_time":"20210224145445","is_ascension_mode":true,"campfire_choices":[{"data":"Bandage Up","floor":7,"key":"SMITH"},{"floor":12,"key":"REST"},{"data":"Multi-Cast","floor":15,"key":"SMITH"},{"data":"Fission","floor":23,"key":"SMITH"},{"data":"Go for the Eyes","floor":25,"key":"SMITH"}],"circlet_count":0,"master_deck":["AscendersBane","Strike_B","Strike_B","Strike_B","Strike_B","Defend_B","Defend_B","Defend_B","Defend_B","Zap","Dualcast","Doom and Gloom","Bandage Up+1","Go for the Eyes","Turbo","Capacitor","Go for the Eyes+1","Multi-Cast+1","Fission+1","Coolheaded+1","Lockon","Coolheaded","Compile Driver"],"relics":["Cracked Core","NeowsBlessing","StrikeDummy","Regal Pillow","FossilizedHelix","Singing Bowl","Cables","Odd Mushroom","SacredBark","Boot","HornCleat"],"acts_visited":["Exordium","TheCity"],"potions_floor_usage":[24],"damage_taken":[{"damage":0,"enemies":"Cultist","floor":1,"turns":1},{"damage":0,"enemies":"Lagavulin","floor":6,"turns":1},{"damage":0,"enemies":"3 Sentries","floor":8,"turns":1},{"damage":0,"enemies":"Jaw Worm","floor":10,"turns":3},{"damage":73,"enemies":"Gremlin Nob","floor":11,"turns":5},{"damage":6,"enemies":"The Mushroom Lair","floor":13,"turns":4},{"damage":0,"enemies":"2 Louse","floor":14,"turns":2},{"damage":21,"enemies":"Hexaghost","floor":16,"turns":6},{"damage":0,"enemies":"Spheric Guardian","floor":18,"turns":2},{"damage":21,"enemies":"2 Thieves","floor":21,"turns":5},{"damage":25,"enemies":"Book of Stabbing","floor":24,"turns":4},{"damage":9,"enemies":"Centurion and Healer","floor":27,"turns":7},{"damage":119,"enemies":"Gremlin Leader","floor":28,"turns":12}],"seed_played":"4470627609170736695","potions_obtained":[{"floor":10,"key":"Energy Potion"},{"floor":11,"key":"FairyPotion"},{"floor":24,"key":"SpeedPotion"}],"is_trial":false,"path_per_floor":["M","?","$","?","$","E","R","E","T","M","E","R","?","M","R","B",null,"M","?","$","M","?","R","E","R","T","M","E"],"character_chosen":"DEFECT","items_purchased":["Bandage Up","Lockon","Coolheaded"],"campfire_rested":1,"item_purchase_floors":[3,20,20],"current_hp_per_floor":[64,69,69,58,58,62,62,68,68,74,1,38,38,46,46,31,66,72,72,72,59,59,59,42,42,42,39,0,0],"gold":45,"neow_bonus":"THREE_ENEMY_KILL","is_daily":false,"chose_seed":false,"campfire_upgraded":4,"win_rate":0.0,"timestamp":1614146085,"path_taken":["M","?","$","?","$","E","R","E","T","M","E","R","?","M","R","BOSS","M","?","?","?","?","R","E","R","T","M","E"],"items_purchased_type":["Card","Card","Card"],"build_version":"2020-12-22","purchased_purges":1,"victory":false,"max_hp_per_floor":[71,76,76,76,76,76,76,76,76,76,76,76,76,78,78,78,78,78,78,78,80,80,80,82,82,82,82,82,82],"relic_stats":{"Regal Pillow":15,"Singing Bowl":6,"counters":[13,53],"Boot":[22],"obtain_stats":[{"Regal Pillow":6,"HornCleat":26,"NeowsBlessing":0,"Singing Bowl":9,"SacredBark":17,"Odd Mushroom":13,"Cracked Core":0,"StrikeDummy":4,"Boot":24,"FossilizedHelix":8,"Cables":11},{"Regal Pillow":2,"HornCleat":11,"NeowsBlessing":0,"Singing Bowl":3,"SacredBark":8,"Odd Mushroom":6,"Cracked Core":0,"StrikeDummy":1,"Boot":11,"FossilizedHelix":3,"Cables":5},{"Regal Pillow":2,"HornCleat":34,"NeowsBlessing":0,"Singing Bowl":3,"SacredBark":23,"Odd Mushroom":15,"Cracked Core":0,"StrikeDummy":1,"Boot":34,"FossilizedHelix":3,"Cables":11}],"Cables":[35,11,11,13,0]},"card_choices":[{"not_picked":["Barrage","Streamline"],"picked":"Doom and Gloom","floor":1},{"not_picked":["Streamline","Turbo"],"picked":"Go for the Eyes","floor":6},{"not_picked":["Heatsinks","Storm"],"picked":"Turbo","floor":8},{"not_picked":["Compile Driver","Go for the Eyes"],"picked":"Capacitor","floor":10},{"not_picked":["Steam","Blizzard"],"picked":"Go for the Eyes","floor":11},{"not_picked":["Compile Driver","Turbo"],"picked":"Multi-Cast","floor":13},{"not_picked":["Blizzard","Double Energy","Sweeping Beam"],"picked":"Singing Bowl","floor":14},{"not_picked":["Meteor Strike","All For One"],"picked":"Fission","floor":16},{"not_picked":["Fusion","Reprogram"],"picked":"Coolheaded+1","floor":18},{"not_picked":["Go for the Eyes","Blizzard","Conserve Battery"],"picked":"Singing Bowl","floor":21},{"not_picked":["All For One","Beam Cell","Rebound+1"],"picked":"Singing Bowl","floor":24},{"not_picked":["Ball Lightning","Conserve Battery"],"picked":"Compile Driver","floor":27}],"player_experience":846835,"relics_obtained":[{"floor":6,"key":"Regal Pillow"},{"floor":8,"key":"FossilizedHelix"},{"floor":9,"key":"Singing Bowl"},{"floor":11,"key":"Cables"},{"floor":13,"key":"Odd Mushroom"},{"floor":24,"key":"Boot"},{"floor":26,"key":"HornCleat"}],"event_choices":[{"damage_healed":0,"gold_gain":0,"player_choice":"Donut","damage_taken":0,"max_hp_gain":5,"max_hp_loss":0,"event_name":"Big Fish","floor":2,"gold_loss":0},{"damage_healed":0,"gold_gain":0,"player_choice":"Success","damage_taken":11,"relics_obtained":["StrikeDummy"],"max_hp_gain":0,"max_hp_loss":0,"event_name":"Scrap Ooze","floor":4,"gold_loss":0},{"damage_healed":0,"gold_gain":0,"player_choice":"Fought Mushrooms","damage_taken":0,"max_hp_gain":0,"max_hp_loss":0,"event_name":"Mushrooms","floor":13,"gold_loss":0},{"damage_healed":0,"gold_gain":0,"player_choice":"Cursed","damage_taken":0,"max_hp_gain":0,"max_hp_loss":0,"event_name":"Wheel of Change","floor":19,"gold_loss":0,"cards_obtained":["Decay"]},{"damage_healed":0,"gold_gain":0,"player_choice":"Ignored","damage_taken":0,"max_hp_gain":0,"max_hp_loss":0,"event_name":"Ghosts","floor":22,"gold_loss":0}],"is_beta":false,"boss_relics":[{"not_picked":["Snecko Eye","Tiny House"],"picked":"SacredBark"}],"items_purged_floors":[20],"is_endless":false,"potions_floor_spawned":[10,11,14,16,24,27],"killed_by":"Gremlin Leader","ascension_level":19}}