{"host":"6ahom0dz06olb67e","time":1614136542,"event":{"mods":["BaseMod","Colored Map","Colored Powertips","Minty Spire (QoL Compilation)","Random Character Button","StSLib","The Hierophant"],"gold_per_floor":[119,119,138,158,173,203,218,228,228,44,44,64,91,91,91,196,196,213,230,58,76,86,120,120,132,132,32,32,32],"floor_reached":28,"language":"ENG","playtime":2960,"items_purged":["Strike_R","Strike_R"],"score":254,"play_id":"d6cb2f4f-b34e-4936-8ef9-57e68e225142","local_time":"20210223221542","is_ascension_mode":false,"campfire_choices":[{"floor":15.0,"key":"REST"},{"floor":24,"key":"REST"}],"circlet_count":0,"master_deck":["Strike_R","Strike_R","Strike_R","Defend_R+1","Defend_R","Defend_R","Defend_R+1","Bash","Pain","Rage","Pommel Strike","Rupture","Thunderclap","Dual Wield","Limit Break","Thinking Ahead","Cleave","Clumsy","Flash of Steel","Barricade","True Grit+1","Sword Boomerang","Iron Wave","Clothesline"],"relics":["Burning Blood","War Paint","WarpedTongs","Oddly Smooth Stone","Vajra","Juzu Bracelet","Fusion Hammer","Regal Pillow","Strawberry"],"acts_visited":["Exordium","TheCity"],"potions_floor_usage":[22,23,25],"damage_taken":[{"damage":5.0,"enemies":"Small Slimes","floor":1.0,"turns":4.0},{"damage":1.0,"enemies":"Cultist","floor":3.0,"turns":3.0},{"damage":1.0,"enemies":"2 Louse","floor":4.0,"turns":3.0},{"damage":14.0,"enemies":"Blue Slaver","floor":5.0,"turns":3.0},{"damage":19.0,"enemies":"Gremlin Nob","floor":6.0,"turns":4.0},{"damage":12.0,"enemies":"Lots of Slimes","floor":7.0,"turns":4.0},{"damage":26.0,"enemies":"Exordium Thugs","floor":8.0,"turns":6.0},{"damage":9.0,"enemies":"2 Fungi Beasts","floor":12.0,"turns":2.0},{"damage":15.0,"enemies":"3 Sentries","floor":13.0,"turns":7.0},{"damage":24.0,"enemies":"Hexaghost","floor":16.0,"turns":9.0},{"damage":19.0,"enemies":"Spheric Guardian","floor":18.0,"turns":6.0},{"damage":34.0,"enemies":"2 Thieves","floor":19.0,"turns":5.0},{"damage":9,"enemies":"3 Cultists","floor":21,"turns":4},{"damage":18,"enemies":"Cultist and Chosen","floor":22,"turns":7},{"damage":15,"enemies":"Book of Stabbing","floor":23,"turns":5},{"damage":36,"enemies":"Centurion and Healer","floor":25,"turns":6},{"damage":0,"enemies":"Gremlin Leader","floor":28,"turns":2}],"seed_played":"8511049680141266757","potions_obtained":[{"floor":1.0,"key":"Weak Potion"},{"floor":3.0,"key":"BloodPotion"},{"floor":4.0,"key":"Ancient Potion"},{"floor":8.0,"key":"DuplicationPotion"},{"floor":11.0,"key":"HeartOfIron"},{"floor":11.0,"key":"EssenceOfSteel"},{"floor":16.0,"key":"SteroidPotion"},{"floor":19.0,"key":"AttackPotion"},{"floor":21,"key":"BloodPotion"},{"floor":22,"key":"LiquidMemories"},{"floor":23,"key":"SkillPotion"}],"is_trial":false,"path_per_floor":["M","?","M","M","M","E","M","M","T","$","?","M","E","?","R","B",null,"M","M","$","M","M","E","R","M","T","$","E"],"character_chosen":"IRONCLAD","items_purchased":["Thinking Ahead","Iron Wave","Clothesline"],"campfire_rested":2,"item_purchase_floors":[10,20,20],"current_hp_per_floor":[80,80,80,80,72,59,53,49,49,49,49,46,37,37,61,43,80,67,39,39,36,40,31,70,40,47,47,47,47],"gold":32,"neow_bonus":"RANDOM_COMMON_RELIC","is_daily":false,"chose_seed":false,"campfire_upgraded":0,"win_rate":0.0,"timestamp":1614136542,"path_taken":["M","?","?","M","M","E","M","?","T","$","?","M","E","?","R","BOSS","M","M","$","M","M","E","R","M","T","$","E"],"items_purchased_type":["Card","Card","Card"],"build_version":"2020-12-22","purchased_purges":2,"victory":false,"max_hp_per_floor":[80,80,80,80,80,80,80,80,80,80,80,80,80,80,80,80,80,80,80,80,80,80,80,80,80,87,87,87,87],"card_choices":[{"not_picked":["Disarm","Wild Strike","Metallicize"],"picked":"SKIP","floor":1.0},{"not_picked":["Burning Pact","Sever Soul"],"picked":"Rage","floor":3.0},{"not_picked":["Body Slam","Pummel"],"picked":"Pommel Strike","floor":4.0},{"not_picked":["Headbutt","Heavy Blade"],"picked":"Rupture","floor":5.0},{"not_picked":["Ghostly Armor","Reckless Charge"],"picked":"Thunderclap","floor":6.0},{"not_picked":["Armaments","Body Slam"],"picked":"Dual Wield","floor":7.0},{"not_picked":["Dropkick","Clothesline"],"picked":"Limit Break","floor":8.0},{"not_picked":["Warcry","Fiend Fire"],"picked":"Cleave","floor":12.0},{"not_picked":["Flex","Hemokinesis","Inflame"],"picked":"SKIP","floor":13.0},{"not_picked":["Demon Form","Bludgeon"],"picked":"Barricade","floor":16.0},{"not_picked":["Havoc","Flame Barrier"],"picked":"True Grit+1","floor":18.0},{"not_picked":["Blood for Blood","Rupture+1"],"picked":"Sword Boomerang","floor":19.0},{"not_picked":["Seeing Red","Intimidate","Thunderclap"],"picked":"SKIP","floor":21},{"not_picked":["Thunderclap+1","Havoc","Warcry"],"picked":"SKIP","floor":22},{"not_picked":["Pummel","Battle Trance+1","True Grit+1"],"picked":"SKIP","floor":23},{"not_picked":["Thunderclap+1","Warcry","True Grit"],"picked":"SKIP","floor":25}],"player_experience":43964,"relics_obtained":[{"floor":6.0,"key":"Oddly Smooth Stone"},{"floor":9.0,"key":"Vajra"},{"floor":13.0,"key":"Juzu Bracelet"},{"floor":23,"key":"Regal Pillow"},{"floor":26,"key":"Strawberry"}],"event_choices":[{"damage_healed":0.0,"max_hp_gain":0.0,"max_hp_loss":0.0,"gold_gain":0.0,"event_name":"Accursed Blacksmith","player_choice":"Rummage","floor":2.0,"gold_loss":0.0,"damage_taken":0.0,"relics_obtained":["WarpedTongs"],"cards_obtained":["Pain"]},{"damage_healed":0.0,"max_hp_gain":0.0,"max_hp_loss":0.0,"gold_gain":0.0,"event_name":"Lab","player_choice":"Got Potions","floor":11.0,"gold_loss":0.0,"damage_taken":0.0},{"damage_healed":0.0,"max_hp_gain":0.0,"max_hp_loss":0.0,"gold_gain":0.0,"event_name":"Match and Keep!","player_choice":"2 cards matched","floor":14.0,"gold_loss":0.0,"damage_taken":0.0,"cards_obtained":["Clumsy","Flash of Steel"]},{"damage_healed":0.0,"max_hp_gain":0.0,"max_hp_loss":0.0,"gold_gain":0.0,"event_name":"Match and Keep!","player_choice":"2 cards matched","floor":14.0,"gold_loss":0.0,"damage_taken":0.0,"cards_obtained":["Clumsy","Flash of Steel"]}],"is_beta":false,"boss_relics":[{"not_picked":["Snecko Eye","Ectoplasm"],"picked":"Fusion Hammer"}],"items_purged_floors":[20,27],"is_endless":false,"potions_floor_spawned":[1,3,4,8,16,19,21,22,23],"killed_by":"Gremlin Leader","ascension_level":0}}