{"host":"uro03pbv16i76yu3","time":1614191163,"event":{"mods":["BaseMod","Hubris","Minty Spire (QoL Compilation)","Replay The Spire","StSLib"],"gold_per_floor":[17,17,27,37,112,146,146,164,190,220,220,244,270,270,270,369,369,384,402,402,414,414,449,449,479,503,220,262,287,331,351,396,510,510,533,173,195,195,195,195,234,392,392,401,424,447,481,504,513,513,513,522,45,82,82],"floor_reached":56,"language":"ZHS","playtime":5478,"items_purged":["Strike_R"],"score":1221,"play_id":"a4aa244a-4c89-4480-95ca-e7f72bfbf9d2","local_time":"20210225022603","is_ascension_mode":true,"campfire_choices":[{"floor":15.0,"key":"REST"},{"floor":40,"key":"RECALL"},{"floor":44,"key":"REST"},{"floor":49,"key":"REST"},{"floor":52,"key":"REST"}],"circlet_count":0,"master_deck":["Defend_R","Defend_R","Bash","Demon Form","Power Through","ReplayTheSpireMod:Muscle Training","Searing Blow","Hemogenesis","Pommel Strike","ReplayTheSpireMod:Stacked","Scorching Beam","Brutality","Rupture","Pummel","Offering","Demonic Infusion","Massacre","Infernal Blade","Infernal Blade","Inflame","Run Through","Panache","Replay:Undeath\u0027s Touch","Clothesline+1","Eclipse","Flex+1","Bite","Bite","Bite","Bite","Bite","ReplayTheSpireMod:Omega Cannon","Flame Barrier","Pummel","Power Through+1","Hemokinesis","Shockwave+1","Life Link","Clothesline","Barricade","Demon Form","Thunderclap+1","Dark Embrace","ReplayReversal","ReplayUltimateDefense","ReplayTheSpireMod:Muscle Training+1"],"relics":["Juzu Bracelet","Centennial Puzzle","Iron Core","Bag of Marbles","Snack Pack","Honey Jar","Ring of Hypnosis","Ring of Panic","FossilizedHelix","Ancient Tea Set","BargainBundle","CeramicFish","HornCleat","Fusion Hammer","ReplayTheSpireMod:TigerMarble","ReplayTheSpireMod:Spearhead","hubris:Icosahedron","Pen Nib","Replay:PocketPolymizer","Self Forming Clay","PreservedInsect","King of Hearts","Vajra","ReplayFunnel"],"acts_visited":["Exordium","TheCity","TheBeyond","TheEnding"],"potions_floor_usage":[30,30,33,33,50,55,55,55],"damage_taken":[{"damage":5.0,"enemies":"2 Louse","floor":1.0,"turns":3.0},{"damage":8.0,"enemies":"Small Slimes","floor":3.0,"turns":4.0},{"damage":3.0,"enemies":"Jaw Worm","floor":4.0,"turns":6.0},{"damage":13.0,"enemies":"Lagavulin","floor":6.0,"turns":7.0},{"damage":8.0,"enemies":"Large Slime","floor":8.0,"turns":8.0},{"damage":31.0,"enemies":"Gremlin Nob","floor":10.0,"turns":6.0},{"damage":16.0,"enemies":"Replay:BlueRogue","floor":13.0,"turns":6.0},{"damage":43.0,"enemies":"Slime Boss","floor":16.0,"turns":13.0},{"damage":25.0,"enemies":"Spheric Guardian","floor":18.0,"turns":6.0},{"damage":30.0,"enemies":"Shell Parasite","floor":19.0,"turns":6.0},{"damage":16.0,"enemies":"Chosen and Byrds","floor":21.0,"turns":5.0},{"damage":26.0,"enemies":"Gremlin Leader","floor":23.0,"turns":6.0},{"damage":35.0,"enemies":"Slavers","floor":25.0,"turns":6.0},{"damage":66.0,"enemies":"Book of Stabbing","floor":28.0,"turns":7.0},{"damage":33.0,"enemies":"Sentry and Sphere","floor":29.0,"turns":6.0},{"damage":47,"enemies":"Slavers","floor":30,"turns":7},{"damage":1,"enemies":"Snake Plant","floor":31,"turns":3},{"damage":34,"enemies":"Champ","floor":33,"turns":7},{"damage":9,"enemies":"Orb Walker","floor":35,"turns":4},{"damage":20,"enemies":"3 Darklings","floor":37,"turns":3},{"damage":9,"enemies":"Nemesis","floor":41,"turns":5},{"damage":24,"enemies":"2 Orb Walkers","floor":42,"turns":3},{"damage":15,"enemies":"Sphere and 2 Shapes","floor":45,"turns":4},{"damage":3,"enemies":"4 Shapes","floor":46,"turns":2},{"damage":5,"enemies":"Giant Head","floor":47,"turns":6},{"damage":39,"enemies":"Transient","floor":48,"turns":5},{"damage":58,"enemies":"Replay:Hell Engine","floor":50,"turns":6},{"damage":23,"enemies":"Shield and Spear","floor":54,"turns":6},{"damage":48,"enemies":"The Heart","floor":55,"turns":8}],"seed_played":"4131259468769693812","potions_obtained":[{"floor":4.0,"key":"AttackPotion"},{"floor":6.0,"key":"SkillPotion"},{"floor":8.0,"key":"Swift Potion"},{"floor":18.0,"key":"SteroidPotion"},{"floor":21.0,"key":"Fire Potion"},{"floor":29.0,"key":"Cursed Concoction"},{"floor":30,"key":"Elixir"},{"floor":35,"key":"Adrenaline Potion"},{"floor":42,"key":"LiquidMemories"},{"floor":48,"key":"PowerPotion"},{"floor":54,"key":"Reflective Coating"}],"is_trial":false,"path_per_floor":["M","?","M","M","?","E","?","M","T","E","?","T","E","?","R","B",null,"M","M","?","M","?","E","?","E","T","$","E","M","E","M","R","B",null,"M","$","M","?","?","R","E","?","T","R","M","M","E","M","R","B",null,"R","$","E","B",null],"character_chosen":"IRONCLAD","items_purchased":["BargainBundle","Infernal Blade","Inflame","ColorlessPotion","Run Through","Panache","ReplayTheSpireMod:TigerMarble","ReplayTheSpireMod:Spearhead","Pummel","ReplayUltimateDefense","King of Hearts","Vajra"],"campfire_rested":4,"item_purchase_floors":[27,27,27,27,27,27,36,36,36,53,53,53],"current_hp_per_floor":[80,73,71,74,63,56,56,59,59,39,39,39,33,33,57,31,80,76,77,77,73,73,80,80,80,80,80,47,55,47,50,50,51,80,79,79,80,83,83,83,83,63,63,83,83,82,83,54,78,53,83,83,83,78,38],"gold":82,"neow_bonus":"THREE_RARE_CARDS","is_daily":false,"chose_seed":false,"campfire_upgraded":0,"win_rate":0.0,"timestamp":1614191163,"path_taken":["M","?","M","M","?","E","?","M","T","E","?","?","E","?","R","BOSS","M","M","?","M","?","E","?","E","T","$","E","M","E","M","R","BOSS","M","$","M","?","?","R","E","?","T","R","M","M","E","M","R","BOSS","R","$","E","BOSS"],"items_purchased_type":["Relic","Card","Card","Potion","Card","Card","Relic","Relic","Card","Card","Relic","Relic"],"build_version":"2020-12-22","purchased_purges":1,"victory":true,"max_hp_per_floor":[80,80,80,80,80,80,80,80,80,80,80,80,80,80,80,80,80,80,80,80,80,80,80,80,80,80,80,80,80,80,80,80,80,80,80,80,80,83,83,83,83,83,83,83,83,83,83,83,83,83,83,83,83,83,83],"card_choices":[{"not_picked":["Corruption","Reaper"],"picked":"Demon Form","floor":0.0},{"not_picked":["ReplayTheSpireMod:Strike From Hell","Perfected Strike"],"picked":"Power Through","floor":1.0},{"not_picked":["Cleave","Wild Strike"],"picked":"ReplayTheSpireMod:Muscle Training","floor":3.0},{"not_picked":["Power Through","Uppercut"],"picked":"Searing Blow","floor":4.0},{"not_picked":["Sword Boomerang","Clash"],"picked":"Hemogenesis","floor":6.0},{"not_picked":["True Grit","ReplayTheSpireMod:Strike From Hell"],"picked":"Pommel Strike","floor":8.0},{"not_picked":["ReplayTheSpireMod:Strike From Hell","Abandon"],"picked":"ReplayTheSpireMod:Stacked","floor":10.0},{"not_picked":["Warcry","Carnage"],"picked":"Scorching Beam","floor":13.0},{"not_picked":["Fiend Fire","Eclipse"],"picked":"Brutality","floor":16.0},{"not_picked":["Sever Soul+1","True Grit","Shrug It Off"],"picked":"Rupture","floor":18.0},{"not_picked":["Shrug It Off","Whirlwind+1","Clash+1"],"picked":"Pummel","floor":19.0},{"not_picked":["Anger","Run Through","Blood for Blood"],"picked":"Offering","floor":21.0},{"not_picked":["Flex","Second Wind","Warcry"],"picked":"Demonic Infusion","floor":23.0},{"not_picked":["Heavy Blade","Clash+1","Evolve"],"picked":"Massacre","floor":25.0},{"not_picked":["Massacre","Wild Strike+1","Demonic Infusion"],"picked":"Replay:Undeath\u0027s Touch","floor":28.0},{"not_picked":["Pommel Strike","Warcry+1","Replay:Undeath\u0027s Touch"],"picked":"Clothesline+1","floor":29.0},{"not_picked":["Infernal Blade","Thunderclap","Searing Blow"],"picked":"Eclipse","floor":30},{"not_picked":["Thunderclap","Hologram","Anger"],"picked":"Flex+1","floor":31},{"not_picked":["Bludgeon","Double Tap","Impervious"],"picked":"ReplayTheSpireMod:Omega Cannon","floor":33},{"not_picked":["Replay:Undeath\u0027s Touch+1","Headbutt","Abandon+1"],"picked":"Flame Barrier","floor":35},{"not_picked":["hubris:ReadiedAction+1","Reckless Charge","Iron Wave"],"picked":"Power Through+1","floor":37},{"not_picked":["Defy Death","Rupture+1","Flame Barrier+1"],"picked":"Hemokinesis","floor":41},{"not_picked":["Carnage+1","Perfected Strike+1","hubris:ReadiedAction+1"],"picked":"Shockwave+1","floor":42},{"not_picked":["Replay:Undeath\u0027s Touch+1","Clash+1","Feel No Pain+1"],"picked":"Clothesline","floor":45},{"not_picked":["hubris:CleavingFinish+1","Clothesline","Life Link+1"],"picked":"Barricade","floor":46},{"not_picked":["Armaments","Anger","Infernal Blade+1"],"picked":"Demon Form","floor":47},{"not_picked":["Armaments","hubris:SharpeningStone+1","Flex+1"],"picked":"Thunderclap+1","floor":48},{"not_picked":["Sever Soul","Thunderclap","Inflame+1"],"picked":"ReplayTheSpireMod:Muscle Training+1","floor":54}],"player_experience":116613,"relics_obtained":[{"floor":6.0,"key":"Juzu Bracelet"},{"floor":10.0,"key":"Centennial Puzzle"},{"floor":12.0,"key":"Bag of Marbles"},{"floor":13.0,"key":"Snack Pack"},{"floor":20.0,"key":"Ring of Hypnosis"},{"floor":20.0,"key":"Ring of Panic"},{"floor":23.0,"key":"FossilizedHelix"},{"floor":25.0,"key":"Blood Vial"},{"floor":26.0,"key":"Ancient Tea Set"},{"floor":28.0,"key":"CeramicFish"},{"floor":30,"key":"HornCleat"},{"floor":41,"key":"Pen Nib"},{"floor":42,"key":"Replay:PocketPolymizer"},{"floor":43,"key":"Self Forming Clay"},{"floor":47,"key":"PreservedInsect"},{"floor":54,"key":"ReplayFunnel"}],"event_choices":[{"cards_removed":["Strike_R"],"damage_healed":0.0,"max_hp_gain":0.0,"max_hp_loss":0.0,"gold_gain":0.0,"event_name":"Golden Wing","player_choice":"Card Removal","floor":2.0,"gold_loss":0.0,"damage_taken":7.0},{"damage_healed":0.0,"max_hp_gain":0.0,"max_hp_loss":0.0,"gold_gain":75.0,"event_name":"World of Goop","player_choice":"Gather Gold","floor":5.0,"gold_loss":0.0,"damage_taken":11.0},{"damage_healed":0.0,"max_hp_gain":0.0,"max_hp_loss":0.0,"gold_gain":0.0,"cards_transformed":["Strike_R"],"event_name":"Living Wall","player_choice":"Change","floor":7.0,"gold_loss":0.0,"damage_taken":0.0,"cards_obtained":["Reckless Charge"]},{"cards_removed":["Strike_R"],"damage_healed":0.0,"max_hp_gain":0.0,"max_hp_loss":0.0,"gold_gain":0.0,"event_name":"Back to Basics","player_choice":"Elegance","floor":22.0,"gold_loss":0.0,"damage_taken":0.0},{"damage_healed":0.0,"max_hp_gain":0.0,"max_hp_loss":0.0,"gold_gain":0.0,"event_name":"Ghosts","player_choice":"Ignored","floor":24.0,"gold_loss":0.0,"damage_taken":0.0},{"damage_healed":0,"gold_gain":0,"player_choice":"Became a vampire (Vial)","damage_taken":0,"max_hp_gain":0,"max_hp_loss":0,"event_name":"Vampires","floor":32,"relics_lost":["Blood Vial"],"gold_loss":0,"cards_obtained":["Bite","Bite","Bite","Bite","Bite"]},{"damage_healed":0,"gold_gain":0,"player_choice":"Fight","damage_taken":0,"max_hp_gain":0,"max_hp_loss":0,"event_name":"Mysterious Sphere","floor":42,"gold_loss":0}],"is_beta":false,"boss_relics":[{"not_picked":["Pandora\u0027s Box","Astrolabe"],"picked":"Honey Jar"},{"not_picked":["Calling Bell","ChewingGum"],"picked":"Fusion Hammer"}],"items_purged_floors":[27],"is_endless":false,"potions_floor_spawned":[4,6,8,18,21,29,30,35,42,48,54],"ascension_level":1}}