{"host":"r4j5b3etkqj66d96","time":1614189163,"event":{"mods":["BaseMod","Colored Map","DeckTracker","Highlight Path","Minty Spire (QoL Compilation)","Quick Restart","Relic Stats","StSLib","SuperFastMode"],"gold_per_floor":[116,116,128,140,152,183,183,218,242,6,22,22,102,102,102,176,176,189,189,169,181,181,181],"floor_reached":22,"language":"JPN","playtime":713,"items_purged":[],"score":388,"play_id":"a89c8817-0a23-460f-9db1-026588046dbc","local_time":"20210225025243","is_ascension_mode":true,"campfire_choices":[{"floor":7,"key":"REST"},{"floor":15,"key":"REST"}],"circlet_count":0,"master_deck":["AscendersBane","Strike_R","Strike_R","Strike_R","Strike_R","Strike_R","Defend_R","Defend_R","Defend_R","Defend_R","Bash","Ghostly Armor","Reckless Charge","Seeing Red","Carnage","True Grit","Wild Strike","Feed","Dark Embrace","Sentinel"],"relics":["Busted Crown","Boot","Toy Ornithopter","Vajra","Bronze Scales"],"acts_visited":["Exordium","TheCity"],"potions_floor_usage":[4,6,8,10,16,16,21],"damage_taken":[{"damage":1,"enemies":"Small Slimes","floor":1,"turns":4},{"damage":2,"enemies":"Cultist","floor":3,"turns":4},{"damage":1,"enemies":"Jaw Worm","floor":4,"turns":4},{"damage":1,"enemies":"2 Fungi Beasts","floor":5,"turns":4},{"damage":26,"enemies":"Gremlin Nob","floor":6,"turns":4},{"damage":25,"enemies":"3 Sentries","floor":8,"turns":10},{"damage":13,"enemies":"Large Slime","floor":11,"turns":5},{"damage":37,"enemies":"The Guardian","floor":16,"turns":10},{"damage":20,"enemies":"Spheric Guardian","floor":18,"turns":4},{"damage":8,"enemies":"Chosen","floor":21,"turns":5},{"damage":63,"enemies":"Shelled Parasite and Fungi","floor":22,"turns":4}],"seed_played":"-9138960239933107000","potions_obtained":[{"floor":2,"key":"HeartOfIron"},{"floor":2,"key":"DuplicationPotion"},{"floor":5,"key":"Explosive Potion"},{"floor":8,"key":"Regen Potion"},{"floor":11,"key":"Energy Potion"},{"floor":16,"key":"Strength Potion"},{"floor":18,"key":"DistilledChaos"}],"is_trial":false,"path_per_floor":["M","?","M","M","M","E","R","E","T","$","M","?","?","?","R","B",null,"M","?","?","M","M"],"character_chosen":"IRONCLAD","items_purchased":["Fruit Juice","Carnage","True Grit"],"campfire_rested":2,"item_purchase_floors":[10,10,10],"current_hp_per_floor":[67,67,65,64,63,37,59,34,34,44,31,5,5,5,29,17,64,44,60,60,60,0,0],"gold":181,"neow_bonus":"BOSS_RELIC","is_daily":false,"chose_seed":false,"campfire_upgraded":0,"win_rate":0.0,"timestamp":1614189163,"path_taken":["M","?","?","M","M","E","R","E","T","$","M","?","?","?","R","BOSS","M","?","?","M","?"],"items_purchased_type":["Potion","Card","Card"],"build_version":"2020-12-22","purchased_purges":0,"victory":false,"max_hp_per_floor":[75,75,75,75,75,75,75,75,75,80,80,80,80,80,80,80,80,80,80,80,83,86,86],"relic_stats":{"Busted Crown":20,"counters":[11,58],"Bronze Scales":[62],"Boot":[4],"obtain_stats":[{"Busted Crown":0,"Bronze Scales":12,"Vajra":9,"Boot":6,"Burning Blood":0,"Toy Ornithopter":8},{"Busted Crown":0,"Bronze Scales":7,"Vajra":6,"Boot":5,"Burning Blood":0,"Toy Ornithopter":6},{"Busted Crown":0,"Bronze Scales":35,"Vajra":30,"Boot":20,"Burning Blood":0,"Toy Ornithopter":30}],"Toy Ornithopter":20},"card_choices":[{"not_picked":["Clash"],"picked":"SKIP","floor":1},{"not_picked":["Clash"],"picked":"SKIP","floor":3},{"not_picked":[],"picked":"Ghostly Armor","floor":4},{"not_picked":[],"picked":"Reckless Charge","floor":5},{"not_picked":[],"picked":"Seeing Red","floor":6},{"not_picked":["Heavy Blade"],"picked":"SKIP","floor":8},{"not_picked":[],"picked":"Wild Strike","floor":11},{"not_picked":[],"picked":"Feed","floor":16},{"not_picked":[],"picked":"Dark Embrace","floor":18},{"not_picked":[],"picked":"Sentinel","floor":21}],"player_experience":1302881,"relics_obtained":[{"floor":6,"key":"Boot"},{"floor":8,"key":"Toy Ornithopter"},{"floor":9,"key":"Vajra"}],"event_choices":[{"damage_healed":0,"gold_gain":0,"player_choice":"Got Potions","damage_taken":0,"max_hp_gain":0,"max_hp_loss":0,"event_name":"Lab","floor":2,"gold_loss":0},{"damage_healed":0,"gold_gain":0,"player_choice":"Success","damage_taken":26,"relics_obtained":["Bronze Scales"],"max_hp_gain":0,"max_hp_loss":0,"event_name":"Scrap Ooze","floor":12,"gold_loss":0},{"damage_healed":0,"gold_gain":80,"player_choice":"Gained Gold","damage_taken":0,"max_hp_gain":0,"max_hp_loss":0,"event_name":"Golden Wing","floor":13,"gold_loss":0},{"damage_healed":0,"gold_gain":0,"player_choice":"Searched \u00270\u0027 times","damage_taken":0,"max_hp_gain":0,"max_hp_loss":0,"event_name":"Dead Adventurer","floor":14,"gold_loss":0},{"damage_healed":16,"gold_gain":0,"player_choice":"Heal","damage_taken":0,"max_hp_gain":0,"max_hp_loss":0,"event_name":"The Library","floor":19,"gold_loss":0},{"damage_healed":0,"gold_gain":0,"player_choice":"Bought 1 Potion","damage_taken":0,"max_hp_gain":0,"max_hp_loss":0,"event_name":"The Woman in Blue","floor":20,"gold_loss":0}],"is_beta":false,"boss_relics":[{"not_picked":["Coffee Dripper","Sozu","Runic Dome"]}],"items_purged_floors":[],"is_endless":false,"potions_floor_spawned":[5,8,11,16,18],"killed_by":"Shelled Parasite and Fungi","ascension_level":20}}