{"host":"9l1knhxfturzliqa","time":1614164810,"event":{"mods":["AchievementEnabler","BaseMod","Colored Map","Colored Powertips","DeckTracker","Highlight Path","Keyboard Shortcuts","Minty Spire (QoL Compilation)","Random Character Button"],"gold_per_floor":[20,37,37,54,54,87,106,106,106,138,151,151,151],"floor_reached":12,"language":"KOR","playtime":308,"items_purged":[],"score":162,"play_id":"bf86504a-044d-4124-aa4e-81ba7b801469","local_time":"20210224200650","is_ascension_mode":true,"campfire_choices":[{"floor":8.0,"key":"REST"}],"circlet_count":0,"master_deck":["AscendersBane","Strike_B","Strike_B","Strike_B","Defend_B","Defend_B","Defend_B","Zap","Dualcast","Electrodynamics","Ball Lightning","Leap","Chill"],"relics":["Cracked Core","Ornamental Fan","Bottled Flame","Eternal Feather"],"acts_visited":["Exordium"],"potions_floor_usage":[],"damage_taken":[{"damage":2.0,"enemies":"Jaw Worm","floor":1.0,"turns":3.0},{"damage":8.0,"enemies":"2 Louse","floor":2.0,"turns":2.0},{"damage":1.0,"enemies":"Cultist","floor":4.0,"turns":3.0},{"damage":25.0,"enemies":"Lagavulin","floor":6.0,"turns":5.0},{"damage":1.0,"enemies":"3 Louse","floor":7.0,"turns":2.0},{"damage":30.0,"enemies":"3 Sentries","floor":10.0,"turns":4.0},{"damage":3.0,"enemies":"Blue Slaver","floor":11.0,"turns":4.0},{"damage":35,"enemies":"Gremlin Nob","floor":12,"turns":3}],"seed_played":"3720992219455091006","potions_obtained":[{"floor":2.0,"key":"Swift Potion"}],"is_trial":false,"path_per_floor":["M","M","?","M","?","E","M","R","T","E","M","E"],"character_chosen":"DEFECT","items_purchased":[],"campfire_rested":1,"item_purchase_floors":[],"current_hp_per_floor":[62,54,47,46,46,21,20,41,41,11,8,0,0],"gold":151,"neow_bonus":"THREE_RARE_CARDS","is_daily":false,"chose_seed":false,"campfire_upgraded":0,"win_rate":0.0,"timestamp":1614164810,"path_taken":["M","M","?","M","?","E","M","R","T","E","M","E"],"items_purchased_type":[],"build_version":"2020-12-22","purchased_purges":0,"victory":false,"max_hp_per_floor":[71,71,71,71,71,71,71,71,71,71,71,71,71],"card_choices":[{"not_picked":["Reboot","Multi-Cast"],"picked":"Electrodynamics","floor":0.0},{"not_picked":["Stack","Hello World","Loop"],"picked":"SKIP","floor":1.0},{"not_picked":["Redo","Recycle"],"picked":"Ball Lightning","floor":2.0},{"not_picked":["Cold Snap","Creative AI","Streamline"],"picked":"SKIP","floor":4.0},{"not_picked":["Steam Power","Ball Lightning"],"picked":"Leap","floor":6.0},{"not_picked":["Redo","Gash","Hello World"],"picked":"SKIP","floor":7.0},{"not_picked":["FTL","Compile Driver","Melter"],"picked":"SKIP","floor":10.0},{"not_picked":["Cold Snap","Compile Driver"],"picked":"Chill","floor":11.0}],"player_experience":733789,"relics_obtained":[{"floor":6.0,"key":"Ornamental Fan"},{"floor":9.0,"key":"Bottled Flame"},{"floor":10.0,"key":"Eternal Feather"}],"event_choices":[{"cards_removed":["Strike_B"],"damage_healed":0.0,"max_hp_gain":0.0,"max_hp_loss":0.0,"gold_gain":0.0,"event_name":"Golden Wing","player_choice":"Card Removal","floor":3.0,"gold_loss":0.0,"damage_taken":7.0},{"cards_removed":["Defend_B"],"damage_healed":0.0,"max_hp_gain":0.0,"max_hp_loss":0.0,"gold_gain":0.0,"event_name":"Purifier","player_choice":"Purged","floor":5.0,"gold_loss":0.0,"damage_taken":0.0}],"is_beta":false,"boss_relics":[],"items_purged_floors":[],"is_endless":false,"potions_floor_spawned":[2],"killed_by":"Gremlin Nob","ascension_level":16}}