{"host":"t5kis9necmbui802","time":1614194897,"event":{"mods":["100% Spire Juice","Act Like it!","BaseMod","CapriCore","Chen","Colored Powertips","Downfall","Gensokyo","HololiveMod","Koishi","KomeijiMod","Lobotomy","LobotomyExtend","Minty Spire (QoL Compilation)","MostiFishMod","Replay The Spire","Robot Space Explorer","Shop Mod","Spicy Shops","StSLib","The Alterego","The Immortal","TheWitcher","Uncapped","Yuri Mod","noobMod"],"gold_per_floor":[99,116,116,127,138,38,63,127,127,152,137,184,204,236,255,357,357,257,257,268,282,382,402,402,402,412,412,427,457,472,20,32,141,141,41,41,41],"floor_reached":35,"language":"ZHS","playtime":2586,"items_purged":[],"score":464,"play_id":"d5d621af-5eb4-4639-a9e0-90c1aa1996f6","local_time":"20210225032817","is_ascension_mode":false,"campfire_choices":[{"floor":1,"key":"RECALL"},{"data":"1","floor":18,"key":"LIFT"},{"data":"2","floor":25,"key":"LIFT"},{"data":"3","floor":27,"key":"LIFT"}],"circlet_count":0,"master_deck":["sneckomod:Strike","sneckomod:Strike","sneckomod:Defend","sneckomod:Defend","sneckomod:Defend","sneckomod:TailWhip","sneckomod:SnekBite","sneckomod:Unknown","sneckomod:UnendingSupply","sneckomod:RainOfDice","sneckomod:Nope","All For One","sneckomod:UnknownBlock","CommonCold","sneckomod:UnknownClassSp·û¿¨","sneckomod:UnknownX","sneckomod:UnknownExhaust","sneckomod:UnendingSupply","sneckomod:UnknownWeak","sneckomod:DiceCrush","sneckomod:Mudshield","sneckomod:SerpentIdol","sneckomod:DefensiveFlair","sneckomod:IronFang+1","sneckomod:SoulDraw","sneckomod:Unknown2Cost+1","sneckomod:UnknownRareSkill","sneckomod:UnknownBlock+1","sneckomod:UnknownDraw+1","AbeCurse","alterego_mod:PainIsPleasure"],"relics":["sneckomod:SneckoSoul","DaveBox","ice","JellyFishMachine","LetterFromLob","downfall:HeartBlessingRed","Girya","Ring of Misfortune","ReplayTheSpireMod:Ring of Addiction","SacredBark","Chameleon Ring","sneckomod:SneckoCommon","Replay:Mystery Machine","Fusion Hammer","downfall:HeartBlessingBlue","downfall:GremlinWheel","HornCleat","Toy Ornithopter","Bronze Scales","Membership Card","Ice Cream","MerchantsRug","Turnip","Abe\u0027s Treasure","downfall:HeartBlessingGreen"],"acts_visited":["Exordium","TheCity","Gensokyo:Gensokyoest"],"potions_floor_usage":[10,13,15,26,29,32,33],"damage_taken":[{"damage":0,"enemies":"Cultist","floor":2,"turns":2},{"damage":1,"enemies":"Jaw Worm","floor":4,"turns":3},{"damage":7,"enemies":"2 Louse","floor":5,"turns":2},{"damage":25,"enemies":"Gremlin Nob","floor":8,"turns":4},{"damage":3,"enemies":"Lagavulin","floor":10,"turns":3},{"damage":0,"enemies":"downfall:FleeingMerchant","floor":11,"turns":4},{"damage":0,"enemies":"Blue Slaver","floor":13,"turns":1},{"damage":18,"enemies":"Replay:BlueRogue","floor":14,"turns":3},{"damage":4,"enemies":"Gremlin Gang","floor":15,"turns":5},{"damage":18,"enemies":"WA_ARCHETYPE_RETAIN","floor":16,"turns":6},{"damage":0,"enemies":"downfall:LooterAlt2","floor":20,"turns":1},{"damage":3,"enemies":"Chosen","floor":21,"turns":3},{"damage":0,"enemies":"Chosen","floor":22,"turns":2},{"damage":31,"enemies":"Shelled Parasite and Fungi","floor":23,"turns":5},{"damage":27,"enemies":"Cultist and Chosen","floor":26,"turns":5},{"damage":4,"enemies":"Chosen and Byrds","floor":28,"turns":4},{"damage":13,"enemies":"Book of Stabbing","floor":29,"turns":4},{"damage":0,"enemies":"3 Cultists","floor":30,"turns":5},{"damage":0,"enemies":"downfall:FleeingMerchant","floor":31,"turns":4},{"damage":2,"enemies":"Cultist and Chosen","floor":32,"turns":4},{"damage":57,"enemies":"DF_ARCHETYPE_CLAW","floor":33,"turns":18}],"seed_played":"7668608892836548827","potions_obtained":[{"floor":4,"key":"Energy Potion"},{"floor":5,"key":"DistilledChaos"},{"floor":9,"key":"Weak Potion"},{"floor":9,"key":"Fire Potion"},{"floor":14,"key":"SkillPotion"},{"floor":15,"key":"GamblersBrew"},{"floor":16,"key":"SpeedPotion"},{"floor":21,"key":"LiquidBronze"},{"floor":23,"key":"DuplicationPotion"},{"floor":26,"key":"PowerPotion"},{"floor":32,"key":"DistilledChaos"},{"floor":33,"key":"GamblersBrew"}],"is_trial":false,"path_per_floor":["R","M","?","M","M","R","T","?","?","E","$","T","M","E","M","B",null,"R","M","M","M","?","M","T","R","M","R","M","E","M","$","M","B",null,"R"],"character_chosen":"THE_SNECKO","items_purchased":["Membership Card","Ice Cream","MerchantsRug","Turnip"],"campfire_rested":0,"item_purchase_floors":[31,31,31,31],"current_hp_per_floor":[99,99,99,98,91,91,91,73,73,70,70,70,70,52,55,37,99,109,107,107,104,104,73,73,73,46,46,42,34,34,34,37,101,106,106,106,106],"gold":41,"neow_bonus":"TEN_PERCENT_HP_BONUS","is_daily":false,"chose_seed":false,"campfire_upgraded":0,"win_rate":0.0,"timestamp":1614194897,"path_taken":["R","M","?","M","?","R","T","?","?","E","?","?","?","E","M","BOSS","R","M","M","?","?","?","T","R","M","R","M","E","M","?","M","BOSS","R"],"items_purchased_type":["Relic","Relic","Relic","Relic"],"build_version":"2020-12-22","purchased_purges":0,"victory":false,"max_hp_per_floor":[99,99,99,99,99,99,99,99,99,99,99,99,99,99,99,99,99,109,107,107,107,105,105,105,103,103,103,103,103,103,103,103,106,106,106,106,106],"card_choices":[{"not_picked":["sneckomod:UnknownVulnerable","sneckomod:UnknownBlock"],"picked":"sneckomod:UnendingSupply","floor":2},{"not_picked":["sneckomod:SnakeSap","sneckomod:UnknownDraw"],"picked":"sneckomod:RainOfDice","floor":4},{"not_picked":["sneckomod:QuickBite","sneckomod:UnknownDraw"],"picked":"sneckomod:Nope","floor":5},{"not_picked":["sneckomod:SnekBeam","sneckomod:SoulDraw"],"picked":"sneckomod:UnknownBlock","floor":8},{"not_picked":["sneckomod:QuickBite","sneckomod:Mudshield"],"picked":"sneckomod:UnknownX","floor":10},{"not_picked":["sneckomod:ImprovisedGuard","sneckomod:UnknownWeak"],"picked":"sneckomod:UnknownExhaust","floor":11},{"not_picked":["sneckomod:SoulRoll","sneckomod:UnknownUncommonSkill"],"picked":"sneckomod:UnendingSupply","floor":13},{"not_picked":["sneckomod:SoulRoll","sneckomod:UnknownCommonSkill"],"picked":"sneckomod:UnknownWeak","floor":14},{"not_picked":["sneckomod:Unknown1Cost","sneckomod:SoulCleanse"],"picked":"sneckomod:DiceCrush","floor":15},{"not_picked":["sneckomod:UnknownBoss","sneckomod:SoulExchange"],"picked":"sneckomod:Mudshield","floor":16},{"not_picked":["sneckomod:SlitherStrike+1","sneckomod:DiceBlock"],"picked":"sneckomod:SerpentIdol","floor":20},{"not_picked":["sneckomod:UnknownExhaust","sneckomod:UnknownDraw"],"picked":"sneckomod:DefensiveFlair","floor":21},{"not_picked":["sneckomod:UnknownCommonSkill","sneckomod:SerpentIdol"],"picked":"sneckomod:IronFang+1","floor":23},{"not_picked":["sneckomod:RainOfDice","sneckomod:DiceCrush"],"picked":"sneckomod:SoulDraw","floor":26},{"not_picked":["sneckomod:Unknown0Cost+1","sneckomod:ImprovisedGuard+1"],"picked":"sneckomod:Unknown2Cost+1","floor":28},{"not_picked":["sneckomod:ImprovisedAttack","sneckomod:QuickMove","sneckomod:UnknownCommonAttack"],"picked":"SKIP","floor":29},{"not_picked":["sneckomod:WideSting","sneckomod:UnknownBlock"],"picked":"sneckomod:UnknownRareSkill","floor":30},{"not_picked":["sneckomod:QuickMove","sneckomod:ImprovisedAttack"],"picked":"sneckomod:UnknownBlock+1","floor":31},{"not_picked":["sneckomod:UnknownBlock","sneckomod:UnknownClassSp·û¿¨"],"picked":"sneckomod:UnknownDraw+1","floor":32},{"not_picked":["sneckomod:Restock","sneckomod:SoulExchange"],"picked":"sneckomod:UnknownRarePower","floor":33}],"player_experience":463729,"relics_obtained":[{"floor":2,"key":"LetterFromLob"},{"floor":8,"key":"Girya"},{"floor":9,"key":"Ring of Misfortune"},{"floor":9,"key":"ReplayTheSpireMod:Ring of Addiction"},{"floor":9,"key":"SacredBark"},{"floor":9,"key":"Chameleon Ring"},{"floor":10,"key":"sneckomod:SneckoCommon"},{"floor":12,"key":"Replay:Mystery Machine"},{"floor":14,"key":"Replay:Bottled Snecko"},{"floor":22,"key":"downfall:GremlinWheel"},{"floor":24,"key":"HornCleat"},{"floor":27,"key":"Toy Ornithopter"},{"floor":29,"key":"Bronze Scales"}],"event_choices":[{"damage_healed":0,"gold_gain":0,"player_choice":"Relic","damage_taken":0,"max_hp_gain":0,"max_hp_loss":0,"event_name":"Wheel of Change","floor":27,"gold_loss":0}],"is_beta":false,"boss_relics":[{"not_picked":["Ring of Chaos","Hololive_TopUpMoneyS"],"picked":"Fusion Hammer"},{"not_picked":["Honey Jar","Astrolabe"],"picked":"Abe\u0027s Treasure"}],"items_purged_floors":[],"is_endless":false,"potions_floor_spawned":[4,5,14,15,16,21,23,26,28,32,33],"ascension_level":0}}