{"host":"5h6e4l6hpn0p5lap","time":1614135358,"event":{"mods":["AchievementEnabler","BaseMod","Better Altar","Better Match","Better Sensory Stone","Better Skull","Better Third Choice","Colored Map","Filter the Spire","Minty Spire (QoL Compilation)","StSLib"],"gold_per_floor":[118,136,136,136,153,153,171,191,191,203,105,130,7,22,22,121,121,131,131,131,150,164,164,164,64,64,64,77,125,0,16,16,111,111,121,171,198,198,198,198,228,228,228,78,78,78,54,74,74,74],"floor_reached":51,"language":"ENG","playtime":1809,"items_purged":["Strike_R","Strike_R+1","Strike_R+1","Decay"],"score":947,"play_id":"66acd355-026e-46bf-994a-6269bb276fde","local_time":"20210223215558","is_ascension_mode":true,"campfire_choices":[{"data":"Whirlwind","floor":6.0,"key":"SMITH"},{"data":"True Grit","floor":15.0,"key":"SMITH"},{"data":"Seeing Red","floor":23.0,"key":"SMITH"},{"data":"True Grit","floor":27.0,"key":"SMITH"},{"floor":32,"key":"REST"},{"data":"1","floor":40,"key":"LIFT"},{"floor":42,"key":"REST"},{"data":"2","floor":45,"key":"LIFT"},{"data":"3","floor":49,"key":"LIFT"}],"circlet_count":0,"master_deck":["Strike_R+1","Defend_R+1","Defend_R+1","Defend_R+1","Defend_R+1","Bash","Whirlwind+1","Inflame","Hemokinesis","True Grit+1","Battle Trance","Evolve","True Grit+1","Reaper","Rupture+1","Shrug It Off","Spot Weakness","Exhume","Anger","Flame Barrier+1","Seeing Red+1","Decay","Fiend Fire","Flex+1","Writhe","Dark Shackles","Madness","Writhe","Cleave+1"],"relics":["Burning Blood","MealTicket","Ornamental Fan","StoneCalendar","Cursed Key","Dead Branch","Pen Nib","SlaversCollar","Girya","Art of War","Juzu Bracelet","Molten Egg 2"],"acts_visited":["Exordium","TheCity","TheBeyond"],"potions_floor_usage":[31,36,41,50,50],"damage_taken":[{"damage":14.0,"enemies":"Small Slimes","floor":1.0,"turns":4.0},{"damage":0.0,"enemies":"2 Louse","floor":2.0,"turns":1.0},{"damage":6.0,"enemies":"Cultist","floor":5.0,"turns":3.0},{"damage":12.0,"enemies":"Exordium Thugs","floor":7.0,"turns":4.0},{"damage":9.0,"enemies":"Large Slime","floor":8.0,"turns":5.0},{"damage":14.0,"enemies":"3 Louse","floor":10.0,"turns":2.0},{"damage":34.0,"enemies":"Gremlin Nob","floor":12.0,"turns":4.0},{"damage":20.0,"enemies":"Gremlin Gang","floor":14.0,"turns":2.0},{"damage":32.0,"enemies":"Slime Boss","floor":16.0,"turns":6.0},{"damage":34.0,"enemies":"Shell Parasite","floor":18.0,"turns":7.0},{"damage":4.0,"enemies":"3 Byrds","floor":21.0,"turns":2.0},{"damage":19.0,"enemies":"Centurion and Healer","floor":22.0,"turns":6.0},{"damage":31.0,"enemies":"Snecko","floor":28.0,"turns":5.0},{"damage":30,"enemies":"Sentry and Sphere","floor":31,"turns":6},{"damage":78,"enemies":"Automaton","floor":33,"turns":9},{"damage":38,"enemies":"3 Darklings","floor":35,"turns":5},{"damage":0,"enemies":"Mind Bloom Boss Battle","floor":36,"turns":4},{"damage":44,"enemies":"Nemesis","floor":41,"turns":7},{"damage":3,"enemies":"Orb Walker","floor":48,"turns":4},{"damage":89,"enemies":"Awakened One","floor":50,"turns":12}],"seed_played":"3326480611554457297","potions_obtained":[{"floor":0.0,"key":"LiquidMemories"},{"floor":0.0,"key":"Fruit Juice"},{"floor":0.0,"key":"SmokeBomb"},{"floor":2.0,"key":"FearPotion"},{"floor":5.0,"key":"Energy Potion"},{"floor":10.0,"key":"LiquidBronze"},{"floor":12.0,"key":"FairyPotion"},{"floor":14.0,"key":"ColorlessPotion"},{"floor":18.0,"key":"Strength Potion"},{"floor":21.0,"key":"SteroidPotion"},{"floor":33,"key":"PowerPotion"},{"floor":35,"key":"Ancient Potion"},{"floor":36,"key":"BloodPotion"},{"floor":41,"key":"FearPotion"}],"is_trial":false,"path_per_floor":["M","M","?","?","M","R","M","M","T","M","$","E","$","M","R","B",null,"M","?","?","M","M","R","?","$","T","R","M","T","$","M","R","B",null,"M","?","T","?","?","R","E","R","T","$","R","T","$","M","R","B",null],"character_chosen":"IRONCLAD","items_purchased":["True Grit","Rupture","Shrug It Off","Cleave+1"],"campfire_rested":2,"item_purchase_floors":[11,13,13,47],"current_hp_per_floor":[64,70,70,70,70,70,64,61,61,53,68,45,60,70,70,44,75,62,62,62,64,51,51,51,66,66,66,41,41,56,32,57,42,74,53,76,76,76,76,76,47,72,72,85,85,85,85,85,85,17],"gold":74,"neow_bonus":"THREE_SMALL_POTIONS","is_daily":false,"chose_seed":false,"campfire_upgraded":4,"win_rate":0.0,"timestamp":1614135358,"path_taken":["M","M","?","?","M","R","M","?","T","M","?","E","$","M","R","BOSS","M","?","?","?","M","R","?","$","T","R","M","?","?","M","R","BOSS","M","?","?","?","?","R","E","R","T","$","R","?","$","M","R","BOSS"],"items_purchased_type":["Card","Card","Card","Card"],"build_version":"2020-12-22","purchased_purges":4,"victory":true,"max_hp_per_floor":[80,80,80,80,80,80,80,80,80,80,80,85,85,85,85,85,85,85,85,85,85,85,85,85,85,85,85,85,85,85,85,85,85,85,85,85,85,85,85,85,85,85,85,85,85,85,85,85,85,85],"card_choices":[{"not_picked":["Shockwave","Body Slam"],"picked":"Whirlwind","floor":1.0},{"not_picked":["Clothesline","Intimidate"],"picked":"Inflame","floor":2.0},{"not_picked":["Metallicize","Headbutt"],"picked":"Hemokinesis","floor":5.0},{"not_picked":["Twin Strike","Bludgeon"],"picked":"True Grit","floor":7.0},{"not_picked":["Hemokinesis","Flex"],"picked":"Battle Trance","floor":8.0},{"not_picked":["Heavy Blade","Havoc"],"picked":"Evolve","floor":10.0},{"not_picked":["Carnage","Sword Boomerang"],"picked":"Reaper","floor":12.0},{"not_picked":["Sword Boomerang","Heavy Blade"],"picked":"Spot Weakness","floor":14.0},{"not_picked":["Berserk","Barricade"],"picked":"Exhume","floor":16.0},{"not_picked":["Metallicize","Rupture"],"picked":"Anger","floor":18.0},{"not_picked":["Second Wind","Clothesline"],"picked":"Flame Barrier+1","floor":21.0},{"not_picked":["Headbutt","Clothesline"],"picked":"Seeing Red","floor":22.0},{"not_picked":["Flex","Dropkick","Perfected Strike"],"picked":"SKIP","floor":28.0},{"not_picked":["Iron Wave+1","Body Slam","Battle Trance"],"picked":"SKIP","floor":31},{"not_picked":["Immolate","Berserk"],"picked":"Fiend Fire","floor":33},{"not_picked":["Warcry","Anger+1"],"picked":"Flex+1","floor":35},{"not_picked":["Discovery","Panache"],"picked":"Dark Shackles","floor":39},{"not_picked":["PanicButton","Sadistic Nature"],"picked":"Madness","floor":39},{"not_picked":["Searing Blow+1","Clothesline","Flex"],"picked":"SKIP","floor":41},{"not_picked":["Flex","Entrench","Carnage+1"],"picked":"SKIP","floor":48}],"player_experience":1166559,"relics_obtained":[{"floor":4.0,"key":"MealTicket"},{"floor":9.0,"key":"Ornamental Fan"},{"floor":12.0,"key":"StoneCalendar"},{"floor":26.0,"key":"Dead Branch"},{"floor":29.0,"key":"Pen Nib"},{"floor":36,"key":"Girya"},{"floor":37,"key":"Art of War"},{"floor":41,"key":"Juzu Bracelet"},{"floor":43,"key":"Molten Egg 2"}],"event_choices":[{"damage_healed":0.0,"max_hp_gain":0.0,"max_hp_loss":0.0,"gold_gain":0.0,"event_name":"Golden Wing","player_choice":"Ignored","floor":3.0,"gold_loss":0.0,"damage_taken":0.0},{"damage_healed":0.0,"max_hp_gain":0.0,"max_hp_loss":0.0,"gold_gain":0.0,"event_name":"Wheel of Change","player_choice":"Relic","floor":4.0,"gold_loss":0.0,"damage_taken":0.0},{"damage_healed":0.0,"max_hp_gain":0.0,"max_hp_loss":8.0,"gold_gain":0.0,"event_name":"betterThird:BetterWriting","player_choice":"Simplicity","floor":19.0,"gold_loss":0.0,"damage_taken":0.0},{"damage_healed":0.0,"max_hp_gain":0.0,"max_hp_loss":0.0,"gold_gain":0.0,"event_name":"Upgrade Shrine","player_choice":"Upgraded","floor":20.0,"gold_loss":0.0,"damage_taken":0.0,"cards_upgraded":["Rupture"]},{"damage_healed":0.0,"max_hp_gain":0.0,"max_hp_loss":0.0,"gold_gain":0.0,"event_name":"Beggar","player_choice":"Ignored","floor":24.0,"gold_loss":0.0,"damage_taken":0.0},{"damage_healed":0,"gold_gain":0,"player_choice":"Fight","damage_taken":0,"max_hp_gain":0,"max_hp_loss":0,"event_name":"MindBloom","floor":36,"gold_loss":0},{"cards_removed":["Strike_R"],"damage_healed":0,"gold_gain":0,"player_choice":"Removed Attack","damage_taken":0,"max_hp_gain":0,"max_hp_loss":0,"event_name":"Falling","floor":38,"gold_loss":0},{"damage_healed":0,"gold_gain":3,"player_choice":"1","damage_taken":0,"max_hp_gain":0,"max_hp_loss":0,"event_name":"betterStone:BetterStone","floor":39,"gold_loss":0}],"is_beta":false,"boss_relics":[{"not_picked":["Empty Cage","Runic Cube"],"picked":"Cursed Key"},{"not_picked":["Black Star","Velvet Choker"],"picked":"SlaversCollar"}],"items_purged_floors":[11,25,30,44],"is_endless":false,"potions_floor_spawned":[2,5,10,12,14,18,21,33,35,36,41],"ascension_level":8}}