{"host":"nw2z3r121qgmn6la","time":1614208887,"event":{"mods":["BaseMod","Colored Map","Downfall","Highlight Path","Minty Spire (QoL Compilation)","Random Character Button","Relic Sorter","StSLib"],"gold_per_floor":[99,112,132,151,136,311,357,370,386,417,434,452,352,502,514,615,615,515,532,532,547,566,601,675,694,719,569,469,6,16,28,48,48,48,48],"floor_reached":33,"language":"ENG","playtime":2564,"items_purged":[],"score":295,"play_id":"05c9356d-2eee-496f-b625-9e9cc05dfa03","local_time":"20210224232127","is_ascension_mode":false,"campfire_choices":[{"floor":1,"key":"RECALL"},{"floor":13,"key":"REST"},{"data":"bronze:SpaghettiCode","floor":18,"key":"SMITH"},{"data":"bronze:AlphaBuild","floor":28,"key":"SMITH"}],"circlet_count":0,"master_deck":["bronze:Strike","bronze:Strike","bronze:Strike","bronze:Strike+1","bronze:Defend","bronze:Defend","bronze:Defend","bronze:Defend","bronze:Replicate","bronze:Goto","bronze:Boost","bronze:WhirlingStrike+1","bronze:WhirlingStrike","bronze:Allocate","Doubt","bronze:DelayedSlice","bronze:CleanCode","bronze:Repair","bronze:DelayedSlice","bronze:Repair","bronze:OilSpill","bronze:SpaghettiCode+1","bronze:Turbo+1","bronze:Deprecate","bronze:DigitalCarnage","bronze:Repulsor","bronze:Frontload","bronze:AlphaBuild+1","bronze:Backtrace","bronze:WildBeam","bronze:BitShift+1","bronze:WhirlingStrike+1"],"relics":["bronze:PlatinumCore","Vajra","downfall:HeartBlessingBlue","downfall:HeartBlessingRed","bronze:BottledCode","Bird Faced Urn","The Courier","Mercury Hourglass","downfall:HeartBlessingGreen","PreservedInsect","Whetstone","Kunai"],"acts_visited":["Exordium","TheCity"],"potions_floor_usage":[5,10,12,16,19,26,33,33,33],"damage_taken":[{"damage":1,"enemies":"Cultist","floor":2,"turns":4},{"damage":0,"enemies":"2 Louse","floor":3,"turns":2},{"damage":5,"enemies":"Small Slimes","floor":4,"turns":4},{"damage":10,"enemies":"downfall:FleeingMerchant","floor":5,"turns":4},{"damage":19,"enemies":"Exordium Thugs","floor":8,"turns":4},{"damage":0,"enemies":"2 Fungi Beasts","floor":9,"turns":2},{"damage":34,"enemies":"Lagavulin","floor":10,"turns":6},{"damage":0,"enemies":"Lots of Slimes","floor":11,"turns":1},{"damage":3,"enemies":"Gremlin Gang","floor":12,"turns":2},{"damage":4,"enemies":"Large Slime","floor":15,"turns":6},{"damage":18,"enemies":"IC_STATUS_ARCHETYPE","floor":16,"turns":7},{"damage":11,"enemies":"downfall:LooterAlt2","floor":19,"turns":3},{"damage":0,"enemies":"Spheric Guardian","floor":21,"turns":2},{"damage":26,"enemies":"Snake Plant","floor":22,"turns":4},{"damage":13,"enemies":"Gremlin Leader","floor":23,"turns":3},{"damage":9,"enemies":"Snecko","floor":25,"turns":4},{"damage":66,"enemies":"Slavers","floor":26,"turns":5},{"damage":10,"enemies":"downfall:FleeingMerchant","floor":29,"turns":4},{"damage":4,"enemies":"Chosen and Byrds","floor":30,"turns":2},{"damage":0,"enemies":"Snake Plant","floor":31,"turns":3},{"damage":10,"enemies":"Cultist and Chosen","floor":32,"turns":4},{"damage":93,"enemies":"DF_ARCHETYPE_CLAW","floor":33,"turns":7}],"seed_played":"-2846737373102558856","potions_obtained":[{"floor":2,"key":"bronze:FreeFunctionsPotion"},{"floor":4,"key":"AttackPotion"},{"floor":10,"key":"SkillPotion"},{"floor":11,"key":"Weak Potion"},{"floor":15,"key":"sneckomod:MuddlingPotion"},{"floor":16,"key":"bronze:BurnAndBuffPotion"},{"floor":26,"key":"LiquidBronze"},{"floor":30,"key":"SteroidPotion"},{"floor":31,"key":"SteroidPotion"}],"is_trial":false,"path_per_floor":["R","M","M","M","$","?","T","M","M","E","M","M","R","?","M","B",null,"R","M","?","M","M","E","T","M","E","?","R","$","M","M","M","B"],"character_chosen":"THE_AUTOMATON","items_purchased":["PreservedInsect","Whetstone","Kunai"],"campfire_rested":1,"item_purchase_floors":[29,29,29],"current_hp_per_floor":[70,69,69,64,54,54,54,35,35,1,8,12,46,46,56,52,80,80,80,70,70,56,57,57,59,2,80,80,70,73,80,74,0,0,0],"gold":48,"neow_bonus":"RANDOM_COMMON_RELIC","is_daily":false,"chose_seed":false,"campfire_upgraded":2,"win_rate":0.0,"timestamp":1614208887,"path_taken":["R","M","M","M","?","?","T","M","M","E","M","M","R","?","M","BOSS","R","M","?","M","M","E","T","M","E","?","R","$","M","M","M","BOSS"],"items_purchased_type":["Relic","Relic","Relic"],"build_version":"2020-12-22","purchased_purges":0,"victory":false,"max_hp_per_floor":[70,70,70,70,70,70,70,70,70,70,70,70,80,80,80,80,80,80,80,70,70,70,70,70,70,70,80,80,80,80,80,80,80,80,80],"card_choices":[{"not_picked":["bronze:Safeguard","bronze:FollowUp"],"picked":"bronze:Boost","floor":2},{"not_picked":["bronze:Deprecate","bronze:WildBeam"],"picked":"bronze:WhirlingStrike","floor":3},{"not_picked":["bronze:FollowUp","bronze:MaxOutput"],"picked":"bronze:WhirlingStrike","floor":4},{"not_picked":["bronze:FollowUp","bronze:CutThrough"],"picked":"bronze:Allocate","floor":5},{"not_picked":["bronze:Shield","bronze:Invalidate"],"picked":"bronze:DelayedSlice","floor":8},{"not_picked":["bronze:Iterate","bronze:Frontload"],"picked":"bronze:CleanCode","floor":9},{"not_picked":["bronze:Invalidate","bronze:Deprecate"],"picked":"bronze:Repair","floor":10},{"not_picked":["bronze:BuggyMess","bronze:WhirlingStrike"],"picked":"bronze:DelayedSlice","floor":11},{"not_picked":["bronze:DigitalCarnage","bronze:ClassDefault"],"picked":"bronze:Repair","floor":12},{"not_picked":["bronze:Invalidate","bronze:FineTuning"],"picked":"bronze:OilSpill","floor":15},{"not_picked":["bronze:HyperBeam","bronze:BurnOut"],"picked":"bronze:SpaghettiCode","floor":16},{"not_picked":["bronze:Shell","bronze:BuggyMess"],"picked":"bronze:Turbo+1","floor":19},{"not_picked":["bronze:Shield","bronze:OilSpill"],"picked":"bronze:Deprecate","floor":21},{"not_picked":["bronze:WildBeam","bronze:Iterate"],"picked":"bronze:DigitalCarnage","floor":22},{"not_picked":["bronze:Overheat","bronze:BugBarrage"],"picked":"bronze:Repulsor","floor":23},{"not_picked":["bronze:Allocate","bronze:Turbo"],"picked":"bronze:Frontload","floor":25},{"not_picked":["bronze:Repair","bronze:Turbo"],"picked":"bronze:AlphaBuild","floor":26},{"not_picked":["bronze:WildBeam","bronze:DelayedGuard+1"],"picked":"bronze:Backtrace","floor":29},{"not_picked":["bronze:FollowUp","bronze:DarkDash"],"picked":"bronze:WildBeam","floor":30},{"not_picked":["bronze:Overheat","bronze:Safeguard"],"picked":"bronze:BitShift+1","floor":31},{"not_picked":["bronze:ChildClass","bronze:Invalidate"],"picked":"bronze:WhirlingStrike+1","floor":32}],"player_experience":286197,"relics_obtained":[{"floor":10,"key":"Oddly Smooth Stone"},{"floor":23,"key":"Bird Faced Urn"},{"floor":24,"key":"The Courier"},{"floor":26,"key":"Mercury Hourglass"}],"event_choices":[],"is_beta":false,"boss_relics":[{"not_picked":["Runic Dome","SacredBark"],"picked":"bronze:PlatinumCore"}],"items_purged_floors":[],"is_endless":false,"potions_floor_spawned":[2,4,10,11,15,16,26,30,31,32],"killed_by":"DF_ARCHETYPE_CLAW","ascension_level":0}}