{"host":"flm17o2q7bfjyna6","time":1614192949,"event":{"mods":["2.2 Compatiblity","Act Like it!","BaseMod","Better Altar","Better Match","Better Note","Better Sensory Stone","Better Skull","Better Third Choice","Better Vampires","Colored Map","Colored Powertips","DeckTracker","Downfall","Fox Events","Minty Spire (QoL Compilation)","Quick Restart","Reworked Bosses","Spicy Shops","StSLib","TheSwordswoman","Wandering Minibosses"],"gold_per_floor":[99,109,120,132,146,177,177,195,220,320,20,39,39,74,88,184,184,184,200,213,49,49,149,149,63,79,114,114,114,114,141,160,258,308,308,319,244,264,371,371,371,399,399,414,414,414,448,150,169,169,169,196,44,44,44,44,44,44],"floor_reached":56,"language":"ENG","playtime":3280,"items_purged":["bronze:Defend","bronze:Strike","bronze:Defend"],"score":1109,"play_id":"74c1b307-06d1-494e-aef4-23d7c356fe5e","local_time":"20210224135549","is_ascension_mode":true,"campfire_choices":[{"floor":1,"key":"RECALL"},{"floor":11,"key":"REST"},{"data":"bronze:ChosenStrike","floor":13,"key":"SMITH"},{"data":"bronze:Flail","floor":18,"key":"SMITH"},{"data":"bronze:ShipIt","floor":28,"key":"SMITH"},{"data":"bronze:Shield","floor":30,"key":"SMITH"},{"data":"bronze:CleanCode","floor":35,"key":"SMITH"},{"data":"bronze:Mutator","floor":40,"key":"SMITH"},{"data":"bronze:MaxOutput","floor":46,"key":"SMITH"},{"floor":54,"key":"REST"}],"circlet_count":0,"master_deck":["bronze:Defend+1","bronze:Replicate","bronze:Goto+1","bronze:ChosenStrike+1","bronze:DelayedSlice","bronze:Refactor","bronze:ChildClass+1","bronze:Flail+1","bronze:Branch","bronze:DelayedSlice","bronze:Branch","bronze:Shield+1","bronze:BronzeOrb+1","bronze:Overheat","bronze:Mutator+1","bronze:Shield+1","bronze:DelayedGuard+1","bronze:ShipIt+1","bronze:Boost+1","bronze:CloningBeam+1","bronze:DelayedSlice+1","bronze:CleanCode+1","bronze:BronzeArmor","bronze:Constructor+1","bronze:Shield+1","bronze:FineTuning+1","bronze:MaxOutput","bronze:MaxOutput+1","bronze:Invalidate+1","bronze:Optimize","bronze:DelayedGuard+1"],"relics":["bronze:BronzeCore","bronze:Mallet","Calipers","downfall:HeartBlessingGreen","downfall:HeartBlessingBlue","downfall:HeartBlessingRed","Blood Vial","expansioncontent:StudyCardRelic","Bronze Scales","White Beast Statue","War Paint","Orichalcum","Potion Belt","Guardian:GemstoneGun","Ancient Tea Set","Tiny House","Lantern","Gremlin Horn","Vajra","bronze:SilverBullet","Toolbox","Kunai","Sling"],"acts_visited":["Exordium","TheCity","TheBeyond","TheEnding"],"potions_floor_usage":[6,9,10,14,23,42,55,56,56],"damage_taken":[{"damage":1,"enemies":"Cultist","floor":2,"turns":3},{"damage":2,"enemies":"Jaw Worm","floor":3,"turns":3},{"damage":0,"enemies":"Small Slimes","floor":4,"turns":2},{"damage":16,"enemies":"downfall:LooterAlt","floor":5,"turns":4},{"damage":31,"enemies":"Gremlin Nob","floor":6,"turns":5},{"damage":4,"enemies":"3 Louse","floor":8,"turns":2},{"damage":0,"enemies":"3 Sentries","floor":9,"turns":2},{"damage":9,"enemies":"downfall:Heads","floor":10,"turns":5},{"damage":0,"enemies":"Blue Slaver","floor":12,"turns":2},{"damage":0,"enemies":"Gremlin Nob","floor":14,"turns":2},{"damage":0,"enemies":"Exordium Thugs","floor":15,"turns":1},{"damage":5,"enemies":"IC_STATUS_ARCHETYPE","floor":16,"turns":3},{"damage":0,"enemies":"Spheric Guardian","floor":19,"turns":1},{"damage":0,"enemies":"3 Byrds","floor":20,"turns":3},{"damage":10,"enemies":"downfall:FleeingMerchant","floor":21,"turns":4},{"damage":0,"enemies":"downfall:LadyInBlue","floor":23,"turns":5},{"damage":4,"enemies":"downfall:FleeingMerchant","floor":25,"turns":4},{"damage":0,"enemies":"Snecko","floor":26,"turns":2},{"damage":0,"enemies":"Slavers","floor":27,"turns":1},{"damage":0,"enemies":"Gremlin Leader","floor":31,"turns":2},{"damage":0,"enemies":"Snake Plant","floor":32,"turns":2},{"damage":6,"enemies":"WA_ARCHETYPE_CALM","floor":33,"turns":7},{"damage":0,"enemies":"Orb Walker","floor":36,"turns":3},{"damage":7,"enemies":"3 Darklings","floor":38,"turns":3},{"damage":0,"enemies":"downfall:FleeingMerchant","floor":39,"turns":3},{"damage":3,"enemies":"Nemesis","floor":42,"turns":3},{"damage":0,"enemies":"Writhing Mass","floor":44,"turns":2},{"damage":0,"enemies":"Reptomancer","floor":47,"turns":3},{"damage":8,"enemies":"Sphere and 2 Shapes","floor":49,"turns":3},{"damage":4,"enemies":"SI_POISON_ARCHETYPE","floor":50,"turns":12},{"damage":34,"enemies":"downfall:CharBossMerchant","floor":52,"turns":6},{"damage":12,"enemies":"downfall:NeowBoss","floor":55,"turns":15},{"damage":146,"enemies":"downfall:NeowBossFinal","floor":56,"turns":8}],"seed_played":"2398686452174808859","potions_obtained":[{"floor":5,"key":"Weak Potion"},{"floor":6,"key":"champ:CounterPotion"},{"floor":8,"key":"SkillPotion"},{"floor":9,"key":"FairyPotion"},{"floor":10,"key":"FearPotion"},{"floor":15,"key":"Guardian:BlockOnCardUsePotion"},{"floor":16,"key":"Fire Potion"},{"floor":23,"key":"CultistPotion"},{"floor":27,"key":"sneckomod:MuddlingPotion"},{"floor":31,"key":"bronze:BuildAFunctionPotion"},{"floor":32,"key":"PowerPotion"},{"floor":33,"key":"DuplicationPotion"},{"floor":39,"key":"Fruit Juice"},{"floor":42,"key":"LiquidMemories"}],"is_trial":false,"path_per_floor":["R","M","M","M","M","E","T","M","E","?","R","M","R","E","M","B",null,"R","M","M","$","?","?","T","$","M","E","R","T","R","E","M","B",null,"R","M","?","M","$","R","T","E","?","M","?","R","E","$","M","B",null,"E","$","R","B","B"],"character_chosen":"THE_AUTOMATON","items_purchased":["Bronze Scales","Orichalcum","Lantern","Toolbox","Sling"],"campfire_rested":2,"item_purchase_floors":[21,25,39,48,53],"current_hp_per_floor":[70,69,67,67,51,20,20,16,16,7,41,41,41,41,43,40,80,80,80,80,70,90,90,90,86,88,90,90,90,90,90,90,84,95,95,95,95,88,90,90,90,94,94,96,96,96,98,98,92,90,100,66,66,96,86,0,0,0],"gold":44,"neow_bonus":"REMOVE_CARD","is_daily":false,"chose_seed":false,"campfire_upgraded":7,"win_rate":0.0,"timestamp":1614192949,"path_taken":["R","M","M","M","?","E","T","M","E","?","R","M","R","E","M","BOSS","R","M","M","$","?","?","T","$","M","E","R","?","R","E","M","BOSS","R","M","?","M","$","R","T","E","?","?","?","R","E","$","M","BOSS","E","$","R","BOSS","BOSS"],"items_purchased_type":["Relic","Relic","Relic","Relic","Relic"],"build_version":"2020-12-22","purchased_purges":3,"victory":false,"max_hp_per_floor":[70,70,70,70,70,70,70,70,70,70,80,80,80,80,80,80,80,80,80,80,80,90,90,90,90,90,90,90,90,90,90,90,90,95,95,95,95,95,95,95,95,100,100,100,100,100,100,100,100,100,100,100,100,100,100,100,100,100],"card_choices":[{"not_picked":["bronze:Turbo","bronze:DelayedSlice"],"picked":"bronze:ChosenStrike","floor":2},{"not_picked":["bronze:DarkDash","bronze:Overload"],"picked":"bronze:DelayedSlice","floor":3},{"not_picked":["bronze:BitShift","bronze:Overload"],"picked":"bronze:Refactor","floor":4},{"not_picked":["bronze:Turbo","bronze:CutThrough"],"picked":"bronze:ChildClass","floor":5},{"not_picked":["bronze:MaxOutput","bronze:Invalidate"],"picked":"bronze:Flail","floor":6},{"not_picked":["bronze:Repulsor","bronze:Backtrace"],"picked":"bronze:Branch","floor":8},{"not_picked":["bronze:Return","bronze:BitShift"],"picked":"bronze:DelayedSlice","floor":9},{"not_picked":["bronze:WildBeam","bronze:Allocate"],"picked":"bronze:Branch","floor":10},{"not_picked":["bronze:ItsAFeature","bronze:BitShift"],"picked":"bronze:Shield","floor":12},{"not_picked":["bronze:Shell","bronze:Return"],"picked":"bronze:BronzeOrb","floor":14},{"not_picked":["bronze:BronzeArmor","bronze:Frontload"],"picked":"bronze:Overheat","floor":15},{"not_picked":["bronze:Assembly","bronze:SpaghettiCode"],"picked":"bronze:Mutator","floor":16},{"not_picked":["bronze:Constructor","bronze:Turbo"],"picked":"bronze:Shield+1","floor":19},{"not_picked":["bronze:WildBeam","bronze:Shield"],"picked":"bronze:DelayedGuard+1","floor":20},{"not_picked":["bronze:ItsAFeature","bronze:CloningBeam","bronze:DelayedSlice"],"picked":"SKIP","floor":21},{"not_picked":["bronze:NullPointer","bronze:Invalidate"],"picked":"bronze:ShipIt","floor":23},{"not_picked":["bronze:Repair","bronze:Allocate"],"picked":"bronze:Boost+1","floor":25},{"not_picked":["bronze:Invalidate","bronze:OilSpill","bronze:BugBarrage"],"picked":"SKIP","floor":26},{"not_picked":["bronze:Shield","bronze:TinkerersToolbox","bronze:NullPointer"],"picked":"SKIP","floor":27},{"not_picked":["bronze:DarkDash+1","bronze:Overload"],"picked":"bronze:CloningBeam+1","floor":31},{"not_picked":["bronze:Shell","bronze:BuggyMess"],"picked":"bronze:DelayedSlice+1","floor":32},{"not_picked":["bronze:AlphaBuild","bronze:TinkerersToolbox"],"picked":"bronze:CleanCode","floor":33},{"not_picked":["bronze:BugBarrage","bronze:Overheat"],"picked":"bronze:BronzeArmor","floor":34},{"not_picked":["bronze:WhirlingStrike","bronze:ChosenStrike"],"picked":"bronze:Constructor+1","floor":36},{"not_picked":["bronze:Branch+1","bronze:Deprecate+1"],"picked":"bronze:Shield+1","floor":37},{"not_picked":["bronze:DarkDash+1","bronze:Iterate+1"],"picked":"bronze:FineTuning+1","floor":38},{"not_picked":["bronze:WhirlingStrike+1","bronze:Frontload","bronze:Shield+1"],"picked":"SKIP","floor":39},{"not_picked":["bronze:ChosenStrike","bronze:TinkerersToolbox"],"picked":"bronze:MaxOutput","floor":42},{"not_picked":["bronze:WhirlingStrike","bronze:Branch+1"],"picked":"bronze:Invalidate+1","floor":44},{"not_picked":["bronze:Invalidate","bronze:OilSpill"],"picked":"bronze:Optimize","floor":47},{"not_picked":["bronze:Library","bronze:Separator"],"picked":"bronze:DelayedGuard+1","floor":49},{"not_picked":["bronze:Backtrace","bronze:Virus","bronze:Shield+1"],"picked":"SKIP","floor":52}],"player_experience":1998373,"relics_obtained":[{"floor":6,"key":"bronze:Mallet"},{"floor":9,"key":"Calipers"},{"floor":14,"key":"Blood Vial"},{"floor":23,"key":"White Beast Statue"},{"floor":24,"key":"War Paint"},{"floor":27,"key":"Potion Belt"},{"floor":29,"key":"Guardian:GemstoneGun"},{"floor":31,"key":"Ancient Tea Set"},{"floor":41,"key":"Gremlin Horn"},{"floor":42,"key":"Vajra"},{"floor":47,"key":"bronze:SilverBullet"},{"floor":52,"key":"Kunai"}],"event_choices":[{"cards_removed":["bronze:TinkerersToolbox"],"damage_healed":10,"gold_gain":0,"player_choice":"Offered Rare","damage_taken":0,"max_hp_gain":10,"max_hp_loss":0,"event_name":"Bonfire Elementals","floor":22,"gold_loss":0},{"damage_healed":0,"gold_gain":0,"player_choice":"2","damage_taken":0,"max_hp_gain":0,"max_hp_loss":0,"event_name":"betterMatch:BetterMatch","floor":37,"gold_loss":0,"cards_obtained":["betterMatch:CommonCard"]}],"is_beta":false,"boss_relics":[{"not_picked":["Velvet Choker","SacredBark"],"picked":"expansioncontent:StudyCardRelic"},{"not_picked":["Snecko Eye","Runic Pyramid"],"picked":"Tiny House"}],"items_purged_floors":[39,48,48],"is_endless":false,"potions_floor_spawned":[5,6,8,9,10,15,16,25,26,27,31,32,33,36,38,39,42,44,47,49,52],"killed_by":"downfall:NeowBossFinal","ascension_level":2}}