{"host":"8rwnpls8n88jrgbg","time":1614147935,"event":{"mods":["AchievementEnabler","BaseMod","Colored Map","Colored Powertips","DeckTracker","Keyboard Shortcuts","Minty Spire (QoL Compilation)","Relic Stats","StSLib","SuperFastMode"],"gold_per_floor":[110,122,132,182,202,202,232,232,258,288,288,306,331,347,347,418,418,434,434,188,201,101,134,134,164,189,189,239,268,268,288,288,288,288],"floor_reached":33,"language":"KOR","playtime":1486,"items_purged":["Strike_R","Strike_R"],"score":716,"play_id":"470caa2f-0475-4018-ac69-23d586ec00d9","local_time":"20210224152535","is_ascension_mode":true,"campfire_choices":[{"data":"Bludgeon","floor":6.0,"key":"SMITH"},{"data":"Armaments","floor":8.0,"key":"SMITH"},{"data":"Whirlwind","floor":11.0,"key":"SMITH"},{"data":"Inflame","floor":15.0,"key":"SMITH"},{"data":"Shockwave","floor":24.0,"key":"SMITH"},{"floor":30.0,"key":"RECALL"},{"data":"Sword Boomerang","floor":32.0,"key":"SMITH"}],"circlet_count":0,"master_deck":["AscendersBane","Strike_R","Defend_R","Defend_R","Defend_R","Defend_R","Bash","Reaper","Armaments+1","Whirlwind+1","Pommel Strike","Bludgeon+1","Offering","Flame Barrier","Inflame+1","Sword Boomerang+1","Double Tap","Impervious","Shockwave+1","Ghostly Armor+1","Wild Strike","Hemokinesis"],"relics":["Black Blood","Bag of Marbles","Art of War","Red Skull","Bag of Preparation","Orrery","Eternal Feather","HornCleat","Akabeko"],"acts_visited":["Exordium","TheCity"],"potions_floor_usage":[33],"damage_taken":[{"damage":3.0,"enemies":"2 Louse","floor":1.0,"turns":4.0},{"damage":1.0,"enemies":"Cultist","floor":2.0,"turns":3.0},{"damage":0.0,"enemies":"Small Slimes","floor":3.0,"turns":2.0},{"damage":0.0,"enemies":"3 Louse","floor":5.0,"turns":1.0},{"damage":30.0,"enemies":"3 Sentries","floor":7.0,"turns":7.0},{"damage":6.0,"enemies":"Gremlin Nob","floor":10.0,"turns":2.0},{"damage":12.0,"enemies":"Exordium Wildlife","floor":12.0,"turns":4.0},{"damage":6.0,"enemies":"Lagavulin","floor":13.0,"turns":4.0},{"damage":6.0,"enemies":"Looter","floor":14.0,"turns":2.0},{"damage":27.0,"enemies":"The Guardian","floor":16.0,"turns":6.0},{"damage":14.0,"enemies":"3 Byrds","floor":18.0,"turns":5.0},{"damage":19.0,"enemies":"Shell Parasite","floor":21.0,"turns":4.0},{"damage":6.0,"enemies":"Gremlin Leader","floor":23.0,"turns":3.0},{"damage":29.0,"enemies":"Slavers","floor":25.0,"turns":3.0},{"damage":43.0,"enemies":"Gremlin Leader","floor":29.0,"turns":6.0},{"damage":6.0,"enemies":"Shelled Parasite and Fungi","floor":31.0,"turns":2.0},{"damage":78,"enemies":"Champ","floor":33,"turns":14}],"seed_played":"-5606626621092294907","potions_obtained":[{"floor":2.0,"key":"CultistPotion"},{"floor":3.0,"key":"BlessingOfTheForge"},{"floor":10.0,"key":"Fruit Juice"},{"floor":13.0,"key":"ColorlessPotion"},{"floor":16.0,"key":"SkillPotion"},{"floor":21.0,"key":"Energy Potion"},{"floor":25.0,"key":"SpeedPotion"},{"floor":31.0,"key":"AttackPotion"}],"is_trial":false,"path_per_floor":["M","M","M","?","M","R","E","R","T","E","R","M","E","M","R","B",null,"M","?","$","M","$","E","R","E","T","?","?","E","R","M","R","B"],"character_chosen":"IRONCLAD","items_purchased":["Orrery"],"campfire_rested":0,"item_purchase_floors":[20],"current_hp_per_floor":[68,68,68,62,68,68,52,52,52,52,52,50,55,55,55,34,63,73,73,73,66,66,72,73,68,68,68,68,52,64,70,73,0,0],"gold":288,"neow_bonus":"THREE_RARE_CARDS","is_daily":false,"chose_seed":false,"campfire_upgraded":6,"win_rate":0.0,"timestamp":1614147935,"path_taken":["M","M","M","?","?","R","E","R","T","E","R","M","E","M","R","BOSS","M","?","$","M","$","E","R","E","T","?","?","E","R","?","R","BOSS"],"items_purchased_type":["Relic"],"build_version":"2020-12-22","purchased_purges":2,"victory":false,"max_hp_per_floor":[68,68,68,68,68,68,68,68,68,68,68,68,73,73,73,73,73,73,73,73,73,73,73,73,73,73,73,73,73,73,73,73,73,73],"relic_stats":{"counters":[17,72],"Black Blood":116,"Eternal Feather":16,"Art of War":[15],"Bag of Preparation":[18],"obtain_stats":[{"HornCleat":25,"Black Blood":17,"Orrery":20,"Eternal Feather":23,"Bag of Marbles":7,"Art of War":9,"Bag of Preparation":13,"Burning Blood":0,"Red Skull":10,"Akabeko":29},{"HornCleat":14,"Black Blood":10,"Orrery":11,"Eternal Feather":13,"Bag of Marbles":5,"Art of War":5,"Bag of Preparation":8,"Burning Blood":0,"Red Skull":6,"Akabeko":15},{"HornCleat":50,"Black Blood":35,"Orrery":40,"Eternal Feather":47,"Bag of Marbles":17,"Art of War":17,"Bag of Preparation":27,"Burning Blood":0,"Red Skull":19,"Akabeko":56}]},"card_choices":[{"not_picked":["Brutality","Impervious"],"picked":"Reaper","floor":0.0},{"not_picked":["Clash","Cleave"],"picked":"Armaments","floor":1.0},{"not_picked":["Flex","Twin Strike"],"picked":"Whirlwind","floor":2.0},{"not_picked":["Clothesline","True Grit"],"picked":"Pommel Strike","floor":3.0},{"not_picked":["Anger","True Grit"],"picked":"Bludgeon","floor":5.0},{"not_picked":["Rupture","Pummel"],"picked":"Offering","floor":7.0},{"not_picked":["Rupture","True Grit"],"picked":"Flame Barrier","floor":10.0},{"not_picked":["Clash","Flex"],"picked":"Inflame","floor":12.0},{"not_picked":["Exhume","Shrug It Off"],"picked":"Sword Boomerang","floor":13.0},{"not_picked":["Iron Wave","Thunderclap","True Grit"],"picked":"SKIP","floor":14.0},{"not_picked":["Feed","Exhume"],"picked":"Double Tap","floor":16.0},{"not_picked":["Fire Breathing+1","Heavy Blade","Sword Boomerang"],"picked":"SKIP","floor":18.0},{"not_picked":["Twin Strike","Perfected Strike"],"picked":"Impervious","floor":20.0},{"not_picked":["Anger+1","Pommel Strike"],"picked":"Shockwave","floor":20.0},{"not_picked":["Warcry","Combust","Whirlwind"],"picked":"SKIP","floor":21.0},{"not_picked":["Burning Pact","Reckless Charge"],"picked":"Ghostly Armor+1","floor":23.0},{"not_picked":["Warcry","Thunderclap","Iron Wave"],"picked":"SKIP","floor":25.0},{"not_picked":["Bludgeon","Pummel","Havoc"],"picked":"SKIP","floor":29.0},{"not_picked":["Sever Soul","Wild Strike","Intimidate"],"picked":"SKIP","floor":31.0}],"player_experience":1525331,"relics_obtained":[{"floor":7.0,"key":"Bag of Marbles"},{"floor":9.0,"key":"Art of War"},{"floor":10.0,"key":"Red Skull"},{"floor":13.0,"key":"Bag of Preparation"},{"floor":23.0,"key":"Eternal Feather"},{"floor":25.0,"key":"HornCleat"},{"floor":29.0,"key":"Akabeko"}],"event_choices":[{"damage_healed":0.0,"max_hp_gain":0.0,"max_hp_loss":0.0,"gold_gain":50.0,"event_name":"FaceTrader","player_choice":"Touch","floor":4.0,"gold_loss":0.0,"damage_taken":6.0},{"damage_healed":0.0,"max_hp_gain":0.0,"max_hp_loss":0.0,"gold_gain":0.0,"event_name":"Ghosts","player_choice":"Ignored","floor":19.0,"gold_loss":0.0,"damage_taken":0.0},{"damage_healed":0.0,"max_hp_gain":0.0,"max_hp_loss":0.0,"gold_gain":0.0,"cards_transformed":["Strike_R","Strike_R"],"event_name":"Drug Dealer","player_choice":"Became Test Subject","floor":27.0,"gold_loss":0.0,"damage_taken":0.0,"cards_obtained":["Wild Strike","Hemokinesis"]},{"damage_healed":0.0,"max_hp_gain":0.0,"max_hp_loss":0.0,"gold_gain":50.0,"event_name":"Nest","player_choice":"Stole From Cult","floor":28.0,"gold_loss":0.0,"damage_taken":0.0}],"is_beta":false,"boss_relics":[{"not_picked":["SlaversCollar","Runic Dome"],"picked":"Black Blood"}],"items_purged_floors":[20,22],"is_endless":false,"potions_floor_spawned":[2,3,10,13,16,18,21,25,31],"killed_by":"Champ","ascension_level":16}}