{"host":"i2s4iw62z1dejrqn","time":1614192383,"event":{"mods":["AchievementEnabler","BaseMod","Minty Spire (QoL Compilation)","Random Character Button","SuperFastMode"],"gold_per_floor":[117,137,137,62,62,62,79,108,157,171,205,205,235,247,247,345,345,356,356,341,33,0,33,33,67,91,111,137,137,8,38,38,142,142,158,177,4,14,14,14,46,61,130,156,156,156,173,184,184,184,184,184,4,39,39,39],"floor_reached":55,"language":"KOR","playtime":3119,"items_purged":["Strike_R","Strike_R"],"score":1285,"play_id":"cb904a33-e004-4481-a495-289f44781063","local_time":"20210225034623","is_ascension_mode":true,"campfire_choices":[{"data":"Bash","floor":6.0,"key":"SMITH"},{"floor":15.0,"key":"REST"},{"floor":24.0,"key":"REST"},{"floor":32.0,"key":"REST"},{"data":"Limit Break","floor":40.0,"key":"SMITH"},{"floor":45.0,"key":"RECALL"},{"floor":49.0,"key":"REST"},{"data":"Barricade","floor":52.0,"key":"SMITH"}],"circlet_count":0,"master_deck":["AscendersBane","Strike_R","Strike_R","Defend_R","Defend_R","Defend_R","Defend_R","Bash+1","Power Through","Whirlwind+1","Pommel Strike","Intimidate","Shrug It Off","Double Tap","Headbutt+1","Fire Breathing","Limit Break+1","Second Wind","Pommel Strike+1","Pommel Strike+1","Body Slam+1","Burning Pact+1","Body Slam+1","Clothesline+1","Evolve","Fire Breathing","Cleave+1","Body Slam+1","Barricade+1","CurseOfTheBell","Heavy Blade+1","Body Slam+1","Sentinel+1","Feel No Pain","True Grit+1","Demon Form","Havoc+1","Headbutt+1","Warcry+1","Body Slam+1","Sentinel"],"relics":["Burning Blood","NeowsBlessing","Smiling Mask","Juzu Bracelet","Molten Egg 2","The Courier","SacredBark","Pen Nib","FossilizedHelix","Art of War","Dream Catcher","Vajra","Boot","Incense Burner","Calling Bell","Oddly Smooth Stone","Shuriken","Thread and Needle","ClockworkSouvenir","Centennial Puzzle","Self Forming Clay","Lantern"],"acts_visited":["Exordium","TheCity","TheBeyond","TheEnding"],"potions_floor_usage":[],"damage_taken":[{"damage":0.0,"enemies":"2 Louse","floor":1.0,"turns":2.0},{"damage":0.0,"enemies":"Cultist","floor":2.0,"turns":1.0},{"damage":0.0,"enemies":"Small Slimes","floor":7.0,"turns":1.0},{"damage":40.0,"enemies":"Lagavulin","floor":8.0,"turns":6.0},{"damage":12.0,"enemies":"Gremlin Gang","floor":10.0,"turns":4.0},{"damage":10.0,"enemies":"3 Sentries","floor":11.0,"turns":4.0},{"damage":27.0,"enemies":"Gremlin Nob","floor":13.0,"turns":5.0},{"damage":4.0,"enemies":"Large Slime","floor":14.0,"turns":5.0},{"damage":34.0,"enemies":"Slime Boss","floor":16.0,"turns":9.0},{"damage":41.0,"enemies":"Shell Parasite","floor":18.0,"turns":8.0},{"damage":26.0,"enemies":"2 Thieves","floor":20.0,"turns":5.0},{"damage":27.0,"enemies":"Book of Stabbing","floor":23.0,"turns":7.0},{"damage":0.0,"enemies":"Gremlin Leader","floor":25.0,"turns":6.0},{"damage":12.0,"enemies":"Snecko","floor":27.0,"turns":7.0},{"damage":44.0,"enemies":"Slavers","floor":28.0,"turns":5.0},{"damage":42.0,"enemies":"Book of Stabbing","floor":31.0,"turns":7.0},{"damage":34.0,"enemies":"Champ","floor":33.0,"turns":13.0},{"damage":0.0,"enemies":"Orb Walker","floor":35.0,"turns":4.0},{"damage":9.0,"enemies":"3 Darklings","floor":36.0,"turns":6.0},{"damage":0.0,"enemies":"Maw","floor":38.0,"turns":7.0},{"damage":0.0,"enemies":"Giant Head","floor":41.0,"turns":8.0},{"damage":14.0,"enemies":"Spire Growth","floor":42.0,"turns":6.0},{"damage":54.0,"enemies":"Reptomancer","floor":44.0,"turns":8.0},{"damage":0.0,"enemies":"Transient","floor":47.0,"turns":5.0},{"damage":16.0,"enemies":"Writhing Mass","floor":48.0,"turns":6.0},{"damage":14.0,"enemies":"Donu and Deca","floor":50.0,"turns":4.0},{"damage":32.0,"enemies":"Shield and Spear","floor":54.0,"turns":8.0},{"damage":74,"enemies":"The Heart","floor":55,"turns":6}],"seed_played":"-4140808743197472714","potions_obtained":[{"floor":7.0,"key":"FairyPotion"},{"floor":10.0,"key":"Energy Potion"},{"floor":14.0,"key":"ElixirPotion"},{"floor":16.0,"key":"ElixirPotion"},{"floor":20.0,"key":"HeartOfIron"},{"floor":23.0,"key":"Block Potion"},{"floor":35.0,"key":"Block Potion"},{"floor":38.0,"key":"DuplicationPotion"},{"floor":42.0,"key":"Weak Potion"},{"floor":48.0,"key":"PowerPotion"}],"is_trial":false,"path_per_floor":["M","M","?","$","?","R","M","E","T","M","E","?","E","M","R","B",null,"M","?","M","$","?","E","R","E","T","M","E","?","$","E","R","B",null,"M","M","$","M","?","R","E","M","T","E","R","?","M","M","R","B",null,"R","$","E","B"],"character_chosen":"IRONCLAD","items_purchased":["FossilizedHelix","Pommel Strike+1","Body Slam+1","Evolve","Fire Breathing","ClockworkSouvenir","Dexterity Potion","Strength Potion","SpeedPotion","BloodPotion","Body Slam+1"],"campfire_rested":4,"item_purchase_floors":[21,21,21,30,30,37,53,53,53,53,53],"current_hp_per_floor":[78,80,80,80,80,80,80,46,46,40,36,36,15,17,41,13,63,28,28,8,8,8,35,59,65,65,59,21,47,47,11,35,7,62,68,65,65,71,71,71,77,69,69,21,21,21,27,17,41,33,68,68,68,74,0,0],"gold":39,"neow_bonus":"THREE_ENEMY_KILL","is_daily":false,"chose_seed":false,"campfire_upgraded":3,"win_rate":0.0,"timestamp":1614192383,"path_taken":["M","M","?","$","?","R","?","E","T","M","E","?","E","M","R","BOSS","M","?","M","$","?","E","R","E","T","M","E","?","$","E","R","BOSS","M","M","$","M","?","R","E","M","T","E","R","?","M","M","R","BOSS","R","$","E","BOSS"],"items_purchased_type":["Relic","Card","Card","Card","Card","Relic","Potion","Potion","Potion","Potion","Card"],"build_version":"2020-12-22","purchased_purges":2,"victory":false,"max_hp_per_floor":[80,80,80,80,80,80,80,80,80,80,80,80,80,80,80,80,80,80,80,80,80,80,80,80,80,80,80,80,80,80,80,80,80,80,80,80,80,80,80,80,80,80,80,80,80,80,80,80,80,80,80,80,80,80,80,80],"card_choices":[{"not_picked":["Iron Wave","Anger"],"picked":"Power Through","floor":1.0},{"not_picked":["Hemokinesis","Sentinel"],"picked":"Whirlwind","floor":2.0},{"not_picked":["Thunderclap","Heavy Blade"],"picked":"Pommel Strike","floor":7.0},{"not_picked":["Sword Boomerang","Clash"],"picked":"Intimidate","floor":8.0},{"not_picked":["Dropkick","Intimidate"],"picked":"Shrug It Off","floor":10.0},{"not_picked":["Headbutt+1","Shrug It Off"],"picked":"Double Tap","floor":11.0},{"not_picked":["Carnage+1","Flex"],"picked":"Headbutt+1","floor":13.0},{"not_picked":["Searing Blow+1","Sword Boomerang+1"],"picked":"Fire Breathing","floor":14.0},{"not_picked":["Bludgeon+1","Juggernaut"],"picked":"Limit Break","floor":16.0},{"not_picked":["Sword Boomerang+1","Heavy Blade+1"],"picked":"Second Wind","floor":18.0},{"not_picked":["Perfected Strike+1","Thunderclap+1"],"picked":"Pommel Strike+1","floor":20.0},{"not_picked":["Metallicize","Thunderclap+1"],"picked":"Fire Breathing","floor":23.0},{"not_picked":["Pommel Strike+1","Twin Strike+1"],"picked":"Burning Pact+1","floor":25.0},{"not_picked":["Cleave+1","Heavy Blade+1"],"picked":"Body Slam+1","floor":27.0},{"not_picked":["Exhume","Wild Strike+1"],"picked":"Clothesline+1","floor":28.0},{"not_picked":["Blood for Blood+1","Clash+1"],"picked":"Cleave+1","floor":31.0},{"not_picked":["Sword Boomerang+1","Shrug It Off"],"picked":"Body Slam+1","floor":32.0},{"not_picked":["Feed+1","Reaper+1"],"picked":"Barricade","floor":33.0},{"not_picked":["Warcry","Clash+1"],"picked":"Heavy Blade+1","floor":35.0},{"not_picked":["Clash+1","Exhume"],"picked":"Body Slam+1","floor":36.0},{"not_picked":["Ghostly Armor+1","Wild Strike+1"],"picked":"Sentinel+1","floor":38.0},{"not_picked":["Dual Wield+1","Flex"],"picked":"Feel No Pain","floor":41.0},{"not_picked":["Perfected Strike+1","Armaments"],"picked":"True Grit+1","floor":42.0},{"not_picked":["Twin Strike+1","Second Wind"],"picked":"Demon Form","floor":44.0},{"not_picked":["Thunderclap+1","Cleave+1"],"picked":"Havoc+1","floor":47.0},{"not_picked":["Cleave+1","Thunderclap+1"],"picked":"Headbutt+1","floor":48.0},{"not_picked":["Pummel+1","Shrug It Off+1"],"picked":"Warcry+1","floor":49.0},{"not_picked":["Dropkick+1","Cleave+1"],"picked":"Sentinel","floor":54.0}],"player_experience":496831,"relics_obtained":[{"floor":8.0,"key":"Smiling Mask"},{"floor":9.0,"key":"Juzu Bracelet"},{"floor":11.0,"key":"Molten Egg 2"},{"floor":13.0,"key":"The Courier"},{"floor":23.0,"key":"Art of War"},{"floor":25.0,"key":"Dream Catcher"},{"floor":26.0,"key":"Vajra"},{"floor":28.0,"key":"Boot"},{"floor":31.0,"key":"Incense Burner"},{"floor":34.0,"key":"Oddly Smooth Stone"},{"floor":34.0,"key":"Shuriken"},{"floor":34.0,"key":"Thread and Needle"},{"floor":41.0,"key":"Centennial Puzzle"},{"floor":44.0,"key":"Self Forming Clay"},{"floor":54.0,"key":"Lantern"}],"event_choices":[{"cards_removed":["Strike_R"],"damage_healed":0.0,"max_hp_gain":0.0,"max_hp_loss":0.0,"gold_gain":0.0,"event_name":"Wheel of Change","player_choice":"Card Removal","floor":3.0,"gold_loss":0.0,"damage_taken":0.0},{"damage_healed":0.0,"max_hp_gain":0.0,"max_hp_loss":0.0,"gold_gain":0.0,"event_name":"Upgrade Shrine","player_choice":"Upgraded","floor":5.0,"gold_loss":0.0,"damage_taken":0.0,"cards_upgraded":["Whirlwind"]},{"damage_healed":0.0,"max_hp_gain":0.0,"max_hp_loss":0.0,"gold_gain":0.0,"event_name":"Match and Keep!","player_choice":"0 cards matched","floor":12.0,"gold_loss":0.0,"damage_taken":0.0,"cards_obtained":[]},{"damage_healed":0.0,"max_hp_gain":0.0,"max_hp_loss":0.0,"gold_gain":0.0,"event_name":"The Mausoleum","player_choice":"Opened","floor":19.0,"gold_loss":0.0,"damage_taken":0.0,"relics_obtained":["Pen Nib"]},{"damage_healed":0.0,"max_hp_gain":0.0,"max_hp_loss":0.0,"gold_gain":0.0,"event_name":"Masked Bandits","player_choice":"Paid Fearfully","floor":22.0,"gold_loss":33.0,"damage_taken":0.0},{"damage_healed":26.0,"max_hp_gain":0.0,"max_hp_loss":0.0,"gold_gain":0.0,"event_name":"The Library","player_choice":"Heal","floor":29.0,"gold_loss":0.0,"damage_taken":0.0},{"cards_removed":["Fire Breathing"],"damage_healed":0.0,"max_hp_gain":0.0,"max_hp_loss":0.0,"gold_gain":0.0,"event_name":"Falling","player_choice":"Removed Power","floor":39.0,"gold_loss":0.0,"damage_taken":0.0},{"damage_healed":0.0,"max_hp_gain":0.0,"max_hp_loss":0.0,"gold_gain":0.0,"event_name":"Tomb of Lord Red Mask","player_choice":"Ignored","floor":46.0,"gold_loss":0.0,"damage_taken":0.0}],"is_beta":false,"boss_relics":[{"not_picked":["Velvet Choker","Runic Pyramid"],"picked":"SacredBark"},{"not_picked":["Runic Dome","Busted Crown"],"picked":"Calling Bell"}],"items_purged_floors":[4,37],"is_endless":false,"potions_floor_spawned":[7,10,14,16,20,23,35,38,42,48],"killed_by":"The Heart","ascension_level":10}}