{"host":"lgow17wc5wawziz1","time":1614180087,"event":{"mods":["AchievementEnabler","Act Like it!","Aspiration","BaseMod","Better Third Choice","Colored Map","Friendly Minions","Gensokyo","Hubris","Kiyohime£¨?ýï£©","Minty Spire (QoL Compilation)","MostiFishMod","Permanent Neow","Quick Restart","Replay The Spire","StSLib","SuperFastMode","¡¼?Úª?ø«¡½REMEMod"],"gold_per_floor":[118,118,137,157,157,187,187,222,245,245,264,295,95,115,115,488,488,504,520,30,42,42,42,42,42,90,102,121,146,160,190,190,269,269,287,287,287,287,306,340,340,1004,1004,1021,1021,820,820,830,830,830],"floor_reached":51,"language":"KOR","playtime":2093,"items_purged":[],"score":1460,"play_id":"93c9b872-bc61-44f1-8ccf-570aab719fdb","local_time":"20210225002127","is_ascension_mode":true,"campfire_choices":[{"data":"Mirror Shield","floor":7.0,"key":"SMITH"},{"floor":10.0,"key":"REST"},{"data":"Sunder","floor":15.0,"key":"SMITH"},{"data":"Coolheaded","floor":23.0,"key":"SMITH"},{"data":"Gensokyo:FourOfAKind","floor":25.0,"key":"SMITH"},{"data":"Gensokyo:FourOfAKind","floor":32.0,"key":"SMITH"},{"data":"MostiFishMod:DawningShadow","floor":41.0,"key":"SMITH"},{"data":"MostiFishMod:TalkingToTheRain","floor":45,"key":"SMITH"},{"data":"Gensokyo:FourOfAKind","floor":47,"key":"SMITH"},{"data":"Hologram","floor":49,"key":"SMITH"}],"circlet_count":0,"master_deck":["AscendersBane","Strike_B+1","Strike_B+1","Strike_B","Strike_B+1","Defend_B+1","Defend_B","Defend_B","Defend_B","Zap","Dualcast+1","LessonLearned+1","Mirror Shield+1","Beam Cell","Doubt","Sunder+1","FTL","Turbo","Coolheaded+1","Self Repair","Leap","MostiFishMod:Hijack","MostiFishMod:ATRI+1","Panic Button","Gensokyo:HAARP+1","Coolheaded+1","Gensokyo:FourOfAKind+1","Gensokyo:FourOfAKind+1","Gensokyo:FourOfAKind","Gensokyo:FourOfAKind+1","Leap","BootSequence","MostiFishMod:DawningShadow+1","Hologram","Coolheaded+1","Gensokyo:ShootingStar+1","MostiFishMod:TalkingToTheRain+1","Hologram+1","Sweeping Beam","FIFO Queue","Coolheaded","Gensokyo:MenInBlack","Undo"],"relics":["Cracked Core","REME_ComplimentaryCards","DaveBox","Ying","SynthV:TestCard","Ring of Hypnosis","ReplayTheSpireMod:Ring of Addiction","White Beast Statue","Potion Belt","Gensokyo:Justice","DataDisk","Bronze Scales","hubris:BallOfYels","ReplayFunnel","OrangePellets","NightmareShop","ReplayTheSpireMod:EnergyBall","Technique","Gensokyo:RedStar","REME_PuzzleBoxRelic","Happy Flower","hubris:PeanutButter","GuanYuAspect","Durian","Replay:Mystery Machine","CombinedTypeHook","Eternal Feather"],"acts_visited":["Gensokyo:Gensokyo","Gensokyo:Gensokyoer","Gensokyo:Gensokyoest"],"potions_floor_usage":[42,50,50,50],"damage_taken":[{"damage":2.0,"enemies":"Gensokyo:Python","floor":1.0,"turns":5.0},{"damage":7.0,"enemies":"Gensokyo:2_Kodama","floor":3.0,"turns":3.0},{"damage":5.0,"enemies":"Gensokyo:Gryphon","floor":4.0,"turns":4.0},{"damage":15.0,"enemies":"Gensokyo:Cirno","floor":6.0,"turns":5.0},{"damage":19.0,"enemies":"Gensokyo:Aya","floor":8.0,"turns":4.0},{"damage":1.0,"enemies":"Gensokyo:CorruptedTreant","floor":11.0,"turns":3.0},{"damage":11.0,"enemies":"Gensokyo:Cirno","floor":12.0,"turns":5.0},{"damage":11.0,"enemies":"Gensokyo:Kitsune","floor":14.0,"turns":3.0},{"damage":18.0,"enemies":"Gensokyo:Yukari","floor":16.0,"turns":10.0},{"damage":10.0,"enemies":"Gensokyo:3_Dogs","floor":18.0,"turns":2.0},{"damage":3.0,"enemies":"Gensokyo:Chomper","floor":19.0,"turns":5.0},{"damage":0.0,"enemies":"Gensokyo:Slime_Group","floor":21.0,"turns":3.0},{"damage":0.0,"enemies":"Gensokyo:Swordslinger","floor":27.0,"turns":3.0},{"damage":0.0,"enemies":"Gensokyo:Chomper_and_Gloop","floor":28.0,"turns":3.0},{"damage":8.0,"enemies":"Gensokyo:Tenshi","floor":29.0,"turns":2.0},{"damage":0.0,"enemies":"Gensokyo:Monolith_and_Dog","floor":30.0,"turns":4.0},{"damage":0.0,"enemies":"Gensokyo:Reisen","floor":31.0,"turns":8.0},{"damage":0.0,"enemies":"Gensokyo:Kaguya","floor":33.0,"turns":7.0},{"damage":0.0,"enemies":"Gensokyo:3_Bats","floor":35.0,"turns":3.0},{"damage":4.0,"enemies":"Gensokyo:3_Boulders","floor":39.0,"turns":4.0},{"damage":1.0,"enemies":"Gensokyo:Kasen","floor":40.0,"turns":5.0},{"damage":0,"enemies":"Gensokyo:Doremy","floor":42,"turns":4},{"damage":0,"enemies":"Gensokyo:Sharpion","floor":44,"turns":2},{"damage":0,"enemies":"Gensokyo:Rafflesia","floor":48,"turns":3},{"damage":32,"enemies":"Gensokyo:Scarlet_Devils","floor":50,"turns":4}],"seed_played":"7511311248319464962","potions_obtained":[{"floor":2.0,"key":"GamblersBrew"},{"floor":2.0,"key":"Swift Potion"},{"floor":2.0,"key":"Swift Potion"},{"floor":3.0,"key":"Toxic Potion"},{"floor":4.0,"key":"EssenceOfSteel"},{"floor":6.0,"key":"SteroidPotion"},{"floor":8.0,"key":"Milkshake"},{"floor":11.0,"key":"GamblersBrew"},{"floor":12.0,"key":"Explosive Potion"},{"floor":14.0,"key":"Fire Potion"},{"floor":16.0,"key":"Block Potion"},{"floor":18.0,"key":"Block Potion"},{"floor":19.0,"key":"SmokeBomb"},{"floor":21.0,"key":"FocusPotion"},{"floor":27.0,"key":"Adrenaline Potion"},{"floor":29.0,"key":"SkillPotion"},{"floor":30.0,"key":"Dexterity Potion"},{"floor":31.0,"key":"FearPotion"},{"floor":39.0,"key":"REME_GoldPotion"},{"floor":42,"key":"FairyPotion"},{"floor":48,"key":"Swift Potion"}],"is_trial":false,"path_per_floor":["M","?","M","M","?","E","R","E","T","R","M","E","COS","M","R","B",null,"M","M","COS","M","?","R","?","R","T","M","M","E","M","E","R","B",null,"M","?","?","?","M","E","R","E","T","M","R","COS","R","M","R","B",null],"character_chosen":"DEFECT","items_purchased":[],"campfire_rested":1,"item_purchase_floors":[],"current_hp_per_floor":[66,66,59,54,54,39,39,20,20,42,41,30,30,26,26,15,60,57,61,61,61,61,61,53,51,51,51,49,48,49,49,49,49,25,23,23,17,19,26,26,26,26,26,26,26,24,24,24,22,19],"gold":830,"neow_bonus":"ONE_RANDOM_RARE_CARD","is_daily":false,"chose_seed":false,"campfire_upgraded":9,"win_rate":0.0,"timestamp":1614180087,"path_taken":["M","?","M","M","?","E","R","E","T","R","M","E","COS","M","R","BOSS","M","M","COS","M","?","R","?","R","T","M","M","E","M","E","R","BOSS","M","?","?","?","M","E","R","E","T","?","R","COS","R","M","R","BOSS"],"items_purchased_type":[],"build_version":"2020-12-22","purchased_purges":0,"victory":true,"max_hp_per_floor":[75,75,75,75,75,75,75,75,75,75,75,75,75,75,75,75,75,75,75,75,75,75,75,53,51,51,51,49,49,49,49,49,49,25,23,23,28,26,26,26,26,26,26,26,26,24,24,24,22,22],"card_choices":[{"not_picked":["Conserve Battery","MostiFishMod:PushDownKick"],"picked":"Beam Cell","floor":1.0},{"not_picked":["ReplaySort","Gash","White Noise","Stack"],"picked":"Sunder","floor":3.0},{"not_picked":["Cold Snap","Panic Button","Hologram","Reprogram"],"picked":"ReplayTheSpireMod:System Scan","floor":4.0},{"not_picked":["Sweeping Beam","BasicCrystalCard","Beam Cell","Fusion"],"picked":"FTL","floor":6.0},{"not_picked":["MostiFishMod:IntelligentEquipment","ReplayTheSpireMod:Repulse","Stack","BasicCrystalCard"],"picked":"Turbo","floor":8.0},{"not_picked":["Barrage","Genetic Algorithm","Cold Snap","Turbo"],"picked":"Coolheaded","floor":11.0},{"not_picked":["Cold Snap","Coolheaded","Fission","Conserve Battery"],"picked":"Self Repair","floor":12.0},{"not_picked":["BasicCrystalCard","aspiration:Polymerization","Conserve Battery","Coolheaded"],"picked":"Leap","floor":14.0},{"not_picked":["Meteor Strike","MostiFishMod:StrandedSiren","Thunder Strike","Multi-Cast"],"picked":"MostiFishMod:Hijack","floor":16.0},{"not_picked":["ReplayTheSpireMod:Fabricate Wheel","All For One","MostiFishMod:TalkingToTheRain","REME_ForAll"],"picked":"MostiFishMod:ATRI","floor":16.0},{"not_picked":["Rebound","Ball Lightning","Streamline","ReplaySolidLightProjector+1"],"picked":"Panic Button","floor":18.0},{"not_picked":["Beam Cell","Steam+1","Panic Button","Barrage","BasicCrystalCard"],"picked":"SKIP","floor":19.0},{"not_picked":["Melter","White Noise","hubris:PowerSurge","Barrage"],"picked":"Coolheaded","floor":21.0},{"not_picked":["Go for the Eyes+1","Conserve Battery","Fission","MostiFishMod:IceShield"],"picked":"Leap","floor":27.0},{"not_picked":["Panic Button","Turbo","ReplaySort","Ball Lightning+1"],"picked":"BootSequence","floor":28.0},{"not_picked":["Barrage","Genetic Algorithm","Go for the Eyes","Rebound"],"picked":"MostiFishMod:DawningShadow","floor":29.0},{"not_picked":["White Noise","Static Discharge","FTL","Streamline"],"picked":"Hologram","floor":30.0},{"not_picked":["Reinforced Body","Auto Shields+1","Hello World","Cold Snap"],"picked":"Coolheaded","floor":31.0},{"not_picked":[],"picked":"Gensokyo:ShootingStar","floor":33.0},{"not_picked":["MostiFishMod:Overload","hubris:DoWhile","MostiFishMod:Culaccino","All For One"],"picked":"MostiFishMod:TalkingToTheRain","floor":33.0},{"not_picked":["Go for the Eyes","Genetic Algorithm","ReplayGash","REME_SelfUpgrade"],"picked":"Hologram","floor":35.0},{"not_picked":["Beam Cell+1","Go for the Eyes+1","BootSequence","Ball Lightning"],"picked":"Sweeping Beam","floor":39.0},{"not_picked":["Force Field","ReplayGash","MostiFishMod:PushDownKick","BasicCrystalCard+1","Reprogram"],"picked":"SKIP","floor":40.0},{"not_picked":["Ball Lightning","ReplaySort","Static Discharge","ReplayTheSpireMod:Fabricate Wheel"],"picked":"FIFO Queue","floor":42},{"not_picked":["Sunder+1","Leap+1","ReplayTheSpireMod:System Scan","Reprogram","Darkness+1"],"picked":"Coolheaded","floor":44},{"not_picked":["Steam","Time Bomb+1","Barrage+1","Gash"],"picked":"Undo","floor":48}],"player_experience":366977,"relics_obtained":[{"floor":1.0,"key":"SynthV:TestCard"},{"floor":2.0,"key":"Ring of Hypnosis"},{"floor":2.0,"key":"ReplayTheSpireMod:Ring of Addiction"},{"floor":2.0,"key":"White Beast Statue"},{"floor":2.0,"key":"Potion Belt"},{"floor":6.0,"key":"DataDisk"},{"floor":8.0,"key":"Bronze Scales"},{"floor":9.0,"key":"hubris:BallOfYels"},{"floor":12.0,"key":"ReplayFunnel"},{"floor":26.0,"key":"REME_PuzzleBoxRelic"},{"floor":29.0,"key":"Happy Flower"},{"floor":31.0,"key":"hubris:PeanutButter"},{"floor":40.0,"key":"Replay:Mystery Machine"},{"floor":42,"key":"CombinedTypeHook"},{"floor":43,"key":"Eternal Feather"}],"event_choices":[],"is_beta":false,"boss_relics":[{"not_picked":["EE1DDrone","Pandora\u0027s Box"],"picked":"NightmareShop"},{"not_picked":["Velvet Choker","hubris:BlackHole"],"picked":"GuanYuAspect"}],"items_purged_floors":[],"is_endless":false,"potions_floor_spawned":[3,4,6,8,11,12,14,16,18,19,21,27,28,29,30,31,33,35,39,40,42,44,48],"ascension_level":13}}