{"host":"nz11ypxva4e39b7q","time":1614205340,"event":{"mods":["BaseMod","Better Third Choice","Better Vampires","Colored Map","Minty Spire (QoL Compilation)","Quick Restart","Shapeshifter Mod","StSLib"],"gold_per_floor":[118,136,61,72,37,37,92,111,159,186,199,199,211,238,238,314,314,334,384,394,408,408,435,435,460,487,487,487],"floor_reached":27,"language":"ENG","playtime":1722,"items_purged":["StSShapeShifter:Lynx_Form"],"score":473,"play_id":"4c1f8917-bed1-4dcc-9c9a-0a17fc84d5f0","local_time":"20210224232220","is_ascension_mode":true,"campfire_choices":[{"data":"StSShapeShifter:BurstingSpore","floor":6.0,"key":"SMITH"},{"data":"StSShapeShifter:HummingbirdForm","floor":12.0,"key":"SMITH"},{"data":"StSShapeShifter:SpiritOfTheEarth","floor":15.0,"key":"SMITH"},{"floor":24.0,"key":"REST"}],"circlet_count":0,"master_deck":["AscendersBane","StSShapeShifter:ShapeShifter_Strike","StSShapeShifter:ShapeShifter_Strike","StSShapeShifter:ShapeShifter_Strike","StSShapeShifter:ShapeShifter_Strike+1","StSShapeShifter:ShapeShifter_Strike","StSShapeShifter:ShapeShifter_Defend","StSShapeShifter:ShapeShifter_Defend","StSShapeShifter:ShapeShifter_Defend","StSShapeShifter:ShapeShifter_Defend","StSShapeShifter:ShapeShifter_Defend","StSShapeShifter:Tortoise_Form+1","StSShapeShifter:BladeOfGrass","StSShapeShifter:BloomingSlash+1","StSShapeShifter:BurstingSpore+1","StSShapeShifter:BarkSkin","StSShapeShifter:HummingbirdForm+1","StSShapeShifter:FesteringBite","StSShapeShifter:SpiritOfTheEarth+1","StSShapeShifter:Sap_Burst","StSShapeShifter:Sapling","StSShapeShifter:IntimidatingAura+1"],"relics":["StSShapeShifter:TheShapeShiftersMagnolia","Black Star","StSShapeShifter:BeastkeepersGift","Vajra","Ice Cream","Centennial Puzzle","Akabeko","StSShapeShifter:WristwrapsOfDiscovery","Fusion Hammer","Meat on the Bone","StSShapeShifter:AlchemistsNecklace","Shuriken","Boot","Whetstone"],"acts_visited":["Exordium","TheCity"],"potions_floor_usage":[25,27],"damage_taken":[{"damage":4.0,"enemies":"2 Louse","floor":1.0,"turns":5.0},{"damage":8.0,"enemies":"Jaw Worm","floor":2.0,"turns":4.0},{"damage":8.0,"enemies":"Cultist","floor":4.0,"turns":5.0},{"damage":28.0,"enemies":"3 Sentries","floor":7.0,"turns":8.0},{"damage":5.0,"enemies":"Gremlin Gang","floor":8.0,"turns":5.0},{"damage":9.0,"enemies":"Lagavulin","floor":10.0,"turns":10.0},{"damage":4.0,"enemies":"Exordium Wildlife","floor":11.0,"turns":4.0},{"damage":2.0,"enemies":"Red Slaver","floor":13.0,"turns":3.0},{"damage":15.0,"enemies":"3 Sentries","floor":14.0,"turns":9.0},{"damage":9.0,"enemies":"The Guardian","floor":16.0,"turns":10.0},{"damage":11.0,"enemies":"2 Thieves","floor":18.0,"turns":4.0},{"damage":17.0,"enemies":"3 Byrds","floor":20.0,"turns":8.0},{"damage":4.0,"enemies":"Centurion and Healer","floor":21.0,"turns":7.0},{"damage":8.0,"enemies":"Book of Stabbing","floor":23.0,"turns":9.0},{"damage":48,"enemies":"Slavers","floor":25,"turns":12},{"damage":32,"enemies":"Gremlin Leader","floor":27,"turns":7}],"seed_played":"-7875616861661038598","potions_obtained":[{"floor":1.0,"key":"GamblersBrew"},{"floor":4.0,"key":"CultistPotion"},{"floor":7.0,"key":"Explosive Potion"},{"floor":10.0,"key":"Regen Potion"},{"floor":16.0,"key":"SpeedPotion"},{"floor":21.0,"key":"FairyPotion"},{"floor":23.0,"key":"SteroidPotion"},{"floor":25,"key":"Dexterity Potion"}],"is_trial":false,"path_per_floor":["M","M","$","M","?","R","?","M","T","E","M","R","M","E","R","B",null,"M","?","M","M","?","E","R","E","T","E"],"character_chosen":"SHAPESHIFTER","items_purchased":[],"campfire_rested":1,"item_purchase_floors":[],"current_hp_per_floor":[62,54,54,46,64,64,36,31,31,22,30,30,28,13,13,4,56,45,45,28,24,24,16,37,32,32,0,0],"gold":487,"neow_bonus":"BOSS_RELIC","is_daily":false,"chose_seed":false,"campfire_upgraded":3,"win_rate":0.0,"timestamp":1614205340,"path_taken":["M","M","$","M","?","R","?","M","T","E","M","R","M","E","R","BOSS","M","?","M","M","?","E","R","E","T","E"],"items_purchased_type":[],"build_version":"2020-12-22","purchased_purges":1,"victory":false,"max_hp_per_floor":[73,73,73,73,73,73,73,73,73,73,73,73,73,73,73,73,73,73,73,73,73,73,73,73,73,73,73,73],"card_choices":[{"not_picked":["StSShapeShifter:Efflorescence","StSShapeShifter:BloomingSlash"],"picked":"StSShapeShifter:BladeOfGrass","floor":1.0},{"not_picked":["StSShapeShifter:MonkeyForm","StSShapeShifter:VileMushroom"],"picked":"StSShapeShifter:BloomingSlash","floor":2.0},{"not_picked":["StSShapeShifter:Sapling","StSShapeShifter:Rest"],"picked":"StSShapeShifter:BurstingSpore","floor":4.0},{"not_picked":["StSShapeShifter:FesteringBite","StSShapeShifter:ShiftingStrike"],"picked":"StSShapeShifter:BarkSkin","floor":7.0},{"not_picked":["StSShapeShifter:SunflowerShuriken","StSShapeShifter:RockSlide"],"picked":"StSShapeShifter:HummingbirdForm","floor":8.0},{"not_picked":["StSShapeShifter:MammothForm","StSShapeShifter:Hunt","StSShapeShifter:BloomingSlash"],"picked":"SKIP","floor":10.0},{"not_picked":["StSShapeShifter:FlowerShield","StSShapeShifter:Rest","StSShapeShifter:EagleForm"],"picked":"SKIP","floor":11.0},{"not_picked":["StSShapeShifter:IntimidatingAura","StSShapeShifter:SunflowerShuriken"],"picked":"StSShapeShifter:FesteringBite","floor":13.0},{"not_picked":["StSShapeShifter:Hunt","StSShapeShifter:DiverseSpirit"],"picked":"StSShapeShifter:SpiritOfTheEarth","floor":14.0},{"not_picked":["StSShapeShifter:SkullBash","StSShapeShifter:Flood"],"picked":"StSShapeShifter:Sap_Burst","floor":16.0},{"not_picked":["StSShapeShifter:ThornToss","StSShapeShifter:Rest","StSShapeShifter:RockSlide"],"picked":"SKIP","floor":18.0},{"not_picked":["StSShapeShifter:OakBlade","StSShapeShifter:Guard"],"picked":"StSShapeShifter:Sapling","floor":20.0},{"not_picked":["StSShapeShifter:ReplenishingNectar","StSShapeShifter:DeerForm"],"picked":"StSShapeShifter:IntimidatingAura+1","floor":21.0},{"not_picked":["StSShapeShifter:PoisonIvy+1","StSShapeShifter:BloomingSlash+1","StSShapeShifter:Hunt"],"picked":"SKIP","floor":23.0},{"not_picked":["StSShapeShifter:ShiftingStrike","StSShapeShifter:RestoreBalance","StSShapeShifter:BloomingSlash+1"],"picked":"SKIP","floor":25}],"player_experience":1110377,"relics_obtained":[{"floor":7.0,"key":"StSShapeShifter:BeastkeepersGift"},{"floor":9.0,"key":"Vajra"},{"floor":10.0,"key":"Ice Cream"},{"floor":10.0,"key":"Centennial Puzzle"},{"floor":14.0,"key":"Akabeko"},{"floor":14.0,"key":"StSShapeShifter:WristwrapsOfDiscovery"},{"floor":23.0,"key":"Meat on the Bone"},{"floor":23.0,"key":"StSShapeShifter:AlchemistsNecklace"},{"floor":25,"key":"Shuriken"},{"floor":25,"key":"Boot"},{"floor":26,"key":"Whetstone"}],"event_choices":[{"damage_healed":18.0,"max_hp_gain":0.0,"max_hp_loss":0.0,"gold_gain":0.0,"event_name":"The Cleric","player_choice":"Healed","floor":5.0,"gold_loss":35.0,"damage_taken":0.0},{"damage_healed":0.0,"max_hp_gain":0.0,"max_hp_loss":0.0,"gold_gain":0.0,"event_name":"Dead Adventurer","player_choice":"Searched \u00271\u0027 times","floor":7.0,"gold_loss":0.0,"damage_taken":0.0},{"damage_healed":0.0,"max_hp_gain":0.0,"max_hp_loss":0.0,"gold_gain":50.0,"event_name":"betterThird:BetterNest","player_choice":"Steal","floor":19.0,"gold_loss":0.0,"damage_taken":0.0},{"damage_healed":0.0,"max_hp_gain":0.0,"max_hp_loss":0.0,"gold_gain":0.0,"event_name":"N\u0027loth","player_choice":"Ignored","floor":22.0,"gold_loss":0.0,"damage_taken":0.0}],"is_beta":false,"boss_relics":[{"not_picked":["Snecko Eye","Empty Cage"],"picked":"Fusion Hammer"}],"items_purged_floors":[3],"is_endless":false,"potions_floor_spawned":[1,4,7,10,16,21,23,25],"killed_by":"Gremlin Leader","ascension_level":16}}