{"host":"at5b10nm0iti0w4x","time":1614126408,"event":{"mods":["2.2 Compatiblity","AchievementEnabler","BaseMod","Bestiary","Block Reminder","Colored Map","Colored Powertips","Highlight Path","Keyboard Shortcuts","Minty Spire (QoL Compilation)","Quick Restart","Relic Stats","Slay the Relics Exporter","StSLib","SuperFastMode","Unknown Chances"],"gold_per_floor":[114,64,74,92,92,92,126,126,126,155,155,189,206,134,134,230,230,243,274,163,177,190,190,210,210,210,220,220,77,94,125,125,230,280,300,315,366,384,434,434,180,180,180,180,191,221,69,88,88,88,88],"floor_reached":50,"language":"ENG","playtime":1704,"items_purged":["Strike_R"],"score":535,"play_id":"62afb3a8-9d07-4c9d-a302-689dda37efeb","local_time":"20210223192648","is_ascension_mode":false,"campfire_choices":[{"data":"Flex","floor":6.0,"key":"SMITH"},{"data":"Disarm","floor":8.0,"key":"SMITH"},{"data":"Bash","floor":11.0,"key":"SMITH"},{"data":"Double Tap","floor":15.0,"key":"SMITH"},{"data":"Combust","floor":23,"key":"SMITH"},{"data":"Spot Weakness","floor":25,"key":"SMITH"},{"data":"Feel No Pain","floor":28,"key":"SMITH"},{"data":"Spot Weakness","floor":32,"key":"SMITH"},{"data":"Berserk","floor":40,"key":"SMITH"},{"data":"Battle Trance","floor":44,"key":"SMITH"},{"data":"Evolve","floor":49,"key":"SMITH"}],"circlet_count":0,"master_deck":["Strike_R","Strike_R","Strike_R","Defend_R","Defend_R","Defend_R","Defend_R","Bash+1","Shrug It Off+1","Flex+1","Armaments+1","Disarm+1","Double Tap+1","Rage","Brutality","Battle Trance+1","Spot Weakness+1","Combust+1","Cleave+1","Feel No Pain+1","Shrug It Off","Infernal Blade+1","Spot Weakness+1","Thunderclap","Sword Boomerang","Berserk+1","Headbutt","Uppercut","Battle Trance+1","Heavy Blade+1","Evolve+1","Iron Wave+1"],"relics":["Burning Blood","Bag of Marbles","Ornamental Fan","Pear","Eternal Feather","Sozu","Red Mask","Torii","Paper Frog","Tiny House","Du-Vu Doll","Ginger","Meat on the Bone","Dream Catcher","Unceasing Top","Lee\u0027s Waffle"],"acts_visited":["Exordium","TheCity","TheBeyond"],"potions_floor_usage":[48],"damage_taken":[{"damage":19.0,"enemies":"Jaw Worm","floor":1.0,"turns":4.0},{"damage":0.0,"enemies":"Small Slimes","floor":3.0,"turns":3.0},{"damage":9.0,"enemies":"Cultist","floor":4.0,"turns":4.0},{"damage":25.0,"enemies":"Gremlin Nob","floor":7.0,"turns":4.0},{"damage":8.0,"enemies":"Lagavulin","floor":10.0,"turns":10.0},{"damage":22.0,"enemies":"Gremlin Nob","floor":12.0,"turns":4.0},{"damage":5.0,"enemies":"Looter","floor":13.0,"turns":2.0},{"damage":49,"enemies":"Slime Boss","floor":16,"turns":17},{"damage":3,"enemies":"Shell Parasite","floor":18,"turns":5},{"damage":38,"enemies":"Masked Bandits","floor":19,"turns":6},{"damage":16,"enemies":"3 Byrds","floor":21,"turns":4},{"damage":4,"enemies":"Shelled Parasite and Fungi","floor":22,"turns":7},{"damage":30,"enemies":"Snecko","floor":24,"turns":4},{"damage":14,"enemies":"Snake Plant","floor":27,"turns":4},{"damage":18,"enemies":"3 Cultists","floor":30,"turns":5},{"damage":7,"enemies":"Book of Stabbing","floor":31,"turns":5},{"damage":56,"enemies":"Champ","floor":33,"turns":8},{"damage":1,"enemies":"Orb Walker","floor":35,"turns":2},{"damage":21,"enemies":"3 Darklings","floor":36,"turns":4},{"damage":64,"enemies":"2 Orb Walkers","floor":37,"turns":5},{"damage":14,"enemies":"4 Shapes","floor":38,"turns":5},{"damage":5,"enemies":"Mind Bloom Boss Battle","floor":39,"turns":6},{"damage":18,"enemies":"Spire Growth","floor":45,"turns":4},{"damage":65,"enemies":"Nemesis","floor":46,"turns":7},{"damage":41,"enemies":"3 Darklings","floor":48,"turns":5},{"damage":90,"enemies":"Time Eater","floor":50,"turns":7}],"seed_played":"7686563097599678955","potions_obtained":[{"floor":3.0,"key":"SpeedPotion"},{"floor":4.0,"key":"Swift Potion"},{"floor":16,"key":"Dexterity Potion"}],"is_trial":false,"path_per_floor":["M","?","M","M","?","R","E","R","T","E","R","E","M","$","R","B",null,"M","?","$","M","M","R","M","R","T","M","R","$","M","E","R","B",null,"M","M","?","M","?","R","$","?","T","R","M","E","$","M","R","B"],"character_chosen":"IRONCLAD","items_purchased":["Rage","Spot Weakness","Combust","Spot Weakness","Meat on the Bone","Lee\u0027s Waffle"],"campfire_rested":0,"item_purchase_floors":[14,20,20,29,41,47],"current_hp_per_floor":[75,75,81,78,78,78,59,59,59,67,67,51,52,52,61,18,98,98,66,66,56,58,70,46,58,58,50,62,62,50,49,64,14,103,103,88,30,22,23,41,41,90,90,90,78,31,97,62,80,0,0],"gold":88,"neow_bonus":"TEN_PERCENT_HP_BONUS","is_daily":false,"chose_seed":false,"campfire_upgraded":11,"win_rate":0.0,"timestamp":1614126408,"path_taken":["M","?","M","M","?","R","E","R","T","E","R","E","M","?","R","BOSS","M","?","?","?","M","R","M","R","T","M","R","$","?","E","R","BOSS","M","M","?","M","?","R","?","?","T","R","M","E","$","?","R","BOSS"],"items_purchased_type":["Card","Card","Card","Card","Relic","Relic"],"build_version":"2020-12-22","purchased_purges":1,"victory":false,"max_hp_per_floor":[88,88,88,88,88,88,88,88,88,98,98,98,98,98,98,98,98,98,98,98,98,98,98,98,98,98,98,98,98,98,98,98,98,103,103,103,103,103,103,103,103,90,90,90,90,90,97,97,97,97,97],"relic_stats":{"Sozu":10,"Dream Catcher":0,"Lee\u0027s Waffle":66,"Torii":42,"counters":[26,141],"Ornamental Fan":[100],"Eternal Feather":96,"Ginger":[2],"obtain_stats":[{"Lee\u0027s Waffle":47,"Pear":10,"Tiny House":34,"Torii":26,"Eternal Feather":12,"Ginger":39,"Burning Blood":0,"Sozu":17,"Du-Vu Doll":37,"Dream Catcher":43,"Ornamental Fan":9,"Bag of Marbles":7,"Red Mask":19,"Unceasing Top":46,"Paper Frog":31,"Meat on the Bone":41},{"Lee\u0027s Waffle":24,"Pear":5,"Tiny House":17,"Torii":13,"Eternal Feather":6,"Ginger":22,"Burning Blood":0,"Sozu":8,"Du-Vu Doll":20,"Dream Catcher":22,"Ornamental Fan":4,"Bag of Marbles":4,"Red Mask":10,"Unceasing Top":24,"Paper Frog":16,"Meat on the Bone":22},{"Lee\u0027s Waffle":129,"Pear":25,"Tiny House":96,"Torii":74,"Eternal Feather":29,"Ginger":118,"Burning Blood":0,"Sozu":48,"Du-Vu Doll":107,"Dream Catcher":118,"Ornamental Fan":15,"Bag of Marbles":15,"Red Mask":59,"Unceasing Top":129,"Paper Frog":88,"Meat on the Bone":118}],"Burning Blood":142,"Unceasing Top":[3],"Meat on the Bone":12},"card_choices":[{"not_picked":["Heavy Blade","Headbutt"],"picked":"Shrug It Off","floor":1.0},{"not_picked":["Twin Strike","True Grit"],"picked":"Flex","floor":3.0},{"not_picked":["Body Slam","Clash"],"picked":"Armaments","floor":4.0},{"not_picked":["Dark Embrace","Pummel"],"picked":"Disarm","floor":7.0},{"not_picked":["Shrug It Off","Twin Strike","Clash"],"picked":"SKIP","floor":10.0},{"not_picked":["Searing Blow","Havoc","Clash"],"picked":"SKIP","floor":12.0},{"not_picked":["Rage","Anger"],"picked":"Double Tap","floor":13.0},{"not_picked":["Bludgeon","Fiend Fire"],"picked":"Brutality","floor":16},{"not_picked":["Bloodletting","Warcry+1","True Grit+1"],"picked":"SKIP","floor":18},{"not_picked":["Perfected Strike+1","Cleave+1"],"picked":"Battle Trance+1","floor":19},{"not_picked":["Bludgeon","Pommel Strike"],"picked":"Cleave+1","floor":21},{"not_picked":["Anger","Sever Soul"],"picked":"Feel No Pain","floor":22},{"not_picked":["Clash","Cleave+1"],"picked":"Shrug It Off","floor":24},{"not_picked":["Shrug It Off","Carnage+1"],"picked":"Infernal Blade+1","floor":27},{"not_picked":["Wild Strike","Shrug It Off+1"],"picked":"Thunderclap","floor":30},{"not_picked":["Berserk","Cleave"],"picked":"Sword Boomerang","floor":31},{"not_picked":["Double Tap","Brutality"],"picked":"Berserk","floor":33},{"not_picked":["Clothesline","Feel No Pain+1"],"picked":"Headbutt","floor":34},{"not_picked":["Sever Soul+1","Rampage"],"picked":"Uppercut","floor":35},{"not_picked":["Rampage","Wild Strike+1"],"picked":"Battle Trance","floor":36},{"not_picked":["Sentinel+1","Disarm+1","Blood for Blood"],"picked":"SKIP","floor":38},{"not_picked":["Uppercut+1","Twin Strike+1"],"picked":"Heavy Blade+1","floor":39},{"not_picked":["Sentinel+1","Ghostly Armor","Fire Breathing+1"],"picked":"SKIP","floor":45},{"not_picked":["Dark Embrace","Clothesline"],"picked":"Evolve","floor":46},{"not_picked":["Clothesline+1","Heavy Blade"],"picked":"Iron Wave+1","floor":48}],"player_experience":125215,"relics_obtained":[{"floor":7.0,"key":"Bag of Marbles"},{"floor":9.0,"key":"Ornamental Fan"},{"floor":10.0,"key":"Pear"},{"floor":12.0,"key":"Eternal Feather"},{"floor":19,"key":"Red Mask"},{"floor":26,"key":"Torii"},{"floor":31,"key":"Paper Frog"},{"floor":37,"key":"Du-Vu Doll"},{"floor":39,"key":"Ginger"},{"floor":43,"key":"Dream Catcher"},{"floor":46,"key":"Unceasing Top"}],"event_choices":[{"cards_removed":["Strike_R"],"damage_healed":0.0,"max_hp_gain":0.0,"max_hp_loss":0.0,"gold_gain":0.0,"event_name":"The Cleric","player_choice":"Card Removal","floor":2.0,"gold_loss":50.0,"damage_taken":0.0},{"damage_healed":0.0,"max_hp_gain":0.0,"max_hp_loss":0.0,"gold_gain":0.0,"event_name":"Living Wall","player_choice":"Grow","floor":5.0,"gold_loss":0.0,"damage_taken":0.0,"cards_upgraded":["Armaments"]},{"damage_healed":0,"gold_gain":0,"player_choice":"Fought Bandits","damage_taken":0,"max_hp_gain":0,"max_hp_loss":0,"event_name":"Masked Bandits","floor":19,"gold_loss":0},{"damage_healed":0,"gold_gain":0,"player_choice":"Fight","damage_taken":0,"max_hp_gain":0,"max_hp_loss":0,"event_name":"Mysterious Sphere","floor":37,"gold_loss":0},{"damage_healed":0,"gold_gain":0,"player_choice":"Fight","damage_taken":0,"max_hp_gain":0,"max_hp_loss":0,"event_name":"MindBloom","floor":39,"gold_loss":0},{"damage_healed":90,"gold_gain":0,"player_choice":"Heal","damage_taken":0,"max_hp_gain":0,"max_hp_loss":13,"event_name":"The Moai Head","floor":42,"gold_loss":0}],"is_beta":false,"boss_relics":[{"not_picked":["Philosopher\u0027s Stone","Busted Crown"],"picked":"Sozu"},{"not_picked":["Calling Bell","Velvet Choker"],"picked":"Tiny House"}],"items_purged_floors":[29],"is_endless":false,"potions_floor_spawned":[3,4,16,19,24,30,31,35,36,39,45,46],"killed_by":"Time Eater","ascension_level":0}}