{"host":"eydwxg59205c3vtl","time":1614143128,"event":{"mods":["2.2 Compatiblity","BaseMod","Colored Map","Colored Powertips","Hubris","Minty Spire (QoL Compilation)","StSLib","The Jungle","The Necromancer"],"gold_per_floor":[110,129,146,146,161,190,201,227,227,227,245,245,170,170,170,246,246,264,264,189,204,36,36,36,36,36,47,47,97,110,110,189,189,202,37,362,362,362,388,411,411,443,461,475,475,475],"floor_reached":50,"language":"ENG","playtime":2000,"items_purged":["Strike_W"],"score":1369,"play_id":"10de805b-6c51-489e-b67a-aead537e8eb0","local_time":"20210224000528","is_ascension_mode":true,"campfire_choices":[{"data":"Siphon_Strength","floor":10.0,"key":"SMITH"},{"data":"Negative_Energy_Mist","floor":12.0,"key":"SMITH"},{"data":"Regret","floor":15.0,"key":"PURGE"},{"data":"Siphon_Strength","floor":23.0,"key":"SMITH"},{"data":"Negative_Energy_Mist","floor":25.0,"key":"SMITH"},{"floor":32.0,"key":"REST"},{"data":"1","floor":40.0,"key":"LIFT"},{"floor":48,"key":"REST"}],"circlet_count":0,"master_deck":["AscendersBane","Defend_W","Defend_W","Defend_W","Defend_W","Negative_Energy_Arrows","Bone_Wall","Negative_Energy_Mist+1","Bone_Bullets","Siphon_Strength+1","Vampiric_Strike","Shade_Step","Thousand_Bone_Knives","Negative_Energy_Mist+1","Negative_Energy_Bomb","Siphon_Strength+1","Scare+1","Bone_Prison","Hellfire","Negative_Energy_Javelin","Grasp_Heart","Necrotic_Claws","Bone_Bullets","Necrotic_Claws","Negative_Energy_Javelin+1"],"relics":["Vampire_Amulet","FossilizedHelix","HornCleat","hubris:Teleporter","Peace Pipe","Calipers","Philosopher\u0027s Stone","Bronze Scales","Question Card","Gremlin Horn","Girya","SacredBark","Old Coin","hubris:Towel","hubris:GlazedTorus","Blood Vial","Vajra"],"acts_visited":["Exordium","TheCity","TheBeyond"],"potions_floor_usage":[47,49],"damage_taken":[{"damage":0.0,"enemies":"Small Slimes","floor":1.0,"turns":4.0},{"damage":11.0,"enemies":"Cultist","floor":2.0,"turns":5.0},{"damage":0.0,"enemies":"2 Louse","floor":3.0,"turns":4.0},{"damage":4.0,"enemies":"Looter","floor":5.0,"turns":4.0},{"damage":18.0,"enemies":"Gremlin Nob","floor":6.0,"turns":4.0},{"damage":0.0,"enemies":"Blue Slaver","floor":7.0,"turns":4.0},{"damage":18.0,"enemies":"3 Sentries","floor":8.0,"turns":9.0},{"damage":6.0,"enemies":"3 Louse","floor":11.0,"turns":4.0},{"damage":14.0,"enemies":"Slime Boss","floor":16.0,"turns":8.0},{"damage":0.0,"enemies":"2 Thieves","floor":18.0,"turns":3.0},{"damage":10.0,"enemies":"Spheric Guardian","floor":21.0,"turns":5.0},{"damage":0.0,"enemies":"Snecko","floor":28.0,"turns":6.0},{"damage":0.0,"enemies":"Cultist and Chosen","floor":31.0,"turns":6.0},{"damage":15.0,"enemies":"Collector","floor":33.0,"turns":9.0},{"damage":0.0,"enemies":"Orb Walker","floor":35.0,"turns":4.0},{"damage":0.0,"enemies":"Mind Bloom Boss Battle","floor":37.0,"turns":5.0},{"damage":22.0,"enemies":"Giant Head","floor":41.0,"turns":7.0},{"damage":15.0,"enemies":"Nemesis","floor":45.0,"turns":9.0},{"damage":0.0,"enemies":"3 Shapes","floor":46.0,"turns":3.0},{"damage":0,"enemies":"Sphere and 2 Shapes","floor":47,"turns":5},{"damage":61,"enemies":"hubris:GrandSnecko","floor":49,"turns":10}],"seed_played":"1984332543015727727","potions_obtained":[{"floor":1.0,"key":"PowerPotion"},{"floor":5.0,"key":"GamblersBrew"},{"floor":8.0,"key":"FearPotion"},{"floor":18.0,"key":"Explosive Potion"},{"floor":31.0,"key":"SpeedPotion"},{"floor":33.0,"key":"Swift Potion"},{"floor":41.0,"key":"EssenceOfSteel"},{"floor":46.0,"key":"ColorlessPotion"}],"is_trial":false,"path_per_floor":["M","M","M","?","M","E","M","E","T","R","M","R","$","?","R","B",null,"M","?","?","M","$","R","R","T","?","M","$","?","M","R","B",null,"M","$","?","?","R","E","T","?","E","M","M","R","B",null],"character_chosen":"NECROMANCER","items_purchased":["Bronze Scales","Gremlin Horn","Girya","Grasp_Heart"],"campfire_rested":2,"item_purchase_floors":[22,29,29,36],"current_hp_per_floor":[50,41,45,45,43,27,30,22,22,22,24,24,24,24,24,24,59,65,65,65,57,57,57,57,57,57,59,22,22,34,55,54,67,71,71,71,71,71,51,51,51,40,48,56,67,10],"gold":475,"neow_bonus":"ONE_RARE_RELIC","is_daily":false,"chose_seed":false,"campfire_upgraded":4,"win_rate":0.0,"timestamp":1614143128,"path_taken":["M","M","M","?","M","E","?","E","T","R","?","R","$","?","R","BOSS","M","?","?","M","$","R","R","T","?","?","?","?","?","R","BOSS","M","$","?","?","R","E","T","?","E","M","?","R","BOSS"],"items_purchased_type":["Relic","Relic","Relic","Card"],"build_version":"2020-12-22","purchased_purges":1,"victory":true,"max_hp_per_floor":[71,71,71,71,71,71,71,71,71,71,71,71,71,71,71,71,71,71,71,71,71,71,71,71,71,71,71,71,71,71,71,71,71,71,71,71,71,71,71,71,67,67,67,67,67,67],"card_choices":[{"not_picked":["Blood_for_Blood","Death_Coil"],"picked":"Negative_Energy_Mist","floor":1.0},{"not_picked":["Whirlwind_of_Bones","Bone_Spikes"],"picked":"Bone_Bullets","floor":2.0},{"not_picked":["Necrotic_Claws","Flesh_Made_Foul"],"picked":"Siphon_Strength","floor":3.0},{"not_picked":["Bone_Armor","Pandemic","Bone_Spikes"],"picked":"SKIP","floor":5.0},{"not_picked":["Negative_Energy_Sphere","Blood_Whip"],"picked":"Vampiric_Strike","floor":6.0},{"not_picked":["Shackles_Of_Pain","Life_Tap"],"picked":"Shade_Step","floor":7.0},{"not_picked":["Requiem","Blood_Is_Power"],"picked":"Thousand_Bone_Knives","floor":8.0},{"not_picked":["Scare","Bone_Armor"],"picked":"Negative_Energy_Mist","floor":11.0},{"not_picked":["Summon_Vampire_Lady","Cloudkill"],"picked":"Negative_Energy_Bomb","floor":16.0},{"not_picked":["Finger_Of_Death+1","Uncharnel"],"picked":"Siphon_Strength","floor":18.0},{"not_picked":["Blood_Curse","Bone_Armor"],"picked":"Scare+1","floor":21.0},{"not_picked":["Blood_Magic","Bones_to_Steel","Finger_Of_Death"],"picked":"Bone_Prison","floor":28.0},{"not_picked":["Toxic_Smoke_Screen","Blood_Is_Power","Death_Coil","Blood_for_Blood"],"picked":"SKIP","floor":31.0},{"not_picked":["Skeleton_Dragon","Requiem","Blood_Magic"],"picked":"Hellfire","floor":33.0},{"not_picked":["Vampiric_Strike","Scare","Blood_Whip"],"picked":"Negative_Energy_Javelin","floor":35.0},{"not_picked":["Life_Drain","Bone_Spikes","Negative_Energy_Mist+1"],"picked":"Necrotic_Claws","floor":37.0},{"not_picked":["Vampiric_Strike","Grasp_Heart","Deaths_Shadow"],"picked":"Bone_Bullets","floor":41.0},{"not_picked":["Slay_Living+1","Blood_Whip","Blood_Magic","Strike_from_Beyond"],"picked":"SKIP","floor":45.0},{"not_picked":["Bones_to_Steel+1","Negative_Energy_Javelin","Death_Coil"],"picked":"Necrotic_Claws","floor":46.0},{"not_picked":["Blood_Whip+1","Vampiric_Strike+1","Finger_Of_Death"],"picked":"Negative_Energy_Javelin+1","floor":47}],"player_experience":631345,"relics_obtained":[{"floor":6.0,"key":"HornCleat"},{"floor":8.0,"key":"hubris:Teleporter"},{"floor":9.0,"key":"Peace Pipe"},{"floor":26.0,"key":"Question Card"},{"floor":37.0,"key":"Old Coin"},{"floor":41.0,"key":"hubris:GlazedTorus"},{"floor":43.0,"key":"Blood Vial"},{"floor":45.0,"key":"Vajra"}],"event_choices":[{"cards_removed":["Strike_W"],"damage_healed":0.0,"max_hp_gain":0.0,"max_hp_loss":0.0,"gold_gain":0.0,"event_name":"Purifier","player_choice":"Purged","floor":4.0,"gold_loss":0.0,"damage_taken":0.0},{"damage_healed":0.0,"max_hp_gain":0.0,"max_hp_loss":0.0,"gold_gain":0.0,"event_name":"Big Fish","player_choice":"Box","floor":14.0,"gold_loss":0.0,"damage_taken":0.0,"relics_obtained":["Calipers"],"cards_obtained":["Regret"]},{"cards_removed":["Strike_W"],"damage_healed":0.0,"max_hp_gain":0.0,"max_hp_loss":0.0,"gold_gain":0.0,"event_name":"Beggar","player_choice":"Gave Gold","floor":20.0,"gold_loss":75.0,"damage_taken":0.0},{"cards_removed":["Strike_W"],"damage_healed":0.0,"max_hp_gain":0.0,"max_hp_loss":0.0,"gold_gain":0.0,"event_name":"Purifier","player_choice":"Purged","floor":27.0,"gold_loss":0.0,"damage_taken":0.0},{"damage_healed":0.0,"max_hp_gain":0.0,"max_hp_loss":0.0,"gold_gain":50.0,"event_name":"Golden Shrine","player_choice":"Pray","floor":30.0,"gold_loss":0.0,"damage_taken":0.0},{"damage_healed":0.0,"max_hp_gain":0.0,"max_hp_loss":0.0,"gold_gain":0.0,"event_name":"MindBloom","player_choice":"Fight","floor":37.0,"gold_loss":0.0,"damage_taken":0.0},{"damage_healed":0.0,"max_hp_gain":0.0,"max_hp_loss":4.0,"gold_gain":0.0,"event_name":"Winding Halls","player_choice":"Max HP","floor":44.0,"gold_loss":0.0,"damage_taken":0.0}],"is_beta":false,"boss_relics":[{"not_picked":["hubris:ScarierMask","hubris:RunicObelisk"],"picked":"Philosopher\u0027s Stone"},{"not_picked":["Velvet Choker","Empty Cage"],"picked":"SacredBark"}],"items_purged_floors":[13],"is_endless":false,"potions_floor_spawned":[1,5,8,18,31,33,41,46],"ascension_level":18}}