{"host":"gkm149kh1ihaqy0o","time":1614144832,"event":{"mods":["AchievementEnabler","BaseMod","Colored Powertips","Curses Come First","Dark Map","Key Reminder","Minty Spire (QoL Compilation)","Permanent Neow","Quick Restart","Random Character Button","Rare Cards Sparkle","Relic Sorter","Relic Stats","StSLib","SuperFastMode","Unceasing Turn Reminder","everything is the same but u backflip on backflip"],"gold_per_floor":[113,133,145,156,81,108,108,121,121,136,152,177,188,204,204,282,282,302,322,322,322,333,333,346,366,366,366,366,399,419,11,11,84,84,103,103,24,24,0,28,28,60,60,73,87,87,101,120,120,120],"floor_reached":51,"language":"ENG","playtime":1937,"items_purged":["Strike_R"],"score":1352,"play_id":"dfcf30a3-ebc2-4f21-902a-72e9c2a9a963","local_time":"20210223233352","is_ascension_mode":true,"campfire_choices":[{"data":"Pommel Strike","floor":7,"key":"SMITH"},{"data":"Shockwave","floor":15,"key":"SMITH"},{"floor":23,"key":"REST"},{"floor":28,"key":"REST"},{"data":"Rupture","floor":32,"key":"SMITH"},{"floor":41,"key":"REST"},{"floor":46,"key":"REST"},{"floor":49,"key":"REST"}],"circlet_count":0,"master_deck":["AscendersBane","Strike_R+1","Defend_R+1","Defend_R+1","Defend_R+1","Defend_R+1","Bash","Pummel","Hemokinesis","Reckless Charge","Combust","Pommel Strike+1","Anger","Anger","Rage","Inflame","Anger","Whirlwind","Shockwave+1","Feed","Spot Weakness+1","Shrug It Off","Fiend Fire+1","Rupture+1","Corruption","CurseOfTheBell","Heavy Blade+1","Dark Embrace","Madness","Reaper+1","Uppercut+1","Flame Barrier+1"],"relics":["Burning Blood","Red Skull","Blue Candle","Anchor","Philosopher\u0027s Stone","Molten Egg 2","MealTicket","Vajra","Bronze Scales","Calling Bell","Juzu Bracelet","Letter Opener","Torii","Red Mask","Shovel","White Beast Statue","PreservedInsect"],"acts_visited":["Exordium","TheCity","TheBeyond"],"potions_floor_usage":[2,4,6,13,29,35,40,40,42,47,48,50,50],"damage_taken":[{"damage":2,"enemies":"Cultist","floor":1,"turns":3},{"damage":4,"enemies":"2 Louse","floor":2,"turns":3},{"damage":8,"enemies":"Small Slimes","floor":3,"turns":3},{"damage":8,"enemies":"Looter","floor":4,"turns":2},{"damage":26,"enemies":"3 Sentries","floor":6,"turns":6},{"damage":16,"enemies":"Blue Slaver","floor":8,"turns":3},{"damage":3,"enemies":"3 Louse","floor":10,"turns":2},{"damage":8,"enemies":"2 Fungi Beasts","floor":11,"turns":3},{"damage":5,"enemies":"Gremlin Gang","floor":13,"turns":3},{"damage":2,"enemies":"Looter","floor":14,"turns":2},{"damage":38,"enemies":"The Guardian","floor":16,"turns":7},{"damage":12,"enemies":"2 Thieves","floor":18,"turns":3},{"damage":9,"enemies":"Shell Parasite","floor":19,"turns":3},{"damage":10,"enemies":"3 Cultists","floor":22,"turns":4},{"damage":39,"enemies":"Sentry and Sphere","floor":24,"turns":5},{"damage":1,"enemies":"Chosen and Byrds","floor":25,"turns":4},{"damage":11,"enemies":"Gremlin Leader","floor":29,"turns":4},{"damage":15,"enemies":"Snake Plant","floor":30,"turns":4},{"damage":81,"enemies":"Champ","floor":33,"turns":7},{"damage":29,"enemies":"3 Shapes","floor":35,"turns":4},{"damage":29,"enemies":"Reptomancer","floor":40,"turns":4},{"damage":30,"enemies":"Nemesis","floor":42,"turns":7},{"damage":14,"enemies":"Orb Walker","floor":44,"turns":3},{"damage":46,"enemies":"4 Shapes","floor":45,"turns":8},{"damage":57,"enemies":"Sphere and 2 Shapes","floor":47,"turns":8},{"damage":9,"enemies":"Jaw Worm Horde","floor":48,"turns":3},{"damage":119,"enemies":"Awakened One","floor":50,"turns":8}],"seed_played":"-1455869381925826610","potions_obtained":[{"floor":1,"key":"EssenceOfSteel"},{"floor":3,"key":"Explosive Potion"},{"floor":4,"key":"AttackPotion"},{"floor":8,"key":"Dexterity Potion"},{"floor":11,"key":"FairyPotion"},{"floor":22,"key":"Weak Potion"},{"floor":24,"key":"SkillPotion"},{"floor":33,"key":"Explosive Potion"},{"floor":35,"key":"PowerPotion"},{"floor":36,"key":"CultistPotion"},{"floor":40,"key":"Dexterity Potion"},{"floor":44,"key":"BloodPotion"},{"floor":45,"key":"LiquidBronze"},{"floor":47,"key":"Fire Potion"},{"floor":48,"key":"FearPotion"}],"is_trial":false,"path_per_floor":["M","M","M","M","$","E","R","M","T","M","M","T","M","M","R","B",null,"M","M","?","?","M","R","M","M","T","?","R","E","M","$","R","B",null,"M","?","$","?","?","E","R","E","T","M","M","R","M","M","R","B",null],"character_chosen":"IRONCLAD","items_purchased":["Vajra","Bronze Scales","Rupture","Dark Embrace"],"campfire_rested":5,"item_purchase_floors":[31,31,31,37],"current_hp_per_floor":[68,68,66,64,64,44,44,34,34,37,35,35,36,40,40,8,53,50,50,50,50,49,72,39,47,47,47,71,66,57,72,72,30,68,48,48,63,63,63,40,64,68,68,60,28,53,20,47,73,8],"gold":120,"neow_bonus":"TRANSFORM_TWO_CARDS","is_daily":false,"chose_seed":false,"campfire_upgraded":3,"win_rate":0.0,"timestamp":1614144832,"path_taken":["M","M","M","M","$","E","R","M","T","?","M","?","?","M","R","BOSS","M","?","?","?","?","R","M","M","T","?","R","E","M","?","R","BOSS","M","?","?","?","?","E","R","E","T","M","M","R","M","M","R","BOSS"],"items_purchased_type":["Relic","Relic","Card","Card"],"build_version":"2020-12-22","purchased_purges":1,"victory":true,"max_hp_per_floor":[68,68,68,68,68,68,68,68,68,68,68,68,68,68,68,68,68,71,74,74,74,77,77,77,80,80,80,80,80,80,80,80,80,80,83,83,83,83,83,83,83,83,83,83,86,86,89,89,89,89],"relic_stats":{"Shovel":0,"Torii":15,"counters":[27,116],"Blue Candle":[10],"Bronze Scales":[118],"MealTicket":30,"PreservedInsect":0,"Juzu Bracelet":0,"Letter Opener":[76],"obtain_stats":[{"Torii":34,"Blue Candle":9,"Vajra":31,"PreservedInsect":43,"Juzu Bracelet":34,"Letter Opener":34,"Burning Blood":0,"White Beast Statue":42,"Calling Bell":34,"Anchor":12,"Shovel":40,"Bronze Scales":31,"Philosopher\u0027s Stone":17,"Molten Egg 2":26,"MealTicket":29,"Red Mask":39,"Red Skull":6},{"Torii":19,"Blue Candle":6,"Vajra":18,"PreservedInsect":22,"Juzu Bracelet":19,"Letter Opener":19,"Burning Blood":0,"White Beast Statue":22,"Calling Bell":19,"Anchor":8,"Shovel":21,"Bronze Scales":18,"Philosopher\u0027s Stone":11,"Molten Egg 2":16,"MealTicket":17,"Red Mask":20,"Red Skull":5},{"Torii":71,"Blue Candle":20,"Vajra":64,"PreservedInsect":86,"Juzu Bracelet":71,"Letter Opener":71,"Burning Blood":0,"White Beast Statue":86,"Calling Bell":71,"Anchor":25,"Shovel":79,"Bronze Scales":64,"Philosopher\u0027s Stone":37,"Molten Egg 2":56,"MealTicket":60,"Red Mask":75,"Red Skull":17}],"Burning Blood":156},"card_choices":[{"not_picked":["Thunderclap","Body Slam"],"picked":"Reckless Charge","floor":1},{"not_picked":["Cleave","Perfected Strike"],"picked":"Combust","floor":2},{"not_picked":["Bloodletting","Cleave"],"picked":"Pommel Strike","floor":3},{"not_picked":["Infernal Blade","Cleave"],"picked":"Anger","floor":4},{"not_picked":["Shockwave","Cleave"],"picked":"Anger","floor":6},{"not_picked":["Feel No Pain","Disarm"],"picked":"Rage","floor":8},{"not_picked":["Iron Wave","Bloodletting"],"picked":"Inflame","floor":10},{"not_picked":["Second Wind","Barricade"],"picked":"Anger","floor":11},{"not_picked":["Twin Strike","Clothesline"],"picked":"Whirlwind","floor":13},{"not_picked":["Headbutt","Body Slam"],"picked":"Shockwave","floor":14},{"not_picked":["Bludgeon","Barricade"],"picked":"Feed","floor":16},{"not_picked":["Dark Embrace","Cleave","Flex"],"picked":"SKIP","floor":18},{"not_picked":["Power Through","Heavy Blade+1","Iron Wave"],"picked":"SKIP","floor":19},{"not_picked":["Clash","Sword Boomerang","Thunderclap"],"picked":"SKIP","floor":22},{"not_picked":["True Grit","Carnage"],"picked":"Spot Weakness+1","floor":24},{"not_picked":["Rage","Berserk"],"picked":"Shrug It Off","floor":25},{"not_picked":["Thunderclap+1","Armaments","Shrug It Off"],"picked":"SKIP","floor":29},{"not_picked":["Havoc","Pummel+1","Headbutt+1"],"picked":"SKIP","floor":30},{"not_picked":["Juggernaut","Bludgeon+1"],"picked":"Corruption","floor":33},{"not_picked":["Sword Boomerang+1","Shockwave"],"picked":"Heavy Blade+1","floor":35},{"not_picked":["Trip","Secret Technique"],"picked":"Madness","floor":38},{"not_picked":["Seeing Red","Body Slam+1"],"picked":"Reaper+1","floor":40},{"not_picked":["Seeing Red","Clothesline+1"],"picked":"Uppercut+1","floor":42},{"not_picked":["Sever Soul+1","Warcry","Wild Strike+1"],"picked":"SKIP","floor":44},{"not_picked":["Power Through+1","Sword Boomerang+1","Body Slam+1"],"picked":"SKIP","floor":45},{"not_picked":["Berserk","Warcry","Whirlwind+1"],"picked":"SKIP","floor":47},{"not_picked":["Clash+1","Sever Soul+1"],"picked":"Flame Barrier+1","floor":48}],"player_experience":662912,"relics_obtained":[{"floor":6,"key":"Red Skull"},{"floor":9,"key":"Blue Candle"},{"floor":12,"key":"Anchor"},{"floor":26,"key":"Molten Egg 2"},{"floor":29,"key":"MealTicket"},{"floor":34,"key":"Juzu Bracelet"},{"floor":34,"key":"Letter Opener"},{"floor":34,"key":"Torii"},{"floor":40,"key":"Shovel"},{"floor":42,"key":"White Beast Statue"},{"floor":43,"key":"PreservedInsect"}],"event_choices":[{"damage_healed":0,"gold_gain":0,"player_choice":"Simplicity","damage_taken":0,"max_hp_gain":0,"max_hp_loss":0,"event_name":"Back to Basics","floor":20,"gold_loss":0,"cards_upgraded":["Strike_R","Strike_R","Defend_R","Defend_R","Defend_R","Defend_R"]},{"damage_healed":0,"gold_gain":0,"player_choice":"Ignored","damage_taken":0,"max_hp_gain":0,"max_hp_loss":0,"event_name":"N\u0027loth","floor":21,"gold_loss":0},{"damage_healed":0,"gold_gain":0,"cards_transformed":["Strike_R"],"player_choice":"Transformed","damage_taken":0,"max_hp_gain":0,"max_hp_loss":0,"event_name":"Transmorgrifier","floor":27,"gold_loss":0,"cards_obtained":["Fiend Fire"]},{"damage_healed":0,"gold_gain":0,"player_choice":"Got Potions","damage_taken":0,"max_hp_gain":0,"max_hp_loss":0,"event_name":"Lab","floor":36,"gold_loss":0},{"damage_healed":0,"gold_gain":0,"player_choice":"Memory 1","damage_taken":0,"max_hp_gain":0,"max_hp_loss":0,"event_name":"SensoryStone","floor":38,"gold_loss":0},{"damage_healed":0,"gold_gain":0,"player_choice":"Paid","damage_taken":0,"relics_obtained":["Red Mask"],"max_hp_gain":0,"max_hp_loss":0,"event_name":"Tomb of Lord Red Mask","floor":39,"gold_loss":24}],"is_beta":false,"boss_relics":[{"not_picked":["Cursed Key","Mark of Pain"],"picked":"Philosopher\u0027s Stone"},{"not_picked":["SacredBark","Runic Dome"],"picked":"Calling Bell"}],"items_purged_floors":[5],"is_endless":false,"potions_floor_spawned":[1,3,4,8,11,22,24,33,35,40,44,45,47,48],"ascension_level":18}}