{"host":"zdahj580pq9zy75i","time":1614204726,"event":{"mods":["AchievementEnabler","BaseMod","Bestiary","Colored Map","Minty Spire (QoL Compilation)","Relic Stats","StSLib","ojb\u0027s Info Mod: The sequel"],"gold_per_floor":[13,24,24,42,42,82,82,118,199,232,232,250,18,34,34,129,129,150,150,150,150],"floor_reached":20,"language":"ENG","playtime":948,"items_purged":["Strike_R"],"score":384,"play_id":"39f91da0-cad9-4e46-882d-bf4d985b9bb7","local_time":"20210224171206","is_ascension_mode":true,"campfire_choices":[{"data":"Whirlwind","floor":7.0,"key":"SMITH"},{"data":"True Grit","floor":15.0,"key":"SMITH"}],"circlet_count":0,"master_deck":["AscendersBane","Strike_R","Strike_R","Defend_R","Defend_R","Defend_R","Defend_R","Bash","Whirlwind+1","Pommel Strike","Disarm","Dropkick","True Grit+1","Disarm","Metallicize","Dropkick","Fiend Fire+1"],"relics":["Burning Blood","Golden Idol","Calipers","Regal Pillow","Paper Frog","Gremlin Horn","Black Star"],"acts_visited":["Exordium","TheCity"],"potions_floor_usage":[16],"damage_taken":[{"damage":3.0,"enemies":"2 Louse","floor":1.0,"turns":3.0},{"damage":7.0,"enemies":"Small Slimes","floor":2.0,"turns":8.0},{"damage":7.0,"enemies":"Cultist","floor":4.0,"turns":4.0},{"damage":32.0,"enemies":"Gremlin Nob","floor":6.0,"turns":4.0},{"damage":10.0,"enemies":"3 Sentries","floor":8.0,"turns":2.0},{"damage":21.0,"enemies":"Lagavulin","floor":10.0,"turns":5.0},{"damage":7.0,"enemies":"Large Slime","floor":12.0,"turns":9.0},{"damage":5.0,"enemies":"2 Fungi Beasts","floor":14.0,"turns":4.0},{"damage":14,"enemies":"The Guardian","floor":16,"turns":11},{"damage":26,"enemies":"3 Byrds","floor":18,"turns":6},{"damage":43,"enemies":"Spheric Guardian","floor":20,"turns":5}],"seed_played":"6727603985850833199","potions_obtained":[{"floor":1.0,"key":"LiquidMemories"},{"floor":4.0,"key":"PowerPotion"},{"floor":6.0,"key":"Weak Potion"},{"floor":10.0,"key":"Fire Potion"},{"floor":18,"key":"Fruit Juice"}],"is_trial":false,"path_per_floor":["M","M","?","M","?","E","R","E","T","E","?","M","$","M","R","B",null,"M","?","M"],"character_chosen":"IRONCLAD","items_purchased":["Metallicize","DuplicationPotion"],"campfire_rested":0,"item_purchase_floors":[13,13],"current_hp_per_floor":[71,70,68,67,67,41,41,37,37,22,22,21,21,22,22,14,55,35,35,0,0],"gold":150,"neow_bonus":"REMOVE_TWO","is_daily":false,"chose_seed":false,"campfire_upgraded":2,"win_rate":0.0,"timestamp":1614204726,"path_taken":["M","M","?","M","?","E","R","E","T","E","?","M","$","M","R","BOSS","M","?","M"],"items_purchased_type":["Card","Potion"],"build_version":"2020-12-22","purchased_purges":1,"victory":false,"max_hp_per_floor":[75,75,68,68,68,68,68,68,68,68,68,68,68,68,68,68,68,68,68,68,68],"relic_stats":{"Regal Pillow":0,"Gremlin Horn":[3,3],"counters":[11,61],"Golden Idol":56,"Black Star":0,"obtain_stats":[{"Regal Pillow":8,"Calipers":6,"Gremlin Horn":10,"Golden Idol":3,"Black Star":17,"Burning Blood":0,"Paper Frog":9},{"Regal Pillow":5,"Calipers":4,"Gremlin Horn":6,"Golden Idol":2,"Black Star":9,"Burning Blood":0,"Paper Frog":5},{"Regal Pillow":21,"Calipers":19,"Gremlin Horn":26,"Golden Idol":11,"Black Star":50,"Burning Blood":0,"Paper Frog":21}],"Burning Blood":60},"card_choices":[{"not_picked":["Entrench","Heavy Blade","Evolve"],"picked":"SKIP","floor":1.0},{"not_picked":["Combust","Shrug It Off"],"picked":"Whirlwind","floor":2.0},{"not_picked":["Dual Wield","Wild Strike"],"picked":"Pommel Strike","floor":4.0},{"not_picked":["Heavy Blade","Entrench"],"picked":"Disarm","floor":6.0},{"not_picked":["Power Through","Body Slam"],"picked":"Dropkick","floor":8.0},{"not_picked":["Warcry","Power Through"],"picked":"True Grit","floor":10.0},{"not_picked":["Perfected Strike","Flex"],"picked":"Disarm","floor":12.0},{"not_picked":["Flex","Intimidate"],"picked":"Dropkick","floor":14.0},{"not_picked":["Exhume","Bludgeon"],"picked":"Fiend Fire","floor":16},{"not_picked":["Pommel Strike","Warcry","Clash"],"picked":"SKIP","floor":18}],"player_experience":803576,"relics_obtained":[{"floor":6.0,"key":"Calipers"},{"floor":8.0,"key":"Regal Pillow"},{"floor":9.0,"key":"Paper Frog"},{"floor":10.0,"key":"Gremlin Horn"}],"event_choices":[{"damage_healed":0.0,"max_hp_gain":0.0,"max_hp_loss":7.0,"gold_gain":0.0,"event_name":"Golden Idol","player_choice":"Lose Max HP","floor":3.0,"gold_loss":0.0,"damage_taken":0.0,"relics_obtained":["Golden Idol"]},{"damage_healed":0.0,"max_hp_gain":0.0,"max_hp_loss":0.0,"gold_gain":0.0,"event_name":"The Cleric","player_choice":"Leave","floor":5.0,"gold_loss":0.0,"damage_taken":0.0},{"damage_healed":0.0,"max_hp_gain":0.0,"max_hp_loss":0.0,"gold_gain":0.0,"event_name":"Shining Light","player_choice":"Ignored","floor":11.0,"gold_loss":0.0,"damage_taken":0.0},{"damage_healed":0,"gold_gain":0,"player_choice":"Upgraded","damage_taken":0,"max_hp_gain":0,"max_hp_loss":0,"event_name":"Upgrade Shrine","floor":19,"gold_loss":0,"cards_upgraded":["Fiend Fire"]}],"is_beta":false,"boss_relics":[{"not_picked":["Snecko Eye","Empty Cage"],"picked":"Black Star"}],"items_purged_floors":[13],"is_endless":false,"potions_floor_spawned":[1,4,6,10,14,18],"killed_by":"Spheric Guardian","ascension_level":20}}