{"host":"u6i4tuckh9ieu6fx","time":1614132222,"event":{"mods":["100% Spire Juice","ATMod(阿瑾Mod)","Act Like it!","Arknights","Ascension Reborn","Aspiration","Bard","BaseMod","Better Vampires","Chen","Colored Powertips","Conspire","Decade(王小明)","Dota2Spire","Downfall","Gensokyo","GifTheSpireLib","Highlight Path","Jedi Mod","Jorbs\u0027s Wanderer Trilogy","KinomotoSakuraMod(木之本樱)","Koishi","KomeijiMod","LagranYue(拉格朗・月)","Library of Ruina","Lobotomy","LobotomyExtend","Luminous","Marisa（F雨　魔理沙）","Minty Spire (QoL Compilation)","MostiFishMod","Reimu（博丽灵梦）","Reliquary","Remilia（蕾米莉亚）","RumiaBox-露米娅的神秘盒子","SIMod","StSLib","Td1madao Mod","TestMod","The Animator","The Bug Knight","The Kombatant","The Marked","WarShipGirlsR/战舰少女R mod","Yuyuko","[GremlinLeader]The Maniac","[IsaacMod]以撒尖塔","【功能Mod】混沌之环修复补丁","【遗物卡牌】REMEMod","篝火指南"],"gold_per_floor":[117,117,117,117,38,86,112,140,163,163,163,52,24,70,70,193,193,224,372,372,372],"floor_reached":20,"language":"ZHS","playtime":1555,"items_purged":[],"score":226,"play_id":"97b6fddd-e730-41e1-a706-2af44ffb1ef6","local_time":"20210224100342","is_ascension_mode":true,"campfire_choices":[{"floor":11,"key":"RECALL"},{"data":"EpicFetus","floor":15,"key":"SMITH"}],"circlet_count":0,"master_deck":["Chen:Strike","Chen:Strike","Chen:Strike","Chen:Strike","Chen:Strike","Chen:Defend","Chen:PounceTurnTail","Chen:GlitterPoke","EpicFetus+1","ReincarnationDial","AT_ShrugMaster","OSAHOGD","Chen:Impale","MostiFishMod:SpreadingSpore","Catalyst","Blur","OldLady","Chen:Honk","MeatLantern","Chen:Scratch","Chen:Deceitful","BeautyBeast","Chen:Catseye","LongBird","Chen:Shapeshift","Chen:Panic","VoidDream","WallGazer","Chen:Instinct"],"relics":["Chen:Catnip","HushsDoor","testmod-TestBox","AT_ATBox","REME_ComplimentaryCards","DaveBox","LagranYue:RandomDrawCardRelic","CogitoBucket","testmod-EqualTreatment","EGODaCapo","SteamSale","SynthV:TestCard","LetterFromLob","Mango","Gensokyo:CelestialsFlawlessClothing","CeramicFish","PageOfLittleHelper","HollowMod:PaleOreRelic","Dota2Spire:ShadowBlade","ChiXiaoBlade","AdjustmentMirror","Peace Pipe","Dota2Spire:HandOfMidas","AnarchistCookbook","Dota2Spire:Mjollnir","HonorFeather"],"acts_visited":["Gensokyo:Gensokyo","Gensokyo:Gensokyoer"],"potions_floor_usage":[14,20],"damage_taken":[{"damage":5,"enemies":"Gensokyo:Python","floor":1,"turns":3},{"damage":10,"enemies":"Gensokyo:Aya","floor":6,"turns":5},{"damage":0,"enemies":"Gensokyo:Gryphon","floor":8,"turns":3},{"damage":16,"enemies":"Gensokyo:Mamizou","floor":14,"turns":5},{"damage":18,"enemies":"Gensokyo:Yukari","floor":16,"turns":7},{"damage":0,"enemies":"Gensokyo:AngelMirror","floor":18,"turns":3},{"damage":5,"enemies":"Gensokyo:AngelMirror","floor":19,"turns":9},{"damage":92,"enemies":"Gensokyo:AngelMirror","floor":20,"turns":4}],"seed_played":"-8629587029711049102","potions_obtained":[{"floor":6,"key":"Fire Potion"},{"floor":8,"key":"FairyPotion"},{"floor":19,"key":"GrandPatriotsElixir:ReiMu"}],"is_trial":false,"path_per_floor":["M","?","?","?","$","E","T","M","T","?","R","COS","$","E","R","B",null,"M","?","?"],"character_chosen":"CHEN","items_purchased":["CeramicFish","Chen:Deceitful"],"campfire_rested":0,"item_purchase_floors":[5,13],"current_hp_per_floor":[65,65,58,37,37,30,30,32,32,32,32,32,32,16,16,6,84,84,79,84,84],"gold":372,"neow_bonus":"","is_daily":false,"chose_seed":false,"campfire_upgraded":1,"win_rate":0.0,"timestamp":1614132222,"path_taken":["M","?","?","?","$","E","?","M","T","?","R","COS","?","E","R","BOSS","M","?","?"],"items_purchased_type":["Relic","Card"],"build_version":"2020-12-22","purchased_purges":0,"victory":false,"max_hp_per_floor":[70,70,84,84,84,84,84,84,84,84,84,84,84,84,84,84,84,84,84,84,84],"card_choices":[{"not_picked":[],"picked":"EpicFetus","floor":0},{"not_picked":["UniverseFragment","Scorched","WhitesApple"],"picked":"Singing Bowl","floor":1},{"not_picked":["HappyTeddy","CherryBlossoms"],"picked":"OSAHOGD","floor":1},{"not_picked":["Chen:RecklessLeap","Chen:SelfConfidence"],"picked":"Chen:Impale","floor":1},{"not_picked":["CrumblingArmor","Porccubus","Variant"],"picked":"Singing Bowl","floor":6},{"not_picked":["UniverseFragment","WallGazer"],"picked":"OldLady","floor":6},{"not_picked":["Chen:EvasiveFireShift","Chen:Kimontonkou","Chen:Scratch","Chen:Fadeout"],"picked":"Chen:Honk","floor":6},{"not_picked":["CrumblingArmor","Scorched"],"picked":"MeatLantern","floor":8},{"not_picked":["Chen:PentagramFlight","Chen:Panic","Chen:Assault","Chen:Spray"],"picked":"Chen:Scratch","floor":8},{"not_picked":["Bloodbath","UniverseFragment","CherryBlossoms"],"picked":"Singing Bowl","floor":14},{"not_picked":["VoidDream","CherryBlossoms"],"picked":"BeautyBeast","floor":14},{"not_picked":["Chen:Adaptability","Chen:FlankingStrike","Chen:SelfConfidence","Chen:CatPunch"],"picked":"Chen:Catseye","floor":14},{"not_picked":["ShyLook","Murderer"],"picked":"LongBird","floor":16},{"not_picked":["Chen:Nimbleness","Chen:DazzleFlash","Chen:FlankingStrike","Chen:FinalSpellCard"],"picked":"Chen:Shapeshift","floor":16},{"not_picked":["Chen:Adaptability","Chen:RecklessLeap+1","Chen:Honk","Chen:StudySharpen+1"],"picked":"Chen:Panic","floor":18},{"not_picked":["MHz","Murderer"],"picked":"VoidDream","floor":18},{"not_picked":["UniverseFragment","Variant"],"picked":"WallGazer","floor":19},{"not_picked":["Chen:Kimontonkou","Chen:Rush","Chen:SurpriseAttack","Chen:Copycat"],"picked":"Chen:Instinct","floor":19}],"player_experience":104408,"relics_obtained":[{"floor":1,"key":"SynthV:TestCard"},{"floor":1,"key":"LetterFromLob"},{"floor":6,"key":"PageOfLittleHelper"},{"floor":9,"key":"HollowMod:PaleOreRelic"},{"floor":14,"key":"Dota2Spire:ShadowBlade"},{"floor":19,"key":"AnarchistCookbook"},{"floor":19,"key":"Dota2Spire:Mjollnir"}],"event_choices":[],"is_beta":false,"boss_relics":[{"not_picked":["FixedStarFall","REME_DemonsWealth"],"picked":"ChiXiaoBlade"},{"not_picked":[]}],"items_purged_floors":[],"is_endless":false,"potions_floor_spawned":[6,8,19,20],"killed_by":"Gensokyo:AngelMirror","ascension_level":0}}