{"host":"ev0u5pyx0moiq7pp","time":1614132969,"event":{"mods":["Act Like it!","BaseMod","CapriCore","Challenge The Spire","Colored Map","Colored Powertips","Custom Start","DeckTracker","Elementarium","Energized Spire","Hubris","Koishi","Luminous","Minty Spire (QoL Compilation)","Quick Restart","Random Character Button","Ruina","Shop Mod","StSLib","Synergy Search","The Bladedancer","The Bug Knight","The Hierophant","The Immortal","The Necromancer","The Runesmith"],"gold_per_floor":[113,132,149,97,97,123,137,167,167,193,193,223,223,238,238,366,366,382,406,19,19,37,37,37],"floor_reached":23,"language":"DEU","playtime":1686,"items_purged":[],"score":301,"play_id":"01a02781-8366-4ce3-9b00-f7186f404d36","local_time":"20210224031609","daily_mods":["SealedDeck","Heirloom","DeadlyEvents","Elite Swarm","Lethality","Uncertain Future"],"is_ascension_mode":true,"campfire_choices":[{"floor":11,"key":"REST"},{"data":"Summon_Death_Knight","floor":15,"key":"SMITH"}],"circlet_count":0,"master_deck":["Negative_Energy_Shield","Negative_Energy_Javelin","Negative_Energy_Javelin","Negative_Energy_Javelin","Flesh_Made_Foul","Siphon_Strength","Summon_Undead_Army","Summon_Undead_Army","Spectral_Armor","Spectral_Armor","Finger_Of_Death","Negative_Energy_Shield","Summon_Death_Knight","Summon_Death_Knight+1","Grasp_Heart","Hellfire","Negative_Energy_Shield","Flesh_Made_Foul","Scare","ruina:GoldRush","Shade_Step+1","Summon_Vampire_Lady","Spectral_Walk","Negative_Energy_Javelin+1","Spectral_Armor","Scare"],"relics":["Vampire_Amulet","hubris:FunFungus","hubris:MysteriousPyramids","Vajra","Ginger","Happy Flower","HornCleat","Golden Idol","energizedSpire:MagnifyingGlass","Orrery"],"acts_visited":["Exordium","Exordium"],"potions_floor_usage":[7,8,16,16,16,16,16,16],"damage_taken":[{"damage":0,"enemies":"Small Slimes","floor":1,"turns":3},{"damage":2,"enemies":"Cultist","floor":2,"turns":2},{"damage":10,"enemies":"2 Louse","floor":3,"turns":3},{"damage":7,"enemies":"Lagavulin","floor":6,"turns":7},{"damage":0,"enemies":"Looter","floor":7,"turns":3},{"damage":32,"enemies":"3 Sentries","floor":8,"turns":8},{"damage":28,"enemies":"Gremlin Nob","floor":10,"turns":5},{"damage":4,"enemies":"HollowMod:MossKnight","floor":12,"turns":5},{"damage":0,"enemies":"Blue Slaver","floor":14,"turns":2},{"damage":8,"enemies":"The Guardian","floor":16,"turns":6},{"damage":40,"enemies":"ruina:3_Bats","floor":18,"turns":5},{"damage":1,"enemies":"ruina:Nosferatu","floor":19,"turns":5},{"damage":20,"enemies":"ruina:Woodsman","floor":22,"turns":4},{"damage":23,"enemies":"ruina:ServantOfWrath","floor":23,"turns":4}],"seed_played":"8180462239625723024","potions_obtained":[{"floor":1,"key":"Weak Potion"},{"floor":7,"key":"SkillPotion"},{"floor":10,"key":"SkillPotion"},{"floor":12,"key":"EntropicBrew"},{"floor":14,"key":"PowerPotion"},{"floor":22,"key":"Weak Potion"}],"is_trial":true,"path_per_floor":["M","M","M","$","?","E","M","E","T","E","R","E","?","M","R","B",null,"M","M","$","?","M","E"],"character_chosen":"NECROMANCER","items_purchased":["Negative_Energy_Shield","ruina:GoldRush","Orrery","Spectral_Armor"],"campfire_rested":1,"item_purchase_floors":[4,20,20,20],"current_hp_per_floor":[75,75,69,69,69,65,67,42,42,16,38,39,39,41,41,50,64,31,32,32,32,14,0,0],"gold":37,"neow_bonus":"","is_daily":false,"chose_seed":false,"campfire_upgraded":1,"win_rate":0.0,"timestamp":1614132969,"path_taken":["M","M","M","$","?","E","M","E","T","E","R","?","?","M","R","BOSS","M","M","$","?","M","E"],"items_purchased_type":["Card","Card","Relic","Card"],"build_version":"2020-12-22","purchased_purges":0,"victory":false,"max_hp_per_floor":[75,75,75,75,75,75,75,75,75,75,75,75,69,69,69,69,69,69,69,69,69,69,69,69],"card_choices":[{"not_picked":["Chill_Blood","Thousand_Bone_Knives"],"picked":"Finger_Of_Death","floor":1},{"not_picked":["Deaths_Shadow","Summon_Undead_Army","Toxic_Smoke_Screen"],"picked":"SKIP","floor":2},{"not_picked":["Epidemic","Toxic_Smoke_Screen","Pandemic"],"picked":"SKIP","floor":3},{"not_picked":["Reap_The_Weak","Grasp_Heart"],"picked":"Summon_Death_Knight","floor":6},{"not_picked":["Vampiric_Strike","Acid_Javelin","Consume_Illness"],"picked":"SKIP","floor":7},{"not_picked":["Requiem","Skeleton_Dragon"],"picked":"Summon_Death_Knight","floor":8},{"not_picked":["Blood_Magic","Hellfire"],"picked":"Grasp_Heart","floor":10},{"not_picked":["Blood_Wake","Detonate_Bones"],"picked":"Hellfire","floor":12},{"not_picked":["Blood_Curse","Bone_Spikes"],"picked":"Negative_Energy_Shield","floor":14},{"not_picked":["Blood_Curse","Bone_Spikes"],"picked":"Flesh_Made_Foul","floor":18},{"not_picked":["Toxic_Smoke_Screen+1","Blood_Whip+1"],"picked":"Scare","floor":19},{"not_picked":["Consume_Illness","Negative_Energy_Bomb"],"picked":"Shade_Step+1","floor":20},{"not_picked":["Thousand_Bone_Knives","Summon_Lich+1"],"picked":"Summon_Vampire_Lady","floor":20},{"not_picked":["Strike_from_Beyond","Necrotic_Claws+1"],"picked":"Spectral_Walk","floor":20},{"not_picked":["Negative_Energy_Mist","Consume_Illness+1"],"picked":"Negative_Energy_Javelin+1","floor":20},{"not_picked":["Bone_Spikes","Blood_Curse+1"],"picked":"Scare","floor":22}],"player_experience":577305,"relics_obtained":[{"floor":6,"key":"hubris:MysteriousPyramids"},{"floor":8,"key":"Vajra"},{"floor":9,"key":"Ginger"},{"floor":10,"key":"Happy Flower"},{"floor":12,"key":"HornCleat"}],"event_choices":[{"damage_healed":0,"gold_gain":0,"player_choice":"Bought 0 Potions","damage_taken":0,"max_hp_gain":0,"max_hp_loss":0,"event_name":"The Woman in Blue","floor":5,"gold_loss":0},{"damage_healed":0,"gold_gain":0,"player_choice":"Lose Max HP","damage_taken":0,"relics_obtained":["Golden Idol"],"max_hp_gain":0,"max_hp_loss":6,"event_name":"Golden Idol","floor":13,"gold_loss":0}],"is_beta":false,"boss_relics":[{"not_picked":["energizedSpire:EnergizedDie","Astrolabe"],"picked":"energizedSpire:MagnifyingGlass"}],"items_purged_floors":[],"is_endless":false,"potions_floor_spawned":[1,7,10,12,14,22],"killed_by":"ruina:ServantOfWrath","ascension_level":5}}