{"host":"d02vqrhhew441p6s","time":1614198567,"event":{"mods":["BaseMod","Duelist Mod","Hubris","Infinite Spire","Minty Spire (QoL Compilation)","StSLib"],"gold_per_floor":[136,155,174,274,288,318,75,75,75],"floor_reached":8,"language":"ENG","playtime":387,"items_purged":[],"score":90,"play_id":"a96bad57-00f3-4e63-944d-a784fe59fe22","local_time":"20210224212927","is_ascension_mode":true,"campfire_choices":[],"circlet_count":0,"master_deck":["AscendersBane","theDuelist:BabyDragon","theDuelist:CastleWalls","theDuelist:CastleWalls","theDuelist:CaveDragon","theDuelist:CaveDragon","theDuelist:LesserDragon","theDuelist:LesserDragon","theDuelist:YamataDragon","theDuelist:MetalDragon","theDuelist:Sparks+1","theDuelist:TotemDragon","theDuelist:MagicSparks+1","theDuelist:AncientPixieDragon","theDuelist:StampingDestruction+1","theDuelist:DragonPiper"],"relics":["theDuelist:MillenniumPuzzle","theDuelist:CardPoolRelic","theDuelist:CardPoolBasicRelic","theDuelist:BoosterPackPoolRelic","theDuelist:CardPoolAddRelic","theDuelist:CardPoolMinusRelic","theDuelist:CardPoolSaveRelic","theDuelist:CardPoolOptionsRelic","infinitespire:Satchel","Regal Pillow","Pantograph"],"acts_visited":["Exordium"],"potions_floor_usage":[],"damage_taken":[{"damage":0.0,"enemies":"2 Louse","floor":1.0,"turns":2.0},{"damage":0.0,"enemies":"Cultist","floor":2.0,"turns":2.0},{"damage":0.0,"enemies":"Jaw Worm","floor":3.0,"turns":2.0},{"damage":19.0,"enemies":"Large Slime","floor":5.0,"turns":4.0},{"damage":9.0,"enemies":"Lagavulin","floor":6.0,"turns":5.0},{"damage":0,"enemies":"3 Sentries","floor":8,"turns":1}],"seed_played":"9140677420098004275","potions_obtained":[{"floor":1.0,"key":"theDuelist:FireBottle"},{"floor":3.0,"key":"theDuelist:VampireVial"},{"floor":5.0,"key":"Energy Potion"}],"is_trial":false,"path_per_floor":["M","M","M","?","M","E","$","E"],"character_chosen":"THE_DUELIST","items_purchased":["Pantograph"],"campfire_rested":0,"item_purchase_floors":[7],"current_hp_per_floor":[72,72,72,72,53,44,44,44,44],"gold":75,"neow_bonus":"RANDOM_COMMON_RELIC","is_daily":false,"chose_seed":false,"campfire_upgraded":0,"win_rate":0.0,"timestamp":1614198567,"path_taken":["M","M","M","?","M","E","$","E"],"items_purchased_type":["Relic"],"build_version":"2020-12-22","purchased_purges":0,"victory":false,"max_hp_per_floor":[80,80,80,80,80,80,80,80,80],"card_choices":[{"not_picked":["theDuelist:BlueEyes","theDuelist:FrozenFitzgerald","theDuelist:Destroyersaurus","theDuelist:WhiteHowling"],"picked":"theDuelist:MetalDragon","floor":1.0},{"not_picked":["theDuelist:Earthquake","theDuelist:AxeDespair","theDuelist:ArtifactIgnition","theDuelist:EvilMind"],"picked":"theDuelist:StampingDestruction","floor":2.0},{"not_picked":["theDuelist:TyrantWing","theDuelist:SystemDown","theDuelist:AutorokketDragon"],"picked":"theDuelist:TotemDragon","floor":3.0},{"not_picked":["theDuelist:CyberValley","theDuelist:LavaDragon","theDuelist:MoltenDestruction","theDuelist:ScrapIronScarecrow"],"picked":"theDuelist:AncientPixieDragon","floor":5.0},{"not_picked":["theDuelist:Hydrogeddon","theDuelist:CyberValley","theDuelist:HazyFlameHydra","theDuelist:FiendSkull"],"picked":"theDuelist:DragonPiper","floor":6.0}],"player_experience":573490,"relics_obtained":[{"floor":6.0,"key":"Regal Pillow"}],"event_choices":[{"damage_healed":0.0,"max_hp_gain":0.0,"max_hp_loss":0.0,"gold_gain":100.0,"event_name":"Wheel of Change","player_choice":"Gold","floor":4.0,"gold_loss":0.0,"damage_taken":0.0}],"is_beta":false,"boss_relics":[],"items_purged_floors":[],"is_endless":false,"potions_floor_spawned":[1,3,5],"killed_by":"3 Sentries","ascension_level":11}}