{"host":"rw1trt79hfpl7pom","time":1614171358,"event":{"mods":["BaseMod","Bestiary","Colored Map","Jorbs\u0027s Wanderer Trilogy","Minty Spire (QoL Compilation)","Relic Stats","StSLib","SuperFastMode"],"gold_per_floor":[116,145,220,220,239,266,281,281,281,315,240,240,261,292,292,371,371,394,143,143,193,214,238,274,274,274,313,313,343,343,343,343,420,420,441,456,456,479,479,525,525,558,609,609,645,667,692,710,710,725,750,750,750,230,288,303],"floor_reached":57,"language":"ENG","playtime":3979,"items_purged":["stsjorbsmod:Strike_Wanderer","stsjorbsmod:Strike_Wanderer"],"score":3486,"play_id":"b77e2104-ced5-4847-ad0c-2f69800b35cf","local_time":"20210224045558","is_ascension_mode":true,"campfire_choices":[{"floor":8.0,"key":"REST"},{"data":"stsjorbsmod:OldPocket","floor":12.0,"key":"SMITH"},{"data":"stsjorbsmod:CorrodingBarrier","floor":15.0,"key":"SMITH"},{"data":"stsjorbsmod:Inferno","floor":25.0,"key":"SMITH"},{"data":"stsjorbsmod:ScorchingRay","floor":28.0,"key":"SMITH"},{"data":"1","floor":32.0,"key":"LIFT"},{"data":"2","floor":41,"key":"LIFT"},{"data":"3","floor":44,"key":"LIFT"},{"floor":49,"key":"RECALL"},{"data":"stsjorbsmod:Message","floor":53,"key":"SMITH"}],"circlet_count":0,"master_deck":["AscendersBane","stsjorbsmod:ForbiddenGrimoire+1","stsjorbsmod:Strike_Wanderer+1","stsjorbsmod:Defend_Wanderer","stsjorbsmod:Defend_Wanderer","stsjorbsmod:Defend_Wanderer","stsjorbsmod:Defend_Wanderer+1","stsjorbsmod:FreshAdventure","stsjorbsmod:EyeOfTheStorm","stsjorbsmod:Message","stsjorbsmod:RayOfFrost","stsjorbsmod:Rest","stsjorbsmod:OldPocket+1","stsjorbsmod:ScorchingRay+1","stsjorbsmod:CorrodingBarrier+1","stsjorbsmod:PurgeMind","stsjorbsmod:SiphonEnergy","stsjorbsmod:Inferno+1","stsjorbsmod:MagicMissiles","stsjorbsmod:ScorchingRay","stsjorbsmod:DisguiseSelf","stsjorbsmod:Mania+1","stsjorbsmod:Channel+1","stsjorbsmod:SiphonEnergy","stsjorbsmod:SchoolsOfMagic","stsjorbsmod:SiphonEnergy","stsjorbsmod:Message+1","stsjorbsmod:LocateObject","stsjorbsmod:LocateObject+1","stsjorbsmod:Patron","stsjorbsmod:Stalwart+1","stsjorbsmod:TinyHut","stsjorbsmod:TollTheDead+1","Flash of Steel","stsjorbsmod:ThirstingSword"],"relics":["Philosopher\u0027s Stone","Turnip","Du-Vu Doll","Dead Branch","Ginger","Coffee Dripper","Oddly Smooth Stone","Potion Belt","stsjorbsmod:BottledMemoryRelic","Shuriken","Blue Candle","Nilry\u0027s Codex","Girya","Runic Pyramid","HornCleat","Whetstone","PreservedInsect","Incense Burner","Toy Ornithopter"],"acts_visited":["Exordium","TheCity","TheBeyond","TheEnding"],"potions_floor_usage":[56,56,56,56],"damage_taken":[{"damage":0.0,"enemies":"2 Louse","floor":1.0,"turns":2.0},{"damage":3.0,"enemies":"Jaw Worm","floor":2.0,"turns":7.0},{"damage":0.0,"enemies":"Cultist","floor":5.0,"turns":3.0},{"damage":20.0,"enemies":"3 Sentries","floor":6.0,"turns":9.0},{"damage":2.0,"enemies":"2 Fungi Beasts","floor":7.0,"turns":4.0},{"damage":0.0,"enemies":"Lagavulin","floor":10.0,"turns":6.0},{"damage":5.0,"enemies":"Large Slime","floor":13.0,"turns":6.0},{"damage":7.0,"enemies":"3 Sentries","floor":14.0,"turns":6.0},{"damage":0.0,"enemies":"Slime Boss","floor":16.0,"turns":7.0},{"damage":0.0,"enemies":"Shell Parasite","floor":18.0,"turns":5.0},{"damage":5.0,"enemies":"3 Byrds","floor":22.0,"turns":4.0},{"damage":0.0,"enemies":"3 Cultists","floor":23.0,"turns":5.0},{"damage":4.0,"enemies":"Book of Stabbing","floor":24.0,"turns":4.0},{"damage":7.0,"enemies":"Slavers","floor":27.0,"turns":4.0},{"damage":0.0,"enemies":"Gremlin Leader","floor":29.0,"turns":3.0},{"damage":0.0,"enemies":"Champ","floor":33.0,"turns":5.0},{"damage":1,"enemies":"3 Darklings","floor":35,"turns":3},{"damage":0,"enemies":"Orb Walker","floor":36,"turns":3},{"damage":1,"enemies":"Jaw Worm Horde","floor":38,"turns":2},{"damage":0,"enemies":"Giant Head","floor":40,"turns":3},{"damage":0,"enemies":"Nemesis","floor":42,"turns":2},{"damage":0,"enemies":"Reptomancer","floor":45,"turns":2},{"damage":0,"enemies":"Spire Growth","floor":46,"turns":2},{"damage":0,"enemies":"Maw","floor":47,"turns":3},{"damage":0,"enemies":"Jaw Worm Horde","floor":48,"turns":2},{"damage":0,"enemies":"Time Eater","floor":50,"turns":4},{"damage":4,"enemies":"Donu and Deca","floor":51,"turns":4},{"damage":15,"enemies":"Shield and Spear","floor":55,"turns":5},{"damage":38,"enemies":"The Heart","floor":56,"turns":6}],"seed_played":"-8773452241911305990","potions_obtained":[{"floor":1.0,"key":"BlessingOfTheForge"},{"floor":14.0,"key":"DistilledChaos"},{"floor":16.0,"key":"Fire Potion"},{"floor":27.0,"key":"FearPotion"},{"floor":35,"key":"PowerPotion"},{"floor":39,"key":"Block Potion"},{"floor":47,"key":"SkillPotion"},{"floor":48,"key":"SpeedPotion"}],"is_trial":false,"path_per_floor":["M","M","?","?","M","E","M","R","T","E","$","R","M","E","R","B",null,"M","$","?","?","M","M","E","R","T","E","R","E","?","T","R","B",null,"M","M","?","M","?","E","R","E","T","R","E","M","M","M","R","B","B",null,"R","$","E","B",null],"character_chosen":"WANDERER","items_purchased":["Oddly Smooth Stone","stsjorbsmod:MagicMissiles","Incense Burner","Flash of Steel"],"campfire_rested":1,"item_purchase_floors":[19,19,54,54],"current_hp_per_floor":[58,55,44,44,44,24,22,41,41,41,41,41,36,29,29,29,55,55,55,55,55,50,50,46,46,46,39,39,39,18,18,18,18,53,52,54,54,53,53,53,53,53,53,53,53,53,53,53,53,53,49,62,62,62,47,62],"gold":303,"neow_bonus":"BOSS_RELIC","is_daily":false,"chose_seed":false,"campfire_upgraded":5,"win_rate":0.0,"timestamp":1614171358,"path_taken":["M","M","?","?","?","E","M","R","T","E","$","R","M","E","R","BOSS","M","$","?","?","M","M","E","R","T","E","R","E","?","?","R","BOSS","M","M","?","M","?","E","R","E","T","R","E","M","M","?","R","BOSS","BOSS","R","$","E","BOSS"],"items_purchased_type":["Relic","Card","Relic","Card"],"build_version":"2020-12-22","purchased_purges":2,"victory":true,"max_hp_per_floor":[64,64,64,64,64,64,64,64,64,64,64,64,64,64,64,64,64,64,64,64,64,64,64,64,64,64,64,64,64,64,64,64,64,64,64,66,66,66,66,66,66,66,66,66,66,66,66,66,66,66,66,66,66,66,66,65],"relic_stats":{"counters":[29,121],"Shuriken":[8],"Dead Branch":[174],"Blue Candle":[0],"Turnip":[16],"PreservedInsect":77,"Ginger":[14],"Whetstone":["stsjorbsmod:Strike_Wanderer","stsjorbsmod:Mania"],"obtain_stats":[{"Potion Belt":24,"Girya":31,"stsjorbsmod:BottledMemoryRelic":26,"Nilry\u0027s Codex":30,"Dead Branch":10,"Blue Candle":29,"Oddly Smooth Stone":19,"stsjorbsmod:GrimoireRelic":0,"PreservedInsect":45,"Incense Burner":54,"Ginger":14,"Whetstone":42,"Du-Vu Doll":9,"HornCleat":40,"Shuriken":27,"Philosopher\u0027s Stone":0,"Turnip":6,"Coffee Dripper":17,"Toy Ornithopter":55,"Runic Pyramid":34},{"Potion Belt":13,"Girya":15,"stsjorbsmod:BottledMemoryRelic":13,"Nilry\u0027s Codex":15,"Dead Branch":6,"Blue Candle":15,"Oddly Smooth Stone":10,"stsjorbsmod:GrimoireRelic":0,"PreservedInsect":22,"Incense Burner":27,"Ginger":8,"Whetstone":21,"Du-Vu Doll":5,"HornCleat":20,"Shuriken":14,"Philosopher\u0027s Stone":0,"Turnip":4,"Coffee Dripper":9,"Toy Ornithopter":28,"Runic Pyramid":16},{"Potion Belt":68,"Girya":75,"stsjorbsmod:BottledMemoryRelic":68,"Nilry\u0027s Codex":75,"Dead Branch":31,"Blue Candle":75,"Oddly Smooth Stone":55,"stsjorbsmod:GrimoireRelic":0,"PreservedInsect":95,"Incense Burner":110,"Ginger":43,"Whetstone":93,"Du-Vu Doll":25,"HornCleat":91,"Shuriken":72,"Philosopher\u0027s Stone":0,"Turnip":21,"Coffee Dripper":50,"Toy Ornithopter":115,"Runic Pyramid":80}],"Toy Ornithopter":20},"card_choices":[{"not_picked":["stsjorbsmod:AnimateObjects","stsjorbsmod:Channel"],"picked":"stsjorbsmod:Message","floor":1.0},{"not_picked":["stsjorbsmod:TrueStrike","stsjorbsmod:TinyHut"],"picked":"stsjorbsmod:RayOfFrost","floor":2.0},{"not_picked":["stsjorbsmod:ChatteringStrike","stsjorbsmod:Pyromancy"],"picked":"stsjorbsmod:Rest","floor":5.0},{"not_picked":["stsjorbsmod:ScorchingRay","stsjorbsmod:TrueStrike"],"picked":"stsjorbsmod:OldPocket","floor":6.0},{"not_picked":["stsjorbsmod:Counterspell","stsjorbsmod:FaerieFire"],"picked":"stsjorbsmod:ScorchingRay","floor":7.0},{"not_picked":["stsjorbsmod:HedgeWizard","stsjorbsmod:Mindworm","stsjorbsmod:WanderingMind"],"picked":"SKIP","floor":10.0},{"not_picked":["stsjorbsmod:Channel","stsjorbsmod:MagicMirror"],"picked":"stsjorbsmod:CorrodingBarrier","floor":13.0},{"not_picked":["stsjorbsmod:ArcaneWeapon","stsjorbsmod:RayOfFrost"],"picked":"stsjorbsmod:PurgeMind","floor":14.0},{"not_picked":["stsjorbsmod:Withdraw","stsjorbsmod:IvoryTower"],"picked":"stsjorbsmod:SiphonEnergy","floor":16.0},{"not_picked":["stsjorbsmod:FranticSearch","stsjorbsmod:Index"],"picked":"stsjorbsmod:Inferno","floor":18.0},{"not_picked":["stsjorbsmod:DisguiseSelf","stsjorbsmod:FracturedMind","stsjorbsmod:FindFamiliar"],"picked":"SKIP","floor":22.0},{"not_picked":["stsjorbsmod:FracturedMind","stsjorbsmod:FindFamiliar"],"picked":"stsjorbsmod:DisguiseSelf","floor":22.0},{"not_picked":["stsjorbsmod:FindFamiliar","stsjorbsmod:DoubleCheck"],"picked":"stsjorbsmod:Mania","floor":23.0},{"not_picked":["stsjorbsmod:WeightOfMemory","stsjorbsmod:OldPocket+1"],"picked":"stsjorbsmod:Channel+1","floor":24.0},{"not_picked":["stsjorbsmod:Mending+1","stsjorbsmod:MistyStep"],"picked":"stsjorbsmod:SiphonEnergy","floor":27.0},{"not_picked":["stsjorbsmod:MistyStep","stsjorbsmod:Introspection"],"picked":"stsjorbsmod:SchoolsOfMagic","floor":29.0},{"not_picked":["stsjorbsmod:IvoryTower","stsjorbsmod:Rediscovery"],"picked":"stsjorbsmod:SiphonEnergy","floor":33.0},{"not_picked":["stsjorbsmod:BurningFlask","stsjorbsmod:MagicMirror"],"picked":"stsjorbsmod:Message","floor":35},{"not_picked":["stsjorbsmod:MagicMissiles","stsjorbsmod:Firebolt+1","stsjorbsmod:BurningFlask"],"picked":"SKIP","floor":36},{"not_picked":["stsjorbsmod:Counterspell","stsjorbsmod:HedgeWizard"],"picked":"stsjorbsmod:LocateObject","floor":38},{"not_picked":["stsjorbsmod:FracturedMind","stsjorbsmod:BurningFlask+1","stsjorbsmod:Hurt"],"picked":"SKIP","floor":40},{"not_picked":["stsjorbsmod:Hurt","stsjorbsmod:RayOfFrost"],"picked":"stsjorbsmod:LocateObject+1","floor":42},{"not_picked":["stsjorbsmod:ArcaneWeapon","stsjorbsmod:TrueStrike+1"],"picked":"stsjorbsmod:Patron","floor":45},{"not_picked":["stsjorbsmod:FlameWard+1","stsjorbsmod:Index+1"],"picked":"stsjorbsmod:Stalwart+1","floor":46},{"not_picked":["stsjorbsmod:BookOfTongues+1","stsjorbsmod:FracturedMind"],"picked":"stsjorbsmod:TinyHut","floor":47},{"not_picked":["stsjorbsmod:MageArmor","stsjorbsmod:Prestidigitation"],"picked":"stsjorbsmod:TollTheDead+1","floor":48},{"not_picked":["stsjorbsmod:Counterspell","stsjorbsmod:Mindworm+1"],"picked":"stsjorbsmod:ThirstingSword","floor":55}],"player_experience":2902192,"relics_obtained":[{"floor":6.0,"key":"Turnip"},{"floor":9.0,"key":"Du-Vu Doll"},{"floor":10.0,"key":"Dead Branch"},{"floor":14.0,"key":"Ginger"},{"floor":24.0,"key":"Potion Belt"},{"floor":26.0,"key":"stsjorbsmod:BottledMemoryRelic"},{"floor":27.0,"key":"Shuriken"},{"floor":29.0,"key":"Blue Candle"},{"floor":30.0,"key":"Nilry\u0027s Codex"},{"floor":31.0,"key":"Girya"},{"floor":40,"key":"HornCleat"},{"floor":42,"key":"Whetstone"},{"floor":45,"key":"PreservedInsect"},{"floor":55,"key":"Toy Ornithopter"}],"event_choices":[{"damage_healed":0.0,"max_hp_gain":0.0,"max_hp_loss":0.0,"gold_gain":75.0,"event_name":"World of Goop","player_choice":"Gather Gold","floor":3.0,"gold_loss":0.0,"damage_taken":11.0},{"cards_removed":["stsjorbsmod:Strike_Wanderer"],"damage_healed":0.0,"max_hp_gain":0.0,"max_hp_loss":0.0,"gold_gain":0.0,"event_name":"Purifier","player_choice":"Purged","floor":4.0,"gold_loss":0.0,"damage_taken":0.0},{"damage_healed":0.0,"max_hp_gain":0.0,"max_hp_loss":0.0,"gold_gain":0.0,"event_name":"The Library","player_choice":"Read","floor":20.0,"gold_loss":0.0,"damage_taken":0.0,"cards_obtained":["stsjorbsmod:ScorchingRay"]},{"damage_healed":0.0,"max_hp_gain":0.0,"max_hp_loss":0.0,"gold_gain":50.0,"event_name":"Nest","player_choice":"Stole From Cult","floor":21.0,"gold_loss":0.0,"damage_taken":0.0},{"damage_healed":0.0,"max_hp_gain":0.0,"max_hp_loss":0.0,"gold_gain":0.0,"event_name":"Cursed Tome","player_choice":"Obtained Book","floor":30.0,"gold_loss":0.0,"damage_taken":21.0},{"damage_healed":0,"gold_gain":0,"player_choice":"Ignored","damage_taken":0,"max_hp_gain":0,"max_hp_loss":0,"event_name":"Tomb of Lord Red Mask","floor":37,"gold_loss":0},{"damage_healed":0,"gold_gain":0,"player_choice":"Got Potions","damage_taken":0,"max_hp_gain":0,"max_hp_loss":0,"event_name":"Lab","floor":39,"gold_loss":0}],"is_beta":false,"boss_relics":[{"not_picked":["Astrolabe","SacredBark"],"picked":"Coffee Dripper"},{"not_picked":["Sozu","Snecko Eye"],"picked":"Runic Pyramid"}],"items_purged_floors":[11,54],"is_endless":false,"potions_floor_spawned":[1,14,16,18,22,27,35,42,47,48],"ascension_level":20}}