{"host":"188x3om7sf6mgxv1","time":1614147326,"event":{"mods":["BaseMod","Block Reminder","Minty Spire (QoL Compilation)","Relic Stats","StSLib"],"gold_per_floor":[116,135,135,150,161,161,195,195,195,210,237,237,252,252,252,252,252],"floor_reached":16,"language":"ENG","playtime":434,"items_purged":[],"score":134,"play_id":"a727461e-3b32-477c-93b9-f89826a5bf59","local_time":"20210224011526","is_ascension_mode":true,"campfire_choices":[{"data":"TalkToTheHand","floor":6,"key":"SMITH"},{"floor":8,"key":"REST"},{"floor":15,"key":"REST"}],"circlet_count":0,"master_deck":["Strike_P","Strike_P","Strike_P","Defend_P","Defend_P","Defend_P","Defend_P","Eruption","Vigilance","TalkToTheHand+1","EmptyFist+1","Protect","Adaptation","Prostrate"],"relics":["Cursed Key","Singing Bowl","Ancient Tea Set","Nunchaku"],"acts_visited":["Exordium"],"potions_floor_usage":[],"damage_taken":[{"damage":0,"enemies":"Jaw Worm","floor":1,"turns":2},{"damage":0,"enemies":"Small Slimes","floor":2,"turns":2},{"damage":0,"enemies":"2 Louse","floor":4,"turns":2},{"damage":16,"enemies":"Large Slime","floor":5,"turns":7},{"damage":17,"enemies":"Lagavulin","floor":7,"turns":11},{"damage":7,"enemies":"3 Louse","floor":10,"turns":5},{"damage":7,"enemies":"Gremlin Nob","floor":11,"turns":4},{"damage":1,"enemies":"Red Slaver","floor":13,"turns":3},{"damage":52,"enemies":"Slime Boss","floor":16,"turns":9}],"seed_played":"-3603661300538828065","potions_obtained":[{"floor":1,"key":"SteroidPotion"},{"floor":4,"key":"EssenceOfSteel"}],"is_trial":false,"path_per_floor":["M","M","?","M","M","R","E","R","T","M","E","?","M","?","R","B"],"character_chosen":"WATCHER","items_purchased":[],"campfire_rested":2,"item_purchase_floors":[],"current_hp_per_floor":[72,72,47,49,33,33,18,40,40,33,26,19,20,20,43,0,0],"gold":252,"neow_bonus":"BOSS_RELIC","is_daily":false,"chose_seed":false,"campfire_upgraded":1,"win_rate":0.0,"timestamp":1614147326,"path_taken":["M","M","?","M","M","R","E","R","T","M","E","?","M","?","R","BOSS"],"items_purchased_type":[],"build_version":"2020-12-22","purchased_purges":0,"victory":false,"max_hp_per_floor":[72,72,72,74,74,74,76,76,76,76,76,76,78,78,78,78,78],"relic_stats":{"Nunchaku":[1],"Singing Bowl":6,"counters":[9,45],"Cursed Key":0,"obtain_stats":[{"Nunchaku":11,"Singing Bowl":3,"PureWater":0,"Cursed Key":0,"Ancient Tea Set":7},{"Nunchaku":7,"Singing Bowl":2,"PureWater":0,"Cursed Key":0,"Ancient Tea Set":5},{"Nunchaku":33,"Singing Bowl":4,"PureWater":0,"Cursed Key":0,"Ancient Tea Set":24}]},"card_choices":[{"not_picked":["Swivel","JustLucky"],"picked":"TalkToTheHand","floor":1},{"not_picked":["BowlingBash","FollowUp"],"picked":"EmptyFist","floor":2},{"not_picked":["WreathOfFlame","SignatureMove","Halt"],"picked":"Singing Bowl","floor":4},{"not_picked":["LikeWater","ForeignInfluence"],"picked":"Protect","floor":5},{"not_picked":["Crescendo","Perseverance","Fasting2"],"picked":"Singing Bowl","floor":7},{"not_picked":["ClearTheMind","WindmillStrike"],"picked":"Adaptation","floor":10},{"not_picked":["Swivel","Establishment"],"picked":"Prostrate","floor":11},{"not_picked":["FlyingSleeves","Perseverance","ClearTheMind"],"picked":"Singing Bowl","floor":13}],"player_experience":101517,"relics_obtained":[{"floor":7,"key":"Ancient Tea Set"},{"floor":11,"key":"Nunchaku"}],"event_choices":[{"damage_healed":0,"gold_gain":0,"player_choice":"Success","damage_taken":25,"relics_obtained":["Singing Bowl"],"max_hp_gain":0,"max_hp_loss":0,"event_name":"Scrap Ooze","floor":3,"gold_loss":0},{"cards_removed":["Strike_P"],"damage_healed":0,"gold_gain":0,"player_choice":"Card Removal","damage_taken":7,"max_hp_gain":0,"max_hp_loss":0,"event_name":"Golden Wing","floor":12,"gold_loss":0},{"damage_healed":0,"gold_gain":0,"player_choice":"Grow","damage_taken":0,"max_hp_gain":0,"max_hp_loss":0,"event_name":"Living Wall","floor":14,"gold_loss":0,"cards_upgraded":["EmptyFist"]}],"is_beta":false,"boss_relics":[],"items_purged_floors":[],"is_endless":false,"potions_floor_spawned":[1,4],"killed_by":"Slime Boss","ascension_level":4}}