{"host":"wshey5htrz8rni6u","time":1614166256,"event":{"mods":["2.2 Compatiblity","BaseMod","Block Reminder","Colored Map","Colored Powertips","Current Relic Mod","Curses Come First","Dark Map","Key Reminder","Keyboard Shortcuts","Minty Spire (QoL Compilation)","Potion Indicator Mod","Quick Restart","Random Character Button","Relic Sorter","Relic Stats","StSLib","SuperFastMode","Unceasing Turn Reminder","UnlockEverythingMod","Weighted Paths"],"gold_per_floor":[119,119,8,35,53,94,117,142,212,248,271,271,271,59,59,147,147,138,183,209,218,218,254,254,254,254,293,293,304,304,331,331,416,416,429,453,151,176,199,199,219,262,262,299,86,111,140,174,174,174,174,174,43,79,79],"floor_reached":56,"language":"ENG","playtime":4346,"items_purged":["Strike_G","Strike_G","Strike_G"],"score":2085,"play_id":"f9c546d6-e111-4280-ba0c-e94128c401b1","local_time":"20210224033056","is_ascension_mode":true,"campfire_choices":[{"floor":13.0,"key":"REST"},{"data":"Neutralize","floor":15.0,"key":"SMITH"},{"floor":25.0,"key":"REST"},{"floor":28.0,"key":"REST"},{"data":"Envenom","floor":30.0,"key":"SMITH"},{"floor":32.0,"key":"REST"},{"floor":40.0,"key":"RECALL"},{"data":"Well Laid Plans","floor":49.0,"key":"SMITH"},{"data":"After Image","floor":52.0,"key":"SMITH"}],"circlet_count":0,"master_deck":["AscendersBane","Defend_G","Defend_G","Defend_G","Defend_G","Defend_G","Survivor","Neutralize+1","Noxious Fumes","Flying Knee","Bouncing Flask","Bane","Skewer","Sucker Punch","A Thousand Cuts","After Image+1","Backflip","Dash","Terror","Deflect","Cloak And Dagger","Envenom+1","PiercingWail","Ghostly","Ghostly","Ghostly","Ghostly","Ghostly","Bane+1","After Image","Blade Dance","Outmaneuver","Phantasmal Killer","All Out Attack+1","Well Laid Plans+1","Leg Sweep","PiercingWail","Caltrops","Caltrops","Footwork","After Image","Infinite Blades","Backflip","Calculated Gamble","Malaise","Footwork","Burst"],"relics":["Ring of the Snake","NeowsBlessing","Tiny Chest","CeramicFish","Shuriken","Blood Vial","Question Card","Orrery","Sozu","WarpedTongs","InkBottle","Mango","Nilry\u0027s Codex","Pantograph","The Specimen","Empty Cage","OrangePellets","Vajra","Dead Branch","DollysMirror","Juzu Bracelet","Centennial Puzzle","White Beast Statue"],"acts_visited":["Exordium","TheCity","TheBeyond","TheEnding"],"potions_floor_usage":[55],"damage_taken":[{"damage":0.0,"enemies":"Jaw Worm","floor":1.0,"turns":1.0},{"damage":0.0,"enemies":"Cultist","floor":5.0,"turns":1.0},{"damage":0.0,"enemies":"Lagavulin","floor":6.0,"turns":1.0},{"damage":2.0,"enemies":"Small Slimes","floor":7.0,"turns":3.0},{"damage":4.0,"enemies":"Looter","floor":8.0,"turns":3.0},{"damage":29.0,"enemies":"3 Sentries","floor":10.0,"turns":9.0},{"damage":22.0,"enemies":"Gremlin Gang","floor":11.0,"turns":7.0},{"damage":4.0,"enemies":"The Guardian","floor":16.0,"turns":10.0},{"damage":6.0,"enemies":"2 Thieves","floor":18.0,"turns":4.0},{"damage":1.0,"enemies":"Shell Parasite","floor":20.0,"turns":7.0},{"damage":20.0,"enemies":"Book of Stabbing","floor":23.0,"turns":7.0},{"damage":6.0,"enemies":"Slavers","floor":27.0,"turns":7.0},{"damage":26.0,"enemies":"Chosen and Byrds","floor":29.0,"turns":7.0},{"damage":4.0,"enemies":"Shelled Parasite and Fungi","floor":31.0,"turns":5.0},{"damage":17.0,"enemies":"Collector","floor":33.0,"turns":10.0},{"damage":0.0,"enemies":"Orb Walker","floor":35.0,"turns":4.0},{"damage":3.0,"enemies":"3 Shapes","floor":36.0,"turns":4.0},{"damage":0.0,"enemies":"3 Darklings","floor":38.0,"turns":6.0},{"damage":1.0,"enemies":"Transient","floor":39.0,"turns":5.0},{"damage":0.0,"enemies":"Maw","floor":41.0,"turns":9.0},{"damage":26.0,"enemies":"Giant Head","floor":42.0,"turns":12.0},{"damage":0.0,"enemies":"Reptomancer","floor":44.0,"turns":7.0},{"damage":0.0,"enemies":"Spire Growth","floor":47.0,"turns":6.0},{"damage":14.0,"enemies":"Giant Head","floor":48.0,"turns":8.0},{"damage":18.0,"enemies":"Awakened One","floor":50.0,"turns":14.0},{"damage":0.0,"enemies":"Shield and Spear","floor":54.0,"turns":10.0},{"damage":10,"enemies":"The Heart","floor":55,"turns":10}],"seed_played":"-6243236201321534609","potions_obtained":[{"floor":5.0,"key":"CultistPotion"},{"floor":8.0,"key":"SpeedPotion"},{"floor":16.0,"key":"Energy Potion"}],"is_trial":false,"path_per_floor":["M","?","$","T","M","E","M","M","T","E","M","T","R","$","R","B",null,"M","?","M","?","T","E","?","R","T","E","R","M","R","M","R","B",null,"M","M","$","M","M","R","M","E","T","E","$","T","M","E","R","B",null,"R","$","E","B",null],"character_chosen":"THE_SILENT","items_purchased":["Bouncing Flask","Orrery","OrangePellets","Well Laid Plans","DollysMirror","Infinite Blades","Malaise","Footwork"],"campfire_rested":4,"item_purchase_floors":[3,14,37,37,45,45,53,53],"current_hp_per_floor":[59,59,59,59,59,59,57,53,53,24,4,4,23,23,23,21,55,51,33,32,32,32,27,11,25,25,21,35,11,11,9,23,30,43,45,44,44,46,46,46,47,21,21,23,23,23,25,13,13,22,41,41,41,43,37],"gold":79,"neow_bonus":"THREE_ENEMY_KILL","is_daily":false,"chose_seed":false,"campfire_upgraded":4,"win_rate":0.0,"timestamp":1614166256,"path_taken":["M","?","$","?","M","E","M","M","T","E","M","?","R","$","R","BOSS","M","?","M","?","?","E","?","R","T","E","R","?","R","M","R","BOSS","M","M","$","M","M","R","M","E","T","E","?","?","M","E","R","BOSS","R","$","E","BOSS"],"items_purchased_type":["Card","Relic","Relic","Card","Relic","Card","Card","Card"],"build_version":"2020-12-13","purchased_purges":3,"victory":true,"max_hp_per_floor":[66,66,66,66,66,66,66,66,66,66,66,66,66,66,66,66,66,66,33,33,33,33,47,47,47,47,47,47,47,47,47,47,47,47,47,47,47,47,47,47,47,47,47,47,47,47,47,47,47,47,47,47,47,47,47],"relic_stats":{"counters":[27,177],"CeramicFish":324,"Dead Branch":[138],"Juzu Bracelet":0,"Question Card":23,"WarpedTongs":[131],"Blood Vial":31,"Sozu":6,"OrangePellets":[12],"Centennial Puzzle":[6],"Shuriken":[58],"Pantograph":53,"Tiny Chest":2,"obtain_stats":[{"NeowsBlessing":0,"The Specimen":27,"Nilry\u0027s Codex":24,"CeramicFish":6,"Dead Branch":44,"Vajra":42,"Mango":23,"Juzu Bracelet":46,"Question Card":12,"Empty Cage":34,"White Beast Statue":54,"WarpedTongs":21,"Blood Vial":10,"keyreminder:keyreminder":10,"Sozu":17,"OrangePellets":37,"Centennial Puzzle":48,"Shuriken":9,"DollysMirror":45,"Pantograph":26,"Orrery":14,"Tiny Chest":4,"InkBottle":22,"Ring of the Snake":0},{"NeowsBlessing":0,"The Specimen":12,"Nilry\u0027s Codex":11,"CeramicFish":3,"Dead Branch":22,"Vajra":21,"Mango":11,"Juzu Bracelet":22,"Question Card":7,"Empty Cage":15,"White Beast Statue":26,"WarpedTongs":10,"Blood Vial":6,"keyreminder:keyreminder":6,"Sozu":8,"OrangePellets":17,"Centennial Puzzle":24,"Shuriken":5,"DollysMirror":22,"Pantograph":11,"Orrery":7,"Tiny Chest":1,"InkBottle":10,"Ring of the Snake":0},{"NeowsBlessing":0,"The Specimen":60,"Nilry\u0027s Codex":53,"CeramicFish":3,"Dead Branch":129,"Vajra":122,"Mango":53,"Juzu Bracelet":129,"Question Card":25,"Empty Cage":82,"White Beast Statue":167,"WarpedTongs":46,"Blood Vial":18,"keyreminder:keyreminder":18,"Sozu":35,"OrangePellets":90,"Centennial Puzzle":143,"Shuriken":9,"DollysMirror":129,"Pantograph":53,"Orrery":25,"Tiny Chest":1,"InkBottle":46,"Ring of the Snake":0}],"InkBottle":[65],"Ring of the Snake":[54]},"card_choices":[{"not_picked":["Dagger Throw","Dagger Spray"],"picked":"Noxious Fumes","floor":1.0},{"not_picked":["Prepared","Blade Dance"],"picked":"Bane","floor":5.0},{"not_picked":["Flying Knee","Infinite Blades"],"picked":"Skewer","floor":6.0},{"not_picked":["Backflip","Cloak And Dagger"],"picked":"Sucker Punch","floor":7.0},{"not_picked":["Acrobatics","Blade Dance"],"picked":"A Thousand Cuts","floor":8.0},{"not_picked":["All Out Attack","Adrenaline"],"picked":"After Image","floor":10.0},{"not_picked":["Eviscerate","Sucker Punch"],"picked":"Backflip","floor":11.0},{"not_picked":["Dagger Throw","Backstab","Masterful Stab"],"picked":"Dash","floor":14.0},{"not_picked":["Infinite Blades","Bane","Cloak And Dagger"],"picked":"Terror","floor":14.0},{"not_picked":["Bane","Finisher","Catalyst"],"picked":"Deflect","floor":14.0},{"not_picked":["Deflect","Prepared","Masterful Stab"],"picked":"Cloak And Dagger","floor":14.0},{"not_picked":["Wraith Form v2","Die Die Die","Unload"],"picked":"Envenom","floor":16.0},{"not_picked":["Choke","Prepared","Backstab"],"picked":"PiercingWail","floor":18.0},{"not_picked":["Underhanded Strike","Sucker Punch","Deflect"],"picked":"Bane+1","floor":20.0},{"not_picked":["Bane+1","Bouncing Flask","Caltrops"],"picked":"After Image","floor":23.0},{"not_picked":["Concentrate","Dagger Throw","Masterful Stab"],"picked":"Blade Dance","floor":27.0},{"not_picked":["Distraction","Dagger Throw","Dagger Spray","Concentrate"],"picked":"SKIP","floor":29.0},{"not_picked":["Deadly Poison","Dagger Throw","All Out Attack"],"picked":"Outmaneuver","floor":31.0},{"not_picked":["Venomology","Unload","Grand Finale"],"picked":"Phantasmal Killer","floor":33.0},{"not_picked":["Expertise","Dagger Throw","Prepared","Bane"],"picked":"SKIP","floor":35.0},{"not_picked":["Dagger Throw+1","Expertise","Predator"],"picked":"All Out Attack+1","floor":36.0},{"not_picked":["Noxious Fumes","Sucker Punch","Acrobatics"],"picked":"Leg Sweep","floor":38.0},{"not_picked":["Dodge and Roll","Escape Plan","Backflip"],"picked":"PiercingWail","floor":39.0},{"not_picked":["Acrobatics","Finisher","Backflip"],"picked":"Caltrops","floor":41.0},{"not_picked":["Underhanded Strike","Prepared","Endless Agony"],"picked":"Caltrops","floor":42.0},{"not_picked":["Tactician","Sucker Punch+1","Leg Sweep+1"],"picked":"Footwork","floor":44.0},{"not_picked":["Cloak And Dagger","Dagger Throw+1","Outmaneuver"],"picked":"Backflip","floor":47.0},{"not_picked":["Dagger Spray","Bane","Heel Hook"],"picked":"Calculated Gamble","floor":48.0},{"not_picked":["Dagger Throw","Flying Knee","Leg Sweep"],"picked":"Burst","floor":54.0}],"player_experience":197148,"relics_obtained":[{"floor":4.0,"key":"Tiny Chest"},{"floor":6.0,"key":"CeramicFish"},{"floor":9.0,"key":"Shuriken"},{"floor":10.0,"key":"Blood Vial"},{"floor":12.0,"key":"Question Card"},{"floor":22.0,"key":"InkBottle"},{"floor":23.0,"key":"Mango"},{"floor":24.0,"key":"Nilry\u0027s Codex"},{"floor":26.0,"key":"Pantograph"},{"floor":27.0,"key":"The Specimen"},{"floor":42.0,"key":"Vajra"},{"floor":44.0,"key":"Dead Branch"},{"floor":46.0,"key":"Juzu Bracelet"},{"floor":48.0,"key":"Centennial Puzzle"},{"floor":54.0,"key":"White Beast Statue"}],"event_choices":[{"damage_healed":0.0,"max_hp_gain":0.0,"max_hp_loss":0.0,"gold_gain":0.0,"cards_transformed":["Strike_G"],"event_name":"Transmorgrifier","player_choice":"Transformed","floor":2.0,"gold_loss":0.0,"damage_taken":0.0,"cards_obtained":["Flying Knee"]},{"damage_healed":0.0,"max_hp_gain":0.0,"max_hp_loss":33.0,"gold_gain":0.0,"event_name":"Ghosts","player_choice":"Became a Ghost","floor":19.0,"gold_loss":0.0,"damage_taken":0.0,"cards_obtained":["Ghostly","Ghostly","Ghostly","Ghostly","Ghostly"]},{"damage_healed":0.0,"max_hp_gain":0.0,"max_hp_loss":0.0,"gold_gain":0.0,"event_name":"Accursed Blacksmith","player_choice":"Rummage","floor":21.0,"gold_loss":0.0,"damage_taken":0.0,"relics_obtained":["WarpedTongs"],"cards_obtained":["Pain"]},{"damage_healed":0.0,"max_hp_gain":0.0,"max_hp_loss":0.0,"gold_gain":0.0,"event_name":"Cursed Tome","player_choice":"Obtained Book","floor":24.0,"gold_loss":0.0,"damage_taken":16.0}],"is_beta":false,"boss_relics":[{"not_picked":["Cursed Key","Tiny House"],"picked":"Sozu"},{"not_picked":["WristBlade","Pandora\u0027s Box"],"picked":"Empty Cage"}],"items_purged_floors":[3,14,37],"is_endless":false,"potions_floor_spawned":[5,8,10,16,23,27,31,36,42,48],"ascension_level":14}}