{"host":"p9xedk00duaz8l9n","time":1614181555,"event":{"mods":["BaseMod","Colored Map","DeckTracker","Highlight Path","Minty Spire (QoL Compilation)","Relic Stats","SuperFastMode"],"gold_per_floor":[210,210,210,228,10,40,58,71,146,146,164,195,120,152,152,229,229,239,73,73,90,90,119,169,195,221,240,271,196,18,37,37,113,113,126,401,411,411,411],"floor_reached":38,"language":"JPN","playtime":2120,"items_purged":["Defend_R","Defend_R"],"score":1179,"play_id":"292e9507-da57-4b0c-9e1d-1e474d115b5d","local_time":"20210225004555","is_ascension_mode":true,"campfire_choices":[{"data":"Fiend Fire","floor":10,"key":"SMITH"},{"data":"Uppercut","floor":15,"key":"SMITH"},{"data":"Ghostly","floor":32,"key":"SMITH"}],"circlet_count":0,"master_deck":["AscendersBane","Strike_R","Strike_R","Strike_R","Defend_R","Defend_R","Bash+1","Thunderclap","Uppercut+1","Fire Breathing","Offering","True Grit","Disarm","Fiend Fire+1","Shockwave","Demon Form","Feed","Dropkick","Ghostly+1","Ghostly","Ghostly","Battle Trance","Immolate","Ghostly Armor","Feel No Pain","Evolve","Exhume","Spot Weakness","Regret"],"relics":["Burning Blood","Thread and Needle","Eternal Feather","Oddly Smooth Stone","Centennial Puzzle","Coffee Dripper","Bag of Preparation","Nunchaku","Blue Candle","Red Skull","Bottled Flame","SlaversCollar"],"acts_visited":["Exordium","TheCity","TheBeyond"],"potions_floor_usage":[6,6,12,14,16,21,23,25,28],"damage_taken":[{"damage":1,"enemies":"Small Slimes","floor":1,"turns":4},{"damage":3,"enemies":"2 Louse","floor":4,"turns":3},{"damage":6,"enemies":"3 Sentries","floor":6,"turns":4},{"damage":7,"enemies":"Jaw Worm","floor":7,"turns":2},{"damage":27,"enemies":"Large Slime","floor":8,"turns":6},{"damage":6,"enemies":"Looter","floor":11,"turns":1},{"damage":0,"enemies":"Lagavulin","floor":12,"turns":3},{"damage":0,"enemies":"Gremlin Nob","floor":14,"turns":2},{"damage":24,"enemies":"Slime Boss","floor":16,"turns":6},{"damage":16,"enemies":"3 Byrds","floor":18,"turns":5},{"damage":14,"enemies":"Chosen","floor":21,"turns":6},{"damage":1,"enemies":"Book of Stabbing","floor":23,"turns":3},{"damage":6,"enemies":"Gremlin Leader","floor":25,"turns":4},{"damage":1,"enemies":"Centurion and Healer","floor":27,"turns":6},{"damage":18,"enemies":"Book of Stabbing","floor":28,"turns":4},{"damage":1,"enemies":"Snake Plant","floor":31,"turns":3},{"damage":28,"enemies":"Champ","floor":33,"turns":13},{"damage":22,"enemies":"3 Darklings","floor":35,"turns":6},{"damage":7,"enemies":"Orb Walker","floor":37,"turns":3},{"damage":46,"enemies":"Transient","floor":38,"turns":4}],"seed_played":"3235138414111613111","potions_obtained":[{"floor":4,"key":"Strength Potion"},{"floor":8,"key":"Swift Potion"},{"floor":11,"key":"DistilledChaos"},{"floor":12,"key":"BloodPotion"},{"floor":14,"key":"FearPotion"},{"floor":16,"key":"ColorlessPotion"},{"floor":18,"key":"PowerPotion"},{"floor":21,"key":"Strength Potion"},{"floor":23,"key":"Fire Potion"},{"floor":31,"key":"FearPotion"},{"floor":37,"key":"SteroidPotion"}],"is_trial":false,"path_per_floor":["M","?","?","M","$","E","M","M","T","R","M","E","$","E","R","B",null,"M","$","?","M","?","E","?","E","T","M","E","?","$","M","R","B",null,"M","?","M","M"],"character_chosen":"IRONCLAD","items_purchased":["Fire Breathing","Offering","Fire Potion","Bag of Preparation","Feel No Pain"],"campfire_rested":0,"item_purchase_floors":[5,5,5,19,30],"current_hp_per_floor":[73,66,66,69,69,69,68,47,47,56,56,62,62,68,75,72,74,67,67,39,34,34,42,42,42,42,48,36,36,36,41,48,26,43,27,27,26,0,0],"gold":411,"neow_bonus":"HUNDRED_GOLD","is_daily":false,"chose_seed":false,"campfire_upgraded":3,"win_rate":0.0,"timestamp":1614181555,"path_taken":["M","?","?","M","$","E","M","M","T","R","M","E","?","E","R","BOSS","M","$","?","M","?","E","?","E","T","M","E","?","$","M","R","BOSS","M","?","M","?"],"items_purchased_type":["Card","Card","Potion","Relic","Card"],"build_version":"2020-12-22","purchased_purges":2,"victory":false,"max_hp_per_floor":[75,75,75,75,75,75,75,75,75,75,75,75,75,75,75,75,75,78,78,39,42,42,45,45,45,45,48,48,48,48,48,48,48,48,48,48,48,48,48],"relic_stats":{"Centennial Puzzle":[36],"Nunchaku":[7],"counters":[20,88],"Blue Candle":[0],"Eternal Feather":23,"Bag of Preparation":[20],"obtain_stats":[{"SlaversCollar":34,"Centennial Puzzle":14,"Nunchaku":23,"Bottled Flame":28,"Blue Candle":25,"Oddly Smooth Stone":12,"Thread and Needle":6,"Eternal Feather":9,"Coffee Dripper":17,"Bag of Preparation":19,"Burning Blood":0,"Red Skull":26},{"SlaversCollar":17,"Centennial Puzzle":8,"Nunchaku":12,"Bottled Flame":15,"Blue Candle":13,"Oddly Smooth Stone":7,"Thread and Needle":3,"Eternal Feather":5,"Coffee Dripper":9,"Bag of Preparation":10,"Burning Blood":0,"Red Skull":13},{"SlaversCollar":75,"Centennial Puzzle":25,"Nunchaku":45,"Bottled Flame":59,"Blue Candle":49,"Oddly Smooth Stone":23,"Thread and Needle":11,"Eternal Feather":19,"Coffee Dripper":31,"Bag of Preparation":36,"Burning Blood":0,"Red Skull":49}],"Burning Blood":112},"card_choices":[{"not_picked":["Iron Wave","Armaments"],"picked":"Thunderclap","floor":1},{"not_picked":["Havoc","Wild Strike"],"picked":"Uppercut","floor":4},{"not_picked":["Ghostly Armor","Cleave"],"picked":"True Grit","floor":6},{"not_picked":["Cleave","Bloodletting"],"picked":"Disarm","floor":7},{"not_picked":["Anger","Power Through"],"picked":"Fiend Fire","floor":8},{"not_picked":["Armaments","Pommel Strike","Dual Wield"],"picked":"SKIP","floor":11},{"not_picked":["Twin Strike","Dual Wield"],"picked":"Shockwave","floor":12},{"not_picked":["Havoc","Clash"],"picked":"Demon Form","floor":14},{"not_picked":["Offering","Berserk"],"picked":"Feed","floor":16},{"not_picked":["Pommel Strike","Anger"],"picked":"Dropkick","floor":18},{"not_picked":["Cleave","Clash","Thunderclap+1"],"picked":"SKIP","floor":21},{"not_picked":["Headbutt","Cleave","Twin Strike"],"picked":"SKIP","floor":23},{"not_picked":["Flex","Double Tap"],"picked":"Immolate","floor":25},{"not_picked":["Second Wind","Whirlwind+1"],"picked":"Ghostly Armor","floor":27},{"not_picked":["Wild Strike","Sword Boomerang","Intimidate"],"picked":"SKIP","floor":28},{"not_picked":["Iron Wave+1","Wild Strike+1"],"picked":"Evolve","floor":31},{"not_picked":["Impervious","Immolate"],"picked":"Exhume","floor":33},{"not_picked":["Iron Wave","Heavy Blade"],"picked":"Spot Weakness","floor":35},{"not_picked":["Flex+1","Clothesline","Sword Boomerang"],"picked":"SKIP","floor":37}],"player_experience":859521,"relics_obtained":[{"floor":6,"key":"Thread and Needle"},{"floor":9,"key":"Eternal Feather"},{"floor":12,"key":"Oddly Smooth Stone"},{"floor":14,"key":"Centennial Puzzle"},{"floor":23,"key":"Nunchaku"},{"floor":25,"key":"Blue Candle"},{"floor":26,"key":"Red Skull"},{"floor":28,"key":"Bottled Flame"}],"event_choices":[{"cards_removed":["Strike_R"],"damage_healed":0,"gold_gain":0,"player_choice":"Card Removal","damage_taken":7,"max_hp_gain":0,"max_hp_loss":0,"event_name":"Golden Wing","floor":2,"gold_loss":0},{"damage_healed":0,"gold_gain":0,"player_choice":"Grow","damage_taken":0,"max_hp_gain":0,"max_hp_loss":0,"event_name":"Living Wall","floor":3,"gold_loss":0,"cards_upgraded":["Bash"]},{"damage_healed":0,"gold_gain":0,"player_choice":"Became a Ghost","damage_taken":0,"max_hp_gain":0,"max_hp_loss":39,"event_name":"Ghosts","floor":20,"gold_loss":0,"cards_obtained":["Ghostly","Ghostly","Ghostly"]},{"damage_healed":0,"gold_gain":0,"player_choice":"Read","damage_taken":0,"max_hp_gain":0,"max_hp_loss":0,"event_name":"The Library","floor":22,"gold_loss":0,"cards_obtained":["Battle Trance"]},{"damage_healed":0,"gold_gain":50,"player_choice":"Stole From Cult","damage_taken":0,"max_hp_gain":0,"max_hp_loss":0,"event_name":"Nest","floor":24,"gold_loss":0},{"cards_removed":["Strike_R"],"damage_healed":0,"gold_gain":0,"player_choice":"Gave Gold","damage_taken":0,"max_hp_gain":0,"max_hp_loss":0,"event_name":"Beggar","floor":29,"gold_loss":75},{"damage_healed":0,"gold_gain":275,"player_choice":"Desecrate","damage_taken":0,"max_hp_gain":0,"max_hp_loss":0,"event_name":"Golden Shrine","floor":36,"gold_loss":0,"cards_obtained":["Regret"]}],"is_beta":false,"boss_relics":[{"not_picked":["Empty Cage","Black Star"],"picked":"Coffee Dripper"},{"not_picked":["Sozu","Cursed Key"],"picked":"SlaversCollar"}],"items_purged_floors":[13,30],"is_endless":false,"potions_floor_spawned":[4,8,11,12,14,16,18,21,23,31,37],"killed_by":"Transient","ascension_level":20}}