{"host":"t5kis9necmbui802","time":1614144206,"event":{"mods":["100% Spire Juice","Act Like it!","BaseMod","CapriCore","Chen","Colored Powertips","Downfall","Gensokyo","HololiveMod","Koishi","KomeijiMod","Lobotomy","LobotomyExtend","Minty Spire (QoL Compilation)","MostiFishMod","Replay The Spire","Robot Space Explorer","Shop Mod","Spicy Shops","StSLib","The Alterego","The Immortal","TheWitcher","Uncapped","Yuri Mod","noobMod"],"gold_per_floor":[349,365,430,442,459,484,484,384,384,414,425,425,451,105,120,215,215,215,235,258,279,304,304,304,332,440,440,340,340,359,401,413,518,518,418,435,445,445,445,474,474,474,521,535,569,597,610,610,637,470,480,480,480,480,506,0,0,0,0],"floor_reached":60,"language":"ZHS","playtime":7732,"items_purged":["hexamod:Strike+1"],"score":1996,"play_id":"b3aa752e-0922-40d0-bff7-828ebadd37eb","local_time":"20210224132326","is_ascension_mode":true,"campfire_choices":[{"floor":1,"key":"RECALL"},{"data":"1","floor":8,"key":"LIFT"},{"data":"2","floor":18,"key":"LIFT"},{"data":"3","floor":28,"key":"LIFT"},{"data":"hexamod:RecurringNightmare","floor":48,"key":"SMITH"},{"data":"hexamod:TimeOfNeed","floor":57,"key":"SMITH"}],"circlet_count":0,"master_deck":["hexamod:Defend+1","hexamod:Defend+1","hexamod:Defend+1","hexamod:Sear+1","hexamod:Float+1","hexamod:FlamesFromBeyond+1","hexamod:SuperheatedStrike+1","hexamod:BacktrackSmack+1","hexamod:RecurringNightmare+1","hexamod:FifthSeal","hexamod:ThirdSeal","hexamod:UnlimitedPower+1","hexamod:SixthSeal","hexamod:TimeOfNeed+1","hexamod:SecondSeal","hexamod:FirstSeal","hexamod:RetreatToShadows","hexamod:GhostOfSpirePast+1","hexamod:PhantomFireball+1","hexamod:FlamesFromBeyond+1","hexamod:PhantomFireball","hexamod:FourthSeal","hexamod:HexaLevel+1","hexamod:TimeWarp+1","CurseOfTheBell","hexamod:SkipABeat+1","hexamod:ShieldOfDarkness+1","hexamod:PhantomCloak+1","hexamod:Haunt+1","hexamod:EmpoweredFlame+1","hexamod:SearingWound+1","hexamod:BurningTouch+1","J.A.X.","hexamod:HeatCrush+1","hexamod:SuperheatedStrike+1","hexamod:ExtraCrispy+1","hexamod:ParanormalForm+1","hexamod:AdvancingGuard+1","hexamod:SkipABeat+1","hexamod:NightmareGuise+1","hexamod:GhostflameBarrier+1","hexamod:EmpoweredFlame+1","hexamod:SpectersWail+1","hexamod:EtherealExpedition+1","hexamod:PhantomCloak+1","hexamod:HeatCrush+1","hexamod:SpectralSpark+1","hexamod:RadiantFlame+1","hexamod:Incineration+1","hexamod:FlamesFromBeyond+1","hexamod:NightmareGuise+1","hexamod:PhantomCloak+1","hexamod:UnleashSpirits+1","hexamod:Rewind+1","hexamod:GhostOfSpireFuture","hexamod:EmpoweredFlame","hexamod:EmpoweredFlame","hexamod:PowerFromBeyond+1","hexamod:BurningTouch+1","hexamod:NightmareStrike","hexamod:ThermalTransfer+1","expansioncontent:InvincibleStrength","MostiFishMod:JungleRules+1"],"relics":["hexamod:SpiritBrand","DaveBox","ice","RhineSuit","LetterFromLob","Du-Vu Doll","Girya","downfall:HeartBlessingRed","Ancient Tea Set","Oddly Smooth Stone","SynthV","BrkXgEgg","Pocketwatch","Replay:Bottled Steam","SnafuTest:BearRelic","MutagenicStrength","downfall:HeartBlessingBlue","Toxic Egg 2","FeatherPendant","downfall:HeartBlessingGreen","Red Mask","Gambling Chip","Bronze Scales","Replay:Wax Seal","hexamod:MatchstickCase","Counterbalance","MerchantsRug","Shuriken","Pen Nib","Bag of Preparation","OrangePellets","BargainBundle","Pet Ghost"],"acts_visited":["Exordium","TheCity","TheBeyond","TheEnding"],"potions_floor_usage":[14,16,26,58,59],"damage_taken":[{"damage":0,"enemies":"Small Slimes","floor":2,"turns":2},{"damage":0,"enemies":"Jaw Worm","floor":4,"turns":2},{"damage":0,"enemies":"Cultist","floor":5,"turns":2},{"damage":7,"enemies":"3 Sentries","floor":6,"turns":6},{"damage":6,"enemies":"Lagavulin","floor":10,"turns":5},{"damage":6,"enemies":"downfall:LooterAlt","floor":11,"turns":2},{"damage":15,"enemies":"Gremlin Nob","floor":13,"turns":4},{"damage":20,"enemies":"downfall:FleeingMerchant","floor":14,"turns":4},{"damage":1,"enemies":"Exordium Wildlife","floor":15,"turns":2},{"damage":24,"enemies":"DF_ARCHETYPE_STREAMLINE","floor":16,"turns":6},{"damage":6,"enemies":"Shell Parasite","floor":19,"turns":3},{"damage":6,"enemies":"Chosen","floor":20,"turns":3},{"damage":9,"enemies":"Sentry and Sphere","floor":21,"turns":6},{"damage":24,"enemies":"Centurion and Healer","floor":22,"turns":5},{"damage":33,"enemies":"Book of Stabbing","floor":25,"turns":5},{"damage":6,"enemies":"downfall:Augmenter","floor":26,"turns":4},{"damage":10,"enemies":"Snake Plant","floor":30,"turns":2},{"damage":7,"enemies":"Slavers","floor":31,"turns":3},{"damage":0,"enemies":"Sentry and Sphere","floor":32,"turns":2},{"damage":6,"enemies":"SI_MIRROR_ARCHETYPE","floor":33,"turns":3},{"damage":0,"enemies":"3 Darklings","floor":36,"turns":2},{"damage":0,"enemies":"Orb Walker","floor":37,"turns":1},{"damage":0,"enemies":"Giant Head","floor":40,"turns":2},{"damage":6,"enemies":"Spire Growth","floor":44,"turns":2},{"damage":13,"enemies":"Jaw Worm Horde","floor":45,"turns":3},{"damage":0,"enemies":"Reptomancer","floor":46,"turns":2},{"damage":0,"enemies":"3 Darklings","floor":47,"turns":1},{"damage":24,"enemies":"R_Hoarder","floor":49,"turns":3},{"damage":0,"enemies":"downfall:FleeingMerchant","floor":50,"turns":3},{"damage":0,"enemies":"Sphere and 2 Shapes","floor":51,"turns":2},{"damage":0,"enemies":"IC_BLOCK_ARCHETYPE","floor":52,"turns":2},{"damage":0,"enemies":"downfall:CharBossMerchant","floor":55,"turns":3},{"damage":7,"enemies":"downfall:NeowBoss","floor":58,"turns":6},{"damage":9,"enemies":"downfall:NeowBossFinal","floor":59,"turns":3}],"seed_played":"6395631424205361175","potions_obtained":[{"floor":2,"key":"Energy Potion"},{"floor":3,"key":"Energy Potion"},{"floor":3,"key":"bronze:BurnAndBuffPotion"},{"floor":3,"key":"Elixir"},{"floor":5,"key":"Venom Potion"},{"floor":19,"key":"DistilledChaos"},{"floor":19,"key":"Elixir"},{"floor":26,"key":"Guardian:BlockOnCardUsePotion"},{"floor":55,"key":"Dexterity Potion"}],"is_trial":false,"path_per_floor":["R","M","?","M","M","E","T","R","?","E","M","?","E","$","M","B",null,"R","M","M","M","M","E","T","E","?","?","R","?","M","E","M","B",null,"R","M","M","T","?","E","PTL","PTL","T","M","M","E","M","R","E","$","M","B",null,null,"E","$","R","B","B",null],"character_chosen":"THE_SPIRIT","items_purchased":["SynthV","BrkXgEgg","hexamod:PhantomFireball","MerchantsRug","Shuriken","Pen Nib","hexamod:NightmareGuise+1","OrangePellets","BargainBundle","Pet Ghost","hexamod:EmpoweredFlame","hexamod:PowerFromBeyond+1","hexamod:BurningTouch+1","hexamod:NightmareStrike","hexamod:ThermalTransfer","expansioncontent:InvincibleStrength","ColorlessPotion","Fire Potion","Strength Potion","Elixir","MostiFishMod:JungleRules+1"],"campfire_rested":0,"item_purchase_floors":[14,14,14,50,50,50,50,56,56,56,56,56,56,56,56,56,56,56,56,56,56],"current_hp_per_floor":[63,63,63,63,63,56,56,56,56,50,44,44,29,9,15,59,65,65,59,53,51,34,34,34,8,2,2,12,12,108,101,108,109,116,116,116,116,116,116,116,116,116,116,117,104,104,104,104,94,94,94,94,94,128,129,129,129,132,132],"gold":0,"neow_bonus":"TWO_FIFTY_GOLD","is_daily":false,"chose_seed":false,"campfire_upgraded":2,"win_rate":0.0,"timestamp":1614144206,"path_taken":["R","M","?","M","M","E","T","R","?","E","?","?","E","$","M","BOSS","R","M","M","M","M","E","T","E","?","?","R","?","M","E","M","BOSS","R","M","M","?","?","E","PTL","PTL","T","M","M","E","M","R","E","?","M","BOSS","E","$","R","BOSS","BOSS"],"items_purchased_type":["Relic","Relic","Card","Relic","Relic","Relic","Card","Relic","Relic","Relic","Card","Card","Card","Card","Card","Card","Potion","Potion","Potion","Potion","Card"],"build_version":"2020-12-22","purchased_purges":1,"victory":true,"max_hp_per_floor":[63,63,63,63,63,63,63,63,63,63,63,63,63,63,63,65,65,65,68,70,76,83,83,83,93,96,96,106,106,108,113,113,116,116,116,116,116,116,116,116,116,116,116,117,118,120,120,120,121,126,128,128,128,128,129,129,129,132,135],"card_choices":[{"not_picked":["hexamod:HauntingEcho","hexamod:AdvancingGuard"],"picked":"hexamod:FlamesFromBeyond","floor":2},{"not_picked":["hexamod:PowerFromBeyond","hexamod:HauntingEcho"],"picked":"hexamod:SuperheatedStrike","floor":3},{"not_picked":["hexamod:NecessarySacrifice","hexamod:PowerFromBeyond"],"picked":"hexamod:BacktrackSmack","floor":4},{"not_picked":["hexamod:BacktrackSmack","hexamod:SpectralAdrenaline"],"picked":"hexamod:RecurringNightmare","floor":5},{"not_picked":["hexamod:Hexaguard","hexamod:ShieldOfDarkness"],"picked":"hexamod:FifthSeal","floor":6},{"not_picked":["hexamod:FourthSeal","hexamod:FirstSeal"],"picked":"hexamod:ThirdSeal","floor":10},{"not_picked":["hexamod:RainOfEmbers","hexamod:FirstSeal"],"picked":"hexamod:UnlimitedPower","floor":10},{"not_picked":["hexamod:GhostLash","hexamod:SuperheatedStrike","hexamod:ShieldOfDarkness"],"picked":"SKIP","floor":11},{"not_picked":["hexamod:SuperheatedStrike","hexamod:HeatMetal","hexamod:BacktrackSmack"],"picked":"SKIP","floor":11},{"not_picked":["hexamod:SecondSeal","hexamod:FourthSeal"],"picked":"hexamod:SixthSeal","floor":13},{"not_picked":["hexamod:ApocalypseNow","hexamod:CatchUp"],"picked":"hexamod:TimeOfNeed","floor":13},{"not_picked":["hexamod:SpectersWail","hexamod:GhostShield"],"picked":"hexamod:SecondSeal","floor":13},{"not_picked":["hexamod:SecondSeal","hexamod:ThirdSeal"],"picked":"hexamod:FirstSeal","floor":14},{"not_picked":["hexamod:BurningTouch","hexamod:EtherealExpedition"],"picked":"hexamod:RetreatToShadows","floor":14},{"not_picked":["hexamod:GhostLash","hexamod:Rewind"],"picked":"hexamod:GhostOfSpirePast","floor":14},{"not_picked":["hexamod:ChargedBarrage","hexamod:Haunt"],"picked":"hexamod:FlamesFromBeyond","floor":15},{"not_picked":["hexamod:InspiringFlames","hexamod:Firestarter"],"picked":"hexamod:PhantomFireball","floor":15},{"not_picked":["hexamod:FirstSeal","hexamod:SixthSeal"],"picked":"hexamod:FourthSeal","floor":16},{"not_picked":["hexamod:TurnItUp+1","hexamod:WildfireWeapon+1"],"picked":"hexamod:HexaLevel+1","floor":16},{"not_picked":["hexamod:UnlimitedPower+1","hexamod:GiftsFromTheDead+1"],"picked":"hexamod:TimeWarp+1","floor":16},{"not_picked":["hexamod:ThermalTransfer","hexamod:GhostflameBarrier","hexamod:HauntingEcho+1"],"picked":"SKIP","floor":19},{"not_picked":["hexamod:InspiringFlames","hexamod:SpectersWail","hexamod:Firestarter"],"picked":"SKIP","floor":19},{"not_picked":["hexamod:DynamicBlow","hexamod:Firestarter"],"picked":"hexamod:SkipABeat+1","floor":20},{"not_picked":["hexamod:NightmareGuise","hexamod:HeatShield"],"picked":"hexamod:ShieldOfDarkness+1","floor":21},{"not_picked":["hexamod:FlamesFromBeyond+1","hexamod:SwordOfDarkness+1"],"picked":"hexamod:PhantomCloak","floor":22},{"not_picked":["hexamod:InspiringFlames","hexamod:BacktrackSmack"],"picked":"hexamod:Haunt","floor":22},{"not_picked":["hexamod:SuperheatedStrike","hexamod:PhantomFireball"],"picked":"hexamod:EmpoweredFlame+1","floor":25},{"not_picked":["hexamod:ShieldOfDarkness","hexamod:EtherealExpedition","hexamod:FirstSeal"],"picked":"SKIP","floor":25},{"not_picked":[],"picked":"J.A.X.","floor":26},{"not_picked":["hexamod:BacktrackSmack","hexamod:GhostShield"],"picked":"hexamod:HeatCrush+1","floor":26},{"not_picked":["hexamod:SixthSeal","hexamod:ThermalTransfer"],"picked":"hexamod:SuperheatedStrike+1","floor":30},{"not_picked":["hexamod:StepThrough","hexamod:ThermalTransfer","hexamod:BurningTouch"],"picked":"SKIP","floor":30},{"not_picked":["hexamod:ThirdSeal","hexamod:BacktrackSmack"],"picked":"hexamod:DynamicBlow+1","floor":31},{"not_picked":["hexamod:BurningTouch+1","hexamod:ShieldOfDarkness+1"],"picked":"hexamod:ExtraCrispy","floor":32},{"not_picked":["hexamod:FlameSwitch+1","hexamod:UnlimitedPower+1"],"picked":"hexamod:ParanormalForm+1","floor":33},{"not_picked":["hexamod:Rewind+1","hexamod:SwordOfDarkness+1"],"picked":"hexamod:AdvancingGuard+1","floor":36},{"not_picked":["hexamod:NightmareStrike+1","hexamod:SwordOfDarkness+1"],"picked":"hexamod:SkipABeat+1","floor":37},{"not_picked":["hexamod:BurningTouch+1","hexamod:ForkedFlame+1"],"picked":"hexamod:NightmareGuise+1","floor":40},{"not_picked":["hexamod:ThermalTransfer","hexamod:BacktrackSmack+1"],"picked":"hexamod:GhostflameBarrier+1","floor":40},{"not_picked":["hexamod:Rewind+1","hexamod:Firestarter"],"picked":"hexamod:EmpoweredFlame+1","floor":40},{"not_picked":["hexamod:SkipABeat+1","hexamod:BacktrackSmack"],"picked":"hexamod:SpectersWail+1","floor":44},{"not_picked":["hexamod:SpectersWail+1","hexamod:BurningTouch+1"],"picked":"hexamod:EtherealExpedition+1","floor":45},{"not_picked":["hexamod:FirstSeal","hexamod:HauntingEcho+1"],"picked":"hexamod:PhantomCloak+1","floor":46},{"not_picked":["hexamod:SwordOfDarkness","hexamod:ThermalTransfer"],"picked":"hexamod:HeatCrush+1","floor":47},{"not_picked":["hexamod:ChargedBarrage+1","hexamod:HeatCrush"],"picked":"hexamod:SpectralSpark+1","floor":49},{"not_picked":["hexamod:SpectralAdrenaline+1","hexamod:InspiringFlames+1"],"picked":"hexamod:RadiantFlame+1","floor":50},{"not_picked":["hexamod:PowerFromBeyond+1","hexamod:NightmareStrike+1"],"picked":"hexamod:Incineration+1","floor":50},{"not_picked":["hexamod:HauntingEcho+1","hexamod:GhostShield+1"],"picked":"hexamod:FlamesFromBeyond+1","floor":50},{"not_picked":["hexamod:SwordOfDarkness","hexamod:NightmareStrike"],"picked":"hexamod:PhantomCloak+1","floor":51},{"not_picked":["hexamod:GhostOfSpirePast","hexamod:SkipABeat+1"],"picked":"hexamod:UnleashSpirits+1","floor":55},{"not_picked":["hexamod:NightmareStrike+1","hexamod:BacktrackSmack+1"],"picked":"hexamod:Rewind+1","floor":55},{"not_picked":["hexamod:HeatCrush+1","hexamod:SkipABeat+1"],"picked":"hexamod:GhostOfSpireFuture","floor":55}],"player_experience":455997,"relics_obtained":[{"floor":2,"key":"LetterFromLob"},{"floor":6,"key":"Du-Vu Doll"},{"floor":7,"key":"Girya"},{"floor":10,"key":"Ancient Tea Set"},{"floor":13,"key":"Oddly Smooth Stone"},{"floor":17,"key":"Pocketwatch"},{"floor":17,"key":"Replay:Bottled Steam"},{"floor":17,"key":"War Paint"},{"floor":25,"key":"SnafuTest:BearRelic"},{"floor":26,"key":"MutagenicStrength"},{"floor":31,"key":"Toxic Egg 2"},{"floor":38,"key":"Gambling Chip"},{"floor":40,"key":"Bronze Scales"},{"floor":43,"key":"Replay:Wax Seal"},{"floor":46,"key":"hexamod:MatchstickCase"},{"floor":49,"key":"Counterbalance"},{"floor":55,"key":"Bag of Preparation"}],"event_choices":[],"is_beta":false,"boss_relics":[{"not_picked":["Velvet Choker","Snecko Eye"],"picked":"Calling Bell"},{"not_picked":["ReplayTheSpireMod:DimensionalGlitch","Snecko Heart"],"picked":"FeatherPendant"}],"items_purged_floors":[56],"is_endless":false,"potions_floor_spawned":[2,5,6,11,13,19,22,30,31,32,37,40,44,49,55],"ascension_level":3}}