{"host":"7tvb1em0d2fx72q7","time":1614149495,"event":{"mods":["BaseMod","Challenge The Spire","Minty Spire (QoL Compilation)","StSLib","everything is the same but u backflip on backflip"],"gold_per_floor":[117,130,140,151,168,199,199,227,227,227,253,253,253,16,16,16,16],"floor_reached":16,"language":"ENG","playtime":1247,"items_purged":["Strike_G"],"score":240,"play_id":"ee85b536-1439-4759-bf94-322773bfb43d","local_time":"20210224015135","is_ascension_mode":true,"campfire_choices":[{"floor":7,"key":"REST"},{"data":"Die Die Die","floor":10,"key":"SMITH"},{"data":"Bouncing Flask","floor":12,"key":"SMITH"},{"data":"Leg Sweep","floor":15,"key":"SMITH"}],"circlet_count":0,"master_deck":["AscendersBane","Strike_G","Strike_G","Strike_G","Strike_G","Defend_G","Defend_G","Defend_G","Defend_G","Defend_G","Survivor","Neutralize","Slice","Bouncing Flask+1","Leg Sweep+1","Backflip","Sucker Punch","Dagger Throw","Die Die Die+1","Crippling Poison+1"],"relics":["Ring of the Snake","Regal Pillow","Blood Vial","Molten Egg 2","Toxic Egg 2","Strange Spoon"],"acts_visited":["Exordium"],"potions_floor_usage":[6,8,11],"damage_taken":[{"damage":0,"enemies":"2 Louse","floor":1,"turns":4},{"damage":4,"enemies":"Jaw Worm","floor":2,"turns":6},{"damage":0,"enemies":"Cultist","floor":3,"turns":4},{"damage":1,"enemies":"2 Fungi Beasts","floor":4,"turns":4},{"damage":3,"enemies":"Looter","floor":5,"turns":3},{"damage":45,"enemies":"Gremlin Nob","floor":6,"turns":5},{"damage":9,"enemies":"Lagavulin","floor":8,"turns":9},{"damage":9,"enemies":"3 Sentries","floor":11,"turns":9},{"damage":62,"enemies":"Slime Boss","floor":16,"turns":10}],"seed_played":"-4768716831725945498","potions_obtained":[{"floor":4,"key":"SpeedPotion"},{"floor":5,"key":"CunningPotion"},{"floor":6,"key":"Ancient Potion"},{"floor":11,"key":"Dexterity Potion"}],"is_trial":false,"path_per_floor":["M","M","M","M","M","E","R","E","T","R","E","R","?","$","R","B"],"character_chosen":"THE_SILENT","items_purchased":["Strange Spoon"],"campfire_rested":1,"item_purchase_floors":[14],"current_hp_per_floor":[65,61,61,60,57,12,48,39,39,39,32,32,56,56,56,0,0],"gold":16,"neow_bonus":"TEN_PERCENT_HP_BONUS","is_daily":false,"chose_seed":false,"campfire_upgraded":3,"win_rate":0.0,"timestamp":1614149495,"path_taken":["M","M","M","M","M","E","R","E","T","R","E","R","?","$","R","BOSS"],"items_purchased_type":["Relic"],"build_version":"2020-12-22","purchased_purges":1,"victory":false,"max_hp_per_floor":[72,72,72,72,72,72,72,72,72,72,72,72,72,72,72,72,72],"card_choices":[{"not_picked":["Backflip","Heel Hook"],"picked":"Slice","floor":1},{"not_picked":["Cloak And Dagger","Dagger Throw"],"picked":"Bouncing Flask","floor":2},{"not_picked":["Expertise","Deadly Poison"],"picked":"Leg Sweep","floor":3},{"not_picked":["Underhanded Strike","Acrobatics"],"picked":"Backflip","floor":4},{"not_picked":["Deflect","Leg Sweep"],"picked":"Sucker Punch","floor":5},{"not_picked":["Deflect","Finisher"],"picked":"Dagger Throw","floor":6},{"not_picked":["Outmaneuver","Reflex"],"picked":"Die Die Die","floor":8},{"not_picked":["Choke+1","PiercingWail+1"],"picked":"Crippling Poison+1","floor":11}],"player_experience":2061080,"relics_obtained":[{"floor":6,"key":"Regal Pillow"},{"floor":8,"key":"Blood Vial"},{"floor":9,"key":"Molten Egg 2"},{"floor":11,"key":"Toxic Egg 2"}],"event_choices":[{"damage_healed":24,"gold_gain":0,"player_choice":"Banana","damage_taken":0,"max_hp_gain":0,"max_hp_loss":0,"event_name":"Big Fish","floor":13,"gold_loss":0}],"is_beta":false,"boss_relics":[],"items_purged_floors":[14],"is_endless":false,"potions_floor_spawned":[4,5,6,11],"killed_by":"Slime Boss","ascension_level":20}}