{"host":"kj5ejyofr70ax6r3","time":1614192729,"event":{"mods":["BaseMod","BetterRewards","Colored Map","Downfall","GifTheSpireLib","Minty Spire (QoL Compilation)","Replay The Spire","Shop Mod","StSLib"],"gold_per_floor":[99,115,127,169,13,13,65,65,65,76,76,76,89,104,120,219,269,269,280,280,330,24,24,103,153,173,73,173,73,91,106,117,219,219,231,293,355,465,527,589,628,551,563,608,684,712,624,686,708,720,732,776,0,0,0,0,0,0],"floor_reached":56,"language":"ENG","playtime":4043,"items_purged":["Delirium"],"score":1015,"play_id":"78293f8e-be56-4ce6-a1c0-93c94c5a827b","local_time":"20210224125209","is_ascension_mode":false,"campfire_choices":[{"floor":1,"key":"RECALL"},{"floor":9,"key":"REST"},{"data":"bronze:InfiniteBeams","floor":18,"key":"SMITH"},{"floor":23,"key":"REST"},{"floor":27,"key":"REST"},{"data":"Discovery","floor":29,"key":"SMITH"},{"data":"bronze:GetLatest","floor":35,"key":"SMITH"},{"data":"bronze:BronzeOrb","floor":43,"key":"SMITH"},{"floor":47,"key":"REST"},{"floor":54,"key":"REST"}],"circlet_count":0,"master_deck":["bronze:Strike","bronze:Strike","bronze:Strike","bronze:Defend","bronze:Defend","bronze:Defend","bronze:Defend","bronze:Replicate+1","bronze:Goto","bronze:Allocate+1","bronze:ChildClass","bronze:Repulsor","bronze:FineTuning","bronze:InfiniteBeams+1","bronze:Separator","bronze:Frontload","bronze:Repair","Regret","bronze:Fortify","bronze:WhirlingStrike","bronze:WhirlingStrike","bronze:ShipIt+1","bronze:Repair","bronze:Boost+1","bronze:Turbo","bronze:Format","bronze:BronzeOrb+1","bronze:Branch+1","bronze:Branch","Good Instincts","Discovery+1","bronze:FollowUp+1","bronze:InfiniteBeams","bronze:BugBarrage+1","bronze:GetLatest+1","Sickly","bronze:Mutator","CurseOfTheBell","Voices","bronze:Fortify+1","ReplayTheSpireMod:Faulty Equipment","bronze:InfiniteBeams+1","bronze:ForceShield+1","Spreading Infection","bronze:Flail","bronze:MaxOutput","bronze:Frontload+1","bronze:BurnOut","ReplayTheSpireMod:Splinters","bronze:Turbo","bronze:Repair","bronze:ItsAFeature+1","bronze:Boost","bronze:DigitalCarnage+1"],"relics":["bronze:BronzeCore","Replay:Bottled Eggs","Blue Doll","SsserpentHead","Tiny House","ReplayTheSpireMod:Ring of Addiction","ReplayTheSpireMod:Ring of Collecting","SacredBark","White Beast Statue","ReplayTheSpireMod:ShopPack","Ring of Hypnosis","Kunai","Replay:Ringing Soul","downfall:HeartBlessingRed","Ring of Greed","The Courier","Replay:Wax Seal","MealTicket","downfall:HeartBlessingBlue","Calling Bell","MawBank","Snack Pack","Torii","Ring of Panic","Divine Protection","TungstenRod","Ring of Peace","bronze:SilverBullet","Orichalcum","downfall:HeartBlessingGreen","Ring of Searing","Replay:Bottled Snecko","Whetstone","Strawberry","Mercury Hourglass","Orrery","Pet Ghost","Anchor","bronze:BronzeIdol"],"acts_visited":["Exordium","TheCity","TheBeyond","TheEnding"],"potions_floor_usage":[16,22,26,30,31,33,33,38,38,44,46,46,50,50,55,56],"damage_taken":[{"damage":3,"enemies":"Jaw Worm","floor":2,"turns":4},{"damage":4,"enemies":"2 Louse","floor":3,"turns":3},{"damage":2,"enemies":"downfall:FleeingMerchant","floor":5,"turns":4},{"damage":0,"enemies":"Small Slimes","floor":10,"turns":3},{"damage":12,"enemies":"downfall:LooterAlt","floor":13,"turns":4},{"damage":17,"enemies":"Large Slime","floor":14,"turns":6},{"damage":0,"enemies":"2 Fungi Beasts","floor":15,"turns":3},{"damage":57,"enemies":"WA_ARCHETYPE_RETAIN","floor":16,"turns":10},{"damage":41,"enemies":"downfall:LooterAlt2","floor":19,"turns":4},{"damage":0,"enemies":"Chosen","floor":20,"turns":1},{"damage":7,"enemies":"downfall:FleeingMerchant","floor":22,"turns":4},{"damage":36,"enemies":"Sentry and Sphere","floor":26,"turns":6},{"damage":11,"enemies":"Centurion and Healer","floor":30,"turns":5},{"damage":33,"enemies":"Snecko","floor":31,"turns":6},{"damage":22,"enemies":"Sentry and Sphere","floor":32,"turns":6},{"damage":26,"enemies":"IC_MUSHROOM_ARCHETYPE","floor":33,"turns":10},{"damage":68,"enemies":"2 Orb Walkers","floor":38,"turns":6},{"damage":0,"enemies":"3 Shapes","floor":42,"turns":5},{"damage":56,"enemies":"Giant Head","floor":44,"turns":10},{"damage":19,"enemies":"3 Darklings","floor":45,"turns":6},{"damage":50,"enemies":"Maw","floor":46,"turns":10},{"damage":8,"enemies":"Transient","floor":49,"turns":5},{"damage":156,"enemies":"SI_POISON_ARCHETYPE","floor":50,"turns":13},{"damage":59,"enemies":"downfall:CharBossMerchant","floor":52,"turns":7},{"damage":95,"enemies":"downfall:NeowBoss","floor":55,"turns":15},{"damage":120,"enemies":"downfall:NeowBossFinal","floor":56,"turns":8}],"seed_played":"-8097331793851150743","potions_obtained":[{"floor":4,"key":"SpeedPotion"},{"floor":13,"key":"Elixir"},{"floor":14,"key":"ColorlessPotion"},{"floor":16,"key":"Ancient Potion"},{"floor":19,"key":"Adrenaline Potion"},{"floor":21,"key":"Fruit Juice"},{"floor":21,"key":"Energy Potion"},{"floor":22,"key":"Reflective Coating"},{"floor":26,"key":"SpeedPotion"},{"floor":30,"key":"Adrenaline Potion"},{"floor":31,"key":"sneckomod:MuddlingPotion"},{"floor":32,"key":"bronze:CleanCodePotion"},{"floor":33,"key":"BlessingOfTheForge"},{"floor":38,"key":"Ancient Potion"},{"floor":42,"key":"Adrenaline Potion"},{"floor":44,"key":"bronze:CleanCodePotion"},{"floor":45,"key":"Energy Potion"},{"floor":46,"key":"champ:CounterPotion"},{"floor":49,"key":"SteroidPotion"},{"floor":52,"key":"champ:CounterPotion"}],"is_trial":false,"path_per_floor":["R","M","M","?","$","?","T","?","R","M","?","?","M","M","M","B",null,"R","M","M","?","$","R","T","?","M","R","T","R","M","M","M","B",null,"R","?","?","?","?","?","T","M","R","E","M","M","R","T","M","B",null,"E","$","R","B","B"],"character_chosen":"THE_AUTOMATON","items_purchased":["bronze:InfiniteBeams","bronze:Separator","bronze:Frontload","ReplayTheSpireMod:ShopPack","bronze:BronzeOrb","bronze:Branch","Strawberry","Mercury Hourglass","Orrery","Pet Ghost","Anchor","bronze:BronzeIdol"],"campfire_rested":5,"item_purchase_floors":[5,5,5,22,22,22,53,53,53,53,53,53],"current_hp_per_floor":[77,74,70,51,49,49,49,49,72,72,72,72,67,57,64,14,82,82,48,48,48,60,86,86,89,69,91,91,101,98,75,70,61,114,114,114,115,61,131,131,134,135,135,99,103,95,138,138,137,3,145,106,131,156,98,0,0,0],"gold":0,"neow_bonus":"TEN_PERCENT_HP_BONUS","is_daily":false,"chose_seed":false,"campfire_upgraded":4,"win_rate":0.0,"timestamp":1614192729,"path_taken":["R","M","M","?","$","?","T","?","R","M","?","?","M","M","M","BOSS","R","M","M","?","$","R","T","?","M","R","?","R","M","M","M","BOSS","R","?","?","?","?","?","T","M","R","E","?","M","R","?","M","BOSS","E","$","R","BOSS","BOSS"],"items_purchased_type":["Card","Card","Card","Relic","Card","Card","Relic","Relic","Relic","Relic","Relic","Relic"],"build_version":"2020-12-22","purchased_purges":1,"victory":false,"max_hp_per_floor":[77,77,77,77,77,77,77,77,77,77,77,77,77,77,77,77,82,82,82,82,82,87,87,87,90,91,91,91,101,102,105,108,111,114,114,114,115,118,131,131,134,135,135,138,141,144,144,144,147,145,145,148,158,156,156,156,156,156],"card_choices":[{"not_picked":["bronze:BitShift","bronze:Invalidate"],"picked":"bronze:Allocate","floor":2},{"not_picked":["bronze:ForLoop","bronze:Fortify"],"picked":"bronze:ChildClass","floor":3},{"not_picked":["bronze:CloningBeam","bronze:WhirlingStrike"],"picked":"bronze:Repulsor","floor":4},{"not_picked":["bronze:Refactor","bronze:ForLoop"],"picked":"bronze:FineTuning","floor":5},{"not_picked":["bronze:Iterate","bronze:ClassDefault"],"picked":"bronze:Repair","floor":10},{"not_picked":["bronze:BuggyMess","bronze:CutThrough"],"picked":"bronze:Fortify","floor":13},{"not_picked":["bronze:WildBeam","bronze:Separator"],"picked":"bronze:WhirlingStrike","floor":14},{"not_picked":["bronze:Fortify","bronze:CleanCode"],"picked":"bronze:WhirlingStrike","floor":15},{"not_picked":["bronze:Verify","bronze:ThunderWave"],"picked":"bronze:ShipIt","floor":16},{"not_picked":["bronze:Turbo","bronze:Flail"],"picked":"bronze:Repair","floor":17},{"not_picked":["bronze:Refactor","bronze:Turbo"],"picked":"bronze:Boost+1","floor":19},{"not_picked":["bronze:Fortify","bronze:WhirlingStrike+1"],"picked":"bronze:Turbo","floor":20},{"not_picked":["bronze:Safeguard+1","bronze:Frontload"],"picked":"bronze:Format","floor":22},{"not_picked":["Secret Weapon","Secret Technique"],"picked":"Transmutation","floor":22},{"not_picked":["Transmutation","Replay:BasicMightCard"],"picked":"Good Instincts","floor":22},{"not_picked":["Replay:BasicMightCard","Thinking Ahead"],"picked":"Discovery","floor":22},{"not_picked":["bronze:InfiniteBeams","bronze:Philosophize"],"picked":"bronze:FollowUp+1","floor":26},{"not_picked":["bronze:Safeguard","bronze:BronzeArmor"],"picked":"bronze:InfiniteBeams","floor":30},{"not_picked":["bronze:Overload","bronze:CutThrough"],"picked":"bronze:BugBarrage+1","floor":31},{"not_picked":["bronze:Separator","bronze:Allocate"],"picked":"bronze:GetLatest","floor":32},{"not_picked":["bronze:Verify","bronze:HyperBeam"],"picked":"bronze:Mutator","floor":33},{"not_picked":["bronze:Branch+1","bronze:WhirlingStrike+1"],"picked":"bronze:Fortify+1","floor":38},{"not_picked":["bronze:Optimize","bronze:Overload+1"],"picked":"bronze:InfiniteBeams+1","floor":42},{"not_picked":["bronze:Flail","bronze:Shield+1"],"picked":"bronze:ForceShield+1","floor":44},{"not_picked":["bronze:FineTuning","bronze:Branch"],"picked":"bronze:Flail","floor":45},{"not_picked":["bronze:WhirlingStrike","bronze:Mutator"],"picked":"bronze:MaxOutput","floor":46},{"not_picked":["bronze:WildBeam","bronze:Separator"],"picked":"bronze:Frontload+1","floor":49},{"not_picked":["bronze:Shield","bronze:WildBeam"],"picked":"bronze:BurnOut","floor":52},{"not_picked":["bronze:BuggyMess","bronze:DelayedGuard"],"picked":"bronze:Turbo","floor":53},{"not_picked":["bronze:BugBarrage","bronze:Flail+1"],"picked":"bronze:Repair","floor":53},{"not_picked":["bronze:Flail+1","bronze:Constructor"],"picked":"bronze:ItsAFeature+1","floor":53},{"not_picked":["bronze:Backtrace","bronze:Separator"],"picked":"bronze:Boost","floor":53},{"not_picked":["bronze:InfiniteBeams","bronze:Fortify"],"picked":"bronze:DigitalCarnage+1","floor":53}],"player_experience":220704,"relics_obtained":[{"floor":4,"key":"Replay:Bottled Eggs"},{"floor":21,"key":"ReplayTheSpireMod:Ring of Addiction"},{"floor":21,"key":"ReplayTheSpireMod:Ring of Collecting"},{"floor":21,"key":"SacredBark"},{"floor":21,"key":"White Beast Statue"},{"floor":24,"key":"Ring of Hypnosis"},{"floor":24,"key":"Kunai"},{"floor":28,"key":"Ring of Greed"},{"floor":28,"key":"The Courier"},{"floor":28,"key":"Replay:Wax Seal"},{"floor":28,"key":"MealTicket"},{"floor":34,"key":"MawBank"},{"floor":34,"key":"Snack Pack"},{"floor":34,"key":"Torii"},{"floor":36,"key":"Ring of Panic"},{"floor":36,"key":"Divine Protection"},{"floor":38,"key":"TungstenRod"},{"floor":41,"key":"Ring of Peace"},{"floor":41,"key":"bronze:SilverBullet"},{"floor":44,"key":"Orichalcum"},{"floor":48,"key":"Ring of Searing"},{"floor":48,"key":"Replay:Bottled Snecko"},{"floor":52,"key":"Whetstone"}],"event_choices":[{"damage_healed":0,"gold_gain":0,"player_choice":"Box","damage_taken":0,"relics_obtained":["Blue Doll"],"max_hp_gain":0,"max_hp_loss":0,"event_name":"Big Fish","floor":11,"gold_loss":0,"cards_obtained":["Regret"]},{"damage_healed":0,"gold_gain":0,"player_choice":"Trade","damage_taken":0,"relics_obtained":["SsserpentHead"],"max_hp_gain":0,"max_hp_loss":0,"event_name":"FaceTrader","floor":12,"gold_loss":0},{"damage_healed":0,"gold_gain":0,"player_choice":"Fight","damage_taken":0,"max_hp_gain":0,"max_hp_loss":0,"event_name":"Mysterious Sphere","floor":38,"gold_loss":0}],"is_beta":false,"boss_relics":[{"not_picked":["Kintsugi","Astrolabe"],"picked":"Tiny House"},{"not_picked":["Coffee Dripper","bronze:ElectromagneticCoil"],"picked":"Calling Bell"}],"items_purged_floors":[22],"is_endless":false,"potions_floor_spawned":[13,14,16,19,22,26,30,31,32,33,38,42,44,45,46,49,52],"killed_by":"downfall:NeowBossFinal","ascension_level":0}}