{"host":"6a9c3xws62y7efyw","time":1614147566,"event":{"mods":["BaseMod","Colored Map","Minty Spire (QoL Compilation)","Relic Stats","StSLib"],"gold_per_floor":[109,23,23,42,42,71,88,88,88,107,132,132,163,180,180,257,257,268,286,286,298,11,45,45,77,115,139,151,163,191,219,231,322,334,358,370,402,429,459,504,516,528,528],"floor_reached":42,"language":"ENG","playtime":2226,"items_purged":[],"score":1130,"play_id":"ec0f434a-e76f-4197-a793-ed63ef4afb63","local_time":"20210223221926","is_ascension_mode":true,"campfire_choices":[{"data":"A Thousand Cuts","floor":12.0,"key":"SMITH"},{"data":"Bouncing Flask","floor":15.0,"key":"SMITH"},{"floor":24.0,"key":"REST"},{"data":"Wraith Form v2","floor":29.0,"key":"SMITH"},{"data":"Blade Dance","floor":32.0,"key":"SMITH"}],"circlet_count":0,"master_deck":["AscendersBane","Strike_G","Strike_G","Defend_G","Defend_G","Defend_G","Defend_G","Survivor","Neutralize","Sucker Punch","A Thousand Cuts+1","Dagger Spray","Endless Agony","Footwork","Bouncing Flask+1","Wraith Form v2+1","Bullet Time","Tools of the Trade","Dodge and Roll","Dagger Spray+1","Flying Knee+1","Envenom","Prepared","Outmaneuver+1","Cloak And Dagger","Calculated Gamble","Crippling Poison","Blade Dance+1","Burst+1","Backflip","Cloak And Dagger","Backflip","Noxious Fumes+1"],"relics":["Ring of the Snake","NeowsBlessing","TungstenRod","Tingsha","Letter Opener","Happy Flower","SlaversCollar","Shuriken","Eternal Feather","MawBank","Art of War","HoveringKite","Paper Crane"],"acts_visited":["Exordium","TheCity","TheBeyond"],"potions_floor_usage":[40,42],"damage_taken":[{"damage":0.0,"enemies":"2 Louse","floor":1.0,"turns":1.0},{"damage":0.0,"enemies":"Cultist","floor":4.0,"turns":1.0},{"damage":0.0,"enemies":"Gremlin Nob","floor":6.0,"turns":1.0},{"damage":3.0,"enemies":"Small Slimes","floor":7.0,"turns":3.0},{"damage":0.0,"enemies":"Red Slaver","floor":10.0,"turns":4.0},{"damage":9.0,"enemies":"Lagavulin","floor":11.0,"turns":6.0},{"damage":8.0,"enemies":"3 Sentries","floor":13.0,"turns":7.0},{"damage":2.0,"enemies":"2 Fungi Beasts","floor":14.0,"turns":5.0},{"damage":3.0,"enemies":"Hexaghost","floor":16.0,"turns":9.0},{"damage":15.0,"enemies":"Spheric Guardian","floor":18.0,"turns":6.0},{"damage":26.0,"enemies":"Shell Parasite","floor":19.0,"turns":6.0},{"damage":0.0,"enemies":"Snake Plant","floor":21.0,"turns":4.0},{"damage":0.0,"enemies":"Slavers","floor":23.0,"turns":5.0},{"damage":0.0,"enemies":"Gremlin Leader","floor":25.0,"turns":6.0},{"damage":16.0,"enemies":"Centurion and Healer","floor":27.0,"turns":5.0},{"damage":9.0,"enemies":"Cultist and Chosen","floor":30.0,"turns":7.0},{"damage":14.0,"enemies":"Shelled Parasite and Fungi","floor":31.0,"turns":4.0},{"damage":19.0,"enemies":"Champ","floor":33.0,"turns":8.0},{"damage":0.0,"enemies":"3 Shapes","floor":35.0,"turns":4.0},{"damage":0.0,"enemies":"Orb Walker","floor":37.0,"turns":3.0},{"damage":6.0,"enemies":"Jaw Worm Horde","floor":38.0,"turns":5.0},{"damage":8.0,"enemies":"4 Shapes","floor":39.0,"turns":4.0},{"damage":43,"enemies":"Giant Head","floor":40,"turns":8},{"damage":11,"enemies":"Spire Growth","floor":42,"turns":2}],"seed_played":"5238779273639038870","potions_obtained":[{"floor":6.0,"key":"BlessingOfTheForge"},{"floor":7.0,"key":"Strength Potion"},{"floor":11.0,"key":"SkillPotion"},{"floor":13.0,"key":"EssenceOfSteel"},{"floor":14.0,"key":"CultistPotion"},{"floor":18.0,"key":"AttackPotion"},{"floor":20.0,"key":"SneckoOil"},{"floor":21.0,"key":"DuplicationPotion"},{"floor":27.0,"key":"ColorlessPotion"},{"floor":30.0,"key":"CunningPotion"},{"floor":37.0,"key":"Dexterity Potion"},{"floor":39.0,"key":"Explosive Potion"},{"floor":40,"key":"Fruit Juice"}],"is_trial":false,"path_per_floor":["M","$","?","M","?","E","M","?","T","M","E","R","E","M","R","B",null,"M","M","?","M","$","E","R","E","T","M","?","R","M","M","R","B",null,"M","?","M","M","M","E","?","M"],"character_chosen":"THE_SILENT","items_purchased":["A Thousand Cuts","Shuriken"],"campfire_rested":1,"item_purchase_floors":[2,22],"current_hp_per_floor":[59,59,52,52,52,52,49,54,54,54,45,45,37,35,35,32,61,46,20,20,20,20,20,56,56,56,40,40,55,46,32,47,28,60,60,60,60,54,46,3,3,0,0],"gold":528,"neow_bonus":"THREE_ENEMY_KILL","is_daily":false,"chose_seed":false,"campfire_upgraded":4,"win_rate":0.0,"timestamp":1614147566,"path_taken":["M","$","?","M","?","E","?","?","T","M","E","R","E","M","R","BOSS","M","M","?","M","$","E","R","E","T","?","?","R","M","M","R","BOSS","M","?","M","M","?","E","?","M"],"items_purchased_type":["Card","Relic"],"build_version":"2020-12-22","purchased_purges":0,"victory":false,"max_hp_per_floor":[66,66,66,66,66,66,66,71,71,71,71,71,71,71,71,71,71,71,71,71,71,71,71,71,71,71,71,71,71,71,71,71,71,71,71,71,71,71,71,71,71,76,76],"relic_stats":{"Happy Flower":[30],"counters":[24,114],"Shuriken":[35],"HoveringKite":[17],"Tingsha":[199],"Eternal Feather":45,"Art of War":[6],"Letter Opener":[157],"MawBank":204,"obtain_stats":[{"NeowsBlessing":0,"Happy Flower":13,"HoveringKite":34,"Tingsha":9,"Eternal Feather":23,"Letter Opener":11,"Paper Crane":40,"MawBank":25,"SlaversCollar":17,"Shuriken":22,"Art of War":26,"TungstenRod":6,"Ring of the Snake":0},{"NeowsBlessing":0,"Happy Flower":7,"HoveringKite":18,"Tingsha":4,"Eternal Feather":13,"Letter Opener":6,"Paper Crane":23,"MawBank":14,"SlaversCollar":9,"Shuriken":12,"Art of War":14,"TungstenRod":3,"Ring of the Snake":0},{"NeowsBlessing":0,"Happy Flower":23,"HoveringKite":88,"Tingsha":6,"Eternal Feather":58,"Letter Opener":16,"Paper Crane":112,"MawBank":64,"SlaversCollar":37,"Shuriken":53,"Art of War":64,"TungstenRod":3,"Ring of the Snake":0}],"TungstenRod":57,"Ring of the Snake":[51]},"card_choices":[{"not_picked":["Slice","Backflip"],"picked":"Sucker Punch","floor":1.0},{"not_picked":["Flying Knee","Well Laid Plans"],"picked":"Dagger Spray","floor":4.0},{"not_picked":["Poisoned Stab","Concentrate"],"picked":"Endless Agony","floor":6.0},{"not_picked":["Deflect","Endless Agony"],"picked":"Footwork","floor":7.0},{"not_picked":["Backflip","Accuracy"],"picked":"Bouncing Flask","floor":10.0},{"not_picked":["Setup","Poisoned Stab"],"picked":"Wraith Form v2","floor":11.0},{"not_picked":["Poisoned Stab","Dagger Throw"],"picked":"Bullet Time","floor":13.0},{"not_picked":["Eviscerate","Bane"],"picked":"Dagger Throw","floor":14.0},{"not_picked":["Adrenaline","Storm of Steel"],"picked":"Tools of the Trade","floor":16.0},{"not_picked":["Terror","Masterful Stab"],"picked":"Dodge and Roll","floor":18.0},{"not_picked":["Dagger Throw","Predator"],"picked":"Dagger Spray+1","floor":19.0},{"not_picked":["Slice","Quick Slash"],"picked":"Flying Knee+1","floor":21.0},{"not_picked":["Noxious Fumes","Bane"],"picked":"Envenom","floor":23.0},{"not_picked":["Eviscerate","Bane"],"picked":"Prepared","floor":25.0},{"not_picked":["Endless Agony","Flechettes"],"picked":"Outmaneuver+1","floor":27.0},{"not_picked":["Dagger Spray","Cloak And Dagger"],"picked":"Crippling Poison","floor":30.0},{"not_picked":["Underhanded Strike","Backflip"],"picked":"Blade Dance","floor":31.0},{"not_picked":["Corpse Explosion","Malaise"],"picked":"Burst","floor":33.0},{"not_picked":["Poisoned Stab","Terror"],"picked":"Backflip","floor":35.0},{"not_picked":["Bane","Outmaneuver+1"],"picked":"Cloak And Dagger","floor":37.0},{"not_picked":["Setup","Underhanded Strike"],"picked":"Backflip","floor":38.0},{"not_picked":["Outmaneuver+1","Prepared","Deadly Poison"],"picked":"SKIP","floor":39.0},{"not_picked":["Heel Hook","Predator"],"picked":"Noxious Fumes+1","floor":40}],"player_experience":1581488,"relics_obtained":[{"floor":6.0,"key":"TungstenRod"},{"floor":9.0,"key":"Tingsha"},{"floor":11.0,"key":"Letter Opener"},{"floor":13.0,"key":"Happy Flower"},{"floor":23.0,"key":"Eternal Feather"},{"floor":25.0,"key":"MawBank"},{"floor":26.0,"key":"Art of War"},{"floor":40,"key":"Paper Crane"}],"event_choices":[{"cards_removed":["Strike_G"],"damage_healed":0.0,"max_hp_gain":0.0,"max_hp_loss":0.0,"gold_gain":0.0,"event_name":"Golden Wing","player_choice":"Card Removal","floor":3.0,"gold_loss":0.0,"damage_taken":7.0},{"cards_removed":["Strike_G"],"damage_healed":0.0,"max_hp_gain":0.0,"max_hp_loss":0.0,"gold_gain":0.0,"event_name":"Bonfire Elementals","player_choice":"Offered Basic","floor":5.0,"gold_loss":0.0,"damage_taken":0.0},{"damage_healed":0.0,"max_hp_gain":5.0,"max_hp_loss":0.0,"gold_gain":0.0,"event_name":"Big Fish","player_choice":"Donut","floor":8.0,"gold_loss":0.0,"damage_taken":0.0},{"damage_healed":0.0,"max_hp_gain":0.0,"max_hp_loss":0.0,"gold_gain":0.0,"event_name":"Lab","player_choice":"Got Potions","floor":20.0,"gold_loss":0.0,"damage_taken":0.0},{"damage_healed":0.0,"max_hp_gain":0.0,"max_hp_loss":0.0,"gold_gain":0.0,"cards_transformed":["Defend_G","Strike_G"],"event_name":"Drug Dealer","player_choice":"Became Test Subject","floor":28.0,"gold_loss":0.0,"damage_taken":0.0,"cards_obtained":["Cloak And Dagger","Calculated Gamble"]},{"damage_healed":0.0,"max_hp_gain":0.0,"max_hp_loss":0.0,"gold_gain":0.0,"event_name":"Accursed Blacksmith","player_choice":"Forge","floor":36.0,"gold_loss":0.0,"damage_taken":0.0,"cards_upgraded":["Burst"]},{"cards_removed":["Dagger Throw"],"damage_healed":0,"gold_gain":0,"player_choice":"Removed Attack","damage_taken":0,"max_hp_gain":0,"max_hp_loss":0,"event_name":"Falling","floor":41,"gold_loss":0}],"is_beta":false,"boss_relics":[{"not_picked":["Empty Cage","Calling Bell"],"picked":"SlaversCollar"},{"not_picked":["Philosopher\u0027s Stone","Pandora\u0027s Box"],"picked":"HoveringKite"}],"items_purged_floors":[],"is_endless":false,"potions_floor_spawned":[6,7,11,13,14,18,21,27,30,37,39,40],"killed_by":"Spire Growth","ascension_level":20}}