{"host":"kejh1c9c53env2nx","time":1614125402,"event":{"mods":["BaseMod","Downfall","Minty Spire (QoL Compilation)","StSLib"],"gold_per_floor":[119,119,131,147,167,167,199,199,199,38,38,72,72,90,90,193,193,182,182,182,198,52,52,52,52],"floor_reached":24,"language":"ENG","playtime":1105,"items_purged":[],"score":204,"play_id":"4e512869-b28a-4b58-96eb-893afaf453a3","local_time":"20210224001002","is_ascension_mode":false,"campfire_choices":[{"floor":6,"key":"REST"},{"data":"Zap","floor":8,"key":"SMITH"},{"floor":11,"key":"REST"},{"floor":13,"key":"REST"},{"data":"Buffer","floor":15,"key":"SMITH"},{"floor":23,"key":"REST"}],"circlet_count":0,"master_deck":["Strike_B","Strike_B","Strike_B","Strike_B","Defend_B","Defend_B","Defend_B","Defend_B","Zap+1","Dualcast","Capacitor","Coolheaded","Fusion","Auto Shields","Consume","Buffer+1","Ball Lightning","Seek","Amplify","Hologram","Thunder Strike","Darkness+1","BootSequence","Darkness"],"relics":["Cracked Core","NeowsBlessing","Question Card","Kunai","Darkstone Periapt","Nuclear Battery"],"acts_visited":["Exordium","TheCity"],"potions_floor_usage":[12,18],"damage_taken":[{"damage":0,"enemies":"2 Louse","floor":1,"turns":1},{"damage":0,"enemies":"Jaw Worm","floor":3,"turns":1},{"damage":0,"enemies":"Small Slimes","floor":4,"turns":1},{"damage":28,"enemies":"3 Louse","floor":5,"turns":4},{"damage":42,"enemies":"Lagavulin","floor":7,"turns":9},{"damage":22,"enemies":"Gremlin Nob","floor":12,"turns":5},{"damage":10,"enemies":"Looter","floor":14,"turns":3},{"damage":28,"enemies":"The Guardian","floor":16,"turns":11},{"damage":15,"enemies":"2 Thieves","floor":18,"turns":4},{"damage":46,"enemies":"3 Byrds","floor":21,"turns":5},{"damage":44,"enemies":"Gremlin Leader","floor":24,"turns":6}],"seed_played":"-5190052943346807372","potions_obtained":[{"floor":1,"key":"CultistPotion"},{"floor":7,"key":"Regen Potion"},{"floor":14,"key":"DuplicationPotion"},{"floor":16,"key":"BlessingOfTheForge"}],"is_trial":false,"path_per_floor":["M","?","M","M","M","R","E","R","T","$","R","E","R","M","R","B",null,"M","?","?","M","$","R","E"],"character_chosen":"DEFECT","items_purchased":["Buffer","BootSequence","Darkness"],"campfire_rested":4,"item_purchase_floors":[10,22,22],"current_hp_per_floor":[75,75,75,75,47,69,27,27,27,27,49,32,54,44,44,16,75,60,60,60,14,14,36,0,0],"gold":52,"neow_bonus":"THREE_ENEMY_KILL","is_daily":false,"chose_seed":false,"campfire_upgraded":2,"win_rate":0.0,"timestamp":1614125402,"path_taken":["M","?","M","M","M","R","E","R","T","$","R","E","R","M","R","BOSS","M","?","?","M","?","R","E"],"items_purchased_type":["Card","Card","Card"],"build_version":"2020-12-22","purchased_purges":0,"victory":false,"max_hp_per_floor":[75,75,75,75,75,75,75,75,75,75,75,75,75,75,75,75,75,75,75,75,75,75,75,75,75],"card_choices":[{"not_picked":["Force Field","Redo"],"picked":"Capacitor","floor":1},{"not_picked":["Genetic Algorithm","Melter"],"picked":"Coolheaded","floor":3},{"not_picked":["Leap","Coolheaded"],"picked":"Fusion","floor":4},{"not_picked":["Rebound","Go for the Eyes"],"picked":"Auto Shields","floor":5},{"not_picked":["Go for the Eyes","Steam"],"picked":"Consume","floor":7},{"not_picked":["Steam Power","Streamline","Glacier"],"picked":"Ball Lightning","floor":12},{"not_picked":["Conserve Battery","Turbo","Go for the Eyes"],"picked":"Seek","floor":14},{"not_picked":["All For One","Reboot","Buffer"],"picked":"Amplify","floor":16},{"not_picked":["Gash","Sweeping Beam+1","Leap"],"picked":"Hologram","floor":18},{"not_picked":["Streamline","Conserve Battery","Turbo"],"picked":"Darkness+1","floor":21}],"player_experience":83788,"relics_obtained":[{"floor":7,"key":"Question Card"},{"floor":9,"key":"Kunai"},{"floor":12,"key":"Darkstone Periapt"}],"event_choices":[{"damage_healed":0,"gold_gain":0,"player_choice":"Leave","damage_taken":0,"max_hp_gain":0,"max_hp_loss":0,"event_name":"The Cleric","floor":2,"gold_loss":0},{"damage_healed":0,"gold_gain":0,"player_choice":"Read","damage_taken":0,"max_hp_gain":0,"max_hp_loss":0,"event_name":"The Library","floor":19,"gold_loss":0,"cards_obtained":["Thunder Strike"]},{"damage_healed":0,"gold_gain":0,"player_choice":"Ignored","damage_taken":0,"max_hp_gain":0,"max_hp_loss":0,"event_name":"The Mausoleum","floor":20,"gold_loss":0}],"is_beta":false,"boss_relics":[{"not_picked":["SacredBark","Snecko Eye"],"picked":"Nuclear Battery"}],"items_purged_floors":[],"is_endless":false,"potions_floor_spawned":[1,7,14,16],"killed_by":"Gremlin Leader","ascension_level":0}}