{"host":"z439itq93uucuvou","time":1614135271,"event":{"mods":["BaseMod","Colored Powertips","Downfall","Jorbs\u0027s Wanderer Trilogy","Minty Spire (QoL Compilation)","StSLib"],"gold_per_floor":[99,112,124,124,124,152,152,170,320,349,362,362,362,374,386,386,386,386],"floor_reached":16,"language":"ENG","playtime":1225,"items_purged":[],"score":118,"play_id":"7bf94ba8-356f-4054-b477-3b70b723f088","local_time":"20210223185431","is_ascension_mode":true,"campfire_choices":[{"data":"bronze:Mutator","floor":1.0,"key":"SMITH"},{"floor":13,"key":"REST"}],"circlet_count":0,"master_deck":["bronze:Strike","bronze:Strike","bronze:Strike","bronze:Defend","bronze:Defend","bronze:Defend","bronze:Defend","bronze:Replicate","bronze:Goto","bronze:Mutator+1","bronze:WildBeam","bronze:Branch","bronze:Iterate","bronze:BuggyMess+1","downfall:Icky","bronze:Fortify","bronze:ChildClass+1","bronze:Spike","bronze:DazingPulse","bronze:Explode+1","bronze:ChosenStrike","bronze:FineTuning+1"],"relics":["bronze:BronzeCore","downfall:BrokenWingStatue","Toxic Egg 2","Matryoshka","Strawberry"],"acts_visited":["Exordium"],"potions_floor_usage":[10,12],"damage_taken":[{"damage":6.0,"enemies":"Jaw Worm","floor":2.0,"turns":5.0},{"damage":0.0,"enemies":"Small Slimes","floor":3.0,"turns":3.0},{"damage":30.0,"enemies":"Lagavulin","floor":6.0,"turns":8.0},{"damage":5.0,"enemies":"2 Louse","floor":8.0,"turns":3.0},{"damage":10,"enemies":"3 Sentries","floor":10,"turns":6},{"damage":0,"enemies":"downfall:LooterAlt","floor":11,"turns":2},{"damage":7,"enemies":"downfall:LooterAlt","floor":12,"turns":6},{"damage":0,"enemies":"2 Fungi Beasts","floor":14,"turns":2},{"damage":0,"enemies":"3 Louse","floor":15,"turns":1},{"damage":39,"enemies":"DF_ARCHETYPE_STREAMLINE","floor":16,"turns":5}],"seed_played":"-8213901519251537339","potions_obtained":[{"floor":3.0,"key":"BlessingOfTheForge"},{"floor":10,"key":"FearPotion"},{"floor":11,"key":"Energy Potion"},{"floor":14,"key":"ColorlessPotion"}],"is_trial":false,"path_per_floor":["R","M","M","?","?","E","T","M","?","E","M","?","R","M","M","B"],"character_chosen":"THE_AUTOMATON","items_purchased":[],"campfire_rested":1,"item_purchase_floors":[],"current_hp_per_floor":[63,57,57,57,57,27,27,22,22,19,19,12,33,33,33,0,0,0],"gold":386,"neow_bonus":"THREE_RARE_CARDS","is_daily":false,"chose_seed":false,"campfire_upgraded":1,"win_rate":0.0,"timestamp":1614135271,"path_taken":["R","M","M","?","?","E","T","M","?","E","M","?","R","M","M","BOSS"],"items_purchased_type":[],"build_version":"2020-12-22","purchased_purges":0,"victory":false,"max_hp_per_floor":[63,63,63,63,63,63,63,63,63,70,70,70,70,70,70,70,70,70],"card_choices":[{"not_picked":["bronze:SpaghettiCode","bronze:RecursiveStrike"],"picked":"bronze:Mutator","floor":0.0},{"not_picked":["bronze:WhirlingStrike","bronze:Shield"],"picked":"bronze:WildBeam","floor":2.0},{"not_picked":["bronze:ChildClass","bronze:BuggyMess"],"picked":"bronze:Branch","floor":3.0},{"not_picked":["bronze:Deprecate+1","bronze:ClassDefault"],"picked":"bronze:Iterate","floor":6.0},{"not_picked":["bronze:InfiniteBeams","bronze:BitShift+1"],"picked":"bronze:BuggyMess+1","floor":8.0},{"not_picked":["bronze:BitShift+1","bronze:Overheat"],"picked":"bronze:Fortify","floor":10},{"not_picked":["bronze:InfiniteLoop","bronze:Branch"],"picked":"bronze:ChildClass+1","floor":11},{"not_picked":[],"picked":"bronze:Spike","floor":12},{"not_picked":[],"picked":"bronze:DazingPulse","floor":12},{"not_picked":[],"picked":"bronze:Explode","floor":12},{"not_picked":["bronze:WildBeam","bronze:Shield+1"],"picked":"bronze:ChosenStrike","floor":12},{"not_picked":["bronze:Constructor+1","bronze:BitShift+1"],"picked":"bronze:FineTuning+1","floor":14},{"not_picked":["bronze:OilSpill","bronze:Constructor+1","bronze:WildBeam"],"picked":"SKIP","floor":15}],"player_experience":1754530,"relics_obtained":[{"floor":6.0,"key":"Toxic Egg 2"},{"floor":7.0,"key":"Matryoshka"},{"floor":10,"key":"Strawberry"}],"event_choices":[],"is_beta":false,"boss_relics":[],"items_purged_floors":[],"is_endless":false,"potions_floor_spawned":[3,10,11,14],"killed_by":"DF_ARCHETYPE_STREAMLINE","ascension_level":1}}