{"host":"ilo0sg5cl3zcnqwd","time":1614195672,"event":{"mods":["BaseMod","Downfall","Minty Spire (QoL Compilation)","StSLib"],"gold_per_floor":[99,119,133,148,166,181,181,216,232,232,243,256,256,256,272,372,372,372,389,399,410,410,38,38,38,65,65,75,95,40,51,64,166,166,166,185,92,103,103,103,103,157,157,167,180,205,105,15,26,26],"floor_reached":51,"language":"ENG","playtime":3509,"items_purged":["Guardian:GemFinder"],"score":782,"play_id":"cc328f26-1294-4fa7-a50a-728a26693a08","local_time":"20210224194112","is_ascension_mode":false,"campfire_choices":[{"data":"Guardian:TwinSlam","floor":1.0,"key":"SMITH"},{"floor":10.0,"key":"REST"},{"floor":13.0,"key":"REST"},{"data":"Guardian:StasisStrike","floor":18.0,"key":"SMITH"},{"data":"Guardian:TimeSifter","floor":25.0,"key":"SMITH"},{"floor":27.0,"key":"REST"},{"data":"Guardian:StasisField","floor":35,"key":"SMITH"},{"data":"Guardian:FloatingOrbs","floor":40,"key":"SMITH"},{"data":"Guardian:PrismaticBeam","floor":47,"key":"SMITH"}],"circlet_count":0,"master_deck":["Guardian:CurlUp","Guardian:TwinSlam+1","Guardian:Suspension","Guardian:TimeSifter+1","Guardian:TemporalShield","Guardian:ChargeCore","Guardian:Reroute","Guardian:StasisStrike+1","Guardian:TemporalShield","Guardian:Incinerate","Guardian:Recover","Guardian:ShieldCharger","Guardian:GatlingBeam","Guardian:HyperBeam_Guardian","Guardian:StasisField+1","Guardian:PiercingHide","Guardian:ConstructionForm","Guardian:PrismaticBeam+1","Guardian:Suspension","Guardian:RollAttack","Guardian:ArmoredProtocol","Guardian:TemporalStrike","Guardian:TemporalStrike+1","Guardian:FloatingOrbs+1","Guardian:ShieldSpikes","Guardian:BronzeArmor+1","Guardian:TimeSifter","Guardian:Suspension+1","Guardian:BronzeOrb","Guardian:DecasProtection+1","Guardian:ShieldCharger+1","Guardian:DecasProtection+1","Guardian:MultiBeam","Guardian:Planning+1","downfall:Aged","expansioncontent:Chronoboost","Guardian:Recover+1","Guardian:ShieldCharger+1"],"relics":["Guardian:ModeShifter","Kunai","HornCleat","Eternal Feather","Pandora\u0027s Box","Shuriken","Pantograph","Toxic Egg 2","Busted Crown","Guardian:StasisEgg","Orichalcum","Bird Faced Urn","Darkstone Periapt","downfall:HeartBlessingGreen"],"acts_visited":["Exordium","TheCity","TheBeyond"],"potions_floor_usage":[],"damage_taken":[{"damage":0.0,"enemies":"Small Slimes","floor":2.0,"turns":3.0},{"damage":0.0,"enemies":"Jaw Worm","floor":3.0,"turns":6.0},{"damage":1.0,"enemies":"Cultist","floor":4.0,"turns":4.0},{"damage":10.0,"enemies":"downfall:LooterAlt","floor":5.0,"turns":4.0},{"damage":16.0,"enemies":"Large Slime","floor":6.0,"turns":6.0},{"damage":32.0,"enemies":"Gremlin Nob","floor":8.0,"turns":4.0},{"damage":0.0,"enemies":"Blue Slaver","floor":9.0,"turns":3.0},{"damage":8.0,"enemies":"Lots of Slimes","floor":11.0,"turns":4.0},{"damage":2.0,"enemies":"downfall:LooterAlt","floor":12.0,"turns":3.0},{"damage":1.0,"enemies":"Exordium Wildlife","floor":15.0,"turns":4.0},{"damage":33.0,"enemies":"IC_STATUS_ARCHETYPE","floor":16.0,"turns":13.0},{"damage":5.0,"enemies":"3 Byrds","floor":19.0,"turns":3.0},{"damage":18.0,"enemies":"downfall:LooterAlt2","floor":20.0,"turns":5.0},{"damage":26.0,"enemies":"Chosen and Byrds","floor":21.0,"turns":7.0},{"damage":0.0,"enemies":"downfall:FleeingMerchant","floor":23.0,"turns":4.0},{"damage":33.0,"enemies":"Slavers","floor":26.0,"turns":7.0},{"damage":0.0,"enemies":"Snecko","floor":28.0,"turns":5.0},{"damage":21.0,"enemies":"Snake Plant","floor":29.0,"turns":5.0},{"damage":0.0,"enemies":"downfall:FleeingMerchant","floor":30.0,"turns":4.0},{"damage":4.0,"enemies":"Cultist and Chosen","floor":31.0,"turns":6.0},{"damage":0.0,"enemies":"3 Cultists","floor":32.0,"turns":5.0},{"damage":11.0,"enemies":"WA_ARCHETYPE_CALM","floor":33.0,"turns":11.0},{"damage":6,"enemies":"Orb Walker","floor":36,"turns":4},{"damage":0,"enemies":"downfall:FleeingMerchant","floor":37,"turns":4},{"damage":1,"enemies":"3 Shapes","floor":38,"turns":4},{"damage":12,"enemies":"2 Orb Walkers","floor":42,"turns":6},{"damage":10,"enemies":"Transient","floor":44,"turns":5},{"damage":13,"enemies":"Spire Growth","floor":45,"turns":5},{"damage":0,"enemies":"Giant Head","floor":46,"turns":8},{"damage":4,"enemies":"downfall:FleeingMerchant","floor":48,"turns":4},{"damage":16,"enemies":"Jaw Worm Horde","floor":49,"turns":5},{"damage":13,"enemies":"SI_POISON_ARCHETYPE","floor":50,"turns":9}],"seed_played":"6519764392847143680","potions_obtained":[{"floor":3.0,"key":"bronze:BurnAndBuffPotion"},{"floor":8.0,"key":"GamblersBrew"},{"floor":9.0,"key":"SpeedPotion"},{"floor":20.0,"key":"Fruit Juice"},{"floor":26.0,"key":"Fire Potion"}],"is_trial":false,"path_per_floor":["R","M","M","M","M","M","T","E","M","R","M","M","R","?","M","B",null,"R","M","M","M","?","$","T","R","E","R","M","M","$","M","M","B",null,"R","M","$","M","?","R","T","?","?","M","M","E","R","$","M","B",null],"character_chosen":"GUARDIAN","items_purchased":["Guardian:FloatingOrbs","Shuriken","Guardian:ShieldSpikes","Guardian:BronzeOrb","Guardian:MultiBeam"],"campfire_rested":3,"item_purchase_floors":[23,23,23,30,37],"current_hp_per_floor":[88,88,88,87,77,61,61,29,29,55,47,45,71,71,70,37,88,88,83,70,44,44,44,44,59,26,68,68,47,47,43,43,57,93,93,87,87,86,86,93,93,81,81,85,80,93,93,93,89,90],"gold":26,"neow_bonus":"TEN_PERCENT_HP_BONUS","is_daily":false,"chose_seed":false,"campfire_upgraded":6,"win_rate":0.0,"timestamp":1614195672,"path_taken":["R","M","M","M","M","M","T","E","M","R","M","M","R","?","M","BOSS","R","M","M","M","?","$","T","R","E","R","M","M","?","M","M","BOSS","R","M","$","M","?","R","T","?","?","M","M","E","R","?","M","BOSS"],"items_purchased_type":["Card","Relic","Card","Card","Card"],"build_version":"2020-12-22","purchased_purges":1,"victory":true,"max_hp_per_floor":[88,88,88,88,88,88,88,88,88,88,88,88,88,88,88,88,88,88,88,93,93,93,93,93,93,93,93,93,93,93,93,93,93,93,93,93,93,93,93,93,93,93,93,93,93,93,93,93,93,93],"card_choices":[{"not_picked":["Guardian:TemporalShield","Guardian:Gem_Lightblue"],"picked":"Guardian:Suspension","floor":2.0},{"not_picked":["Guardian:PiercingHide","Guardian:ShieldCharger"],"picked":"Guardian:TimeSifter","floor":3.0},{"not_picked":["Guardian:GuardianWhirl","Guardian:ChargeCore"],"picked":"Guardian:TemporalShield","floor":4.0},{"not_picked":["Guardian:Gem_Green","Guardian:Incinerate"],"picked":"Guardian:ChargeCore","floor":5.0},{"not_picked":["Guardian:Preprogram","Guardian:Gem_Red"],"picked":"Guardian:Reroute","floor":6.0},{"not_picked":["Guardian:AncientConstruct","Guardian:Reroute"],"picked":"Guardian:StasisStrike","floor":8.0},{"not_picked":["Guardian:BronzeArmor","Guardian:Incinerate"],"picked":"Guardian:TemporalShield","floor":9.0},{"not_picked":["Guardian:Planning","Guardian:SpikerProtocol"],"picked":"Guardian:Incinerate","floor":11.0},{"not_picked":["Guardian:PrismaticBeam","Guardian:PrimingBeam"],"picked":"Guardian:Recover","floor":12.0},{"not_picked":["Guardian:TimeCapacitor","Guardian:Gem_Green"],"picked":"Guardian:ShieldCharger","floor":15.0},{"not_picked":["Guardian:FastForward","Guardian:HyperBeam_Guardian"],"picked":"Guardian:GatlingBeam","floor":16.0},{"not_picked":["Guardian:GuardianWhirl+1","Guardian:MultiBeam+1"],"picked":"Guardian:Gem_Green","floor":19.0},{"not_picked":["Guardian:Gem_Yellow","Guardian:Reroute"],"picked":"Guardian:TemporalStrike","floor":20.0},{"not_picked":["Guardian:ChargeCore","Guardian:Incinerate"],"picked":"Guardian:TemporalStrike+1","floor":21.0},{"not_picked":["Guardian:PrismaticBarrier","Guardian:CrystalBeam","Guardian:WalkerClaw"],"picked":"SKIP","floor":23.0},{"not_picked":["Guardian:Gem_Yellow","Guardian:TemporalShield+1"],"picked":"Guardian:BronzeArmor+1","floor":26.0},{"not_picked":["Guardian:Gem_Lightblue","Guardian:Harden+1"],"picked":"Guardian:TimeSifter","floor":28.0},{"not_picked":["Guardian:RollAttack","Guardian:Repulse"],"picked":"Guardian:Suspension+1","floor":29.0},{"not_picked":["Guardian:Incinerate","Guardian:ChargeCore+1"],"picked":"Guardian:Gem_Green","floor":30.0},{"not_picked":["Guardian:PrimingBeam","Guardian:Gem_Lightblue"],"picked":"Guardian:DecasProtection+1","floor":31.0},{"not_picked":["Guardian:EvasiveProtocol","Guardian:ArmoredProtocol"],"picked":"Guardian:Gem_Green","floor":32.0},{"not_picked":["Guardian:GemFire","Guardian:BaubleBeam"],"picked":"Guardian:GemFinder","floor":33.0},{"not_picked":[],"picked":"Guardian:ShieldCharger+1","floor":36},{"not_picked":["Guardian:Gem_Red","Guardian:Gem_Lightblue"],"picked":"Guardian:Gem_Cyan","floor":37},{"not_picked":[],"picked":"Guardian:DecasProtection+1","floor":37},{"not_picked":["Guardian:Gem_Cyan","Guardian:Gem_Green"],"picked":"Guardian:Gem_Red","floor":38},{"not_picked":[],"picked":"Guardian:Planning+1","floor":38},{"not_picked":["expansioncontent:HyperBeam","expansioncontent:LastStand"],"picked":"expansioncontent:Chronoboost","floor":43},{"not_picked":[],"picked":"Guardian:Recover+1","floor":44},{"not_picked":["Guardian:PiercingHide+1"],"picked":"SKIP","floor":45},{"not_picked":["Guardian:Gem_Green","Guardian:Gem_Lightblue"],"picked":"Guardian:Gem_Cyan","floor":46},{"not_picked":[],"picked":"Guardian:Gem_Fragmented","floor":46},{"not_picked":["Guardian:BaubleBeam"],"picked":"SKIP","floor":48},{"not_picked":[],"picked":"Guardian:ShieldCharger+1","floor":49}],"player_experience":301836,"relics_obtained":[{"floor":7.0,"key":"Kunai"},{"floor":8.0,"key":"HornCleat"},{"floor":24.0,"key":"Pantograph"},{"floor":26.0,"key":"Toxic Egg 2"},{"floor":41,"key":"Orichalcum"},{"floor":42,"key":"Bird Faced Urn"},{"floor":46,"key":"Darkstone Periapt"}],"event_choices":[{"damage_healed":0,"gold_gain":0,"player_choice":"Fight","damage_taken":0,"max_hp_gain":0,"max_hp_loss":0,"event_name":"Mysterious Sphere","floor":42,"gold_loss":0}],"is_beta":false,"boss_relics":[{"not_picked":["Tiny House","Runic Pyramid"],"picked":"Pandora\u0027s Box"},{"not_picked":["Fusion Hammer","Coffee Dripper"],"picked":"Busted Crown"}],"items_purged_floors":[48],"is_endless":false,"potions_floor_spawned":[3,8,9,15,16,20,26,29,31,36,42,49],"ascension_level":0}}