{"host":"ztme5fio60r7om62","time":1614161042,"event":{"mods":["BaseMod","Highlight Path","Minty Spire (QoL Compilation)","Permanent Neow","everything is the same but u backflip on backflip"],"gold_per_floor":[112,128,128,146,221,256,256,39,39,39,74,97,97,172,172,292,292,310,325,343,343,343],"floor_reached":21,"language":"KOR","playtime":689,"items_purged":["Defend_R"],"score":189,"play_id":"3fa46375-c75e-4531-b161-0d9c28d50e13","local_time":"20210224190402","is_ascension_mode":false,"campfire_choices":[{"data":"Armaments","floor":7.0,"key":"SMITH"},{"floor":10.0,"key":"RECALL"},{"floor":13.0,"key":"REST"},{"data":"Fire Breathing","floor":15,"key":"SMITH"}],"circlet_count":0,"master_deck":["Strike_R","Strike_R","Strike_R","Strike_R","Strike_R","Defend_R","Defend_R","Defend_R","Bash","Headbutt","Clash","Armaments+1","Wild Strike","Fire Breathing+1","Shrug It Off","Headbutt","Limit Break","Spot Weakness","Perfected Strike","Twin Strike"],"relics":["Burning Blood","Golden Idol","Thread and Needle","Membership Card","Smiling Mask","SlaversCollar"],"acts_visited":["Exordium","TheCity"],"potions_floor_usage":[],"damage_taken":[{"damage":3.0,"enemies":"Jaw Worm","floor":1.0,"turns":4.0},{"damage":0.0,"enemies":"2 Louse","floor":2.0,"turns":2.0},{"damage":0.0,"enemies":"Cultist","floor":4.0,"turns":3.0},{"damage":24.0,"enemies":"Lagavulin","floor":6.0,"turns":6.0},{"damage":10.0,"enemies":"Gremlin Nob","floor":11.0,"turns":3.0},{"damage":3.0,"enemies":"3 Louse","floor":12.0,"turns":3.0},{"damage":4,"enemies":"Slime Boss","floor":16,"turns":7},{"damage":11,"enemies":"3 Byrds","floor":18,"turns":5},{"damage":33,"enemies":"Spheric Guardian","floor":19,"turns":6},{"damage":11,"enemies":"Snecko","floor":20,"turns":5},{"damage":22,"enemies":"Sentry and Sphere","floor":21,"turns":5}],"seed_played":"1890147559315196456","potions_obtained":[{"floor":1.0,"key":"LiquidMemories"},{"floor":11.0,"key":"Dexterity Potion"},{"floor":12.0,"key":"Energy Potion"},{"floor":19,"key":"Weak Potion"}],"is_trial":false,"path_per_floor":["M","M","?","M","?","E","R","$","T","R","E","M","R","?","R","B",null,"M","M","M","M"],"character_chosen":"IRONCLAD","items_purchased":["Membership Card","Shrug It Off"],"campfire_rested":1,"item_purchase_floors":[8,8],"current_hp_per_floor":[80,80,74,74,63,45,45,45,45,45,41,44,66,59,59,61,74,69,42,37,15,15],"gold":343,"neow_bonus":"THREE_CARDS","is_daily":false,"chose_seed":false,"campfire_upgraded":2,"win_rate":0.0,"timestamp":1614161042,"path_taken":["M","M","?","M","?","E","R","$","T","R","E","M","R","?","R","BOSS","M","M","?","M"],"items_purchased_type":["Relic","Card"],"build_version":"2020-12-22","purchased_purges":1,"victory":false,"max_hp_per_floor":[80,80,74,74,74,74,74,74,74,74,74,74,74,74,74,74,74,74,74,74,74,74],"card_choices":[{"not_picked":["Body Slam","Armaments"],"picked":"Headbutt","floor":0.0},{"not_picked":["Rage","Sever Soul"],"picked":"Clash","floor":1.0},{"not_picked":["Headbutt","Entrench"],"picked":"Armaments","floor":2.0},{"not_picked":["Twin Strike","Clothesline"],"picked":"Wild Strike","floor":4.0},{"not_picked":["Clothesline","Sentinel"],"picked":"Fire Breathing","floor":6.0},{"not_picked":["Ghostly Armor","Heavy Blade"],"picked":"Headbutt","floor":11.0},{"not_picked":["Entrench","Body Slam","Heavy Blade"],"picked":"SKIP","floor":12.0},{"not_picked":["Corruption","Exhume"],"picked":"Limit Break","floor":16},{"not_picked":["Anger","Wild Strike"],"picked":"Spot Weakness","floor":18},{"not_picked":["Anger","Combust"],"picked":"Perfected Strike","floor":19},{"not_picked":["Shrug It Off","Thunderclap"],"picked":"Twin Strike","floor":20}],"player_experience":621089,"relics_obtained":[{"floor":6.0,"key":"Thread and Needle"},{"floor":11.0,"key":"Smiling Mask"}],"event_choices":[{"damage_healed":0.0,"max_hp_gain":0.0,"max_hp_loss":6.0,"gold_gain":0.0,"event_name":"Golden Idol","player_choice":"Lose Max HP","floor":3.0,"gold_loss":0.0,"damage_taken":0.0,"relics_obtained":["Golden Idol"]},{"damage_healed":0.0,"max_hp_gain":0.0,"max_hp_loss":0.0,"gold_gain":75.0,"event_name":"World of Goop","player_choice":"Gather Gold","floor":5.0,"gold_loss":0.0,"damage_taken":11.0},{"damage_healed":0,"gold_gain":75,"player_choice":"Touch","damage_taken":7,"max_hp_gain":0,"max_hp_loss":0,"event_name":"FaceTrader","floor":14,"gold_loss":0}],"is_beta":false,"boss_relics":[{"not_picked":["Philosopher\u0027s Stone","Coffee Dripper"],"picked":"SlaversCollar"}],"items_purged_floors":[8],"is_endless":false,"potions_floor_spawned":[1,11,12,19],"killed_by":"Sentry and Sphere","ascension_level":0}}