{"host":"m1hrbr0uwda4cktq","time":1614187989,"event":{"mods":["AchievementEnabler","BaseMod","Better Match","BetterRewards","Colored Map","Highlight Path","Minty Spire (QoL Compilation)","Quick Restart","Relic Stats","Shop Mod","StSLib","SuperFastMode","The Bug Knight"],"gold_per_floor":[115,132,147,222,222,247,276,276,276],"floor_reached":8,"language":"ENG","playtime":410,"items_purged":[],"score":64,"play_id":"fb2f9219-2059-43ff-bbd9-a26cc6763484","local_time":"20210224143309","is_ascension_mode":true,"campfire_choices":[],"circlet_count":0,"master_deck":["Strike_R","Strike_R","Strike_R","Strike_R","Strike_R","Defend_R","Defend_R","Defend_R","Bash","Headbutt+1","Uppercut+1","Twin Strike+1","Spot Weakness","Perfected Strike+1"],"relics":["Burning Blood","Molten Egg 2","Matryoshka","Letter Opener","Odd Mushroom"],"acts_visited":["Exordium"],"potions_floor_usage":[],"damage_taken":[{"damage":4,"enemies":"Jaw Worm","floor":1,"turns":4},{"damage":4,"enemies":"2 Louse","floor":2,"turns":3},{"damage":1,"enemies":"Cultist","floor":3,"turns":3},{"damage":12,"enemies":"Gremlin Nob","floor":6,"turns":3},{"damage":34,"enemies":"The Mushroom Lair","floor":7,"turns":4},{"damage":35,"enemies":"Lagavulin","floor":8,"turns":3}],"seed_played":"-8442542050059248185","potions_obtained":[{"floor":2,"key":"HeartOfIron"},{"floor":3,"key":"BlessingOfTheForge"}],"is_trial":false,"path_per_floor":["M","M","M","?","?","E","?","E"],"character_chosen":"IRONCLAD","items_purchased":["Molten Egg 2","Matryoshka"],"campfire_rested":0,"item_purchase_floors":[0,0],"current_hp_per_floor":[80,80,80,69,69,63,35,0,0],"gold":276,"neow_bonus":"","is_daily":false,"chose_seed":false,"campfire_upgraded":0,"win_rate":0.0,"timestamp":1614187989,"path_taken":["M","M","M","?","?","E","?","E"],"items_purchased_type":["Relic","Relic"],"build_version":"2020-12-22","purchased_purges":0,"victory":false,"max_hp_per_floor":[80,80,80,80,80,80,80,80,80],"relic_stats":{"counters":[38,204],"Letter Opener":[0],"obtain_stats":[{"Darkstone Periapt":9,"Lantern":0,"Singing Bowl":26,"Magic Flower":0,"Mango":46,"Ginger":0,"HollowMod:StagPassRelic":7,"Boot":43,"Sling":0,"Blood Vial":0,"Matryoshka":0,"Red Mask":39,"Cracked Core":0,"Pear":47,"Happy Flower":0,"Self Forming Clay":0,"Astrolabe":34,"The Courier":44,"Letter Opener":27,"Frozen Egg 2":22,"Odd Mushroom":7,"Nuclear Battery":17,"Mercury Hourglass":0,"DataDisk":14,"Shuriken":41,"Molten Egg 2":12,"Bag of Marbles":11,"Symbiotic Virus":48,"TungstenRod":0,"Meat on the Bone":6,"Pocketwatch":24},{"Darkstone Periapt":13,"Lantern":6,"Singing Bowl":19,"Magic Flower":32,"Mango":30,"Ginger":6,"HollowMod:StagPassRelic":12,"Boot":28,"Sling":32,"Blood Vial":0,"Matryoshka":32,"Red Mask":27,"Cracked Core":0,"Pear":30,"Happy Flower":6,"Self Forming Clay":32,"Astrolabe":24,"The Courier":29,"Letter Opener":20,"Frozen Egg 2":18,"Odd Mushroom":37,"Nuclear Battery":16,"Mercury Hourglass":32,"DataDisk":15,"Shuriken":28,"Molten Egg 2":14,"Bag of Marbles":13,"Symbiotic Virus":31,"TungstenRod":0,"Meat on the Bone":5,"Pocketwatch":19},{"Darkstone Periapt":53,"Lantern":25,"Singing Bowl":92,"Magic Flower":184,"Mango":171,"Ginger":25,"HollowMod:StagPassRelic":49,"Boot":155,"Sling":184,"Blood Vial":0,"Matryoshka":184,"Red Mask":147,"Cracked Core":0,"Pear":171,"Happy Flower":25,"Self Forming Clay":184,"Astrolabe":131,"The Courier":166,"Letter Opener":101,"Frozen Egg 2":84,"Odd Mushroom":201,"Nuclear Battery":75,"Mercury Hourglass":184,"DataDisk":65,"Shuriken":155,"Molten Egg 2":59,"Bag of Marbles":53,"Symbiotic Virus":176,"TungstenRod":0,"Meat on the Bone":20,"Pocketwatch":92}],"Burning Blood":21},"card_choices":[{"not_picked":["Twin Strike+1","Thunderclap+1"],"picked":"Headbutt+1","floor":1},{"not_picked":["Clothesline+1","Flame Barrier"],"picked":"Uppercut+1","floor":2},{"not_picked":["Anger+1","Hemokinesis+1"],"picked":"Twin Strike+1","floor":3},{"not_picked":["Perfected Strike+1","Wild Strike+1"],"picked":"Spot Weakness","floor":6},{"not_picked":["Havoc","Hemokinesis+1"],"picked":"Perfected Strike+1","floor":7}],"player_experience":208709,"relics_obtained":[{"floor":6,"key":"Letter Opener"},{"floor":7,"key":"Odd Mushroom"}],"event_choices":[{"damage_healed":0,"gold_gain":75,"player_choice":"Gather Gold","damage_taken":11,"max_hp_gain":0,"max_hp_loss":0,"event_name":"World of Goop","floor":4,"gold_loss":0},{"cards_removed":["Defend_R"],"damage_healed":0,"gold_gain":0,"player_choice":"Forget","damage_taken":0,"max_hp_gain":0,"max_hp_loss":0,"event_name":"Living Wall","floor":5,"gold_loss":0},{"damage_healed":0,"gold_gain":0,"player_choice":"Fought Mushrooms","damage_taken":0,"max_hp_gain":0,"max_hp_loss":0,"event_name":"Mushrooms","floor":7,"gold_loss":0}],"is_beta":false,"boss_relics":[],"items_purged_floors":[],"is_endless":false,"potions_floor_spawned":[2,3],"killed_by":"Lagavulin","ascension_level":3}}