{"host":"bsgp9wgausrmthh2","time":1614128863,"event":{"mods":["AchievementEnabler","BaseMod","Colored Map","Downfall","Minty Spire (QoL Compilation)","StSLib"],"gold_per_floor":[99,119,3,14,27,41,41,53,83,100,0,0,0,75,87,182,232,132,150,160,160,160,260,260,280,292,292,292,292],"floor_reached":27,"language":"ENG","playtime":2017,"items_purged":["Clumsy"],"score":267,"play_id":"fe5d7bd4-5d28-4da4-b6e7-747663f5a773","local_time":"20210223200743","is_ascension_mode":false,"campfire_choices":[{"floor":1.0,"key":"RECALL"},{"data":"Slimebound:LevelUp","floor":11.0,"key":"SMITH"},{"data":"Slimebound:Split","floor":13.0,"key":"SMITH"},{"data":"Slimebound:LeadByExample","floor":18,"key":"SMITH"}],"circlet_count":0,"master_deck":["Slimebound:Strike_Slimebound","Slimebound:Strike_Slimebound","Slimebound:Strike_Slimebound","Slimebound:Tackle","Slimebound:Defend_Slimebound","Slimebound:Defend_Slimebound","Slimebound:Defend_Slimebound","Slimebound:Defend_Slimebound","Slimebound:Split+1","Slimebound:CorrosiveSpit","Slimebound:Equalize+1","Slimebound:RollThrough","Slimebound:LivingWall","Slimebound:SplitMire","Slimebound:SlimeTap","Slimebound:RejuvenatingLick","Slimebound:LevelUp+1","Slimebound:SplitBruiser","Slimebound:GoopSpray+1","Slimebound:AcidTongue","Slimebound:SelfFormingGoo","Slimebound:LeadByExample+1","Slimebound:LeechingTouch+1","Slimebound:CheckThePlaybook","downfall:Icky","Slimebound:LeechEnergy","Slimebound:Gluttony"],"relics":["Slimebound:AbsorbEndCombat","Lizard Tail","Eternal Feather","InkBottle","downfall:HeartBlessingRed","Tiny House","downfall:HeartBlessingGreen"],"acts_visited":["Exordium","TheCity"],"potions_floor_usage":[],"damage_taken":[{"damage":4.0,"enemies":"Cultist","floor":2.0,"turns":5.0},{"damage":13.0,"enemies":"downfall:FleeingMerchant","floor":3.0,"turns":4.0},{"damage":6.0,"enemies":"Jaw Worm","floor":4.0,"turns":4.0},{"damage":7.0,"enemies":"2 Louse","floor":5.0,"turns":3.0},{"damage":7.0,"enemies":"Large Slime","floor":6.0,"turns":7.0},{"damage":4.0,"enemies":"2 Fungi Beasts","floor":8.0,"turns":4.0},{"damage":32.0,"enemies":"Gremlin Nob","floor":9.0,"turns":5.0},{"damage":12.0,"enemies":"downfall:LooterAlt","floor":10.0,"turns":4.0},{"damage":15.0,"enemies":"Exordium Thugs","floor":15.0,"turns":4.0},{"damage":36.0,"enemies":"IC_STATUS_ARCHETYPE","floor":16.0,"turns":9.0},{"damage":21,"enemies":"Spheric Guardian","floor":19,"turns":4},{"damage":4,"enemies":"Chosen","floor":20,"turns":4},{"damage":24,"enemies":"Centurion and Healer","floor":25,"turns":6},{"damage":34,"enemies":"Chosen and Byrds","floor":26,"turns":5},{"damage":15,"enemies":"Cultist and Chosen","floor":27,"turns":3}],"seed_played":"-4059003296086926018","potions_obtained":[{"floor":2.0,"key":"Fruit Juice"},{"floor":4.0,"key":"FearPotion"},{"floor":8.0,"key":"SmokeBomb"},{"floor":9.0,"key":"EssenceOfSteel"}],"is_trial":false,"path_per_floor":["R","M","$","M","M","M","T","M","E","M","R","?","R","?","M","B",null,"R","M","M","?","?","?","T","M","M","M"],"character_chosen":"SLIMEBOUND","items_purchased":["Slimebound:LivingWall"],"campfire_rested":0,"item_purchase_floors":[3],"current_hp_per_floor":[65,68,61,65,64,63,63,70,42,32,41,41,50,50,39,19,75,75,56,72,72,72,72,72,54,26,17,17],"gold":292,"neow_bonus":"ONE_RARE_RELIC","is_daily":false,"chose_seed":false,"campfire_upgraded":3,"win_rate":0.0,"timestamp":1614128863,"path_taken":["R","M","$","M","M","M","T","M","E","?","R","?","R","?","M","BOSS","R","M","M","?","?","?","T","?","?","M"],"items_purchased_type":["Card"],"build_version":"2020-12-22","purchased_purges":1,"victory":false,"max_hp_per_floor":[65,70,70,70,70,70,70,70,70,70,70,70,70,70,70,70,75,75,75,75,75,75,75,75,75,75,75,75],"card_choices":[{"not_picked":["Slimebound:ItLooksTasty","Slimebound:SplitAcid"],"picked":"Slimebound:Equalize","floor":2.0},{"not_picked":["Slimebound:PressTheAttack","Slimebound:SlimeBarrage"],"picked":"Slimebound:RollThrough","floor":3.0},{"not_picked":["Slimebound:LivingWall","Slimebound:FormOfPuddle"],"picked":"Slimebound:SplitMire","floor":4.0},{"not_picked":["Slimebound:ProtectTheBoss","Slimebound:SpikyOuterGoop"],"picked":"Slimebound:SlimeTap","floor":5.0},{"not_picked":["Slimebound:Dissolve","Slimebound:SlimeBrawl"],"picked":"Slimebound:RejuvenatingLick","floor":6.0},{"not_picked":["Slimebound:MegaLick","Slimebound:Repurpose"],"picked":"Slimebound:LevelUp","floor":8.0},{"not_picked":["Slimebound:BestDefense","Slimebound:SplitLeeching"],"picked":"Slimebound:SplitBruiser","floor":9.0},{"not_picked":["Slimebound:GoopTackle","Slimebound:RainOfGoop"],"picked":"Slimebound:GoopSpray","floor":10.0},{"not_picked":["Slimebound:LeechEnergy","Slimebound:Prepare"],"picked":"Slimebound:AcidTongue","floor":15.0},{"not_picked":["Slimebound:Teamwork","Slimebound:MinionMaster"],"picked":"Slimebound:SelfFormingGoo","floor":16.0},{"not_picked":["Slimebound:FinishingTackle","Slimebound:AcidTongue"],"picked":"Slimebound:LeadByExample","floor":17},{"not_picked":["Slimebound:RollThrough","Slimebound:HauntingLick","Slimebound:SplitAcid"],"picked":"SKIP","floor":19},{"not_picked":["Slimebound:FinishingTackle+1","Slimebound:SamplingLick"],"picked":"Slimebound:LeechingTouch+1","floor":20},{"not_picked":["Slimebound:GoopSpray+1","Slimebound:Equalize"],"picked":"Slimebound:LeechEnergy","floor":25},{"not_picked":["Slimebound:RollThrough","Slimebound:Dissolve"],"picked":"Slimebound:Gluttony","floor":26}],"player_experience":351571,"relics_obtained":[{"floor":7.0,"key":"Eternal Feather"},{"floor":9.0,"key":"InkBottle"}],"event_choices":[{"damage_healed":0.0,"max_hp_gain":0.0,"max_hp_loss":0.0,"gold_gain":0.0,"event_name":"Living Wall","player_choice":"Grow","floor":12.0,"gold_loss":0.0,"damage_taken":0.0,"cards_upgraded":["Slimebound:GoopSpray"]},{"damage_healed":0,"gold_gain":0,"player_choice":"Ignored","damage_taken":0,"max_hp_gain":0,"max_hp_loss":0,"event_name":"Ghosts","floor":21,"gold_loss":0}],"is_beta":false,"boss_relics":[{"not_picked":["Empty Cage","SlaversCollar"],"picked":"Tiny House"}],"items_purged_floors":[3],"is_endless":false,"potions_floor_spawned":[2,4,8,9,15,19,25,26],"killed_by":"Cultist and Chosen","ascension_level":0}}