{"host":"3y33rrrkia6pkpow","time":1614193155,"event":{"mods":["2.2 Compatiblity","AchievementEnabler","Act Like it!","BaseMod","BetterRewards","Block Reminder","Colored Map","Colored Powertips","DeckTracker","Faster Ascension Climbing","Gensokyo","Highlight Path","Infinite Spire","Minty Spire (QoL Compilation)","Quick Restart","Rare Cards Sparkle","Reliquary","Replay The Spire","Shop Mod","Spicy Shops","StSLib","Synergy Search","The Animator","The Blue Laboratory","Unknown Chances"],"gold_per_floor":[116,142,142,84,102,102,142,142,192,210,222,31,48,73,73,147,147,167,180,180,180,180,180,60,85,85,8,8,8,57,80,80,92,92],"floor_reached":33,"language":"ENG","playtime":3581,"items_purged":["Looming Evil"],"score":572,"play_id":"16910a92-ed5f-424d-b218-35497c5f483a","local_time":"20210224125915","is_ascension_mode":true,"campfire_choices":[{"data":"Gensokyo:CrescentMoonSlash","floor":6.0,"key":"SMITH"},{"data":"animator:Konayuki","floor":8,"key":"SMITH"},{"floor":15,"key":"REST"},{"data":"animator:Elsword","floor":16,"key":"SMITH"},{"data":"animator:Tyuule","floor":18,"key":"SMITH"},{"data":"animator:Noda","floor":19,"key":"SMITH"},{"floor":23,"key":"REST"},{"data":"animator:MasamiIwasawa","floor":25,"key":"SMITH"},{"floor":29,"key":"REST"},{"data":"animator:MasamiIwasawa","floor":30,"key":"SMITH"},{"floor":32,"key":"REST"}],"circlet_count":0,"master_deck":["AscendersBane","animator:Strike_AngelBeats","animator:Defend_AngelBeats","animator:Strike","animator:Strike","animator:Strike","animator:Defend","animator:Defend","animator:Defend","animator:HidekiHinata","animator:MasamiIwasawa+1","animator:MasamiIwasawa+1","animator:Archer","animator:Archer","animator:Elsword+1","Gensokyo:CrescentMoonSlash+1","animator:Konayuki+1","animator:Noda+1","animator:Emonzaemon","animator:Godan","animator:Yusa","animator:Rorona+1","animator:Tyuule+1","animator:Layla","animator:Shinku","animator:AcuraTooru","animator:AcuraTooru","Gensokyo:LochNessMonster","Gensokyo:FourOfAKind","Gensokyo:FourOfAKind","Gensokyo:FourOfAKind","Gensokyo:FourOfAKind","animator:GuildGirl+1","animator:GuildGirl+1","animator:Lelouch+1","Regret","animator:Curse_Nutcracker","infinitespire:TheBestDefense+1","animator:Mikaela+1","animator:Berserker"],"relics":["animator:LivingPicture","animator:TheMissingPiece","animator:PurgingStone","ReplayTheSpireMod:CursedCoin","Membership Card","Replay:Ringing Soul","Replay:Mystery Machine","infinitespire:Bottled Soul","reliquary:PartyBalloon","Frozen Egg 2","reliquary:Firecrackers","reliquary:WritOfMandamus","infinitespire:Eraser","Gensokyo:MaskOfHope","ReplayFunnel","Toxic Egg 2","infinitespire:Midas Blood"],"acts_visited":["Gensokyo:Gensokyo","Gensokyo:Gensokyoer"],"potions_floor_usage":[10,33],"damage_taken":[{"damage":4.0,"enemies":"Gensokyo:2_Kodama","floor":1.0,"turns":4.0},{"damage":0.0,"enemies":"Gensokyo:Python","floor":2.0,"turns":4.0},{"damage":0.0,"enemies":"Gensokyo:3_Fairies","floor":5.0,"turns":3.0},{"damage":13.0,"enemies":"Gensokyo:Cirno","floor":7.0,"turns":6.0},{"damage":7,"enemies":"Gensokyo:LivingMonolith","floor":10,"turns":5},{"damage":14,"enemies":"Gensokyo:3_Kodama","floor":13,"turns":3},{"damage":24,"enemies":"Gensokyo:Aya","floor":14,"turns":5},{"damage":37,"enemies":"Gensokyo:Reimu","floor":16,"turns":7},{"damage":46,"enemies":"Gensokyo:2_Gloops","floor":18,"turns":6},{"damage":27,"enemies":"Gensokyo:AngelMirror","floor":19,"turns":4},{"damage":14,"enemies":"Gensokyo:Koishi","floor":25,"turns":4},{"damage":13,"enemies":"Gensokyo:Reisen","floor":30,"turns":6},{"damage":10,"enemies":"Gensokyo:Wraith","floor":31,"turns":5},{"damage":77,"enemies":"Gensokyo:Eiki","floor":33,"turns":7}],"seed_played":"-7546335777421177401","potions_obtained":[{"floor":1.0,"key":"Weak Potion"},{"floor":2.0,"key":"blueLaboratory:BottledHope"},{"floor":10,"key":"blueLaboratory:FrostheartPotion"},{"floor":25,"key":"SkillPotion"},{"floor":30,"key":"animator:GrowthPotion"}],"is_trial":false,"path_per_floor":["M","M","?","?","M","R","E","R","T","M","?","$","M","E","R","B",null,"M","M","?","T","?","R","?","E","T","$","?","R","E","M","R","B"],"character_chosen":"THE_ANIMATOR","items_purchased":["ReplayTheSpireMod:CursedCoin","animator:MasamiIwasawa","Membership Card","Replay:Ringing Soul","animator:Archer","Replay:Mystery Machine","Frozen Egg 2","animator:Rorona+1","animator:GuildGirl+1","animator:Lelouch+1"],"campfire_rested":4,"item_purchase_floors":[0,0,0,0,0,0,12,12,27,27],"current_hp_per_floor":[47,50,40,69,72,72,62,62,62,58,62,65,54,33,60,26,77,34,10,13,13,16,34,34,23,23,26,29,50,40,33,56,0,0],"gold":92,"neow_bonus":"","is_daily":false,"chose_seed":true,"campfire_upgraded":7,"win_rate":0.0,"timestamp":1614193155,"path_taken":["M","M","?","?","M","R","E","R","T","M","?","?","M","E","R","BOSS","M","M","?","?","?","R","?","E","T","?","?","R","E","M","R","BOSS"],"items_purchased_type":["Relic","Card","Relic","Relic","Card","Relic","Relic","Card","Card","Card"],"build_version":"2020-12-22","purchased_purges":1,"victory":false,"max_hp_per_floor":[63,66,69,69,72,72,75,75,75,78,82,85,88,91,91,94,94,97,100,91,91,63,63,63,66,66,69,72,72,75,78,78,78,78],"card_choices":[{"not_picked":["animator:Suiseiseki","animator:Raven","animator:Shirosaki"],"picked":"SKIP","floor":1.0},{"not_picked":["animator:Shigure","animator:LizardPriest"],"picked":"animator:Elsword","floor":2.0},{"not_picked":["animator:LeleiLaLalena","animator:Mitsuba"],"picked":"animator:Konayuki","floor":5.0},{"not_picked":["animator:YuzuruOtonashi","animator:HidekiHinata"],"picked":"animator:Noda","floor":7},{"not_picked":["animator:EmiyaShirou","animator:Ara"],"picked":"animator:Emonzaemon","floor":10},{"not_picked":["animator:Hitei","animator:Viivi"],"picked":"animator:Godan","floor":11},{"not_picked":["animator:SakuraMatou","animator:Illya"],"picked":"animator:Yusa","floor":11},{"not_picked":["animator:ShinjiMatou","animator:Illya"],"picked":"animator:Tyuule","floor":13},{"not_picked":["animator:MasamiIwasawa","animator:Eve+1"],"picked":"animator:Layla","floor":14},{"not_picked":["animator:Saber","animator:AyatoNaoi"],"picked":"animator:Shinku","floor":16},{"not_picked":["animator:Layla","animator:Guy"],"picked":"animator:AcuraTooru","floor":18},{"not_picked":["animator:HighElfArcher","animator:JunSakurada"],"picked":"animator:AcuraTooru","floor":19},{"not_picked":["Gensokyo:RedCapeBlueCape","Gensokyo:Kunekune"],"picked":"Gensokyo:LochNessMonster","floor":20},{"not_picked":["animator:Yui","animator:Caster"],"picked":"animator:GuildGirl+1","floor":25},{"not_picked":["ReplayTheSpireMod:??????????????????????","ReplayTheSpireMod:Echoes of Time"],"picked":"infinitespire:TheBestDefense","floor":28},{"not_picked":["animator:Godan","animator:Hitei+1"],"picked":"animator:Mikaela+1","floor":30},{"not_picked":["animator:Lancer","animator:SakuraMatou+1"],"picked":"animator:Berserker","floor":31}],"player_experience":1029501,"relics_obtained":[{"floor":7,"key":"infinitespire:Bottled Soul"},{"floor":9,"key":"reliquary:PartyBalloon"},{"floor":14,"key":"reliquary:Firecrackers"},{"floor":21,"key":"infinitespire:Eraser"},{"floor":25,"key":"ReplayFunnel"},{"floor":26,"key":"Toxic Egg 2"},{"floor":30,"key":"infinitespire:Midas Blood"}],"event_choices":[],"is_beta":false,"boss_relics":[{"not_picked":["Ectoplasm","Calling Bell"],"picked":"reliquary:WritOfMandamus"}],"items_purged_floors":[0],"is_endless":false,"potions_floor_spawned":[1,2,10,25,30],"killed_by":"Gensokyo:Eiki","ascension_level":20}}