{"host":"ssqg06p4hogpulti","time":1614177642,"event":{"mods":["BaseMod","Dio Mod","Downfall","Minty Spire (QoL Compilation)","Replay The Spire","Robot Space Explorer","Shedinja","Somnambulant","StSLib","The Alterego","The Animator","The Construct","The Disciple","The Dragon Tamer","The Exalted","The Hierophant","The Problem Sleuth","WarShipGirlsR/????R mod"],"gold_per_floor":[274,293,304,304,315,315,384,399,430,230,242,264,164,192,202,202,202,202],"floor_reached":16,"language":"SPA","playtime":864,"items_purged":[],"score":137,"play_id":"1f6cefe3-14f3-436c-b8a4-f789ea2389fb","local_time":"20210224154042","is_ascension_mode":false,"campfire_choices":[{"data":"bronze:CloningBeam","floor":6,"key":"SMITH"},{"floor":10,"key":"RECALL"},{"data":"bronze:Return","floor":13,"key":"SMITH"}],"circlet_count":0,"master_deck":["bronze:Strike","bronze:Strike","bronze:Strike","bronze:Strike","bronze:Defend","bronze:Defend","bronze:Defend","bronze:Replicate","bronze:Goto","Doubt","bronze:CloningBeam+1","bronze:DelayedSlice","bronze:ForLoop+1","bronze:Frontload","bronze:ClassDefault","bronze:Return+1","bronze:WhirlingStrike","bronze:Turbo","bronze:Virus","bronze:Repulsor+1"],"relics":["bronze:BronzeCore","Frozen Egg 2","downfall:HeartBlessingBlue","downfall:HeartBlessingGreen","Odd Mushroom","downfall:HeartBlessingRed","Ancient Tea Set"],"acts_visited":["Exordium"],"potions_floor_usage":[9,16,16],"damage_taken":[{"damage":5,"enemies":"2 Louse","floor":2,"turns":4},{"damage":10,"enemies":"Jaw Worm","floor":3,"turns":5},{"damage":2,"enemies":"Small Slimes","floor":5,"turns":3},{"damage":4,"enemies":"Blue Slaver","floor":8,"turns":4},{"damage":18,"enemies":"3 Sentries","floor":9,"turns":6},{"damage":12,"enemies":"Lots of Slimes","floor":11,"turns":5},{"damage":6,"enemies":"The Mushroom Lair","floor":12,"turns":3},{"damage":18,"enemies":"Gremlin Nob","floor":14,"turns":4},{"damage":0,"enemies":"2 Fungi Beasts","floor":15,"turns":3},{"damage":21,"enemies":"IC_STATUS_ARCHETYPE","floor":16,"turns":4}],"seed_played":"-3238089630394191437","potions_obtained":[{"floor":2,"key":"Milkshake"},{"floor":3,"key":"Swift Potion"},{"floor":11,"key":"Weak Potion"}],"is_trial":false,"path_per_floor":["R","M","M","?","M","R","T","M","E","R","M","?","R","E","M","B"],"character_chosen":"THE_AUTOMATON","items_purchased":[],"campfire_rested":0,"item_purchase_floors":[],"current_hp_per_floor":[77,72,62,62,60,60,60,56,38,48,36,30,30,12,12,0,0,0],"gold":202,"neow_bonus":"TEN_PERCENT_HP_BONUS","is_daily":false,"chose_seed":false,"campfire_upgraded":2,"win_rate":0.0,"timestamp":1614177642,"path_taken":["R","M","M","?","M","R","T","M","E","R","M","?","R","E","M","BOSS"],"items_purchased_type":[],"build_version":"2020-12-22","purchased_purges":0,"victory":false,"max_hp_per_floor":[77,77,77,77,77,77,77,77,77,87,87,87,87,87,87,87,87,87],"card_choices":[{"not_picked":["bronze:Repulsor","bronze:Iterate"],"picked":"bronze:CloningBeam","floor":2},{"not_picked":["bronze:Frontload","bronze:ChosenStrike"],"picked":"bronze:DelayedSlice","floor":3},{"not_picked":["bronze:Deprecate","bronze:BitShift"],"picked":"bronze:Frontload","floor":5},{"not_picked":["bronze:Iterate","bronze:Turbo"],"picked":"bronze:ClassDefault","floor":8},{"not_picked":["bronze:Deprecate","bronze:DarkDash"],"picked":"bronze:Return","floor":9},{"not_picked":["bronze:Return","bronze:BitShift"],"picked":"bronze:WhirlingStrike","floor":11},{"not_picked":["bronze:GetLatest","bronze:Deprecate"],"picked":"bronze:Turbo","floor":12},{"not_picked":["bronze:DigitalCarnage","bronze:ChosenStrike"],"picked":"bronze:Virus","floor":14},{"not_picked":["bronze:FineTuning","bronze:Turbo"],"picked":"bronze:Repulsor+1","floor":15}],"player_experience":362112,"relics_obtained":[{"floor":9,"key":"Frozen Egg 2"},{"floor":12,"key":"Odd Mushroom"},{"floor":14,"key":"Ancient Tea Set"}],"event_choices":[{"damage_healed":0,"gold_gain":0,"player_choice":"Fought Mushrooms","damage_taken":0,"max_hp_gain":0,"max_hp_loss":0,"event_name":"Mushrooms","floor":12,"gold_loss":0}],"is_beta":false,"boss_relics":[],"items_purged_floors":[],"is_endless":false,"potions_floor_spawned":[2,3,11],"killed_by":"IC_STATUS_ARCHETYPE","ascension_level":0}}