{"host":"8iprjuzow65cevwy","time":1614199474,"event":{"mods":["BaseMod","Colored Map","Highlight Path","Minty Spire (QoL Compilation)","Permanent Neow"],"gold_per_floor":[114,189,201,201,214,214,232,232,232,265,265,309,333,47,47,47,47],"floor_reached":16,"language":"ENG","playtime":1432,"items_purged":[],"score":203,"play_id":"7e8dccf2-c67e-44d5-84a2-32b75dc7d778","local_time":"20210224214434","is_ascension_mode":true,"campfire_choices":[{"data":"True Grit","floor":6,"key":"SMITH"},{"data":"Iron Wave","floor":8,"key":"SMITH"},{"data":"Seeing Red","floor":15,"key":"SMITH"}],"circlet_count":0,"master_deck":["AscendersBane","Strike_R","Strike_R","Strike_R","Strike_R","Defend_R","Defend_R","Defend_R","Defend_R","Bash","True Grit+1","Reaper","Thunderclap","Iron Wave+1","Infernal Blade","Power Through","Regret","Headbutt","Flex","Dark Shackles","Seeing Red+1"],"relics":["Burning Blood","Ginger","FossilizedHelix","Du-Vu Doll","Thread and Needle","CeramicFish","Lantern"],"acts_visited":["Exordium"],"potions_floor_usage":[12,16,16],"damage_taken":[{"damage":6,"enemies":"Jaw Worm","floor":1,"turns":5},{"damage":0,"enemies":"2 Louse","floor":3,"turns":3},{"damage":5,"enemies":"Cultist","floor":5,"turns":4},{"damage":6,"enemies":"Blue Slaver","floor":7,"turns":6},{"damage":35,"enemies":"3 Sentries","floor":10,"turns":10},{"damage":0,"enemies":"Gremlin Nob","floor":12,"turns":5},{"damage":0,"enemies":"2 Fungi Beasts","floor":13,"turns":2},{"damage":72,"enemies":"The Guardian","floor":16,"turns":12}],"seed_played":"7379684784517567669","potions_obtained":[{"floor":3,"key":"Strength Potion"},{"floor":12,"key":"SkillPotion"},{"floor":13,"key":"Swift Potion"}],"is_trial":false,"path_per_floor":["M","?","M","?","M","R","M","R","T","E","?","E","M","$","R","B"],"character_chosen":"IRONCLAD","items_purchased":["Lantern","Dark Shackles","Seeing Red"],"campfire_rested":0,"item_purchase_floors":[14,14,14],"current_hp_per_floor":[72,61,67,67,72,72,72,72,72,51,51,63,69,69,69,0,0],"gold":47,"neow_bonus":"ONE_RARE_RELIC","is_daily":false,"chose_seed":false,"campfire_upgraded":3,"win_rate":0.0,"timestamp":1614199474,"path_taken":["M","?","M","?","M","R","?","R","T","E","?","E","M","$","R","BOSS"],"items_purchased_type":["Relic","Card","Card"],"build_version":"2020-12-22","purchased_purges":0,"victory":false,"max_hp_per_floor":[72,72,72,72,72,72,72,72,72,72,72,72,72,72,72,72,72],"card_choices":[{"not_picked":["Body Slam","Pommel Strike"],"picked":"True Grit","floor":1},{"not_picked":["Sword Boomerang","Power Through"],"picked":"Reaper","floor":3},{"not_picked":["True Grit","Perfected Strike"],"picked":"Iron Wave","floor":5},{"not_picked":["Wild Strike","Headbutt"],"picked":"Infernal Blade","floor":7},{"not_picked":["Cleave","Evolve"],"picked":"Power Through","floor":10},{"not_picked":["Shockwave","Clothesline"],"picked":"Headbutt","floor":12},{"not_picked":["Heavy Blade","Sever Soul"],"picked":"Flex","floor":13}],"player_experience":397853,"relics_obtained":[{"floor":9,"key":"FossilizedHelix"},{"floor":10,"key":"Du-Vu Doll"},{"floor":12,"key":"CeramicFish"}],"event_choices":[{"damage_healed":0,"gold_gain":75,"player_choice":"Gather Gold","damage_taken":11,"max_hp_gain":0,"max_hp_loss":0,"event_name":"World of Goop","floor":2,"gold_loss":0},{"damage_healed":0,"gold_gain":0,"cards_transformed":["Strike_R"],"player_choice":"Transformed","damage_taken":0,"max_hp_gain":0,"max_hp_loss":0,"event_name":"Transmorgrifier","floor":4,"gold_loss":0,"cards_obtained":["Thunderclap"]},{"damage_healed":0,"gold_gain":0,"player_choice":"Box","damage_taken":0,"relics_obtained":["Thread and Needle"],"max_hp_gain":0,"max_hp_loss":0,"event_name":"Big Fish","floor":11,"gold_loss":0,"cards_obtained":["Regret"]}],"is_beta":false,"boss_relics":[],"items_purged_floors":[],"is_endless":false,"potions_floor_spawned":[3,12,13],"killed_by":"The Guardian","ascension_level":10}}