{"host":"ehbvw7oad5h6kf16","time":1614138213,"event":{"mods":["AchievementEnabler","Act Like it!","BaseMod","CapriCore","Minty Spire (QoL Compilation)","StSLib"],"gold_per_floor":[114,64,77,88,102,131,131,156,156,176,176,188,33,59,59,158,158,175,175,185,220,220,9,19,19,19],"floor_reached":25,"language":"KOR","playtime":889,"items_purged":[],"score":293,"play_id":"44a6a0c7-6612-4bbd-bd3f-801ad1de5374","local_time":"20210224124333","is_ascension_mode":true,"campfire_choices":[{"data":"Rage","floor":7,"key":"SMITH"},{"data":"Fire Breathing","floor":15,"key":"SMITH"}],"circlet_count":0,"master_deck":["Bash","Fire Breathing+1","Entrench","Rage+1","Thunderclap","Whirlwind+1","Dropkick","Inflame","Impervious","Feed","Pummel","Brutality","Sever Soul","Double Tap","Reaper","Dual Wield","Anger","Bite","Bite","Bite","Bite","Bite","Shrug It Off","Hemokinesis","Infernal Blade","Rage"],"relics":["Burning Blood","Whetstone","Regal Pillow","Toy Ornithopter","PreservedInsect","HornCleat","Pandora\u0027s Box","Red Mask","Bag of Preparation"],"acts_visited":["Exordium","TheCity"],"potions_floor_usage":[6,14,21],"damage_taken":[{"damage":6,"enemies":"Jaw Worm","floor":1,"turns":5},{"damage":8,"enemies":"2 Louse","floor":3,"turns":3},{"damage":0,"enemies":"Cultist","floor":4,"turns":3},{"damage":20,"enemies":"Looter","floor":5,"turns":4},{"damage":30,"enemies":"Gremlin Nob","floor":6,"turns":4},{"damage":25,"enemies":"3 Sentries","floor":8,"turns":5},{"damage":1,"enemies":"2 Fungi Beasts","floor":10,"turns":3},{"damage":6,"enemies":"Blue Slaver","floor":12,"turns":3},{"damage":20,"enemies":"Lagavulin","floor":14,"turns":5},{"damage":9,"enemies":"Hexaghost","floor":16,"turns":9},{"damage":5,"enemies":"3 Byrds","floor":18,"turns":4},{"damage":19,"enemies":"Chosen","floor":20,"turns":5},{"damage":8,"enemies":"Masked Bandits","floor":21,"turns":3},{"damage":2,"enemies":"Snecko","floor":24,"turns":4},{"damage":79,"enemies":"Gremlin Leader","floor":25,"turns":6}],"seed_played":"-4321814604420541082","potions_obtained":[{"floor":1,"key":"ElixirPotion"},{"floor":4,"key":"Fire Potion"},{"floor":6,"key":"BloodPotion"},{"floor":8,"key":"Regen Potion"},{"floor":10,"key":"AttackPotion"},{"floor":20,"key":"BloodPotion"}],"is_trial":false,"path_per_floor":["M","?","M","M","M","E","R","E","T","M","?","M","$","E","R","B",null,"M","?","M","?","?","$","M","E"],"character_chosen":"IRONCLAD","items_purchased":["PreservedInsect","Infernal Blade","Bag of Preparation"],"campfire_rested":0,"item_purchase_floors":[13,23,23],"current_hp_per_floor":[80,80,78,80,66,42,42,23,23,28,28,28,28,33,33,30,80,80,56,43,54,45,45,58,0,0],"gold":19,"neow_bonus":"TRANSFORM_CARD","is_daily":false,"chose_seed":false,"campfire_upgraded":2,"win_rate":0.0,"timestamp":1614138213,"path_taken":["M","?","M","M","M","E","R","E","T","M","?","M","?","E","R","BOSS","M","?","M","?","?","?","M","E"],"items_purchased_type":["Relic","Card","Relic"],"build_version":"2020-12-22","purchased_purges":0,"victory":false,"max_hp_per_floor":[80,80,80,80,80,80,80,80,80,80,80,80,80,80,80,80,80,80,56,56,56,61,61,64,64,64],"card_choices":[{"not_picked":["Blood for Blood","Whirlwind"],"picked":"Entrench","floor":1},{"not_picked":["Hemokinesis","Burning Pact"],"picked":"Rage","floor":3},{"not_picked":["Warcry","Blood for Blood"],"picked":"Thunderclap","floor":4},{"not_picked":["Sword Boomerang","Headbutt"],"picked":"Whirlwind","floor":5},{"not_picked":["Warcry","Intimidate","True Grit"],"picked":"SKIP","floor":6},{"not_picked":["Clothesline","Uppercut"],"picked":"Dropkick","floor":8},{"not_picked":["Body Slam","Headbutt","Evolve"],"picked":"SKIP","floor":10},{"not_picked":["Headbutt","Feel No Pain"],"picked":"Inflame","floor":12},{"not_picked":["Entrench","Perfected Strike"],"picked":"Impervious","floor":14},{"not_picked":["Fiend Fire","Berserk"],"picked":"Feed","floor":16},{"not_picked":["Warcry","Body Slam","Headbutt"],"picked":"SKIP","floor":18},{"not_picked":["Anger","Cleave+1"],"picked":"Shrug It Off","floor":20},{"not_picked":["True Grit","Cleave"],"picked":"Hemokinesis","floor":21},{"not_picked":["Clothesline+1","Blood for Blood"],"picked":"Rage","floor":24}],"player_experience":180824,"relics_obtained":[{"floor":6,"key":"Whetstone"},{"floor":8,"key":"Regal Pillow"},{"floor":9,"key":"Toy Ornithopter"},{"floor":14,"key":"HornCleat"},{"floor":21,"key":"Red Mask"}],"event_choices":[{"cards_removed":["Defend_R"],"damage_healed":0,"gold_gain":0,"player_choice":"Card Removal","damage_taken":0,"max_hp_gain":0,"max_hp_loss":0,"event_name":"The Cleric","floor":2,"gold_loss":50},{"damage_healed":0,"gold_gain":0,"player_choice":"Grow","damage_taken":0,"max_hp_gain":0,"max_hp_loss":0,"event_name":"Living Wall","floor":11,"gold_loss":0,"cards_upgraded":["Whirlwind"]},{"damage_healed":0,"gold_gain":0,"player_choice":"Became a vampire","damage_taken":0,"max_hp_gain":0,"max_hp_loss":24,"event_name":"Vampires","floor":19,"gold_loss":0,"cards_obtained":["Bite","Bite","Bite","Bite","Bite"]},{"damage_healed":0,"gold_gain":0,"player_choice":"Fought Bandits","damage_taken":0,"max_hp_gain":0,"max_hp_loss":0,"event_name":"Masked Bandits","floor":21,"gold_loss":0},{"damage_healed":0,"gold_gain":0,"player_choice":"Shed Blood","damage_taken":14,"max_hp_gain":5,"max_hp_loss":0,"event_name":"Forgotten Altar","floor":22,"gold_loss":0}],"is_beta":false,"boss_relics":[{"not_picked":["Runic Cube","Sozu"],"picked":"Pandora\u0027s Box"}],"items_purged_floors":[],"is_endless":false,"potions_floor_spawned":[1,4,6,8,10,20],"killed_by":"Gremlin Leader","ascension_level":4}}