{"host":"tubmkv2g6v9d0kjw","time":1614165325,"event":{"mods":["2.2 Compatiblity","BaseMod","Conspire","Downfall","Hubris","Minty Spire (QoL Compilation)","Relic Stats","Spire Arcade","StSLib"],"gold_per_floor":[99,99,99,274,300,300,351,361,361,126,152,152,152,162,173,268,268,268,286,286,386,399,399,399,399,399,399],"floor_reached":25,"language":"ENG","playtime":944,"items_purged":["Doubt"],"score":279,"play_id":"6ca08af6-045b-482c-8449-9e74de1c9faa","local_time":"20210224051525","is_ascension_mode":true,"campfire_choices":[{"data":"Slimebound:Split","floor":1,"key":"SMITH"},{"data":"Slimebound:LeadByExample","floor":6,"key":"SMITH"},{"data":"Slimebound:GoopSpray","floor":12,"key":"SMITH"},{"data":"Slimebound:CorrosiveSpit","floor":18,"key":"SMITH"}],"circlet_count":0,"master_deck":["Slimebound:Strike_Slimebound","Slimebound:Strike_Slimebound","Slimebound:Strike_Slimebound","Slimebound:Tackle","Slimebound:Defend_Slimebound","Slimebound:Defend_Slimebound","Slimebound:Defend_Slimebound","Slimebound:Defend_Slimebound","Slimebound:Split+1","Slimebound:CorrosiveSpit+1","Slimebound:RainOfGoop","Slimebound:SplitMire","Slimebound:LeadByExample+1","Slimebound:GoopSpray+1","Slimebound:SamplingLick+1","Slimebound:Darklings+1","Slimebound:AcidTongue","Slimebound:SplitAcid+1","Pride"],"relics":["Slimebound:AbsorbEndCombat","downfall:HeartsMalice","Singing Bowl","Tiny Chest","Calipers","Slimebound:AggressiveSlimeRelic","Smiling Mask","Toxic Egg 2","hubris:ScarierMask","hubris:Towel","hubris:Potato","Darkstone Periapt","Boot","Pear"],"acts_visited":["Exordium","TheCity"],"potions_floor_usage":[16,16,21,25,25],"damage_taken":[{"damage":0,"enemies":"Jaw Worm","floor":2,"turns":1},{"damage":0,"enemies":"2 Louse","floor":3,"turns":1},{"damage":0,"enemies":"conspire:MimicChest","floor":5,"turns":1},{"damage":4,"enemies":"Cultist","floor":8,"turns":3},{"damage":11,"enemies":"downfall:FleeingMerchant","floor":10,"turns":4},{"damage":5,"enemies":"Lagavulin","floor":11,"turns":6},{"damage":8,"enemies":"Large Slime","floor":14,"turns":3},{"damage":0,"enemies":"Exordium Wildlife","floor":15,"turns":4},{"damage":29,"enemies":"WA_ARCHETYPE_RETAIN","floor":16,"turns":8},{"damage":3,"enemies":"3 Byrds","floor":19,"turns":4},{"damage":32,"enemies":"Colosseum Nobs","floor":21,"turns":4},{"damage":21,"enemies":"Shell Parasite","floor":22,"turns":5},{"damage":43,"enemies":"Book of Stabbing","floor":25,"turns":4}],"seed_played":"8149651390748143150","potions_obtained":[{"floor":5,"key":"champ:CounterPotion"},{"floor":11,"key":"EssenceOfSteel"},{"floor":14,"key":"SkillPotion"},{"floor":16,"key":"Fruit Juice"},{"floor":22,"key":"AttackPotion"}],"is_trial":false,"path_per_floor":["R","M","M","?","?","R","T","M","?","$","E","R","T","M","M","B",null,"R","M","?","?","M","?","T","E"],"character_chosen":"SLIMEBOUND","items_purchased":["Slimebound:AggressiveSlimeRelic"],"campfire_rested":0,"item_purchase_floors":[10],"current_hp_per_floor":[59,59,59,59,59,59,59,63,60,55,56,56,56,54,56,36,66,66,67,67,39,22,28,38,0,0,0],"gold":399,"neow_bonus":"THREE_ENEMY_KILL","is_daily":false,"chose_seed":false,"campfire_upgraded":4,"win_rate":0.0,"timestamp":1614165325,"path_taken":["R","M","M","?","?","R","T","?","?","?","E","R","?","M","M","BOSS","R","M","?","?","M","?","T","E"],"items_purchased_type":["Relic"],"build_version":"2020-12-22","purchased_purges":1,"victory":false,"max_hp_per_floor":[65,65,65,65,65,65,65,67,67,67,69,69,69,71,71,76,76,76,76,76,78,78,84,94,94,94,94],"relic_stats":{"Darkstone Periapt":6,"Singing Bowl":8,"counters":[13,42],"Tiny Chest":1,"Smiling Mask":0,"Boot":[0],"obtain_stats":[{"Darkstone Periapt":21,"Slimebound:AggressiveSlimeRelic":10,"Calipers":9,"Pear":24,"Singing Bowl":5,"downfall:HeartsMalice":0,"hubris:Towel":20,"Smiling Mask":11,"Boot":23,"hubris:ScarierMask":17,"Tiny Chest":7,"Slimebound:AbsorbEndCombat":0,"Toxic Egg 2":13,"hubris:Potato":21},{"Darkstone Periapt":11,"Slimebound:AggressiveSlimeRelic":5,"Calipers":4,"Pear":12,"Singing Bowl":3,"downfall:HeartsMalice":0,"hubris:Towel":10,"Smiling Mask":6,"Boot":12,"hubris:ScarierMask":9,"Tiny Chest":3,"Slimebound:AbsorbEndCombat":0,"Toxic Egg 2":6,"hubris:Potato":11},{"Darkstone Periapt":33,"Slimebound:AggressiveSlimeRelic":7,"Calipers":3,"Pear":38,"Singing Bowl":0,"downfall:HeartsMalice":0,"hubris:Towel":30,"Smiling Mask":13,"Boot":38,"hubris:ScarierMask":27,"Tiny Chest":0,"Slimebound:AbsorbEndCombat":0,"Toxic Egg 2":13,"hubris:Potato":33}]},"card_choices":[{"not_picked":["Slimebound:Schlurp","Slimebound:SplitLeeching"],"picked":"Slimebound:RainOfGoop","floor":2},{"not_picked":["Slimebound:SlimeSpikes","Slimebound:LeechEnergy"],"picked":"Slimebound:SplitMire","floor":3},{"not_picked":["Slimebound:LivingWall","Slimebound:HauntingLick"],"picked":"Slimebound:LeadByExample","floor":5},{"not_picked":["Slimebound:DivideAndConquer","Slimebound:Nibble","Slimebound:ServeAndProtect"],"picked":"Singing Bowl","floor":8},{"not_picked":["Slimebound:WasteNot","Slimebound:Repurpose"],"picked":"Slimebound:GoopSpray","floor":10},{"not_picked":["Slimebound:SplitLeeching","Slimebound:LeechingTouch","Slimebound:SlimeSpikes"],"picked":"Singing Bowl","floor":11},{"not_picked":["Slimebound:HungryTackle","Slimebound:RejuvenatingLick+1","Slimebound:Dissolve+1"],"picked":"Singing Bowl","floor":14},{"not_picked":["Slimebound:TongueLash","Slimebound:LeechingTouch"],"picked":"Slimebound:SamplingLick+1","floor":15},{"not_picked":["Slimebound:CheckThePlaybook+1","Slimebound:WasteNot+1"],"picked":"Slimebound:Darklings+1","floor":16},{"not_picked":["Slimebound:ComboTackle+1","Slimebound:HauntingLick+1"],"picked":"Slimebound:AcidTongue","floor":19},{"not_picked":["Slimebound:TongueLash","Slimebound:RollThrough+1","Slimebound:SamplingLick+1"],"picked":"Singing Bowl","floor":21},{"not_picked":["Slimebound:Gluttony","Slimebound:Schlurp+1"],"picked":"Slimebound:SplitAcid+1","floor":22}],"player_experience":560032,"relics_obtained":[{"floor":5,"key":"Singing Bowl"},{"floor":7,"key":"Tiny Chest"},{"floor":11,"key":"Smiling Mask"},{"floor":13,"key":"Toxic Egg 2"},{"floor":21,"key":"hubris:Potato"},{"floor":21,"key":"Darkstone Periapt"},{"floor":24,"key":"Pear"}],"event_choices":[{"damage_healed":0,"gold_gain":0,"player_choice":"Success","damage_taken":3,"relics_obtained":["Calipers"],"max_hp_gain":0,"max_hp_loss":0,"event_name":"Scrap Ooze","floor":9,"gold_loss":0},{"damage_healed":0,"gold_gain":0,"player_choice":"Stole Relic","damage_taken":0,"relics_obtained":["Boot"],"max_hp_gain":0,"max_hp_loss":0,"event_name":"Addict","floor":23,"gold_loss":0,"cards_obtained":["Pride"]}],"is_beta":false,"boss_relics":[{"not_picked":["hubris:GrandSneckoEye","conspire:RunicOctahedron"],"picked":"hubris:ScarierMask"}],"items_purged_floors":[10],"is_endless":false,"potions_floor_spawned":[5,11,14,15,16,22],"killed_by":"Book of Stabbing","ascension_level":6}}