{"host":"36qke0usa4c48kdx","time":1614201646,"event":{"mods":["AchievementEnabler","BaseMod","Colored Map","Downfall","Hermit","Hubris","Marisa????????","Minty Spire (QoL Compilation)","READ ME - Guardian Mod","Replay The Spire","Shop Mod","StSLib","The Bug Knight","The Cursed","The Disciple","The Servant 0.9.4"],"gold_per_floor":[209,228,76,87,4,4,35,47,59,105,127,139,171,183,183],"floor_reached":14,"language":"ENG","playtime":725,"items_purged":[],"score":213,"play_id":"3ae0b0d5-dd1d-4611-8231-02b2cb7dbcd0","local_time":"20210224222046","is_ascension_mode":true,"campfire_choices":[{"data":"Double Tap","floor":6.0,"key":"SMITH"},{"data":"Feed","floor":8.0,"key":"SMITH"},{"floor":12.0,"key":"REST"}],"circlet_count":0,"master_deck":["AscendersBane","Strike_R","Strike_R","Strike_R","Strike_R","Strike_R","Defend_R","Defend_R","Defend_R","Defend_R","Bash","Pommel Strike","Reckless Charge","Double Tap+1","ReplayTheSpireMod:Private Reserves","Feed+1","Berserk","Warcry","Disarm"],"relics":["Burning Blood","Sling","MawBank","Turnip","Boot"],"acts_visited":["Exordium"],"potions_floor_usage":[14,14],"damage_taken":[{"damage":0.0,"enemies":"Small Slimes","floor":1.0,"turns":3.0},{"damage":1.0,"enemies":"Cultist","floor":2.0,"turns":3.0},{"damage":4.0,"enemies":"2 Louse","floor":4.0,"turns":2.0},{"damage":26.0,"enemies":"Gremlin Nob","floor":7.0,"turns":4.0},{"damage":12.0,"enemies":"Lagavulin","floor":10.0,"turns":3.0},{"damage":32.0,"enemies":"Exordium Thugs","floor":11.0,"turns":4.0},{"damage":52.0,"enemies":"Gremlin Gang","floor":13.0,"turns":6.0},{"damage":30,"enemies":"3 Sentries","floor":14,"turns":3}],"seed_played":"1736545801779036432","potions_obtained":[{"floor":2.0,"key":"GamblersBrew"},{"floor":4.0,"key":"Death Potion"},{"floor":13.0,"key":"sneckomod:MuddlingPotion"}],"is_trial":false,"path_per_floor":["M","M","$","M","$","R","E","R","T","E","M","R","M","E"],"character_chosen":"IRONCLAD","items_purchased":["Sling","ReplayTheSpireMod:Private Reserves"],"campfire_rested":1,"item_purchase_floors":[3,5],"current_hp_per_floor":[78,80,80,80,80,80,60,60,60,58,36,62,20,0,0],"gold":183,"neow_bonus":"HUNDRED_GOLD","is_daily":false,"chose_seed":false,"campfire_upgraded":2,"win_rate":0.0,"timestamp":1614201646,"path_taken":["M","M","$","M","$","R","E","R","T","E","M","R","M","E"],"items_purchased_type":["Relic","Card"],"build_version":"2020-12-22","purchased_purges":0,"victory":false,"max_hp_per_floor":[80,80,80,80,80,80,80,80,80,84,88,88,92,96,96],"card_choices":[{"not_picked":["Iron Wave","Havoc"],"picked":"Pommel Strike","floor":1.0},{"not_picked":["Iron Wave","Flex"],"picked":"Reckless Charge","floor":2.0},{"not_picked":["Run Through","Replay:Undeath\u0027s Touch"],"picked":"Double Tap","floor":4.0},{"not_picked":["Cleave","Run Through"],"picked":"Feed","floor":7.0},{"not_picked":["Feel No Pain","Clothesline"],"picked":"Berserk","floor":10.0},{"not_picked":["Clash","Heavy Blade"],"picked":"Warcry","floor":11.0},{"not_picked":["Clothesline","Twin Strike"],"picked":"Disarm","floor":13.0}],"player_experience":806200,"relics_obtained":[{"floor":7.0,"key":"MawBank"},{"floor":9.0,"key":"Turnip"},{"floor":10.0,"key":"Boot"}],"event_choices":[],"is_beta":false,"boss_relics":[],"items_purged_floors":[],"is_endless":false,"potions_floor_spawned":[2,4,13],"killed_by":"3 Sentries","ascension_level":10}}