{"host":"blhqr6uo32maonpv","time":1614151521,"event":{"mods":["BaseMod","Colored Powertips","Downfall","Hermit","Minty Spire (QoL Compilation)","Replay The Spire","StSLib","The Bug Knight","The Marked"],"gold_per_floor":[180,280,380,380,380,380,380,380,407,407,61,61,72,105,115,220,220,120,138,156,156,156,172,172,183,203,203,103,88,88,100,119,214,214,214,224,224,244,264,264,264,264],"floor_reached":40,"language":"ENG","playtime":2078,"items_purged":[],"score":419,"play_id":"72b7b463-ebdb-476a-a371-b1e9c0c2866a","local_time":"20210224032521","is_ascension_mode":false,"campfire_choices":[{"floor":6,"key":"RECALL"},{"data":"bronze:Separator","floor":8,"key":"SMITH"},{"data":"bronze:SpaghettiCode","floor":12,"key":"SMITH"},{"floor":28,"key":"REST"},{"data":"bronze:AlphaBuild","floor":30,"key":"SMITH"},{"data":"bronze:FineTuning","floor":35,"key":"SMITH"}],"circlet_count":0,"master_deck":["bronze:Strike","bronze:Strike","bronze:Strike","bronze:Defend","bronze:Defend","bronze:Defend","bronze:Replicate+1","bronze:Goto","bronze:Separator+1","bronze:InfiniteLoop+1","bronze:Boost","bronze:OilSpill+1","bronze:Mutator","bronze:FineTuning+1","bronze:Iterate+1","bronze:SpaghettiCode+1","bronze:AlphaBuild+1","bronze:DelayedSlice+1","bronze:BurnOut+1","CurseOfTheBell","bronze:Allocate","bronze:Constructor","bronze:BugBarrage+1","bronze:Repair","bronze:ShipIt+1","bronze:BronzeOrb+1","bronze:Terminator+1","bronze:Overload+1"],"relics":["bronze:BronzeCore","downfall:HeartsMalice","Quantum Egg","FossilizedHelix","Molten Egg 2","Calling Bell","Bag of Preparation","Meat on the Bone","Lizard Tail","downfall:HeartBlessingRed","Nilry\u0027s Codex","Anchor","downfall:HeartBlessingBlue","Replay:Grab Bag","Philosopher\u0027s Stone","bronze:MakeshiftBattery","SlaversCollar"],"acts_visited":["Exordium","TheCity","TheBeyond"],"potions_floor_usage":[23,26,33,33,33,38,40],"damage_taken":[{"damage":0,"enemies":"2 Louse","floor":4,"turns":1},{"damage":0,"enemies":"Lagavulin","floor":9,"turns":1},{"damage":0,"enemies":"Small Slimes","floor":10,"turns":1},{"damage":0,"enemies":"downfall:FleeingMerchant","floor":11,"turns":4},{"damage":0,"enemies":"Jaw Worm","floor":13,"turns":1},{"damage":35,"enemies":"3 Sentries","floor":14,"turns":9},{"damage":0,"enemies":"downfall:LooterAlt","floor":15,"turns":2},{"damage":23,"enemies":"IC_STATUS_ARCHETYPE","floor":16,"turns":7},{"damage":0,"enemies":"downfall:LooterAlt2","floor":19,"turns":2},{"damage":0,"enemies":"3 Byrds","floor":20,"turns":2},{"damage":28,"enemies":"Centurion and Healer","floor":23,"turns":4},{"damage":7,"enemies":"Snake Plant","floor":25,"turns":4},{"damage":1,"enemies":"Cultist and Chosen","floor":26,"turns":5},{"damage":9,"enemies":"downfall:FleeingMerchant","floor":29,"turns":4},{"damage":4,"enemies":"Centurion and Healer","floor":31,"turns":4},{"damage":20,"enemies":"3 Cultists","floor":32,"turns":5},{"damage":106,"enemies":"DF_ARCHETYPE_CLAW","floor":33,"turns":8},{"damage":0,"enemies":"3 Darklings","floor":36,"turns":4},{"damage":0,"enemies":"Orb Walker","floor":38,"turns":2},{"damage":9,"enemies":"3 Darklings","floor":39,"turns":3},{"damage":90,"enemies":"Giant Head","floor":40,"turns":7}],"seed_played":"-8096828246161918294","potions_obtained":[{"floor":9,"key":"SneckoOil"},{"floor":16,"key":"LiquidBronze"},{"floor":23,"key":"Strength Potion"},{"floor":25,"key":"Adrenaline Potion"},{"floor":31,"key":"Explosive Potion"},{"floor":33,"key":"LifebloodPotion"},{"floor":36,"key":"Swift Potion"}],"is_trial":false,"path_per_floor":["R","?","?","M","?","R","T","R","E","M","$","R","M","E","M","B",null,"R","M","M","?","?","M","T","M","M","?","R","$","R","M","M","B",null,"R","M","?","M","M","E"],"character_chosen":"THE_AUTOMATON","items_purchased":["bronze:Mutator","bronze:FineTuning","bronze:Iterate","bronze:SpaghettiCode"],"campfire_rested":1,"item_purchase_floors":[11,11,11,11],"current_hp_per_floor":[70,70,70,70,70,70,70,70,70,70,70,70,70,35,35,12,70,54,54,54,54,46,30,30,35,46,46,80,78,78,74,54,15,80,80,80,80,80,71,0,0,0],"gold":264,"neow_bonus":"THREE_ENEMY_KILL","is_daily":false,"chose_seed":false,"campfire_upgraded":4,"win_rate":0.0,"timestamp":1614151521,"path_taken":["R","?","?","M","?","R","T","R","E","M","$","R","?","E","M","BOSS","R","M","M","?","?","M","T","?","M","?","R","$","R","M","M","BOSS","R","M","?","?","M","E"],"items_purchased_type":["Card","Card","Card","Card"],"build_version":"2020-12-22","purchased_purges":0,"victory":false,"max_hp_per_floor":[70,70,70,70,70,70,70,70,70,70,70,70,70,70,70,70,70,70,70,70,70,70,70,70,70,70,70,80,80,80,80,80,80,80,80,80,80,80,80,80,80,80],"card_choices":[{"not_picked":["bronze:BugBarrage","bronze:CutThrough"],"picked":"bronze:Separator","floor":4},{"not_picked":["bronze:Shield","bronze:Invalidate"],"picked":"bronze:InfiniteLoop","floor":9},{"not_picked":["bronze:ItsAFeature","bronze:WildBeam"],"picked":"bronze:Boost","floor":10},{"not_picked":["bronze:DigitalCarnage","bronze:Invalidate"],"picked":"bronze:OilSpill","floor":11},{"not_picked":["bronze:BuggyMess","bronze:Return"],"picked":"bronze:AlphaBuild","floor":13},{"not_picked":["bronze:MaxOutput","bronze:Shield","bronze:InfiniteLoop+1"],"picked":"SKIP","floor":14},{"not_picked":["bronze:Separator+1","bronze:NullPointer+1"],"picked":"bronze:DelayedSlice+1","floor":15},{"not_picked":["bronze:FindAndReplace","bronze:HardenedForm"],"picked":"bronze:BurnOut+1","floor":16},{"not_picked":["bronze:WildBeam+1","bronze:ForLoop"],"picked":"bronze:Allocate","floor":19},{"not_picked":["bronze:Iterate+1","bronze:CutThrough+1"],"picked":"bronze:Constructor","floor":20},{"not_picked":["bronze:Separator+1","bronze:DigitalCarnage+1"],"picked":"bronze:BugBarrage+1","floor":23},{"not_picked":["bronze:WildBeam+1","bronze:Frontload","bronze:BitShift"],"picked":"SKIP","floor":25},{"not_picked":["bronze:Shield","bronze:CloningBeam+1"],"picked":"bronze:Repair","floor":26},{"not_picked":["bronze:Invalidate","bronze:Deprecate","bronze:HyperBeam+1"],"picked":"SKIP","floor":29},{"not_picked":["bronze:Turbo","bronze:Shield","bronze:Invalidate"],"picked":"SKIP","floor":31},{"not_picked":["bronze:Backtrace+1","bronze:Safeguard","bronze:Frontload"],"picked":"SKIP","floor":32},{"not_picked":["bronze:Format","bronze:HyperBeam+1"],"picked":"bronze:ShipIt+1","floor":33},{"not_picked":["bronze:DelayedSlice+1","bronze:DelayedGuard"],"picked":"bronze:BronzeOrb+1","floor":36},{"not_picked":["bronze:ChildClass+1","bronze:Deprecate+1"],"picked":"bronze:Terminator+1","floor":38},{"not_picked":["bronze:ForLoop","bronze:Turbo"],"picked":"bronze:Overload+1","floor":39}],"player_experience":74883,"relics_obtained":[{"floor":7,"key":"Quantum Egg"},{"floor":9,"key":"FossilizedHelix"},{"floor":14,"key":"Molten Egg 2"},{"floor":17,"key":"Bag of Preparation"},{"floor":17,"key":"Meat on the Bone"},{"floor":17,"key":"Lizard Tail"},{"floor":18,"key":"Nilry\u0027s Codex"}],"event_choices":[],"is_beta":false,"boss_relics":[{"not_picked":["Sozu","Runic Dome"],"picked":"Calling Bell"},{"not_picked":["Empty Cage","Coffee Dripper"],"picked":"Replay:Grab Bag"},{"not_picked":["Painkiller Herb","Fusion Hammer"],"picked":"Philosopher\u0027s Stone"},{"not_picked":["Replay:Wanted Poster","Busted Crown"],"picked":"bronze:MakeshiftBattery"},{"not_picked":["Runic Pyramid","Replay:Drink Me"],"picked":"SlaversCollar"}],"items_purged_floors":[],"is_endless":false,"potions_floor_spawned":[9,16,23,25,31,32,33,36],"killed_by":"Giant Head","ascension_level":0}}