{"host":"tq99ucv8ezzqzioe","time":1614143977,"event":{"mods":["BaseMod","Colored Map","Downfall","Highlight Path","Minty Spire (QoL Compilation)","StSLib"],"gold_per_floor":[20,39,52,52,6,6,21,21,21,36,56,80,115,135,135,235,235,246,226,246,246,263,298,316,316,342,358,358,33,33,33],"floor_reached":30,"language":"ENG","playtime":2446,"items_purged":[],"score":381,"play_id":"f2079277-13f1-4a65-b512-017c67d98aad","local_time":"20210224001937","is_ascension_mode":true,"campfire_choices":[{"floor":6.0,"key":"RECALL"},{"data":"Protect","floor":15.0,"key":"SMITH"},{"floor":25,"key":"REST"}],"circlet_count":0,"master_deck":["Defend_P","Defend_P","Defend_P","Defend_P","Eruption+1","Vigilance","WreathOfFlame","Protect+1","FollowUp","EmptyBody","BattleHymn","CutThroughFate","BowlingBash","Meditate","DevaForm","Protect","Alpha","CurseOfTheBell","CutThroughFate+1","Bite","Bite","Bite","Bite","Bite","Alpha","EmptyBody+1","MentalFortress","downfall:Bewildered","Crescendo","FlurryOfBlows","Indignation"],"relics":["PureWater","Ginger","Akabeko","Odd Mushroom","Bottled Tornado","Calling Bell","Lantern","Mercury Hourglass","CloakClasp","Anchor","sneckomod:BabySnecko","PrismaticShard"],"acts_visited":["Exordium","TheCity"],"potions_floor_usage":[16,18,23,23,23,30],"damage_taken":[{"damage":0.0,"enemies":"Small Slimes","floor":1.0,"turns":2.0},{"damage":4.0,"enemies":"2 Louse","floor":2.0,"turns":5.0},{"damage":5.0,"enemies":"Cultist","floor":3.0,"turns":5.0},{"damage":2.0,"enemies":"2 Fungi Beasts","floor":7.0,"turns":4.0},{"damage":4.0,"enemies":"Red Slaver","floor":10.0,"turns":3.0},{"damage":2.0,"enemies":"3 Louse","floor":11.0,"turns":3.0},{"damage":1.0,"enemies":"The Mushroom Lair","floor":12.0,"turns":4.0},{"damage":20.0,"enemies":"Gremlin Nob","floor":13.0,"turns":4.0},{"damage":5.0,"enemies":"Large Slime","floor":14.0,"turns":3.0},{"damage":10,"enemies":"Hexaghost","floor":16,"turns":9},{"damage":9,"enemies":"Shell Parasite","floor":18,"turns":5},{"damage":0,"enemies":"Chosen","floor":20,"turns":4},{"damage":12,"enemies":"Snake Plant","floor":22,"turns":4},{"damage":20,"enemies":"Slavers","floor":23,"turns":6},{"damage":9,"enemies":"Snecko","floor":24,"turns":6},{"damage":28,"enemies":"Sentry and Sphere","floor":27,"turns":9},{"damage":29,"enemies":"Book of Stabbing","floor":30,"turns":5}],"seed_played":"8729430639012773872","potions_obtained":[{"floor":2.0,"key":"Energy Potion"},{"floor":7.0,"key":"Guardian:BlockOnCardUsePotion"},{"floor":10.0,"key":"LiquidMemories"},{"floor":16,"key":"ColorlessPotion"},{"floor":18,"key":"Energy Potion"},{"floor":19,"key":"bronze:BurnAndBuffPotion"},{"floor":22,"key":"Fire Potion"},{"floor":23,"key":"PowerPotion"}],"is_trial":false,"path_per_floor":["M","M","M","?","$","R","M","?","T","M","M","?","E","M","R","B",null,"M","?","M","?","M","E","M","R","T","M","?","$","E"],"character_chosen":"WATCHER","items_purchased":["EmptyBody","Crescendo","PrismaticShard","FlurryOfBlows","Indignation"],"campfire_rested":1,"item_purchase_floors":[5,29,29,29,29],"current_hp_per_floor":[65,61,56,56,56,56,54,47,47,43,41,40,20,15,15,5,55,46,46,46,46,38,24,21,36,36,22,22,22,0,0],"gold":33,"neow_bonus":"ONE_RARE_RELIC","is_daily":false,"chose_seed":false,"campfire_upgraded":1,"win_rate":0.0,"timestamp":1614143977,"path_taken":["M","M","M","?","$","R","M","?","T","M","?","?","E","M","R","BOSS","M","?","?","?","M","E","M","R","T","M","?","?","E"],"items_purchased_type":["Card","Card","Relic","Card","Card"],"build_version":"2020-12-22","purchased_purges":0,"victory":false,"max_hp_per_floor":[72,72,72,72,72,72,72,72,72,72,72,72,72,72,72,72,72,72,72,72,50,50,50,50,50,50,50,50,50,50,50],"card_choices":[{"not_picked":["BowlingBash","EmptyFist"],"picked":"WreathOfFlame","floor":1.0},{"not_picked":["FlurryOfBlows","Evaluate"],"picked":"Protect","floor":2.0},{"not_picked":["Consecrate","EmptyMind"],"picked":"FollowUp","floor":3.0},{"not_picked":["Swivel","EmptyFist"],"picked":"BattleHymn","floor":7.0},{"not_picked":["Prostrate","FlyingSleeves"],"picked":"CutThroughFate","floor":10.0},{"not_picked":["Nirvana","Study"],"picked":"BowlingBash","floor":11.0},{"not_picked":["FlurryOfBlows","JustLucky"],"picked":"Meditate","floor":12.0},{"not_picked":["EmptyMind","Fasting2"],"picked":"DevaForm","floor":13.0},{"not_picked":["CutThroughFate","FlyingSleeves"],"picked":"Protect","floor":14.0},{"not_picked":["Wish","Judgement"],"picked":"Alpha","floor":16},{"not_picked":["EmptyBody","Consecrate"],"picked":"CutThroughFate+1","floor":18},{"not_picked":["Weave","EmptyFist","PathToVictory+1"],"picked":"SKIP","floor":20},{"not_picked":["SashWhip","JustLucky"],"picked":"Alpha","floor":22},{"not_picked":["InnerPeace","Worship+1"],"picked":"EmptyBody+1","floor":23},{"not_picked":["Wireheading","Consecrate"],"picked":"MentalFortress","floor":24},{"not_picked":["JustLucky","Halt","ClearTheMind"],"picked":"SKIP","floor":27}],"player_experience":1037494,"relics_obtained":[{"floor":9.0,"key":"Akabeko"},{"floor":12.0,"key":"Odd Mushroom"},{"floor":13.0,"key":"Bottled Tornado"},{"floor":17,"key":"Lantern"},{"floor":17,"key":"Mercury Hourglass"},{"floor":17,"key":"CloakClasp"},{"floor":23,"key":"Anchor"}],"event_choices":[{"damage_healed":0.0,"max_hp_gain":0.0,"max_hp_loss":0.0,"gold_gain":0.0,"event_name":"Living Wall","player_choice":"Grow","floor":4.0,"gold_loss":0.0,"damage_taken":0.0,"cards_upgraded":["Eruption"]},{"damage_healed":0.0,"max_hp_gain":0.0,"max_hp_loss":0.0,"gold_gain":0.0,"event_name":"Wheel of Change","player_choice":"Damaged","floor":8.0,"gold_loss":0.0,"damage_taken":7.0},{"damage_healed":0.0,"max_hp_gain":0.0,"max_hp_loss":0.0,"gold_gain":0.0,"event_name":"Mushrooms","player_choice":"Fought Mushrooms","floor":12.0,"gold_loss":0.0,"damage_taken":0.0},{"damage_healed":0,"gold_gain":0,"player_choice":"Bought 1 Potion","damage_taken":0,"max_hp_gain":0,"max_hp_loss":0,"event_name":"The Woman in Blue","floor":19,"gold_loss":0},{"damage_healed":0,"gold_gain":0,"player_choice":"Became a vampire","damage_taken":0,"max_hp_gain":0,"max_hp_loss":22,"event_name":"Vampires","floor":21,"gold_loss":0,"cards_obtained":["Bite","Bite","Bite","Bite","Bite"]}],"is_beta":false,"boss_relics":[{"not_picked":["Busted Crown","Velvet Choker"],"picked":"Calling Bell"}],"items_purged_floors":[],"is_endless":false,"potions_floor_spawned":[2,7,10,16,18,22,23],"killed_by":"Book of Stabbing","ascension_level":8}}