{"host":"ed5r069i8pdlf9g9","time":1614172553,"event":{"mods":["BaseMod","Hermit","JesterMod","Minty Spire (QoL Compilation)","StSLib"],"gold_per_floor":[110,60,60,78,97,97,97,97,144,144,69,100,0,15,15,15,15],"floor_reached":16,"language":"FRA","playtime":654,"items_purged":["jesterMod:Defend","jesterMod:Strike"],"score":137,"play_id":"f2f43883-7193-45e6-849a-771f477d85b0","local_time":"20210224141553","is_ascension_mode":true,"campfire_choices":[{"data":"jesterMod:DancingMad","floor":6,"key":"SMITH"},{"data":"jesterMod:Feint","floor":8,"key":"SMITH"},{"data":"jesterMod:Dodge","floor":10,"key":"SMITH"},{"data":"jesterMod:Disposophobia","floor":15,"key":"SMITH"}],"circlet_count":0,"master_deck":["jesterMod:Strike","jesterMod:Strike","jesterMod:Strike","jesterMod:Sickle","jesterMod:Defend+1","jesterMod:Defend","jesterMod:Defend+1","jesterMod:Dodge+1","jesterMod:Feint+1","jesterMod:DancingMad+1","jesterMod:Flee","jesterMod:Disposophobia+1"],"relics":["jesterMod:JesterCap","War Paint","White Beast Statue"],"acts_visited":["Exordium"],"potions_floor_usage":[4,16],"damage_taken":[{"damage":3,"enemies":"Jaw Worm","floor":1,"turns":5},{"damage":2,"enemies":"2 Louse","floor":4,"turns":2},{"damage":6,"enemies":"Cultist","floor":5,"turns":5},{"damage":25,"enemies":"3 Sentries","floor":12,"turns":12},{"damage":7,"enemies":"3 Louse","floor":14,"turns":4},{"damage":60,"enemies":"Hexaghost","floor":16,"turns":15}],"seed_played":"-7254663751240534607","potions_obtained":[{"floor":4,"key":"Fruit Juice"},{"floor":5,"key":"BlessingOfTheForge"},{"floor":12,"key":"FairyPotion"},{"floor":14,"key":"Weak Potion"}],"is_trial":false,"path_per_floor":["M","?","?","M","M","R","?","R","T","R","$","E","$","M","R","B"],"character_chosen":"THE_JESTER","items_purchased":[],"campfire_rested":0,"item_purchase_floors":[],"current_hp_per_floor":[60,60,60,63,57,57,62,62,62,62,62,37,37,30,30,0,0],"gold":15,"neow_bonus":"REMOVE_CARD","is_daily":false,"chose_seed":false,"campfire_upgraded":4,"win_rate":0.0,"timestamp":1614172553,"path_taken":["M","?","?","?","M","R","?","R","T","R","$","E","$","M","R","BOSS"],"items_purchased_type":[],"build_version":"2020-12-22","purchased_purges":2,"victory":false,"max_hp_per_floor":[70,70,70,75,75,75,80,80,80,80,80,80,80,80,80,80,80],"card_choices":[{"not_picked":["jesterMod:Patience","jesterMod:ButterKnife"],"picked":"jesterMod:Feint","floor":1},{"not_picked":["jesterMod:Patience","jesterMod:QuickStrike"],"picked":"jesterMod:DancingMad","floor":4},{"not_picked":["jesterMod:Patience","jesterMod:LightTheWick","jesterMod:ExperimentalTreatment"],"picked":"SKIP","floor":5},{"not_picked":["jesterMod:OblivionStrike","jesterMod:JackInTheBox"],"picked":"jesterMod:Flee","floor":12},{"not_picked":["jesterMod:Tinker","jesterMod:QuickStrike"],"picked":"jesterMod:Disposophobia","floor":14}],"player_experience":452871,"relics_obtained":[{"floor":9,"key":"War Paint"},{"floor":12,"key":"White Beast Statue"}],"event_choices":[{"cards_removed":["jesterMod:Defend"],"damage_healed":0,"gold_gain":0,"player_choice":"Card Removal","damage_taken":0,"max_hp_gain":0,"max_hp_loss":0,"event_name":"The Cleric","floor":2,"gold_loss":50},{"damage_healed":0,"gold_gain":0,"player_choice":"Bought 0 Potions","damage_taken":0,"max_hp_gain":0,"max_hp_loss":0,"event_name":"The Woman in Blue","floor":3,"gold_loss":0},{"damage_healed":0,"gold_gain":0,"player_choice":"Donut","damage_taken":0,"max_hp_gain":5,"max_hp_loss":0,"event_name":"Big Fish","floor":7,"gold_loss":0}],"is_beta":false,"boss_relics":[],"items_purged_floors":[11,13],"is_endless":false,"potions_floor_spawned":[4,5,12,14],"killed_by":"Hexaghost","ascension_level":8}}