{"host":"cvgfrai8nrtinf2y","time":1614171611,"event":{"mods":["A Magickal Journey","Act Like it!","BaseMod","Better Third Choice","Challenge The Spire","Colored Map","Gensokyo","Googly Eyes","Hermit","Highlight Path","Hubris","Infinite Spire","Minty Spire (QoL Compilation)","Rare Cards Sparkle","Relic Sorter","Remilia??????","Spicy Shops","StSLib","The Disciple","The Hierophant","The Necromancer","The Runesmith"],"gold_per_floor":[109,109,34,34,44,44,59,69,141,141,141,50,50,64,64,160,160,173,173,183,183,183],"floor_reached":21,"language":"ENG","playtime":569,"items_purged":["Strike_R"],"score":169,"play_id":"f858381f-e07f-4271-8ddf-0f46f8ffc5d9","local_time":"20210224140011","is_ascension_mode":false,"campfire_choices":[{"data":"Bash","floor":6,"key":"SMITH"},{"data":"Spot Weakness","floor":11,"key":"SMITH"},{"data":"Panache","floor":13,"key":"SMITH"},{"data":"Pummel","floor":15,"key":"SMITH"}],"circlet_count":0,"master_deck":["Strike_R","Strike_R","Strike_R","Defend_R","Defend_R","Defend_R","Defend_R","Bash+1","Disarm","Spot Weakness+1","Shrug It Off","Panache+1","Pummel+1","hubris:StunningStrike","infinitespire:OneForAll","hubris:CleavingFinish","Sword Boomerang"],"relics":["Burning Blood","infinitespire:Joker Card","hubris:TinFlute","hubris:TerracottaHorce"],"acts_visited":["Exordium","TheCity"],"potions_floor_usage":[16],"damage_taken":[{"damage":13.0,"enemies":"Jaw Worm","floor":1.0,"turns":3.0},{"damage":13,"enemies":"Small Slimes","floor":5,"turns":4},{"damage":2,"enemies":"Cultist","floor":7,"turns":4},{"damage":25,"enemies":"Gremlin Gang","floor":8,"turns":4},{"damage":3,"enemies":"3 Louse","floor":14,"turns":6},{"damage":10,"enemies":"The Guardian","floor":16,"turns":13},{"damage":25,"enemies":"2 Thieves","floor":18,"turns":4},{"damage":27,"enemies":"Spheric Guardian","floor":20,"turns":4},{"damage":29,"enemies":"Snecko","floor":21,"turns":4}],"seed_played":"-4404869141870207380","potions_obtained":[{"floor":1.0,"key":"Strength Potion"},{"floor":5,"key":"HeartOfIron"},{"floor":18,"key":"SkillPotion"}],"is_trial":false,"path_per_floor":["M","?","$","?","M","R","M","M","T","?","R","$","R","M","R","B",null,"M","?","M","M"],"character_chosen":"IRONCLAD","items_purchased":["Panache","Pummel"],"campfire_rested":0,"item_purchase_floors":[12,12],"current_hp_per_floor":[65,65,65,70,63,63,67,48,48,41,41,41,41,44,44,40,68,49,49,28,0,0],"gold":183,"neow_bonus":"ONE_RARE_RELIC","is_daily":false,"chose_seed":false,"campfire_upgraded":4,"win_rate":0.0,"timestamp":1614171611,"path_taken":["M","?","$","?","?","R","?","M","T","?","R","$","R","M","R","BOSS","M","?","?","M"],"items_purchased_type":["Card","Card"],"build_version":"2020-12-22","purchased_purges":1,"victory":false,"max_hp_per_floor":[72,72,72,77,77,77,77,77,77,77,77,77,77,77,77,77,77,77,77,77,77,77],"card_choices":[{"not_picked":["Armaments","Searing Blow"],"picked":"Disarm","floor":1.0},{"not_picked":["Heavy Blade","Dual Wield","Warcry"],"picked":"SKIP","floor":5},{"not_picked":["Spot Weakness","Flex","Heavy Blade"],"picked":"SKIP","floor":7},{"not_picked":["Flex","Heavy Blade"],"picked":"Spot Weakness","floor":7},{"not_picked":["Havoc","Seeing Red"],"picked":"Shrug It Off","floor":8},{"not_picked":["Heavy Blade","Clothesline","Fire Breathing"],"picked":"SKIP","floor":14},{"not_picked":["Berserk","Reaper"],"picked":"hubris:StunningStrike","floor":16},{"not_picked":["Clash","Headbutt"],"picked":"infinitespire:OneForAll","floor":18},{"not_picked":["Clothesline+1","Wild Strike","Sword Boomerang"],"picked":"SKIP","floor":20},{"not_picked":["Clothesline+1","Wild Strike"],"picked":"Sword Boomerang","floor":20}],"player_experience":1270806,"relics_obtained":[{"floor":9,"key":"hubris:TinFlute"}],"event_choices":[{"damage_healed":0,"gold_gain":0,"player_choice":"Donut","damage_taken":0,"max_hp_gain":5,"max_hp_loss":0,"event_name":"Big Fish","floor":4,"gold_loss":0},{"cards_removed":["Strike_R"],"damage_healed":0,"gold_gain":0,"player_choice":"Card Removal","damage_taken":7,"max_hp_gain":0,"max_hp_loss":0,"event_name":"Golden Wing","floor":10,"gold_loss":0},{"damage_healed":0,"gold_gain":0,"player_choice":"Read","damage_taken":0,"max_hp_gain":0,"max_hp_loss":0,"event_name":"The Library","floor":19,"gold_loss":0,"cards_obtained":["hubris:CleavingFinish"]}],"is_beta":false,"boss_relics":[{"not_picked":["hubris:HollowSoul","hubris:BlackHole"],"picked":"hubris:TerracottaHorce"}],"items_purged_floors":[3],"is_endless":false,"potions_floor_spawned":[1,5,18],"killed_by":"Snecko","ascension_level":0}}