{"host":"wogey4gsknv4ot2d","time":1614138951,"event":{"mods":["2.2 Compatiblity","AchievementEnabler","BaseMod","Bestiary","Better Match","Better Third Choice","Colored Map","Colored Powertips","Key Reminder","Minty Spire (QoL Compilation)","Permanent Neow","Rare Cards Sparkle","Relic Stats","StSLib"],"gold_per_floor":[99,99,99,99,99,99,99,99,99,99,99,99,69,69,69,69,69,69,69,69,69,69,69,69,36,36,36,36,36,3,3,3,3,3,3,3,3,3,3,3,3,3,3,3,3,3,3,3,3,3,3,3,3,3,3],"floor_reached":54,"language":"ENG","playtime":6117,"items_purged":[],"score":785,"play_id":"04323fdf-115b-4774-8f3d-bc205212807c","local_time":"20210223215551","is_ascension_mode":true,"campfire_choices":[{"floor":7.0,"key":"REST"},{"floor":15.0,"key":"REST"},{"data":"Catalyst","floor":23.0,"key":"SMITH"},{"data":"Footwork","floor":27.0,"key":"SMITH"},{"floor":32.0,"key":"REST"},{"floor":40.0,"key":"REST"},{"floor":42.0,"key":"REST"},{"floor":49.0,"key":"RECALL"},{"data":"Footwork","floor":52,"key":"SMITH"}],"circlet_count":0,"master_deck":["Survivor","Neutralize","Dagger Spray","Dagger Spray","Backflip","Poisoned Stab","Footwork+1","Glass Knife","Envenom","Terror","Deadly Poison","Deadly Poison","Adrenaline","All Out Attack+1","Distraction","Caltrops","Outmaneuver","Dash","Infinite Blades","Backflip","Backflip","PiercingWail","Catalyst+1","Cloak And Dagger+1","Footwork+1","Masterful Stab+1","A Thousand Cuts","Well Laid Plans","Flying Knee+1","Tools of the Trade","Riddle With Holes+1","Leg Sweep+1","Parasite","Crippling Poison","Caltrops+1","Underhanded Strike+1","Flying Knee+1","Writhe"],"relics":["Ectoplasm","Tingsha","Shuriken","Pandora\u0027s Box","Meat on the Bone","Nloth\u0027s Gift","Mercury Hourglass","Du-Vu Doll","HoveringKite","Whetstone","PreservedInsect","MealTicket"],"acts_visited":["Exordium","TheCity","TheBeyond","TheEnding"],"potions_floor_usage":[],"damage_taken":[{"damage":0.0,"enemies":"Jaw Worm","floor":1.0,"turns":5.0},{"damage":0.0,"enemies":"Small Slimes","floor":2.0,"turns":3.0},{"damage":0.0,"enemies":"2 Louse","floor":4.0,"turns":2.0},{"damage":42.0,"enemies":"Gremlin Nob","floor":6.0,"turns":6.0},{"damage":7.0,"enemies":"Gremlin Gang","floor":8.0,"turns":3.0},{"damage":4.0,"enemies":"Blue Slaver","floor":11.0,"turns":3.0},{"damage":8.0,"enemies":"3 Sentries","floor":12.0,"turns":5.0},{"damage":0.0,"enemies":"Exordium Thugs","floor":13.0,"turns":3.0},{"damage":17.0,"enemies":"Gremlin Gang","floor":14.0,"turns":4.0},{"damage":7.0,"enemies":"Hexaghost","floor":16.0,"turns":7.0},{"damage":6.0,"enemies":"Chosen","floor":18.0,"turns":4.0},{"damage":25.0,"enemies":"Shell Parasite","floor":19.0,"turns":4.0},{"damage":11.0,"enemies":"3 Cultists","floor":21.0,"turns":3.0},{"damage":3.0,"enemies":"Gremlin Leader","floor":24.0,"turns":5.0},{"damage":5.0,"enemies":"Snake Plant","floor":29.0,"turns":3.0},{"damage":22.0,"enemies":"Book of Stabbing","floor":31.0,"turns":4.0},{"damage":10.0,"enemies":"Automaton","floor":33.0,"turns":7.0},{"damage":13.0,"enemies":"3 Shapes","floor":35.0,"turns":6.0},{"damage":28.0,"enemies":"3 Darklings","floor":36.0,"turns":4.0},{"damage":31.0,"enemies":"Writhing Mass","floor":37.0,"turns":6.0},{"damage":0.0,"enemies":"Transient","floor":38.0,"turns":5.0},{"damage":19.0,"enemies":"Spire Growth","floor":39.0,"turns":5.0},{"damage":32.0,"enemies":"Reptomancer","floor":41.0,"turns":5.0},{"damage":8.0,"enemies":"Giant Head","floor":44.0,"turns":7.0},{"damage":15.0,"enemies":"Sphere and 2 Shapes","floor":47.0,"turns":4.0},{"damage":86.0,"enemies":"Donu and Deca","floor":50.0,"turns":9.0},{"damage":79,"enemies":"Shield and Spear","floor":54,"turns":4}],"seed_played":"6550697774472761480","potions_obtained":[{"floor":6.0,"key":"DuplicationPotion"},{"floor":8.0,"key":"CultistPotion"},{"floor":11.0,"key":"FearPotion"},{"floor":13.0,"key":"GhostInAJar"},{"floor":21.0,"key":"FairyPotion"},{"floor":29.0,"key":"Fire Potion"},{"floor":35.0,"key":"BlessingOfTheForge"},{"floor":44.0,"key":"Block Potion"},{"floor":47.0,"key":"Fire Potion"}],"is_trial":false,"path_per_floor":["M","M","?","M","?","E","R","M","T","?","M","E","M","M","R","B",null,"M","M","?","M","?","R","E","$","T","R","?","M","$","E","R","B",null,"M","M","M","M","M","R","E","R","T","E","?","$","M","?","R","B",null,"R","$","E"],"character_chosen":"THE_SILENT","items_purchased":["Footwork","Well Laid Plans"],"campfire_rested":5,"item_purchase_floors":[25,30],"current_hp_per_floor":[70,70,70,70,75,33,55,48,48,48,44,36,36,19,41,34,75,69,44,44,45,45,45,42,42,42,42,42,49,49,39,61,51,75,62,46,27,39,32,54,34,56,56,48,48,63,48,67,67,16,75,75,75,0,0],"gold":3,"neow_bonus":"BOSS_RELIC","is_daily":false,"chose_seed":false,"campfire_upgraded":3,"win_rate":0.0,"timestamp":1614138951,"path_taken":["M","M","?","M","?","E","R","M","T","?","M","E","M","M","R","BOSS","M","M","?","?","?","R","E","?","T","R","?","?","?","E","R","BOSS","M","M","?","M","M","R","E","R","T","E","?","?","M","?","R","BOSS","R","$","E"],"items_purchased_type":["Card","Card"],"build_version":"2020-12-22","purchased_purges":0,"victory":false,"max_hp_per_floor":[70,70,70,70,75,75,75,75,75,75,75,75,75,75,75,75,75,75,75,75,75,75,75,75,75,75,75,75,75,75,75,75,75,75,75,75,75,75,75,75,75,75,75,75,75,75,75,75,75,75,75,75,75,75,75],"relic_stats":{"counters":[27,125],"HoveringKite":[28],"Tingsha":[104],"PreservedInsect":193,"Whetstone":["Masterful Stab","All Out Attack"],"Mercury Hourglass":[261],"Shuriken":[31],"Pandora\u0027s Box":["All Out Attack","Distraction","Prepared","Caltrops","Outmaneuver","Dash","Infinite Blades","Backflip","Expertise"],"MealTicket":15,"Ectoplasm":793,"Nloth\u0027s Gift":4,"obtain_stats":[{"HoveringKite":34,"Tingsha":6,"PreservedInsect":43,"Whetstone":41,"Mercury Hourglass":24,"keyreminder:keyreminder":26,"Du-Vu Doll":31,"Nunchaku":12,"Shuriken":9,"Pandora\u0027s Box":17,"MealTicket":44,"Ectoplasm":0,"Nloth\u0027s Gift":22,"Ring of the Snake":0,"Meat on the Bone":20},{"HoveringKite":17,"Tingsha":4,"PreservedInsect":23,"Whetstone":23,"Mercury Hourglass":14,"keyreminder:keyreminder":14,"Du-Vu Doll":16,"Nunchaku":7,"Shuriken":5,"Pandora\u0027s Box":10,"MealTicket":24,"Ectoplasm":0,"Nloth\u0027s Gift":13,"Ring of the Snake":0,"Meat on the Bone":12},{"HoveringKite":71,"Tingsha":16,"PreservedInsect":101,"Whetstone":101,"Mercury Hourglass":57,"keyreminder:keyreminder":57,"Du-Vu Doll":64,"Nunchaku":27,"Shuriken":19,"Pandora\u0027s Box":41,"MealTicket":108,"Ectoplasm":0,"Nloth\u0027s Gift":52,"Ring of the Snake":0,"Meat on the Bone":49}],"Meat on the Bone":108},"card_choices":[{"not_picked":["Flying Knee","Sucker Punch"],"picked":"Dagger Spray","floor":1.0},{"not_picked":["Prepared","Reflex"],"picked":"Dagger Spray","floor":2.0},{"not_picked":["Flying Knee","Cloak And Dagger"],"picked":"Backflip","floor":4.0},{"not_picked":["Dash","Prepared"],"picked":"Poisoned Stab","floor":6.0},{"not_picked":["Bane","Backflip"],"picked":"Footwork","floor":8.0},{"not_picked":["Dagger Spray","Accuracy"],"picked":"Envenom","floor":11.0},{"not_picked":["Blade Dance","Slice"],"picked":"Terror","floor":12.0},{"not_picked":["Outmaneuver","Slice"],"picked":"Deadly Poison","floor":13.0},{"not_picked":["Flechettes","Accuracy"],"picked":"Deadly Poison","floor":14.0},{"not_picked":["Bullet Time","Venomology"],"picked":"Adrenaline","floor":16.0},{"not_picked":["Underhanded Strike","Dagger Spray"],"picked":"Backflip","floor":18.0},{"not_picked":["Dagger Spray+1","Prepared"],"picked":"PiercingWail","floor":19.0},{"not_picked":["Dagger Spray","Cloak And Dagger+1"],"picked":"Catalyst","floor":21.0},{"not_picked":["Infinite Blades","Choke"],"picked":"Cloak And Dagger+1","floor":24.0},{"not_picked":["Dodge and Roll","Underhanded Strike"],"picked":"A Thousand Cuts","floor":29.0},{"not_picked":["Distraction+1","Dagger Throw"],"picked":"Flying Knee+1","floor":31.0},{"not_picked":["Doppelganger","Adrenaline"],"picked":"Tools of the Trade","floor":33.0},{"not_picked":["Well Laid Plans","Prepared+1"],"picked":"Riddle With Holes+1","floor":35.0},{"not_picked":["Tactician+1","Well Laid Plans"],"picked":"Leg Sweep+1","floor":36.0},{"not_picked":["Prepared+1","Infinite Blades"],"picked":"Crippling Poison","floor":37.0},{"not_picked":["Envenom","Distraction","Expertise+1"],"picked":"SKIP","floor":38.0},{"not_picked":["Dagger Spray","Terror+1"],"picked":"Caltrops+1","floor":39.0},{"not_picked":["Underhanded Strike","Terror","Flechettes"],"picked":"SKIP","floor":41.0},{"not_picked":["Wraith Form v2","Tools of the Trade"],"picked":"Underhanded Strike+1","floor":44.0},{"not_picked":["Deflect","Poisoned Stab+1"],"picked":"Flying Knee+1","floor":47.0}],"player_experience":87450,"relics_obtained":[{"floor":6.0,"key":"Tingsha"},{"floor":9.0,"key":"Shuriken"},{"floor":12.0,"key":"Nunchaku"},{"floor":24.0,"key":"Mercury Hourglass"},{"floor":31.0,"key":"Du-Vu Doll"},{"floor":41.0,"key":"Whetstone"},{"floor":43.0,"key":"PreservedInsect"},{"floor":44.0,"key":"MealTicket"}],"event_choices":[{"damage_healed":0.0,"max_hp_gain":0.0,"max_hp_loss":0.0,"gold_gain":0.0,"event_name":"Golden Idol","player_choice":"Ignored","floor":3.0,"gold_loss":0.0,"damage_taken":0.0},{"damage_healed":0.0,"max_hp_gain":5.0,"max_hp_loss":0.0,"gold_gain":0.0,"event_name":"Big Fish","player_choice":"Donut","floor":5.0,"gold_loss":0.0,"damage_taken":0.0},{"damage_healed":0.0,"max_hp_gain":0.0,"max_hp_loss":0.0,"gold_gain":0.0,"cards_transformed":["Strike_G"],"event_name":"Living Wall","player_choice":"Change","floor":10.0,"gold_loss":0.0,"damage_taken":0.0,"cards_obtained":["Glass Knife"]},{"cards_removed":["Expertise"],"damage_healed":0.0,"max_hp_gain":0.0,"max_hp_loss":0.0,"gold_gain":0.0,"event_name":"WeMeetAgain","player_choice":"Gave Card","floor":20.0,"gold_loss":0.0,"damage_taken":0.0,"relics_obtained":["Meat on the Bone"]},{"damage_healed":0.0,"max_hp_gain":0.0,"max_hp_loss":0.0,"gold_gain":0.0,"event_name":"N\u0027loth","player_choice":"Traded Relic","floor":22.0,"relics_lost":["Nunchaku"],"gold_loss":0.0,"damage_taken":0.0,"relics_obtained":["Nloth\u0027s Gift"]},{"damage_healed":0.0,"max_hp_gain":0.0,"max_hp_loss":0.0,"gold_gain":0.0,"cards_transformed":["Prepared"],"event_name":"Transmorgrifier","player_choice":"Transformed","floor":28.0,"gold_loss":0.0,"damage_taken":0.0,"cards_obtained":["Masterful Stab"]},{"damage_healed":0.0,"max_hp_gain":0.0,"max_hp_loss":0.0,"gold_gain":0.0,"event_name":"Lab","player_choice":"Got Potions","floor":45.0,"gold_loss":0.0,"damage_taken":0.0},{"damage_healed":19.0,"max_hp_gain":0.0,"max_hp_loss":0.0,"gold_gain":0.0,"event_name":"Winding Halls","player_choice":"Writhe","floor":48.0,"gold_loss":0.0,"damage_taken":0.0,"cards_obtained":["Writhe"]}],"is_beta":false,"boss_relics":[{"not_picked":["Runic Dome","Cursed Key"],"picked":"Pandora\u0027s Box"},{"not_picked":["SacredBark","Velvet Choker"],"picked":"HoveringKite"}],"items_purged_floors":[],"is_endless":false,"potions_floor_spawned":[6,8,11,13,14,21,29,31,35,36,44,47],"killed_by":"Shield and Spear","ascension_level":1}}