{"host":"auii0tli5ebhxikt","time":1614210934,"event":{"mods":["ATMod(°¢èªMod)","BaseMod","Downfall","Energized Spire","Library of Ruina","Minty Spire (QoL Compilation)","Quick Restart","Relic Stats","Reliquary","Replay The Spire","Spicy Shops","StSLib","The Marked","[IsaacMod]ÒÔÈö¼âËþ","¡¾ÒÅÎï¿¨ÅÆ¡¿REMEMod"],"gold_per_floor":[99,115,125,125,170,181,206,216,246,261,261,261,261,261],"floor_reached":12,"language":"ZHS","playtime":898,"items_purged":[],"score":84,"play_id":"75904a88-127a-411e-aabe-21425a96a7d3","local_time":"20210225075534","is_ascension_mode":true,"campfire_choices":[{"data":"expansioncontent:StudyTheSpire","floor":1,"key":"SMITH"}],"circlet_count":0,"master_deck":["Slimebound:Strike_Slimebound","Slimebound:Strike_Slimebound","Slimebound:Strike_Slimebound","Slimebound:Tackle","Slimebound:Defend_Slimebound","Slimebound:Defend_Slimebound","Slimebound:Defend_Slimebound","Slimebound:Defend_Slimebound","Slimebound:Split","Slimebound:CorrosiveSpit","expansioncontent:StudyTheSpire+1","Slimebound:Overexert+1","Slimebound:LeechEnergy","Pain","Slimebound:SamplingLick+1","Slimebound:RainOfGoop","Slimebound:SplitMire","Slimebound:Gluttony"],"relics":["Slimebound:AbsorbEndCombat","AT_ATBox","HushsDoor","REME_ComplimentaryCards","PillsDrop","WarpedTongs","reliquary:PartyBalloon","Slimebound:ScrapOozeRelic"],"acts_visited":["Exordium"],"potions_floor_usage":[9,12,12],"damage_taken":[{"damage":1,"enemies":"Jaw Worm","floor":2,"turns":5},{"damage":1,"enemies":"Cultist","floor":3,"turns":5},{"damage":4,"enemies":"Small Slimes","floor":6,"turns":3},{"damage":10,"enemies":"3 Louse","floor":8,"turns":4},{"damage":45,"enemies":"3 Sentries","floor":9,"turns":9},{"damage":7,"enemies":"downfall:LooterAlt","floor":10,"turns":3},{"damage":12,"enemies":"Gremlin Nob","floor":12,"turns":3}],"seed_played":"-7884264695196915068","potions_obtained":[{"floor":3,"key":"bronze:BurnAndBuffPotion"},{"floor":8,"key":"LiquidBronze"},{"floor":10,"key":"PowerPotion"}],"is_trial":false,"path_per_floor":["R","M","M","?","?","M","T","M","E","M","?","E"],"character_chosen":"SLIMEBOUND","items_purchased":[],"campfire_rested":0,"item_purchase_floors":[],"current_hp_per_floor":[71,71,71,71,56,52,52,46,9,8,8,0,0,0],"gold":261,"neow_bonus":"TEN_PERCENT_HP_BONUS","is_daily":false,"chose_seed":false,"campfire_upgraded":1,"win_rate":0.0,"timestamp":1614210934,"path_taken":["R","M","M","?","?","?","T","M","E","?","?","E"],"items_purchased_type":[],"build_version":"2020-12-22","purchased_purges":0,"victory":false,"max_hp_per_floor":[71,71,71,71,71,71,71,71,71,71,71,71,71,71],"relic_stats":{"counters":[7,32],"obtain_stats":[{"KeepersGift":0,"AT_ATBox":0,"Slimebound:ScrapOozeRelic":11,"reliquary:PartyBalloon":7,"PillsDrop":0,"reliquary:Buckler":9,"Slimebound:AbsorbEndCombat":0,"HushsDoor":0,"REME_ComplimentaryCards":0,"WarpedTongs":4},{"KeepersGift":0,"AT_ATBox":0,"Slimebound:ScrapOozeRelic":6,"reliquary:PartyBalloon":3,"PillsDrop":0,"reliquary:Buckler":5,"Slimebound:AbsorbEndCombat":0,"HushsDoor":0,"REME_ComplimentaryCards":0,"WarpedTongs":2},{"KeepersGift":0,"AT_ATBox":0,"Slimebound:ScrapOozeRelic":29,"reliquary:PartyBalloon":13,"PillsDrop":0,"reliquary:Buckler":26,"Slimebound:AbsorbEndCombat":0,"HushsDoor":0,"REME_ComplimentaryCards":0,"WarpedTongs":10}],"WarpedTongs":[22]},"card_choices":[{"not_picked":["Slimebound:LeechingTouch","Slimebound:GoopTackle"],"picked":"Slimebound:Overexert","floor":2},{"not_picked":["Slimebound:RainOfGoop","Slimebound:Schlurp"],"picked":"Slimebound:LeechEnergy","floor":3},{"not_picked":["Slimebound:ServeAndProtect","Bomb"],"picked":"Slimebound:SamplingLick","floor":6},{"not_picked":["Slimebound:ComboTackle","Slimebound:SlimeSpikes"],"picked":"Slimebound:RainOfGoop","floor":8},{"not_picked":["Slimebound:DisruptingSlam","Slimebound:Grow"],"picked":"Slimebound:SplitMire","floor":9},{"not_picked":["Slimebound:MegaLick","Slimebound:TongueLash"],"picked":"Slimebound:Gluttony","floor":10}],"player_experience":151648,"relics_obtained":[{"floor":7,"key":"reliquary:PartyBalloon"},{"floor":9,"key":"reliquary:Buckler"}],"event_choices":[{"damage_healed":0,"gold_gain":0,"player_choice":"Rummage","damage_taken":0,"relics_obtained":["WarpedTongs"],"max_hp_gain":0,"max_hp_loss":0,"event_name":"Accursed Blacksmith","floor":4,"gold_loss":0,"cards_obtained":["Pain"]}],"is_beta":false,"boss_relics":[],"items_purged_floors":[],"is_endless":false,"potions_floor_spawned":[3,8,10],"killed_by":"Gremlin Nob","ascension_level":1}}