{"host":"rm0ctv8qd8mnbkg1","time":1614180221,"event":{"mods":["Act Like it!","Aspiration","BaseMod","Beaked The Cultist","BetterRewards","Colored Map","DNKmod","Dark Map","Defuse TimeMaze Blight","Friendly Minions","Gensokyo","Hubris","Library of Ruina","Library of Ruina Extra","Marisa????????","Minty Spire (QoL Compilation)","MostiFishMod","Permanent Neow","Rare Cards Sparkle","Relic Sorter","Reliquary","Replay The Spire","Ruina","RumiaBox-????????","Shade Mod","Shop Mod","Spicy Shops","Spire Arcade","StSLib","The Animator","The Construct","The Servant 0.9.4","TheVacant","Wandering Minibosses","??????REMEMod"],"gold_per_floor":[10010,10038,9898,9918,9930,9930,9948,9948,9948,9948,9404,9416,8265,8265,8265,8365,8365,8380,8159,8159,8172,8172,8172,8205,8222,8222,8256,8256,8272,8287,8300,8300,8401,8401,8413,8413,8413],"floor_reached":36,"language":"ENG","playtime":1254,"items_purged":[],"score":511,"play_id":"50052789-f04d-4fc0-b192-fdf1f39d9680","local_time":"20210224152341","is_ascension_mode":false,"campfire_choices":[{"data":"Crescendo","floor":6,"key":"SMITH"},{"data":"animator:FielNirvalen","floor":10,"key":"SMITH"},{"data":"hubris:DoWhile","floor":23,"key":"SMITH"},{"data":"Loop","floor":28,"key":"SMITH"},{"data":"beaked:CrazyRituals","floor":32,"key":"SMITH"}],"circlet_count":0,"master_deck":["Strike_B","Strike_B","Strike_B","Strike_B","Defend_B","Defend_B","Defend_B","Defend_B","Zap","Dualcast","Crescendo+1","Beam Cell","Halt+1","Hello World","Ball Lightning","Storm","hubris:DoWhile+1","Tempest","Time Bomb","MostiFishMod:Exploitation","Loop+1","beaked:CrazyRituals+1","beaked:WarriorEssence","ReplayTheSpireMod:Wings of Steel","Echo Form","hubris:DuctTapeCard","Capacitor","beaked:FeelMyPain","Buffer","ReplaySolidLightProjector"],"relics":["Cracked Core","REME_ComplimentaryCards","DaveBox","BionicSphere","aspiration:Nostalgia","Replay:M_SmolderingBlood","ReplayTheSpireMod:Ninjato","Ice Cream","Replay:Accelerometer","reliquary:Knoch","Boot","HandDrill","FossilizedHelix","GodSword5","Mummified Hand","DollysMirror","Gensokyo:YoukaiFlower","aspiration:BeakedSkillbook","wanderingMiniBosses:Inkheart","reliquary:PartyBalloon","hubris:Towel","hubris:DuctTape","PageOfJudgementBird","Inserter"],"acts_visited":["Exordium","Gensokyo:Gensokyo","Gensokyo:Gensokyoer"],"potions_floor_usage":[],"damage_taken":[{"damage":0,"enemies":"Gensokyo:Gryphon","floor":1,"turns":3},{"damage":12,"enemies":"Gensokyo:Aya","floor":2,"turns":5},{"damage":0,"enemies":"Gensokyo:Python","floor":4,"turns":2},{"damage":0,"enemies":"Gensokyo:2_Kodama","floor":5,"turns":1},{"damage":0,"enemies":"Gensokyo:2_Rabbits","floor":7,"turns":2},{"damage":0,"enemies":"Gensokyo:Kitsune","floor":12,"turns":2},{"damage":9,"enemies":"Gensokyo:Kokoro","floor":16,"turns":6},{"damage":10,"enemies":"Gensokyo:CosmicMonolith","floor":18,"turns":5},{"damage":0,"enemies":"Gensokyo:AngelMirror","floor":21,"turns":1},{"damage":0,"enemies":"Gensokyo:Slime_Group","floor":24,"turns":3},{"damage":0,"enemies":"Gensokyo:Swordslinger","floor":25,"turns":1},{"damage":9,"enemies":"Gensokyo:Koishi","floor":27,"turns":3},{"damage":24,"enemies":"Gensokyo:3_Gloops","floor":29,"turns":5},{"damage":0,"enemies":"Gensokyo:Monolith_and_Dog","floor":30,"turns":1},{"damage":0,"enemies":"Gensokyo:Slime_Group","floor":31,"turns":2},{"damage":0,"enemies":"Gensokyo:Eternal_Rivals","floor":33,"turns":4},{"damage":0,"enemies":"Gensokyo:3_Boulders","floor":35,"turns":3},{"damage":0,"enemies":"Gensokyo:AncientGuardian","floor":36,"turns":4}],"seed_played":"-5276839960367722877","potions_obtained":[{"floor":2,"key":"Weak Potion"},{"floor":12,"key":"EssenceOfSteel"},{"floor":25,"key":"Adrenaline Potion"}],"is_trial":false,"path_per_floor":["M","?","?","M","M","R","M","?","T","R","$","M","$","?","R_BF","B",null,"M","$","?","M","?","R","M","M","T","E","R","M","M","M","R","B",null,"M","M"],"character_chosen":"DEFECT","items_purchased":["reliquary:Knoch","Storm","Carnage","hubris:DoWhile","Boot","HandDrill","FossilizedHelix","GodSword5","Mummified Hand","Time Bomb","DollysMirror","beaked:CrazyRituals","reliquary:PartyBalloon"],"campfire_rested":0,"item_purchase_floors":[11,11,11,11,11,13,13,13,13,13,13,19,19],"current_hp_per_floor":[1000,988,988,988,988,988,988,988,988,988,988,988,988,988,1000,991,1000,990,990,990,990,1000,1000,1000,1000,1000,991,991,985,985,985,985,1000,1000,1000,1000,1000],"gold":8413,"neow_bonus":"NOSTALGIA","is_daily":false,"chose_seed":false,"campfire_upgraded":5,"win_rate":0.0,"timestamp":1614180221,"path_taken":["M","?","?","M","M","R","M","?","T","R","$","?","$","?","R_BF","BOSS","M","$","?","M","?","R","M","M","T","E","R","?","M","M","R","BOSS","M","M"],"items_purchased_type":["Relic","Card","Card","Card","Relic","Relic","Relic","Relic","Relic","Card","Relic","Card","Relic"],"build_version":"2020-12-22","purchased_purges":0,"victory":false,"max_hp_per_floor":[1000,1000,1000,1000,1000,1000,1000,1000,1000,1000,1000,1000,1000,1000,1000,1000,1000,1000,1000,1000,1000,1000,1000,1000,1000,1000,1000,1000,1000,1000,1000,1000,1000,1000,1000,1000,1000],"card_choices":[{"not_picked":["REME_Whirling","White Noise"],"picked":"Crescendo","floor":1},{"not_picked":["Undo","Hologram"],"picked":"Beam Cell","floor":2},{"not_picked":["Chill","Gash"],"picked":"Halt","floor":4},{"not_picked":["MostiFishMod:PushDownKick","Stack"],"picked":"Hello World","floor":5},{"not_picked":["Coolheaded","EmptyFist"],"picked":"Ball Lightning","floor":7},{"not_picked":["BasicCrystalCard","Barrage"],"picked":"Tempest","floor":12},{"not_picked":["Thunder Strike","MostiFishMod:TalkingToTheRain"],"picked":"MostiFishMod:Exploitation","floor":16},{"not_picked":["beaked:BarbedWire+1","beaked:Redirect","beaked:DigDeep+1"],"picked":"Loop","floor":18},{"not_picked":["beaked:Daydream","beaked:Struggle","beaked:CursingBlood+1"],"picked":"beaked:WarriorEssence","floor":21},{"not_picked":["beaked:Poke","beaked:FeelMyPain","beaked:Windmill"],"picked":"ReplayTheSpireMod:Wings of Steel","floor":24},{"not_picked":["Turbo","beaked:Daydream+1","Ball Lightning"],"picked":"Echo Form","floor":25},{"not_picked":["Beam Cell","beaked:DigDeep","beaked:Devastation","Fission"],"picked":"SKIP","floor":27},{"not_picked":["beaked:Molting","beaked:WarriorEssence","Ball Lightning","Sweeping Beam"],"picked":"SKIP","floor":29},{"not_picked":["beaked:MimicWarrior","Panic Button","Leap"],"picked":"Capacitor","floor":30},{"not_picked":["Chill","Auto Shields","Reinforced Body"],"picked":"beaked:FeelMyPain","floor":31},{"not_picked":["MostiFishMod:Prepare","Amplify","hubris:DoWhile"],"picked":"Buffer","floor":33},{"not_picked":["Time Bomb","Go for the Eyes+1","ReplayTheSpireMod:GoodbyeWorld+1"],"picked":"ReplaySolidLightProjector","floor":35}],"player_experience":304179,"relics_obtained":[{"floor":2,"key":"ReplayTheSpireMod:Ninjato"},{"floor":9,"key":"Replay:Accelerometer"},{"floor":18,"key":"wanderingMiniBosses:Inkheart"},{"floor":26,"key":"hubris:DuctTape"},{"floor":27,"key":"PageOfJudgementBird"}],"event_choices":[],"is_beta":false,"boss_relics":[{"not_picked":["reliquary:RedPaperclip","Replay:Drink Me"],"picked":"aspiration:BeakedSkillbook"},{"not_picked":["reliquary:WritOfMandamus","reliquary:Craggleroot"],"picked":"Inserter"}],"items_purged_floors":[],"is_endless":false,"potions_floor_spawned":[2,12,21,25,27,30],"killed_by":"Gensokyo:AncientGuardian","ascension_level":0}}