{"host":"6h0diz2ap0m56grs","time":1614134943,"event":{"mods":["2.2 Compatiblity","BaseMod","Colored Map","Marisa????????","Minty Spire (QoL Compilation)","Quick Restart","Replay The Spire","Shop Mod","StSLib","The Cursed","The Exalted","The Necromancer","The Servant 0.9.4"],"gold_per_floor":[114,126,126,126,149,180,211,254,254,287,53,92,92,117,117,237,237,255,354,354,303,328,359,394,437,437,480,510,570,147,161,161,292,292,306,306,330,393,127,171,212,212,212],"floor_reached":42,"language":"ENG","playtime":5377,"items_purged":["Negative_Energy_Burst"],"score":1062,"play_id":"e6261ffb-de03-4aa9-b209-e9e0c3557974","local_time":"20210223204903","daily_mods":["SealedDeck","Heirloom","Time Dilation","Flight"],"is_ascension_mode":true,"campfire_choices":[{"data":"Summon_Undead_Army","floor":13,"key":"SMITH"},{"data":"Spectral_Armor","floor":15,"key":"SMITH"},{"data":"Summon_Undead_Army","floor":32,"key":"SMITH"}],"circlet_count":0,"master_deck":["Slay_Living+1","Bone_Armory","Toxic_Smoke_Screen","Negative_Energy_Burst","Bones_to_Steel","Bone_Armor","Summon_Undead_Army+1","Summon_Lich","Spectral_Armor","Pandemic","Spectral_Armor+1","Acid_Javelin+1","Summon_Lich","Summon_Death_Knight","Acid_Javelin","Cloudkill+1","AbeCurse","Bone_Armor+1","Summon_Undead_Army+1","Summon_Undead+1","Requiem","Summon_Death_Knight","Summon_Vampire_Lady","Spectral_Armor+1","Summon_Undead_Army","ReplayUltimateDefense"],"relics":["Snecko Eye","Ring of Chaos","replay:Trail_Library","Turnip","Golden Idol","InkBottle","Toxic Egg 2","Mirror","Replay:Rubber Ducky","Abe\u0027s Treasure","Bronze Scales","Toy Ornithopter","Bromod:ArcaneVictory","Shuriken","TungstenRod","MerchantsRug","DollysMirror","Cursed Key","Du-Vu Doll","Replay:Mystery Machine","Bromod:ArcaneGuardian"],"acts_visited":["Exordium","TheCity","TheBeyond"],"potions_floor_usage":[25],"damage_taken":[{"damage":0,"enemies":"2 Louse","floor":1,"turns":1},{"damage":0,"enemies":"Cultist","floor":2,"turns":2},{"damage":0,"enemies":"Small Slimes","floor":5,"turns":3},{"damage":0,"enemies":"3 Sentries","floor":6,"turns":4},{"damage":0,"enemies":"Lagavulin","floor":7,"turns":5},{"damage":4,"enemies":"Gremlin Nob","floor":8,"turns":4},{"damage":0,"enemies":"3 Sentries","floor":10,"turns":3},{"damage":0,"enemies":"Lagavulin","floor":12,"turns":5},{"damage":0,"enemies":"Exordium Wildlife","floor":14,"turns":3},{"damage":0,"enemies":"Fading Forest","floor":16,"turns":11},{"damage":6,"enemies":"2 Thieves","floor":18,"turns":3},{"damage":0,"enemies":"Replay:Snechameleon","floor":23,"turns":4},{"damage":0,"enemies":"Book of Stabbing","floor":24,"turns":4},{"damage":0,"enemies":"Gremlin Leader","floor":25,"turns":4},{"damage":0,"enemies":"Book of Stabbing","floor":27,"turns":5},{"damage":0,"enemies":"3 Byrds","floor":28,"turns":2},{"damage":0,"enemies":"Replay:Snechameleon","floor":29,"turns":4},{"damage":0,"enemies":"Centurion and Healer","floor":31,"turns":3},{"damage":0,"enemies":"Automaton","floor":33,"turns":6},{"damage":0,"enemies":"Orb Walker","floor":35,"turns":3},{"damage":0,"enemies":"3 Shapes","floor":37,"turns":3},{"damage":0,"enemies":"Mind Bloom Boss Battle","floor":38,"turns":3},{"damage":0,"enemies":"R_Hoarder","floor":40,"turns":6},{"damage":0,"enemies":"Nemesis","floor":41,"turns":5}],"seed_played":"2677886824061653086","potions_obtained":[{"floor":2,"key":"Dexterity Potion"},{"floor":6,"key":"AttackPotion"},{"floor":7,"key":"SkillPotion"},{"floor":8,"key":"Energy Potion"},{"floor":27,"key":"BlessingOfTheForge"},{"floor":33,"key":"Explosive Potion"}],"is_trial":true,"path_per_floor":["M","M","?","?","M","E","E","E","T","E","$","E","R","M","R","B",null,"M","?","?","$","T","E","E","E","T","E","M","E","$","M","R","B",null,"M","?","M","?","$","E","E","T"],"character_chosen":"NECROMANCER","items_purchased":["Summon_Death_Knight","Bone_Armor+1","TungstenRod","MerchantsRug","DollysMirror","Summon_Undead_Army","ReplayUltimateDefense"],"campfire_rested":0,"item_purchase_floors":[11,21,30,30,30,39,39],"current_hp_per_floor":[75,75,57,57,57,57,67,63,63,63,63,63,63,63,63,63,85,79,79,79,79,79,79,79,85,85,85,85,85,85,85,85,85,85,85,85,85,85,85,85,85,85,85],"gold":212,"neow_bonus":"","is_daily":false,"chose_seed":false,"campfire_upgraded":3,"win_rate":0.0,"timestamp":1614134943,"path_taken":["M","M","?","?","?","E","E","E","T","E","$","E","R","M","R","BOSS","M","?","?","$","?","E","E","E","T","E","?","E","$","?","R","BOSS","M","?","?","?","$","E","E","?"],"items_purchased_type":["Card","Card","Relic","Relic","Relic","Card","Card"],"build_version":"2020-12-22","purchased_purges":1,"victory":false,"max_hp_per_floor":[75,75,75,75,75,75,85,85,85,85,85,85,85,85,85,85,85,85,85,85,85,85,85,85,85,85,85,85,85,85,85,85,85,85,85,85,85,85,85,85,85,85,85],"card_choices":[{"not_picked":["Vampiric_Strike","Summon_Lich"],"picked":"Spectral_Armor","floor":1},{"not_picked":["Slay_Living","Bone_Armory"],"picked":"Acid_Javelin","floor":2},{"not_picked":["Shade_Step","Whirlwind_of_Bones","Negative_Energy_Mist"],"picked":"SKIP","floor":5},{"not_picked":["Vampiric_Strike","Acid_Javelin","Negative_Energy_Mist"],"picked":"SKIP","floor":6},{"not_picked":["Bone_Shift","Negative_Energy_Javelin","Epidemic"],"picked":"SKIP","floor":7},{"not_picked":["Bone_Bullets","Scare+1"],"picked":"Summon_Lich","floor":8},{"not_picked":["Siphon_Strength+1","Bones_to_Steel+1","Finger_Of_Death"],"picked":"SKIP","floor":10},{"not_picked":["Vampiric_Strike","Thousand_Bone_Knives","Bone_Bullets"],"picked":"SKIP","floor":12},{"not_picked":["Bone_Spikes","Life_Drain"],"picked":"Acid_Javelin","floor":14},{"not_picked":["Blood_Magic","Detonate_Bones"],"picked":"Cloudkill+1","floor":16},{"not_picked":["Negative_Energy_Shield+1","Scare+1","Negative_Energy_Javelin"],"picked":"SKIP","floor":18},{"not_picked":["Blood_Is_Power+1","Blood_Whip"],"picked":"Summon_Undead_Army","floor":23},{"not_picked":["Blood_Shield+1","Negative_Energy_Javelin"],"picked":"Summon_Undead+1","floor":24},{"not_picked":["Bones_to_Steel+1","Negative_Energy_Shield+1","Bone_Spikes"],"picked":"SKIP","floor":25},{"not_picked":["Bone_Shift+1","Scare+1","Necrotic_Claws+1"],"picked":"SKIP","floor":27},{"not_picked":["Shackles_Of_Pain+1","Bone_Spikes","Bone_Shift+1"],"picked":"SKIP","floor":28},{"not_picked":["Vampiric_Strike","Negative_Energy_Shield+1"],"picked":"Requiem","floor":29},{"not_picked":["Blood_Shield+1","Plague_Bolt","Negative_Energy_Sphere"],"picked":"SKIP","floor":31},{"not_picked":["Requiem","Detonate_Bones"],"picked":"Summon_Vampire_Lady","floor":33},{"not_picked":["Negative_Energy_Shield+1","Chill_Blood+1","Finger_Of_Death+1"],"picked":"SKIP","floor":35},{"not_picked":["Bones_to_Steel+1","Bone_Shift+1","Necrotic_Claws+1"],"picked":"SKIP","floor":37},{"not_picked":["Life_Drain+1","Blood_Whip","Blood_Is_Power+1"],"picked":"SKIP","floor":40},{"not_picked":["Spectral_Walk+1","Slay_Living+1","Requiem"],"picked":"SKIP","floor":41}],"player_experience":561871,"relics_obtained":[{"floor":6,"key":"InkBottle"},{"floor":7,"key":"Pear"},{"floor":8,"key":"Toxic Egg 2"},{"floor":9,"key":"Mirror"},{"floor":10,"key":"Whetstone"},{"floor":12,"key":"Replay:Rubber Ducky"},{"floor":22,"key":"Bronze Scales"},{"floor":23,"key":"Toy Ornithopter"},{"floor":24,"key":"Bromod:ArcaneVictory"},{"floor":25,"key":"CeramicFish"},{"floor":26,"key":"Eternal Feather"},{"floor":27,"key":"MawBank"},{"floor":29,"key":"Shuriken"},{"floor":38,"key":"Du-Vu Doll"},{"floor":40,"key":"Replay:Mystery Machine"},{"floor":41,"key":"Bromod:ArcaneGuardian"}],"event_choices":[{"damage_healed":0,"gold_gain":0,"player_choice":"Take Damage","damage_taken":18,"relics_obtained":["Golden Idol"],"max_hp_gain":0,"max_hp_loss":0,"event_name":"Golden Idol","floor":3,"gold_loss":0},{"damage_healed":0,"gold_gain":0,"player_choice":"Ignored","damage_taken":0,"max_hp_gain":0,"max_hp_loss":0,"event_name":"Transmorgrifier","floor":4,"gold_loss":0},{"damage_healed":0,"gold_gain":99,"player_choice":"Stole From Cult","damage_taken":0,"max_hp_gain":0,"max_hp_loss":0,"event_name":"Nest","floor":19,"gold_loss":0},{"damage_healed":0,"gold_gain":0,"player_choice":"Simplicity","damage_taken":0,"max_hp_gain":0,"max_hp_loss":0,"event_name":"Back to Basics","floor":20,"gold_loss":0,"cards_upgraded":[]},{"damage_healed":0,"gold_gain":0,"player_choice":"Fight","damage_taken":0,"max_hp_gain":0,"max_hp_loss":0,"event_name":"MindBloom","floor":38,"gold_loss":0}],"is_beta":false,"boss_relics":[{"not_picked":["Bromod:ArcaneBarrier","Replay:Wanted Poster"],"picked":"Abe\u0027s Treasure"},{"not_picked":["Honey Jar","Bromod:ArcaneGrace"],"picked":"Cursed Key"}],"items_purged_floors":[11],"is_endless":false,"potions_floor_spawned":[2,6,7,8,10,14,18,27,31,33,40,41],"ascension_level":1}}