{"host":"blhqr6uo32maonpv","time":1614149289,"event":{"mods":["BaseMod","Colored Powertips","Downfall","Hermit","Minty Spire (QoL Compilation)","Replay The Spire","StSLib","The Bug Knight","The Marked"],"gold_per_floor":[114,114,127,107,120,148,148,148,148,163,163,175,195,195,222,72,72,170,170,154,154,4,22,22,22,37,136,162,237,253,53,70,85,85,190,190,210,8,58,58,0,17,32,60,114,114,146,162,162,174,174,174],"floor_reached":53,"language":"ENG","playtime":2945,"items_purged":["Overencumbered","Decay"],"score":779,"play_id":"32a9fb28-3897-4299-b00d-e5a71d70f432","local_time":"20210224024809","is_ascension_mode":false,"campfire_choices":[{"data":"HollowMod:FocusHealStart","floor":7.0,"key":"SMITH"},{"floor":14.0,"key":"REST"},{"floor":17.0,"key":"REST"},{"floor":25.0,"key":"REST"},{"floor":34.0,"key":"REST"},{"floor":46,"key":"REST"},{"floor":51,"key":"REST"}],"circlet_count":0,"master_deck":["HollowMod:NailStrikeStart","HollowMod:NailStrikeStart","HollowMod:NailStrikeStart","HollowMod:NailStrikeStart","HollowMod:QuickDashStart","HollowMod:QuickDashStart","HollowMod:QuickDashStart","HollowMod:QuickDashStart+1","HollowMod:FocusHealStart+1","HollowMod:PogoStrike","HollowMod:LifebloodCore","HollowMod:DescendingDark","HollowMod:CloakDash","HollowMod:BlackTendrils","HollowMod:ShadowDash","HollowMod:DashSlash","HollowMod:VoidDash","HollowMod:AbyssShriek","HollowMod:LifebloodCocoon+1","downfall:Bewildered","HollowMod:VengefulVoid+1","HollowMod:RecoilStrike","HollowMod:PerfectDash","HollowMod:WraithStrike","HollowMod:ShadowDash","HollowMod:VengefulVoid+1","HollowMod:DashSlash","HollowMod:SoulMaster+1","HollowMod:MonarchWings+1","HollowMod:MantisMark+1","HollowMod:MonarchWings","Enlightenment+1","Apotheosis","HollowMod:SharpenedShadows+1","HollowMod:QuirrelsAssistance","HollowMod:ShadowDash+1","Clumsy","HollowMod:SharpenedNail+1","HollowMod:CloakDash+1","HollowMod:SiblingsSouls","HollowMod:PerfectDash+1"],"relics":["HollowMod:VoidIdolRelic","ReplayTheSpireMod:Lightbulb","Counterbalance","Meat on the Bone","Boot","Dream Catcher","Replay:Grab Bag","Fusion Hammer","Cursed Key","Ring of Chaos","HollowMod:StagPassRelic","sneckomod:BabySnecko","Gremlin Food","ReplayTheSpireMod:CursedCoin","Membership Card","Calipers","Red Mask","Bottled Lightning","Replay:Wax Seal","Omamori"],"acts_visited":["Exordium","TheCity","TheBeyond"],"potions_floor_usage":[44,44,50,52,52],"damage_taken":[{"damage":0.0,"enemies":"Small Slimes","floor":1.0,"turns":3.0},{"damage":1.0,"enemies":"Cultist","floor":3.0,"turns":3.0},{"damage":0.0,"enemies":"2 Louse","floor":5.0,"turns":2.0},{"damage":38.0,"enemies":"Lagavulin","floor":6.0,"turns":9.0},{"damage":27.0,"enemies":"Gremlin Gang","floor":10.0,"turns":6.0},{"damage":3.0,"enemies":"Exordium Thugs","floor":12.0,"turns":5.0},{"damage":7.0,"enemies":"3 Louse","floor":13.0,"turns":2.0},{"damage":32.0,"enemies":"Gremlin Nob","floor":15.0,"turns":5.0},{"damage":89.0,"enemies":"Fading Forest","floor":18.0,"turns":11.0},{"damage":26.0,"enemies":"2 Thieves","floor":20.0,"turns":4.0},{"damage":0.0,"enemies":"Spheric Guardian","floor":23.0,"turns":5.0},{"damage":41.0,"enemies":"Shelled Parasite and Fungi","floor":26.0,"turns":6.0},{"damage":12.0,"enemies":"Centurion and Healer","floor":30.0,"turns":7.0},{"damage":0.0,"enemies":"Chosen and Byrds","floor":32.0,"turns":3.0},{"damage":25.0,"enemies":"Snake Plant","floor":33.0,"turns":5.0},{"damage":22.0,"enemies":"Automaton","floor":35.0,"turns":11.0},{"damage":11.0,"enemies":"Orb Walker","floor":37.0,"turns":3.0},{"damage":0.0,"enemies":"Mind Bloom Boss Battle","floor":39.0,"turns":6.0},{"damage":3.0,"enemies":"3 Shapes","floor":42.0,"turns":4.0},{"damage":18,"enemies":"Jaw Worm Horde","floor":43,"turns":5},{"damage":12,"enemies":"Nemesis","floor":44,"turns":7},{"damage":2,"enemies":"Giant Head","floor":47,"turns":10},{"damage":0,"enemies":"Sphere and 2 Shapes","floor":48,"turns":6},{"damage":0,"enemies":"Spire Growth","floor":50,"turns":6},{"damage":12,"enemies":"Time Eater","floor":52,"turns":11}],"seed_played":"-6457824680224061514","potions_obtained":[{"floor":3.0,"key":"Elixir"},{"floor":4.0,"key":"Regen Potion"},{"floor":6.0,"key":"champ:CounterPotion"},{"floor":10.0,"key":"Energy Potion"},{"floor":20.0,"key":"Energy Potion"},{"floor":26.0,"key":"Strength Potion"},{"floor":30.0,"key":"LiquidBronze"},{"floor":35.0,"key":"Doom Potion"},{"floor":37.0,"key":"Toxic Potion"},{"floor":39.0,"key":"FearPotion"},{"floor":47,"key":"PowerPotion"},{"floor":50,"key":"Milkshake"}],"is_trial":false,"path_per_floor":["M","?","M","?","M","E","R","PTL","PTL","M","T","M","M","R","E","$","R","B",null,"M","?","?","M","?","R","M","?","T","$","M","$","M","M","R","B",null,"M","$","?","?","?","M","M","E","T","R","E","M","?","M","R","B",null],"character_chosen":"THE_BUGKNIGHT","items_purchased":["Dream Catcher","ReplayTheSpireMod:CursedCoin","HollowMod:WraithStrike","HollowMod:ShadowDash","HollowMod:MantisMark+1","Membership Card"],"campfire_rested":6,"item_purchase_floors":[16,29,31,31,38,38],"current_hp_per_floor":[82,82,81,81,81,64,64,64,64,43,43,52,53,77,53,53,77,14,82,64,64,64,72,72,82,51,51,51,51,48,48,49,42,66,54,82,71,71,81,76,76,73,61,61,61,82,82,82,82,82,82,82],"gold":174,"neow_bonus":"TEN_PERCENT_HP_BONUS","is_daily":false,"chose_seed":false,"campfire_upgraded":1,"win_rate":0.0,"timestamp":1614149289,"path_taken":["M","?","?","?","M","E","R","PTL","PTL","?","T","M","M","R","E","?","R","BOSS","M","?","?","M","?","R","M","?","T","$","M","?","?","?","R","BOSS","M","$","?","?","?","M","M","E","T","R","E","M","?","M","R","BOSS"],"items_purchased_type":["Relic","Relic","Card","Card","Card","Relic"],"build_version":"2020-12-22","purchased_purges":2,"victory":true,"max_hp_per_floor":[82,82,82,82,82,82,82,82,82,82,82,82,82,82,82,82,82,82,82,82,82,82,82,82,82,82,82,82,82,82,82,82,82,82,82,82,82,82,82,82,82,82,82,82,82,82,82,82,82,82,82,82],"card_choices":[{"not_picked":["HollowMod:LifebloodCocoon","HollowMod:NewLittleFool"],"picked":"HollowMod:DashSlash","floor":1.0},{"not_picked":["HollowMod:SharpenedShadows","HollowMod:ShadowDash"],"picked":"HollowMod:LifebloodCore","floor":3.0},{"not_picked":["HollowMod:TaintedHusks","HollowMod:LifebloodCocoon"],"picked":"HollowMod:DescendingDark","floor":5.0},{"not_picked":["HollowMod:CornifersMapStart","HollowMod:MothsMistake"],"picked":"HollowMod:CloakDash","floor":6.0},{"not_picked":["HollowMod:CornifersMapStart","HollowMod:NewJinnsSoul","HollowMod:InfectedCysts"],"picked":"SKIP","floor":10.0},{"not_picked":["HollowMod:NewJinnsSoul","HollowMod:LifebloodCocoon"],"picked":"HollowMod:BlackTendrils","floor":12.0},{"not_picked":["HollowMod:MothsMistake","HollowMod:SoulStrike"],"picked":"HollowMod:ShadowDash","floor":13.0},{"not_picked":["HollowMod:NewJinnsSoul","HollowMod:HowlingWraiths","HollowMod:Grubsong"],"picked":"SKIP","floor":15.0},{"not_picked":["HollowMod:CycloneSlash","HollowMod:ZotesMagnificence"],"picked":"HollowMod:DashSlash","floor":17.0},{"not_picked":["HollowMod:MidwifesHunger","HollowMod:ZotesMagnificence"],"picked":"HollowMod:VoidDash","floor":18.0},{"not_picked":["HollowMod:InfectionAssault+1","HollowMod:CloakDash"],"picked":"HollowMod:AbyssShriek","floor":20.0},{"not_picked":["HollowMod:NewLittleFool","HollowMod:DoubleDash"],"picked":"HollowMod:LifebloodCocoon+1","floor":23.0},{"not_picked":["HollowMod:PureNailStrike","HollowMod:ChannelNail"],"picked":"HollowMod:VengefulVoid+1","floor":25.0},{"not_picked":["HollowMod:CoiledNail","HollowMod:HornetsHelp"],"picked":"HollowMod:RecoilStrike","floor":26.0},{"not_picked":["HollowMod:InfectedAttack+1","HollowMod:TaintedHusks"],"picked":"HollowMod:PerfectDash","floor":30.0},{"not_picked":["HollowMod:DreamGate","HollowMod:MawleksShell","HollowMod:NewJinnsSoul"],"picked":"SKIP","floor":32.0},{"not_picked":["HollowMod:PerfectDash","HollowMod:NewGlowingWomb+1"],"picked":"HollowMod:VengefulVoid+1","floor":33.0},{"not_picked":["HollowMod:ShadowDash","HollowMod:DoubleDash"],"picked":"HollowMod:DashSlash","floor":34.0},{"not_picked":["HollowMod:ElderbugsWisdom","HollowMod:PureVessel"],"picked":"HollowMod:SoulMaster","floor":35.0},{"not_picked":["HollowMod:PureNailStrike","HollowMod:InfectedCysts+1"],"picked":"HollowMod:MonarchWings+1","floor":37.0},{"not_picked":["HollowMod:CloakDash","HollowMod:DoubleDash+1"],"picked":"HollowMod:MonarchWings","floor":39.0},{"not_picked":["Midas Touch","PanicButton"],"picked":"Enlightenment","floor":40.0},{"not_picked":["Thinking Ahead","ReplayTheSpireMod:Trickstab"],"picked":"Apotheosis","floor":40.0},{"not_picked":["HollowMod:ChannelNail+1","HollowMod:InfectionAssault"],"picked":"HollowMod:SharpenedShadows+1","floor":42.0},{"not_picked":["HollowMod:CornifersMapStart+1","HollowMod:InfectedCysts"],"picked":"HollowMod:QuirrelsAssistance","floor":43},{"not_picked":["HollowMod:InfectedCysts","HollowMod:MidwifesHunger"],"picked":"HollowMod:ShadowDash+1","floor":44},{"not_picked":["HollowMod:MothsMistake+1","HollowMod:InfectionAssault"],"picked":"HollowMod:SharpenedNail+1","floor":46},{"not_picked":["HollowMod:SoulEater","HollowMod:CoiledNail+1"],"picked":"HollowMod:CloakDash+1","floor":47},{"not_picked":["HollowMod:SharpenedNail","HollowMod:NewJinnsSoul"],"picked":"HollowMod:SiblingsSouls","floor":48},{"not_picked":["HollowMod:SoulShaman+1","HollowMod:FallenFury+1"],"picked":"HollowMod:PerfectDash+1","floor":50}],"player_experience":71866,"relics_obtained":[{"floor":6.0,"key":"Counterbalance"},{"floor":11.0,"key":"Meat on the Bone"},{"floor":15.0,"key":"Boot"},{"floor":28.0,"key":"Gremlin Food"},{"floor":39.0,"key":"Calipers"},{"floor":44,"key":"Bottled Lightning"},{"floor":45,"key":"Replay:Wax Seal"},{"floor":47,"key":"Omamori"}],"event_choices":[{"cards_removed":["HollowMod:DashSlash"],"damage_healed":0.0,"max_hp_gain":0.0,"max_hp_loss":0.0,"gold_gain":0.0,"event_name":"WeMeetAgain","player_choice":"Gave Card","floor":2.0,"gold_loss":0.0,"damage_taken":0.0,"relics_obtained":["ReplayTheSpireMod:Lightbulb"]},{"damage_healed":0.0,"max_hp_gain":0.0,"max_hp_loss":0.0,"gold_gain":0.0,"event_name":"The Woman in Blue","player_choice":"Bought 1 Potion","floor":4.0,"gold_loss":0.0,"damage_taken":0.0},{"damage_healed":0.0,"max_hp_gain":0.0,"max_hp_loss":0.0,"gold_gain":99.0,"event_name":"Nest","player_choice":"Stole From Cult","floor":27.0,"gold_loss":0.0,"damage_taken":0.0},{"damage_healed":0.0,"max_hp_gain":0.0,"max_hp_loss":0.0,"gold_gain":0.0,"event_name":"MindBloom","player_choice":"Fight","floor":39.0,"gold_loss":0.0,"damage_taken":0.0},{"damage_healed":0.0,"max_hp_gain":0.0,"max_hp_loss":0.0,"gold_gain":0.0,"event_name":"SensoryStone","player_choice":"Memory 2","floor":40.0,"gold_loss":0.0,"damage_taken":5.0},{"damage_healed":0.0,"max_hp_gain":0.0,"max_hp_loss":0.0,"gold_gain":0.0,"event_name":"Tomb of Lord Red Mask","player_choice":"Paid","floor":41.0,"gold_loss":58.0,"damage_taken":0.0,"relics_obtained":["Red Mask"]}],"is_beta":false,"boss_relics":[{"not_picked":["Empty Cage","Philosopher\u0027s Stone"],"picked":"Replay:Grab Bag"},{"not_picked":["Runic Dome","bronze:MakeshiftBattery"],"picked":"Fusion Hammer"},{"not_picked":["ChewingGum","ReplayTheSpireMod:DimensionalGlitch"],"picked":"Cursed Key"},{"not_picked":["Kintsugi","Astrolabe"],"picked":"Ring of Chaos"},{"not_picked":["Replay:Bronze Core","Tiny House"],"picked":"HollowMod:VoidIdolRelic"}],"items_purged_floors":[29,31],"is_endless":false,"potions_floor_spawned":[3,6,10,20,26,30,35,37,39,43,47,50],"ascension_level":0}}