{"host":"ELF","time":1614146096,"event":{"mods":["BaseMod","Bestiary","Minty Spire (QoL Compilation)","Relic Stats","Slay the Relics Exporter"],"gold_per_floor":[113,133,145,161,173,173,204,204,250,284,314,334,334,348,348,348,348],"floor_reached":16,"language":"ENG","playtime":1023,"items_purged":[],"score":228,"play_id":"68633700-4835-4bee-b326-cc4ba5cd24bb","local_time":"20210223235456","is_ascension_mode":true,"campfire_choices":[{"floor":6.0,"key":"REST"},{"floor":8.0,"key":"REST"},{"data":"Prepared","floor":15,"key":"SMITH"}],"circlet_count":0,"master_deck":["AscendersBane","Strike_G","Strike_G","Strike_G","Strike_G","Strike_G","Defend_G","Defend_G","Defend_G","Defend_G","Defend_G","Survivor","Neutralize","Deadly Poison","Cloak And Dagger","Backflip","Dash","Acrobatics","Prepared+1","Calculated Gamble+1","Blade Dance+1"],"relics":["Runic Dome","Gremlin Horn","Oddly Smooth Stone","Toxic Egg 2"],"acts_visited":["Exordium"],"potions_floor_usage":[16],"damage_taken":[{"damage":0.0,"enemies":"Small Slimes","floor":1.0,"turns":5.0},{"damage":9.0,"enemies":"Jaw Worm","floor":2.0,"turns":4.0},{"damage":0.0,"enemies":"Cultist","floor":3.0,"turns":4.0},{"damage":25.0,"enemies":"Large Slime","floor":4.0,"turns":7.0},{"damage":0.0,"enemies":"Red Slaver","floor":5.0,"turns":5.0},{"damage":15.0,"enemies":"3 Sentries","floor":7.0,"turns":10.0},{"damage":16.0,"enemies":"Lagavulin","floor":10.0,"turns":10.0},{"damage":10,"enemies":"3 Louse","floor":12,"turns":3},{"damage":2,"enemies":"Lots of Slimes","floor":14,"turns":4},{"damage":42,"enemies":"Slime Boss","floor":16,"turns":10}],"seed_played":"-5318646710900680855","potions_obtained":[{"floor":2.0,"key":"Explosive Potion"},{"floor":7.0,"key":"EssenceOfSteel"},{"floor":14,"key":"EssenceOfSteel"}],"is_trial":false,"path_per_floor":["M","M","M","M","M","R","E","R","T","E","?","M","?","M","R","B"],"character_chosen":"THE_SILENT","items_purchased":[],"campfire_rested":2,"item_purchase_floors":[],"current_hp_per_floor":[59,50,50,25,25,44,29,48,48,32,32,22,44,42,42,0,0],"gold":348,"neow_bonus":"BOSS_RELIC","is_daily":false,"chose_seed":false,"campfire_upgraded":1,"win_rate":0.0,"timestamp":1614146096,"path_taken":["M","M","M","M","M","R","E","R","T","E","?","M","?","M","R","BOSS"],"items_purchased_type":[],"build_version":"2020-12-18","purchased_purges":0,"victory":false,"max_hp_per_floor":[66,66,66,66,66,66,66,66,66,66,66,66,66,66,66,66,66],"relic_stats":{"Gremlin Horn":[7,7],"counters":[10,62],"obtain_stats":[{"Runic Dome":0,"Gremlin Horn":7,"Oddly Smooth Stone":9,"Toxic Egg 2":10,"Ring of the Snake":0},{"Runic Dome":0,"Gremlin Horn":6,"Oddly Smooth Stone":6,"Toxic Egg 2":7,"Ring of the Snake":0},{"Runic Dome":0,"Gremlin Horn":35,"Oddly Smooth Stone":35,"Toxic Egg 2":45,"Ring of the Snake":0}]},"card_choices":[{"not_picked":["Prepared","Quick Slash"],"picked":"Deadly Poison","floor":1.0},{"not_picked":["Dagger Throw","Dagger Spray"],"picked":"Cloak And Dagger","floor":2.0},{"not_picked":["Sucker Punch","Backstab"],"picked":"Backflip","floor":3.0},{"not_picked":["Crippling Poison","Blade Dance"],"picked":"Dash","floor":4.0},{"not_picked":["Quick Slash","Setup"],"picked":"Acrobatics","floor":5.0},{"not_picked":["Tactician","Distraction"],"picked":"Prepared","floor":7.0},{"not_picked":["Slice","Blade Dance+1"],"picked":"Calculated Gamble+1","floor":10.0},{"not_picked":["Phantasmal Killer+1","Flying Knee"],"picked":"Blade Dance+1","floor":12},{"not_picked":["Dagger Spray","Backstab","Slice"],"picked":"SKIP","floor":14}],"player_experience":3532679,"relics_obtained":[{"floor":7.0,"key":"Gremlin Horn"},{"floor":9.0,"key":"Oddly Smooth Stone"},{"floor":10.0,"key":"Toxic Egg 2"}],"event_choices":[{"damage_healed":0,"gold_gain":30,"player_choice":"Searched \u00271\u0027 times","damage_taken":0,"max_hp_gain":0,"max_hp_loss":0,"event_name":"Dead Adventurer","floor":11,"gold_loss":0},{"damage_healed":22,"gold_gain":0,"player_choice":"Banana","damage_taken":0,"max_hp_gain":0,"max_hp_loss":0,"event_name":"Big Fish","floor":13,"gold_loss":0}],"is_beta":true,"boss_relics":[],"items_purged_floors":[],"is_endless":false,"potions_floor_spawned":[2,7,14],"killed_by":"Slime Boss","ascension_level":20}}