{"host":"r4yhuzs0e1z69tr3","time":1614194122,"event":{"mods":["BaseMod","Minty Spire (QoL Compilation)","Rare Cards Sparkle"],"gold_per_floor":[109,109,120,120,84,84,113,113,163,163,163,173,138,167,167,270,270,290,290,290,305,328,328,95,120,192,291,321,321,336,351,351,452,452,468,486,500,514,273,273,273,273,273],"floor_reached":42,"language":"ENG","playtime":2514,"items_purged":[],"score":490,"play_id":"c34df2f9-d074-4bc1-afec-ed9224238f23","local_time":"20210224141522","is_ascension_mode":true,"campfire_choices":[{"data":"Infinite Blades","floor":6,"key":"SMITH"},{"data":"Terror","floor":8,"key":"SMITH"},{"data":"Neutralize","floor":10,"key":"SMITH"},{"data":"Acrobatics","floor":15,"key":"SMITH"},{"data":"Glass Knife","floor":23,"key":"SMITH"},{"data":"A Thousand Cuts","floor":29,"key":"SMITH"},{"floor":32,"key":"REST"},{"floor":40,"key":"REST"}],"circlet_count":0,"master_deck":["Strike_G+1","Strike_G+1","Strike_G","Defend_G","Defend_G","Defend_G","Survivor","Neutralize+1","Infinite Blades+1","Terror+1","Escape Plan","Acrobatics+1","A Thousand Cuts+1","Acrobatics+1","Storm of Steel+1","Backstab+1","Glass Knife+1","Noxious Fumes","PiercingWail","Bullet Time","Crippling Poison+1","Corpse Explosion"],"relics":["Ring of the Snake","NeowsBlessing","Potion Belt","Regal Pillow","Nunchaku","Astrolabe","Toy Ornithopter","Strange Spoon","Pear","InkBottle","White Beast Statue","Runic Pyramid","Bottled Lightning"],"acts_visited":["Exordium","TheCity","TheBeyond"],"potions_floor_usage":[28,28,28,28,33,35,36,42,42,42],"damage_taken":[{"damage":0,"enemies":"Small Slimes","floor":1,"turns":1},{"damage":0,"enemies":"Jaw Worm","floor":3,"turns":1},{"damage":0,"enemies":"Lagavulin","floor":7,"turns":1},{"damage":0,"enemies":"2 Louse","floor":12,"turns":2},{"damage":11,"enemies":"Gremlin Nob","floor":14,"turns":5},{"damage":33,"enemies":"Hexaghost","floor":16,"turns":13},{"damage":5,"enemies":"2 Thieves","floor":18,"turns":3},{"damage":10,"enemies":"3 Byrds","floor":21,"turns":4},{"damage":21,"enemies":"Book of Stabbing","floor":25,"turns":4},{"damage":15,"enemies":"Gremlin Leader","floor":28,"turns":4},{"damage":3,"enemies":"Cultist and Chosen","floor":30,"turns":4},{"damage":13,"enemies":"Snake Plant","floor":31,"turns":3},{"damage":54,"enemies":"Automaton","floor":33,"turns":8},{"damage":25,"enemies":"3 Shapes","floor":35,"turns":4},{"damage":10,"enemies":"Orb Walker","floor":36,"turns":2},{"damage":4,"enemies":"Transient","floor":37,"turns":5},{"damage":27,"enemies":"Spire Growth","floor":38,"turns":5},{"damage":90,"enemies":"Reptomancer","floor":42,"turns":4}],"seed_played":"817718419558955607","potions_obtained":[{"floor":1,"key":"FearPotion"},{"floor":3,"key":"Dexterity Potion"},{"floor":14,"key":"SkillPotion"},{"floor":21,"key":"Regen Potion"},{"floor":28,"key":"FearPotion"},{"floor":30,"key":"Strength Potion"},{"floor":31,"key":"SteroidPotion"},{"floor":33,"key":"GamblersBrew"},{"floor":35,"key":"Regen Potion"},{"floor":36,"key":"PowerPotion"},{"floor":37,"key":"DuplicationPotion"}],"is_trial":false,"path_per_floor":["M","?","M","?","$","R","E","R","T","R","?","M","?","E","R","B",null,"M","?","?","M","T","R","$","E","T","?","E","R","M","M","R","B",null,"M","M","M","M","$","R","?","E"],"character_chosen":"THE_SILENT","items_purchased":["Escape Plan","DuplicationPotion","Strange Spoon","Bottled Lightning"],"campfire_rested":2,"item_purchase_floors":[5,24,24,39],"current_hp_per_floor":[70,56,56,56,56,56,56,56,56,56,56,56,70,59,59,26,70,65,65,52,42,42,42,42,31,31,31,48,48,45,32,72,23,85,65,65,61,34,34,74,74,0,0],"gold":273,"neow_bonus":"THREE_ENEMY_KILL","is_daily":false,"chose_seed":false,"campfire_upgraded":6,"win_rate":0.0,"timestamp":1614194122,"path_taken":["M","?","M","?","?","R","E","R","T","R","?","?","?","E","R","BOSS","M","?","?","M","?","R","$","E","T","?","E","R","M","M","R","BOSS","M","M","M","M","$","R","?","E"],"items_purchased_type":["Card","Potion","Relic","Relic"],"build_version":"2020-12-22","purchased_purges":0,"victory":false,"max_hp_per_floor":[70,70,70,70,70,70,70,70,70,70,70,70,70,70,70,70,70,70,70,75,75,75,75,75,85,85,85,85,85,85,85,85,85,85,85,85,85,85,85,85,81,81,81],"card_choices":[{"not_picked":["Calculated Gamble","All Out Attack"],"picked":"Infinite Blades","floor":1},{"not_picked":["Riddle With Holes","Quick Slash"],"picked":"Terror","floor":3},{"not_picked":["Footwork","Poisoned Stab","Endless Agony"],"picked":"SKIP","floor":7},{"not_picked":["Heel Hook","Calculated Gamble"],"picked":"Acrobatics","floor":12},{"not_picked":["Cloak And Dagger","Deadly Poison","Malaise"],"picked":"SKIP","floor":14},{"not_picked":["Night Terror","Unload"],"picked":"A Thousand Cuts","floor":16},{"not_picked":["Deadly Poison","Slice","Flying Knee"],"picked":"SKIP","floor":18},{"not_picked":["Deflect","Heel Hook+1"],"picked":"Glass Knife","floor":21},{"not_picked":["Deflect","Distraction","Prepared"],"picked":"SKIP","floor":25},{"not_picked":["Cloak And Dagger","Bane+1"],"picked":"Noxious Fumes","floor":28},{"not_picked":["Quick Slash","Terror","Deadly Poison"],"picked":"SKIP","floor":30},{"not_picked":["Cloak And Dagger","Riddle With Holes"],"picked":"PiercingWail","floor":31},{"not_picked":["A Thousand Cuts","Wraith Form v2"],"picked":"Bullet Time","floor":33},{"not_picked":["Acrobatics","Slice"],"picked":"Crippling Poison+1","floor":35},{"not_picked":["Footwork+1","Underhanded Strike","Deflect"],"picked":"SKIP","floor":36},{"not_picked":["Accuracy","Setup","Blade Dance+1"],"picked":"SKIP","floor":37},{"not_picked":["Poisoned Stab","Well Laid Plans"],"picked":"Corpse Explosion","floor":38}],"player_experience":185172,"relics_obtained":[{"floor":7,"key":"Potion Belt"},{"floor":9,"key":"Regal Pillow"},{"floor":14,"key":"Nunchaku"},{"floor":22,"key":"Toy Ornithopter"},{"floor":25,"key":"Pear"},{"floor":26,"key":"InkBottle"},{"floor":28,"key":"White Beast Statue"}],"event_choices":[{"damage_healed":0,"gold_gain":0,"player_choice":"Entered Light","damage_taken":14,"max_hp_gain":0,"max_hp_loss":0,"event_name":"Shining Light","floor":2,"gold_loss":0,"cards_upgraded":["Strike_G","Strike_G"]},{"damage_healed":0,"gold_gain":0,"player_choice":"Ignored","damage_taken":0,"max_hp_gain":0,"max_hp_loss":0,"event_name":"Golden Wing","floor":4,"gold_loss":0},{"cards_removed":["Defend_G"],"damage_healed":0,"gold_gain":0,"player_choice":"Offered Basic","damage_taken":0,"max_hp_gain":0,"max_hp_loss":0,"event_name":"Bonfire Elementals","floor":11,"gold_loss":0},{"damage_healed":17,"gold_gain":0,"player_choice":"Healed","damage_taken":0,"max_hp_gain":0,"max_hp_loss":0,"event_name":"The Cleric","floor":13,"gold_loss":35},{"damage_healed":0,"gold_gain":0,"player_choice":"Ignored","damage_taken":0,"max_hp_gain":0,"max_hp_loss":0,"event_name":"The Mausoleum","floor":19,"gold_loss":0},{"damage_healed":0,"gold_gain":0,"player_choice":"Shed Blood","damage_taken":18,"max_hp_gain":5,"max_hp_loss":0,"event_name":"Forgotten Altar","floor":20,"gold_loss":0},{"damage_healed":0,"gold_gain":99,"player_choice":"Stole From Cult","damage_taken":0,"max_hp_gain":0,"max_hp_loss":0,"event_name":"Nest","floor":27,"gold_loss":0},{"damage_healed":0,"gold_gain":0,"player_choice":"Max HP","damage_taken":0,"max_hp_gain":0,"max_hp_loss":4,"event_name":"Winding Halls","floor":41,"gold_loss":0}],"is_beta":false,"boss_relics":[{"not_picked":["Philosopher\u0027s Stone","Fusion Hammer"],"picked":"Astrolabe"},{"not_picked":["Runic Dome","Velvet Choker"],"picked":"Runic Pyramid"}],"items_purged_floors":[],"is_endless":false,"potions_floor_spawned":[1,3,14,21,28,30,31,33,35,36,37,38],"killed_by":"Reptomancer","ascension_level":1}}