{"host":"pifa3o3uv2a0m12r","time":1614138640,"event":{"mods":["AchievementEnabler","BaseMod","Colored Map","Minty Spire (QoL Compilation)","Quick Restart","StSLib","SuperFastMode"],"gold_per_floor":[113,113,113,113,113,147,147,192,192,216,141,141,141,141,141,270,270,284,284,89,89,89],"floor_reached":21,"language":"FRA","playtime":601,"items_purged":["Strike_P"],"score":254,"play_id":"44eac9df-fdb1-4847-a8e3-02b113f86bf5","local_time":"20210223175040","is_ascension_mode":true,"campfire_choices":[{"floor":7,"key":"RECALL"},{"data":"ClearTheMind","floor":13,"key":"SMITH"},{"floor":15,"key":"REST"}],"circlet_count":0,"master_deck":["Strike_P+1","Strike_P+1","Defend_P","Defend_P","Defend_P+1","Eruption+1","Vigilance","Prostrate","FlurryOfBlows+1","ClearTheMind+1","Omniscience","Crescendo"],"relics":["PureWater","NeowsBlessing","Golden Idol","Potion Belt","CeramicFish","VioletLotus","Whetstone"],"acts_visited":["Exordium","TheCity"],"potions_floor_usage":[16,18,18,18,18,18],"damage_taken":[{"damage":0,"enemies":"Small Slimes","floor":1,"turns":1},{"damage":0,"enemies":"Lagavulin","floor":6,"turns":1},{"damage":0,"enemies":"Gremlin Nob","floor":8,"turns":1},{"damage":0,"enemies":"2 Louse","floor":10,"turns":2},{"damage":39,"enemies":"The Guardian","floor":16,"turns":16},{"damage":75,"enemies":"3 Byrds","floor":18,"turns":10},{"damage":24,"enemies":"Spheric Guardian","floor":21,"turns":4}],"seed_played":"-104381474567582095","potions_obtained":[{"floor":5,"key":"LiquidMemories"},{"floor":5,"key":"CultistPotion"},{"floor":5,"key":"SkillPotion"},{"floor":8,"key":"SteroidPotion"},{"floor":16,"key":"EntropicBrew"},{"floor":18,"key":"SkillPotion"}],"is_trial":false,"path_per_floor":["M","?","?","?","?","E","R","E","T","M","$","?","R","?","R","B",null,"M","?","$","M"],"character_chosen":"WATCHER","items_purchased":["Crescendo","Whetstone"],"campfire_rested":1,"item_purchase_floors":[20,20],"current_hp_per_floor":[72,72,65,47,47,47,47,47,47,47,47,47,47,33,54,15,72,18,18,18,0,0],"gold":89,"neow_bonus":"THREE_ENEMY_KILL","is_daily":false,"chose_seed":false,"campfire_upgraded":1,"win_rate":0.0,"timestamp":1614138640,"path_taken":["M","?","?","?","?","E","R","E","T","?","$","?","R","?","R","BOSS","M","?","$","M"],"items_purchased_type":["Card","Relic"],"build_version":"2020-12-22","purchased_purges":1,"victory":false,"max_hp_per_floor":[72,72,72,72,72,72,72,72,72,72,72,72,72,72,72,72,72,72,72,72,72,72],"card_choices":[{"not_picked":["Halt","Evaluate"],"picked":"Prostrate","floor":1},{"not_picked":["Nirvana","InnerPeace"],"picked":"FlurryOfBlows","floor":6},{"not_picked":["Nirvana","SpiritShield"],"picked":"ClearTheMind","floor":8},{"not_picked":["JustLucky","BowlingBash","Protect"],"picked":"SKIP","floor":10},{"not_picked":["Ragnarok","Vault"],"picked":"Omniscience","floor":16},{"not_picked":["Evaluate","FlyingSleeves","CarveReality"],"picked":"SKIP","floor":18}],"player_experience":154055,"relics_obtained":[{"floor":6,"key":"Potion Belt"},{"floor":8,"key":"CeramicFish"}],"event_choices":[{"damage_healed":0,"gold_gain":0,"player_choice":"Ignored","damage_taken":0,"max_hp_gain":0,"max_hp_loss":0,"event_name":"Liars Game","floor":2,"gold_loss":0},{"cards_removed":["Strike_P"],"damage_healed":0,"gold_gain":0,"player_choice":"Card Removal","damage_taken":7,"max_hp_gain":0,"max_hp_loss":0,"event_name":"Golden Wing","floor":3,"gold_loss":0},{"damage_healed":0,"gold_gain":0,"player_choice":"Take Damage","damage_taken":18,"relics_obtained":["Golden Idol"],"max_hp_gain":0,"max_hp_loss":0,"event_name":"Golden Idol","floor":4,"gold_loss":0},{"damage_healed":0,"gold_gain":0,"player_choice":"Got Potions","damage_taken":0,"max_hp_gain":0,"max_hp_loss":0,"event_name":"Lab","floor":5,"gold_loss":0},{"damage_healed":0,"gold_gain":0,"player_choice":"Grow","damage_taken":0,"max_hp_gain":0,"max_hp_loss":0,"event_name":"Living Wall","floor":12,"gold_loss":0,"cards_upgraded":["FlurryOfBlows"]},{"damage_healed":0,"gold_gain":0,"player_choice":"Entered Light","damage_taken":14,"max_hp_gain":0,"max_hp_loss":0,"event_name":"Shining Light","floor":14,"gold_loss":0,"cards_upgraded":["Eruption","Defend_P"]},{"cards_removed":["Defend_P"],"damage_healed":0,"gold_gain":0,"player_choice":"Elegance","damage_taken":0,"max_hp_gain":0,"max_hp_loss":0,"event_name":"Back to Basics","floor":19,"gold_loss":0}],"is_beta":false,"boss_relics":[{"not_picked":["Philosopher\u0027s Stone","Ectoplasm"],"picked":"VioletLotus"}],"items_purged_floors":[11],"is_endless":false,"potions_floor_spawned":[8,16,18],"killed_by":"Spheric Guardian","ascension_level":2}}