{"host":"f14d6hm2349s9jse","time":1614190479,"event":{"mods":["2.2 Compatiblity","BaseMod","Lobotomy","Minty Spire (QoL Compilation)","StSLib"],"gold_per_floor":[112,126,126,126,142,180,180,180,180,330,360,391,152,77,77,170,170,184,16,41,56,56,56,74,74,74],"floor_reached":25,"language":"ENG","playtime":1861,"items_purged":["Doubt"],"score":418,"play_id":"1bcf2202-4db9-4764-9f71-c35bd2e40c70","local_time":"20210224131439","is_ascension_mode":true,"campfire_choices":[{"floor":7.0,"key":"REST"},{"floor":15.0,"key":"REST"},{"floor":23,"key":"REST"}],"circlet_count":0,"master_deck":["AscendersBane","Strike_B","Strike_B","Strike_B","Strike_B","Defend_B","Defend_B","Defend_B","Zap","Dualcast","Self Repair","Conserve Battery","LaLuna","Laetitia","Tempest","UniverseFragment","Fusion","Rainbow","Loop","Echo Form","QueenBee","White Noise","GreedKing","Necronomicurse","Conserve Battery","ShyLook"],"relics":["Cracked Core","CogitoBucket","Golden Idol","Turnip","Ginger","Dead Branch","Shuriken","Regal Pillow","Fusion Hammer","TreeSap","Necronomicon"],"acts_visited":["Exordium","TheCity"],"potions_floor_usage":[24,24],"damage_taken":[{"damage":3.0,"enemies":"2 Louse","floor":1.0,"turns":3.0},{"damage":1.0,"enemies":"Jaw Worm","floor":2.0,"turns":6.0},{"damage":0.0,"enemies":"Small Slimes","floor":5.0,"turns":4.0},{"damage":41.0,"enemies":"Lagavulin","floor":6.0,"turns":9.0},{"damage":19.0,"enemies":"3 Sentries","floor":12.0,"turns":11.0},{"damage":48.0,"enemies":"Slime Boss","floor":16.0,"turns":13.0},{"damage":1.0,"enemies":"3 Byrds","floor":18.0,"turns":4.0},{"damage":24,"enemies":"Shell Parasite","floor":20,"turns":4},{"damage":17,"enemies":"Centurion and Healer","floor":21,"turns":5},{"damage":18,"enemies":"Snake Plant","floor":24,"turns":4},{"damage":50,"enemies":"Book of Stabbing","floor":25,"turns":4}],"seed_played":"-9138080901711417085","potions_obtained":[{"floor":2.0,"key":"Energy Potion"},{"floor":5.0,"key":"DistilledChaos"},{"floor":18.0,"key":"FocusPotion"},{"floor":20,"key":"AttackPotion"},{"floor":21,"key":"Fruit Juice"}],"is_trial":false,"path_per_floor":["M","M","?","$","M","E","R","?","T","?","?","E","$","$","R","B",null,"M","$","M","M","?","R","M","E"],"character_chosen":"DEFECT","items_purchased":["Regal Pillow","Fusion","Echo Form"],"campfire_rested":3,"item_purchase_floors":[13,13,19],"current_hp_per_floor":[61,67,43,43,50,16,37,37,37,37,37,25,25,25,61,20,58,64,64,47,44,23,59,46,0,0],"gold":74,"neow_bonus":"","is_daily":false,"chose_seed":false,"campfire_upgraded":0,"win_rate":0.0,"timestamp":1614190479,"path_taken":["M","M","?","$","M","E","R","?","T","?","?","E","?","$","R","BOSS","M","$","?","M","?","R","M","E"],"items_purchased_type":["Relic","Card","Card"],"build_version":"2020-12-22","purchased_purges":1,"victory":false,"max_hp_per_floor":[71,71,71,71,71,71,71,71,71,71,71,71,71,71,71,71,71,71,71,71,71,71,71,76,76,76],"card_choices":[{"not_picked":["Hologram","Go for the Eyes"],"picked":"Self Repair","floor":1.0},{"not_picked":["FairyFestival","PunishingBird"],"picked":"VoidDream","floor":1.0},{"not_picked":["Consume","Streamline"],"picked":"Conserve Battery","floor":2.0},{"not_picked":["PunishingBird","LittlePrince"],"picked":"LaLuna","floor":2.0},{"not_picked":["Scorched","Wellcheers"],"picked":"Laetitia","floor":5.0},{"not_picked":["Gash","Blizzard","Turbo"],"picked":"SKIP","floor":5.0},{"not_picked":["Go for the Eyes","Steam Power"],"picked":"Tempest","floor":6.0},{"not_picked":["Funeral","MeatLantern"],"picked":"CherryBlossoms","floor":6.0},{"not_picked":["CrumblingArmor","SpiderBud"],"picked":"UniverseFragment","floor":12.0},{"not_picked":["Compile Driver","Darkness","Undo"],"picked":"SKIP","floor":12.0},{"not_picked":["Biased Cognition","Fission"],"picked":"Rainbow","floor":16.0},{"not_picked":["Glacier","Sunder+1"],"picked":"Loop","floor":18.0},{"not_picked":["Funeral","Wellcheers"],"picked":"QueenBee","floor":20},{"not_picked":["Ball Lightning","Turbo","Rip and Tear"],"picked":"SKIP","floor":20},{"not_picked":["Auto Shields","Meteor Strike"],"picked":"White Noise","floor":21},{"not_picked":["FairyFestival","SnowQueen"],"picked":"GreedKing","floor":21},{"not_picked":["Skim","Go for the Eyes"],"picked":"Conserve Battery","floor":24},{"not_picked":["SnowQueen","PunishingBird"],"picked":"ShyLook","floor":24}],"player_experience":2471746,"relics_obtained":[{"floor":6.0,"key":"Turnip"},{"floor":9.0,"key":"Ginger"},{"floor":12.0,"key":"Shuriken"},{"floor":22,"key":"Necronomicon"}],"event_choices":[{"damage_healed":0.0,"max_hp_gain":0.0,"max_hp_loss":0.0,"gold_gain":0.0,"event_name":"Golden Idol","player_choice":"Take Damage","floor":3.0,"gold_loss":0.0,"damage_taken":24.0,"relics_obtained":["Golden Idol"]},{"damage_healed":0.0,"max_hp_gain":0.0,"max_hp_loss":0.0,"gold_gain":0.0,"event_name":"Golden Wing","player_choice":"Ignored","floor":8.0,"gold_loss":0.0,"damage_taken":0.0},{"damage_healed":0.0,"max_hp_gain":0.0,"max_hp_loss":0.0,"gold_gain":150.0,"event_name":"Liars Game","player_choice":"AGREE","floor":10.0,"gold_loss":0.0,"damage_taken":0.0,"cards_obtained":["Doubt"]},{"damage_healed":0.0,"max_hp_gain":0.0,"max_hp_loss":0.0,"gold_gain":30.0,"event_name":"Dead Adventurer","player_choice":"Searched \u00273\u0027 times","floor":11.0,"gold_loss":0.0,"damage_taken":0.0,"relics_obtained":["Dead Branch"]},{"damage_healed":0,"gold_gain":0,"player_choice":"Obtained Book","damage_taken":21,"max_hp_gain":0,"max_hp_loss":0,"event_name":"Cursed Tome","floor":22,"gold_loss":0}],"is_beta":false,"boss_relics":[{"not_picked":["Philosopher\u0027s Stone","FrozenCore"],"picked":"Fusion Hammer"}],"items_purged_floors":[14],"is_endless":false,"potions_floor_spawned":[2,5,18,20,21],"killed_by":"Book of Stabbing","ascension_level":20}}