{"host":"w7tt687j332gugiq","time":1614161558,"event":{"mods":["BaseMod","Minty Spire (QoL Compilation)","StSLib"],"gold_per_floor":[112,112,132,147,72,106,106,134,134,154,154,154,180,197,197,293,293,262,276,152,170,170,204,204,204,204,204,217,246,246,280,280,382,382,395,445,13,28,7,32,32,59,112,112,144,154,183,254,254,254],"floor_reached":51,"language":"ZHS","playtime":2173,"items_purged":["Regret","Writhe"],"score":1359,"play_id":"68c0746b-8845-4c0f-84d0-b0e67eeab1e9","local_time":"20210224181238","is_ascension_mode":true,"campfire_choices":[{"floor":7.0,"key":"REST"},{"floor":11.0,"key":"REST"},{"floor":15.0,"key":"REST"},{"floor":24.0,"key":"REST"},{"floor":27.0,"key":"REST"},{"floor":30.0,"key":"REST"},{"data":"Tactician","floor":32.0,"key":"SMITH"},{"data":"Footwork","floor":41.0,"key":"SMITH"},{"data":"Adrenaline","floor":44.0,"key":"SMITH"},{"floor":49,"key":"REST"}],"circlet_count":0,"master_deck":["AscendersBane","Strike_G","Strike_G","Strike_G","Strike_G","Strike_G","Defend_G","Defend_G","Defend_G","Defend_G","Defend_G","Survivor","Neutralize+1","Acrobatics","Slice","Deflect","Well Laid Plans","After Image","Tactician+1","Adrenaline+1","Blade Dance","Concentrate","Deflect","Blade Dance","Backflip+1","Storm of Steel","Acrobatics+1","Backflip","Blur+1","Cloak And Dagger","Burst+1","Reflex+1","Adrenaline+1","Dodge and Roll+1","Infinite Blades","Caltrops","Caltrops","Footwork+1","Accuracy","Caltrops","Outmaneuver+1","Phantasmal Killer+1","Dodge and Roll+1"],"relics":["WristBlade","Vajra","The Courier","Bronze Scales","Happy Flower","Lantern","Black Star","Orrery","Darkstone Periapt","Potion Belt","Centennial Puzzle","Oddly Smooth Stone","Bottled Flame","Toxic Egg 2","Art of War","Matryoshka","Busted Crown","Mango","MealTicket","WingedGreaves","Gambling Chip","Singing Bowl","Nunchaku","Ancient Tea Set","Molten Egg 2","Bottled Tornado","Shuriken","CeramicFish","Gremlin Horn","Blue Candle"],"acts_visited":["Exordium","TheCity","TheBeyond"],"potions_floor_usage":[45,46,47,47,47,50],"damage_taken":[{"damage":2.0,"enemies":"Small Slimes","floor":1.0,"turns":4.0},{"damage":8.0,"enemies":"2 Louse","floor":3.0,"turns":3.0},{"damage":0.0,"enemies":"Cultist","floor":4.0,"turns":3.0},{"damage":22.0,"enemies":"Lagavulin","floor":6.0,"turns":6.0},{"damage":32.0,"enemies":"3 Sentries","floor":8.0,"turns":9.0},{"damage":5.0,"enemies":"Exordium Wildlife","floor":10.0,"turns":4.0},{"damage":30.0,"enemies":"Gremlin Nob","floor":13.0,"turns":5.0},{"damage":0.0,"enemies":"2 Fungi Beasts","floor":14.0,"turns":4.0},{"damage":13.0,"enemies":"The Guardian","floor":16.0,"turns":15.0},{"damage":19.0,"enemies":"2 Thieves","floor":18.0,"turns":5.0},{"damage":8.0,"enemies":"3 Byrds","floor":19.0,"turns":5.0},{"damage":9.0,"enemies":"Sentry and Sphere","floor":21.0,"turns":4.0},{"damage":19.0,"enemies":"Slavers","floor":23.0,"turns":5.0},{"damage":7.0,"enemies":"3 Cultists","floor":28.0,"turns":4.0},{"damage":7.0,"enemies":"Gremlin Leader","floor":29.0,"turns":7.0},{"damage":10.0,"enemies":"Book of Stabbing","floor":31.0,"turns":4.0},{"damage":1.0,"enemies":"Collector","floor":33.0,"turns":13.0},{"damage":4.0,"enemies":"3 Shapes","floor":35.0,"turns":4.0},{"damage":0.0,"enemies":"Mind Bloom Boss Battle","floor":36.0,"turns":6.0},{"damage":2.0,"enemies":"Orb Walker","floor":38.0,"turns":2.0},{"damage":6.0,"enemies":"Nemesis","floor":40.0,"turns":5.0},{"damage":15.0,"enemies":"Giant Head","floor":42.0,"turns":7.0},{"damage":16,"enemies":"Nemesis","floor":45,"turns":7},{"damage":2,"enemies":"Sphere and 2 Shapes","floor":46,"turns":7},{"damage":27,"enemies":"Reptomancer","floor":47,"turns":8},{"damage":16,"enemies":"Awakened One","floor":50,"turns":8}],"seed_played":"4667097464222391061","potions_obtained":[{"floor":3.0,"key":"Swift Potion"},{"floor":10.0,"key":"Block Potion"},{"floor":16.0,"key":"FearPotion"},{"floor":23.0,"key":"SpeedPotion"},{"floor":28.0,"key":"Energy Potion"},{"floor":33.0,"key":"EntropicBrew"},{"floor":38.0,"key":"CunningPotion"},{"floor":40.0,"key":"Energy Potion"},{"floor":42.0,"key":"FairyPotion"},{"floor":45,"key":"GhostInAJar"},{"floor":47,"key":"FearPotion"}],"is_trial":false,"path_per_floor":["M","?","M","M","$","E","R","E","T","M","R","?","E","M","R","B",null,"M","M","$","M","?","E","R","?","T","R","M","E","R","E","R","B",null,"M","?","$","M","$","E","R","E","T","R","E","M","E","T","R","B",null],"character_chosen":"THE_SILENT","items_purchased":["Orrery","Infinite Blades","Caltrops","Caltrops","Footwork","Accuracy","Caltrops","Outmaneuver+1"],"campfire_rested":7,"item_purchase_floors":[20,37,37,37,37,37,37,39],"current_hp_per_floor":[61,61,53,53,53,31,52,20,20,15,36,36,6,6,27,14,56,37,29,29,20,26,7,29,15,15,39,32,25,49,39,39,38,70,66,80,80,78,78,72,72,57,57,57,43,43,18,18,48,32],"gold":254,"neow_bonus":"BOSS_RELIC","is_daily":false,"chose_seed":false,"campfire_upgraded":3,"win_rate":0.0,"timestamp":1614161558,"path_taken":["M","?","M","M","$","E","R","E","T","M","R","?","E","M","R","BOSS","M","M","$","?","?","E","R","?","T","R","M","E","R","E","R","BOSS","M","?","$","M","?","E","R","E","T","R","E","?","E","?","R","BOSS"],"items_purchased_type":["Relic","Card","Card","Card","Card","Card","Card","Card"],"build_version":"2020-12-22","purchased_purges":2,"victory":true,"max_hp_per_floor":[70,70,70,70,70,70,70,70,70,70,70,70,70,70,70,70,70,70,70,70,70,76,76,76,81,81,81,81,81,81,81,81,81,81,81,95,95,95,95,95,95,95,95,95,97,99,101,101,101,101],"card_choices":[{"not_picked":["Outmaneuver","Prepared"],"picked":"Acrobatics","floor":1.0},{"not_picked":["Deadly Poison","Bullet Time"],"picked":"Slice","floor":3.0},{"not_picked":["Deadly Poison","PiercingWail","Flying Knee"],"picked":"SKIP","floor":4.0},{"not_picked":["Flying Knee","Choke","Outmaneuver"],"picked":"SKIP","floor":6.0},{"not_picked":["Crippling Poison","Predator"],"picked":"Deflect","floor":8.0},{"not_picked":["Masterful Stab","Quick Slash"],"picked":"Well Laid Plans","floor":10.0},{"not_picked":["Noxious Fumes","Acrobatics"],"picked":"After Image","floor":13.0},{"not_picked":["Prepared","Bane"],"picked":"Tactician","floor":14.0},{"not_picked":["Die Die Die","Wraith Form v2"],"picked":"Adrenaline","floor":16.0},{"not_picked":["Setup+1","Accuracy"],"picked":"Blade Dance","floor":18.0},{"not_picked":["All Out Attack","Deadly Poison"],"picked":"Concentrate","floor":19.0},{"not_picked":["Outmaneuver","Sucker Punch"],"picked":"Deflect","floor":20.0},{"not_picked":["Concentrate+1","Caltrops"],"picked":"Blade Dance","floor":20.0},{"not_picked":["Bane","Tools of the Trade"],"picked":"Backflip+1","floor":20.0},{"not_picked":["Deadly Poison","Eviscerate"],"picked":"Storm of Steel","floor":20.0},{"not_picked":["Flying Knee","Prepared"],"picked":"Acrobatics+1","floor":20.0},{"not_picked":["Outmaneuver+1","Backstab+1"],"picked":"Backflip","floor":21.0},{"not_picked":["Cloak And Dagger","Calculated Gamble"],"picked":"Blur+1","floor":23.0},{"not_picked":["Underhanded Strike","Terror"],"picked":"Cloak And Dagger","floor":28.0},{"not_picked":["Dagger Spray","Flying Knee+1"],"picked":"Burst+1","floor":29.0},{"not_picked":["Outmaneuver+1","Dagger Spray"],"picked":"Reflex+1","floor":31.0},{"not_picked":["Night Terror+1","Die Die Die"],"picked":"Adrenaline+1","floor":33.0},{"not_picked":["Poisoned Stab+1"],"picked":"SKIP","floor":35.0},{"not_picked":[],"picked":"Dodge and Roll+1","floor":36.0},{"not_picked":["Underhanded Strike+1"],"picked":"SKIP","floor":38.0},{"not_picked":[],"picked":"Phantasmal Killer+1","floor":40.0},{"not_picked":[],"picked":"Dodge and Roll+1","floor":42.0},{"not_picked":["Dodge and Roll+1"],"picked":"Singing Bowl","floor":45},{"not_picked":["Concentrate+1"],"picked":"Singing Bowl","floor":46},{"not_picked":["Dodge and Roll+1"],"picked":"Singing Bowl","floor":47}],"player_experience":169253,"relics_obtained":[{"floor":6.0,"key":"The Courier"},{"floor":8.0,"key":"Bronze Scales"},{"floor":9.0,"key":"Happy Flower"},{"floor":13.0,"key":"Lantern"},{"floor":23.0,"key":"Potion Belt"},{"floor":23.0,"key":"Centennial Puzzle"},{"floor":26.0,"key":"Oddly Smooth Stone"},{"floor":29.0,"key":"Bottled Flame"},{"floor":29.0,"key":"Toxic Egg 2"},{"floor":31.0,"key":"Art of War"},{"floor":31.0,"key":"Matryoshka"},{"floor":36.0,"key":"Mango"},{"floor":40.0,"key":"MealTicket"},{"floor":40.0,"key":"WingedGreaves"},{"floor":42.0,"key":"Gambling Chip"},{"floor":42.0,"key":"Singing Bowl"},{"floor":43.0,"key":"Nunchaku"},{"floor":43.0,"key":"Ancient Tea Set"},{"floor":45,"key":"Molten Egg 2"},{"floor":45,"key":"Bottled Tornado"},{"floor":47,"key":"Shuriken"},{"floor":47,"key":"CeramicFish"},{"floor":48,"key":"Gremlin Horn"},{"floor":48,"key":"Blue Candle"}],"event_choices":[{"damage_healed":0.0,"max_hp_gain":0.0,"max_hp_loss":0.0,"gold_gain":0.0,"event_name":"Big Fish","player_choice":"Box","floor":2.0,"gold_loss":0.0,"damage_taken":0.0,"relics_obtained":["Vajra"],"cards_obtained":["Regret"]},{"damage_healed":0.0,"max_hp_gain":0.0,"max_hp_loss":0.0,"gold_gain":0.0,"event_name":"Accursed Blacksmith","player_choice":"Forge","floor":12.0,"gold_loss":0.0,"damage_taken":0.0,"cards_upgraded":["Neutralize"]},{"damage_healed":0.0,"max_hp_gain":0.0,"max_hp_loss":0.0,"gold_gain":0.0,"event_name":"The Mausoleum","player_choice":"Opened","floor":22.0,"gold_loss":0.0,"damage_taken":0.0,"relics_obtained":["Darkstone Periapt"],"cards_obtained":["Writhe"]},{"damage_healed":0.0,"max_hp_gain":5.0,"max_hp_loss":0.0,"gold_gain":0.0,"event_name":"Forgotten Altar","player_choice":"Shed Blood","floor":25.0,"gold_loss":0.0,"damage_taken":19.0},{"damage_healed":0.0,"max_hp_gain":0.0,"max_hp_loss":0.0,"gold_gain":0.0,"event_name":"MindBloom","player_choice":"Fight","floor":36.0,"gold_loss":0.0,"damage_taken":0.0}],"is_beta":false,"boss_relics":[{"not_picked":["Velvet Choker","SlaversCollar"],"picked":"Black Star"},{"not_picked":["Runic Pyramid","Tiny House"],"picked":"Busted Crown"}],"items_purged_floors":[5,37],"is_endless":false,"potions_floor_spawned":[3,10,16,23,28,33,38,40,42,45,47],"ascension_level":10}}