{"host":"xgqwa2cjscfjjyjh","time":1614199139,"event":{"mods":["BaseMod","BetterRewards","Colored Powertips","Minty Spire (QoL Compilation)","Permanent Neow"],"gold_per_floor":[111,131,149,69,81,114,126,154,180,180,180,194,224,35,35,139,139,158,178,178,128,143,172,185,220,220,231,53,53,53,153,153,252,252,263,281,281,292,307,334,334,334,361,20,40,56,56,56,56,56],"floor_reached":51,"language":"ENG","playtime":2576,"items_purged":[],"score":1189,"play_id":"e35d729b-ec28-4f52-b825-c3ae58dc0e2b","local_time":"20210224143859","is_ascension_mode":false,"campfire_choices":[{"data":"Rainbow","floor":15,"key":"SMITH"},{"data":"Storm","floor":32,"key":"SMITH"},{"data":"Rainbow","floor":41,"key":"SMITH"},{"data":"Turbo","floor":49,"key":"SMITH"}],"circlet_count":0,"master_deck":["Strike_B","Strike_B","Strike_B","Defend_B","Defend_B","Defend_B","Zap","Dualcast","White Noise","Static Discharge","Ball Lightning","Fusion","Glacier","Fusion","Defragment","Rainbow+1","Redo","Storm+1","Redo","Parasite","Cold Snap","All For One","Blizzard","Reboot","Sunder","Coolheaded+1","Injury","Barrage","Loop","Creative AI","Panache","Normality","Doom and Gloom","Rainbow+1","Turbo+1","Writhe","Compile Driver+1","Aggregate+1","Echo Form+1","PanicButton","Clumsy","All For One","Tempest","Force Field+1","Parasite","Decay"],"relics":["Cracked Core","WingedGreaves","Boot","Pear","Snecko Eye","Nunchaku","Tiny Chest","Oddly Smooth Stone","Meat on the Bone","Happy Flower","Cursed Key","Darkstone Periapt","Omamori","Toy Ornithopter","HornCleat","InkBottle","Eternal Feather","CaptainsWheel","White Beast Statue","SlaversCollar","Dead Branch","Orichalcum","Anchor","Thread and Needle"],"acts_visited":["Exordium","TheCity","TheBeyond"],"potions_floor_usage":[31,33,40,40],"damage_taken":[{"damage":0,"enemies":"Cultist","floor":1,"turns":2},{"damage":6,"enemies":"Small Slimes","floor":2,"turns":3},{"damage":1,"enemies":"Jaw Worm","floor":3,"turns":2},{"damage":16,"enemies":"Exordium Thugs","floor":5,"turns":5},{"damage":13,"enemies":"3 Sentries","floor":6,"turns":7},{"damage":0,"enemies":"Exordium Wildlife","floor":7,"turns":2},{"damage":0,"enemies":"Lagavulin","floor":8,"turns":4},{"damage":5,"enemies":"3 Louse","floor":12,"turns":4},{"damage":0,"enemies":"Gremlin Nob","floor":13,"turns":3},{"damage":12,"enemies":"Hexaghost","floor":16,"turns":7},{"damage":10,"enemies":"Chosen","floor":18,"turns":4},{"damage":3,"enemies":"Spheric Guardian","floor":19,"turns":3},{"damage":5,"enemies":"Shelled Parasite and Fungi","floor":22,"turns":5},{"damage":40,"enemies":"Slavers","floor":23,"turns":5},{"damage":2,"enemies":"Snecko","floor":24,"turns":3},{"damage":21,"enemies":"Book of Stabbing","floor":25,"turns":4},{"damage":0,"enemies":"Sentry and Sphere","floor":27,"turns":4},{"damage":31,"enemies":"Colosseum Slavers","floor":31,"turns":4},{"damage":2,"enemies":"Colosseum Nobs","floor":31,"turns":4},{"damage":53,"enemies":"Collector","floor":33,"turns":9},{"damage":21,"enemies":"Orb Walker","floor":35,"turns":5},{"damage":31,"enemies":"3 Darklings","floor":36,"turns":4},{"damage":1,"enemies":"4 Shapes","floor":38,"turns":5},{"damage":14,"enemies":"Spire Growth","floor":39,"turns":4},{"damage":65,"enemies":"Giant Head","floor":40,"turns":7},{"damage":0,"enemies":"Jaw Worm Horde","floor":45,"turns":5},{"damage":0,"enemies":"Writhing Mass","floor":46,"turns":4},{"damage":33,"enemies":"Donu and Deca","floor":50,"turns":6}],"seed_played":"-1148142628974824635","potions_obtained":[{"floor":1,"key":"Weak Potion"},{"floor":3,"key":"Explosive Potion"},{"floor":5,"key":"LiquidMemories"},{"floor":16,"key":"FairyPotion"},{"floor":27,"key":"EssenceOfDarkness"},{"floor":31,"key":"DistilledChaos"},{"floor":33,"key":"Fire Potion"},{"floor":40,"key":"Dexterity Potion"},{"floor":45,"key":"FocusPotion"}],"is_trial":false,"path_per_floor":["M","M","M","$","M","E","M","E","T","?","?","M","E","$","R","B",null,"M","M","T","?","M","E","M","E","T","M","$","T","T","?","R","B",null,"M","M","?","M","M","E","R","?","T","$","M","M","T","?","R","B",null],"character_chosen":"DEFECT","items_purchased":["Static Discharge","Ball Lightning","Defragment","Happy Flower","Blizzard","Panache","All For One","Tempest","Anchor"],"campfire_rested":0,"item_purchase_floors":[0,0,4,14,14,28,44,44,44],"current_hp_per_floor":[52,46,45,45,29,16,16,16,16,37,37,32,32,32,32,32,85,75,72,72,72,67,39,49,40,40,52,52,52,58,54,72,36,91,70,51,80,79,65,22,43,43,49,49,61,67,73,73,100,67],"gold":56,"neow_bonus":"","is_daily":false,"chose_seed":false,"campfire_upgraded":4,"win_rate":0.0,"timestamp":1614199139,"path_taken":["M","M","M","?","?","E","M","E","T","?","?","?","E","$","R","BOSS","M","M","?","?","M","E","?","E","T","M","$","?","?","?","R","BOSS","M","M","?","M","M","E","R","?","T","$","M","M","?","?","R","BOSS"],"items_purchased_type":["Card","Card","Card","Relic","Card","Card","Card","Card","Relic"],"build_version":"2020-12-22","purchased_purges":0,"victory":true,"max_hp_per_floor":[85,85,85,85,85,85,85,85,85,85,85,85,85,85,85,85,85,85,85,85,85,85,85,85,85,85,85,85,85,91,91,91,91,91,91,91,97,97,97,97,97,97,103,103,103,109,115,115,115,115],"card_choices":[{"not_picked":["Stack","Streamline"],"picked":"Fusion","floor":1},{"not_picked":["Rebound","Conserve Battery"],"picked":"Glacier","floor":2},{"not_picked":["Leap","Barrage"],"picked":"Fusion","floor":3},{"not_picked":["Aggregate","Leap"],"picked":"Rainbow","floor":5},{"not_picked":["Skim","Coolheaded"],"picked":"Redo","floor":6},{"not_picked":["Sweeping Beam","Rebound"],"picked":"Storm","floor":7},{"not_picked":["Force Field","Aggregate"],"picked":"Redo","floor":8},{"not_picked":["Meteor Strike","Skim"],"picked":"Cold Snap","floor":12},{"not_picked":["Cold Snap","Conserve Battery"],"picked":"All For One","floor":13},{"not_picked":["Electrodynamics","All For One"],"picked":"Reboot","floor":16},{"not_picked":["Go for the Eyes","Beam Cell+1"],"picked":"Sunder","floor":18},{"not_picked":["Genetic Algorithm+1","Streamline"],"picked":"Coolheaded+1","floor":19},{"not_picked":["Hologram","Sweeping Beam"],"picked":"Barrage","floor":22},{"not_picked":["Hologram+1","Rebound","Streamline"],"picked":"SKIP","floor":23},{"not_picked":["Conserve Battery","Leap+1"],"picked":"Loop","floor":24},{"not_picked":["Buffer","Static Discharge+1"],"picked":"Creative AI","floor":25},{"not_picked":["Gash","Streamline","Conserve Battery"],"picked":"SKIP","floor":27},{"not_picked":["Streamline","Scrape+1"],"picked":"Doom and Gloom","floor":31},{"not_picked":["Core Surge","Hyperbeam"],"picked":"Rainbow","floor":33},{"not_picked":["Steam Power","Hologram"],"picked":"Turbo","floor":35},{"not_picked":["Steam","Streamline","Rip and Tear"],"picked":"SKIP","floor":36},{"not_picked":["Go for the Eyes+1","Self Repair"],"picked":"Compile Driver+1","floor":38},{"not_picked":["Coolheaded+1","Rebound"],"picked":"Aggregate+1","floor":39},{"not_picked":["Steam Power","Rebound+1"],"picked":"Echo Form","floor":40},{"not_picked":["Secret Weapon","Transmutation"],"picked":"PanicButton","floor":42},{"not_picked":["Conserve Battery+1","Streamline+1"],"picked":"Force Field+1","floor":45},{"not_picked":["Beam Cell+1","Leap+1","Coolheaded"],"picked":"SKIP","floor":46}],"player_experience":50517,"relics_obtained":[{"floor":6,"key":"Nunchaku"},{"floor":8,"key":"Tiny Chest"},{"floor":9,"key":"Oddly Smooth Stone"},{"floor":13,"key":"Meat on the Bone"},{"floor":20,"key":"Darkstone Periapt"},{"floor":23,"key":"Omamori"},{"floor":25,"key":"Toy Ornithopter"},{"floor":26,"key":"HornCleat"},{"floor":29,"key":"InkBottle"},{"floor":30,"key":"Eternal Feather"},{"floor":31,"key":"CaptainsWheel"},{"floor":31,"key":"White Beast Statue"},{"floor":40,"key":"Dead Branch"},{"floor":43,"key":"Orichalcum"},{"floor":47,"key":"Thread and Needle"}],"event_choices":[{"damage_healed":21,"gold_gain":0,"player_choice":"Healed and dodged fight","damage_taken":0,"max_hp_gain":0,"max_hp_loss":0,"event_name":"Mushrooms","floor":10,"gold_loss":0,"cards_obtained":["Parasite"]},{"cards_removed":["Strike_B"],"damage_healed":0,"gold_gain":0,"player_choice":"Card Removal","damage_taken":0,"max_hp_gain":0,"max_hp_loss":0,"event_name":"Wheel of Change","floor":11,"gold_loss":0},{"damage_healed":0,"gold_gain":0,"player_choice":"Bet on Murderer","damage_taken":0,"max_hp_gain":0,"max_hp_loss":0,"event_name":"The Joust","floor":21,"gold_loss":50},{"damage_healed":0,"gold_gain":0,"player_choice":"Fight","damage_taken":0,"max_hp_gain":0,"max_hp_loss":0,"event_name":"Colosseum","floor":31,"gold_loss":0},{"damage_healed":0,"gold_gain":0,"player_choice":"Fought Nobs","damage_taken":0,"max_hp_gain":0,"max_hp_loss":0,"event_name":"Colosseum","floor":31,"gold_loss":0},{"damage_healed":23,"gold_gain":0,"player_choice":"Writhe","damage_taken":0,"max_hp_gain":0,"max_hp_loss":0,"event_name":"Winding Halls","floor":37,"gold_loss":0,"cards_obtained":["Writhe"]},{"damage_healed":0,"gold_gain":0,"player_choice":"Memory 1","damage_taken":0,"max_hp_gain":0,"max_hp_loss":0,"event_name":"SensoryStone","floor":42,"gold_loss":0},{"damage_healed":0,"gold_gain":0,"player_choice":"Upgraded","damage_taken":0,"max_hp_gain":0,"max_hp_loss":0,"event_name":"Upgrade Shrine","floor":48,"gold_loss":0,"cards_upgraded":["Echo Form"]}],"is_beta":false,"boss_relics":[{"not_picked":["Runic Dome","Tiny House"],"picked":"Cursed Key"},{"not_picked":["Astrolabe","FrozenCore"],"picked":"SlaversCollar"}],"items_purged_floors":[],"is_endless":false,"potions_floor_spawned":[1,3,5,16,18,19,27,31,33,35,36,38,39,40,45,46],"ascension_level":0}}