{"host":"5h6e4l6hpn0p5lap","time":1614193974,"event":{"mods":["AchievementEnabler","BaseMod","Better Altar","Better Match","Better Sensory Stone","Better Skull","Better Third Choice","Colored Map","Filter the Spire","Minty Spire (QoL Compilation)","StSLib"],"gold_per_floor":[117,117,292,308,326,326,95,120,145,145,24,38,65,65,65,164,164,182,182,182,194,212,212,227,227,250,250,268,41,57,77,77,77,77],"floor_reached":33,"language":"ENG","playtime":1175,"items_purged":["Strike_G"],"score":386,"play_id":"6949bee9-ab44-4fbd-8627-21fc8f807cf7","local_time":"20210224141254","is_ascension_mode":true,"campfire_choices":[{"data":"Flechettes","floor":6,"key":"SMITH"},{"floor":10,"key":"REST"},{"data":"Bane","floor":15,"key":"SMITH"},{"data":"Dash","floor":23,"key":"SMITH"},{"floor":32,"key":"REST"}],"circlet_count":0,"master_deck":["AscendersBane","Strike_G","Strike_G","Strike_G","Strike_G+1","Defend_G","Defend_G","Defend_G","Defend_G","Defend_G","Survivor","Neutralize+1","Dash+1","Flechettes+1","Deadly Poison","Bane+1","Noxious Fumes","Sucker Punch","Bane","Backstab","Deadly Poison","Adrenaline","Acrobatics+1","Blur","Caltrops","Catalyst","Tactician","Phantasmal Killer"],"relics":["Ring of the Snake","MealTicket","Juzu Bracelet","Tiny Chest","Lantern","Runic Pyramid","PreservedInsect","Omamori","Whetstone"],"acts_visited":["Exordium","TheCity"],"potions_floor_usage":[16,22,28],"damage_taken":[{"damage":2,"enemies":"2 Louse","floor":1,"turns":3},{"damage":4,"enemies":"Small Slimes","floor":4,"turns":5},{"damage":2,"enemies":"Cultist","floor":5,"turns":4},{"damage":28,"enemies":"Lagavulin","floor":8,"turns":7},{"damage":0,"enemies":"Blue Slaver","floor":12,"turns":3},{"damage":18,"enemies":"Gremlin Nob","floor":13,"turns":4},{"damage":40,"enemies":"Slime Boss","floor":16,"turns":8},{"damage":20,"enemies":"Shell Parasite","floor":18,"turns":5},{"damage":0,"enemies":"Chosen","floor":21,"turns":3},{"damage":19,"enemies":"Snecko","floor":22,"turns":5},{"damage":4,"enemies":"Cultist and Chosen","floor":24,"turns":6},{"damage":13,"enemies":"Snake Plant","floor":28,"turns":4},{"damage":4,"enemies":"Centurion and Healer","floor":30,"turns":6},{"damage":0,"enemies":"Snecko","floor":31,"turns":6},{"damage":83,"enemies":"Champ","floor":33,"turns":9}],"seed_played":"-1823355976652987934","potions_obtained":[{"floor":1,"key":"LiquidBronze"},{"floor":13,"key":"LiquidMemories"},{"floor":16,"key":"Energy Potion"},{"floor":18,"key":"Dexterity Potion"},{"floor":24,"key":"Fire Potion"},{"floor":30,"key":"Explosive Potion"}],"is_trial":false,"path_per_floor":["M","?","?","M","M","R","$","E","T","R","$","M","E","$","R","B",null,"M","?","?","M","M","R","M","?","T","T","M","$","M","M","R","B"],"character_chosen":"THE_SILENT","items_purchased":["Deadly Poison","Bane","Noxious Fumes","Bane","Backstab","Catalyst","Whetstone"],"campfire_rested":2,"item_purchase_floors":[7,7,7,11,11,29,29],"current_hp_per_floor":[61,61,61,57,55,55,70,42,42,63,70,70,52,67,67,27,59,39,39,62,62,43,43,39,39,39,39,26,41,37,37,58,0,0],"gold":77,"neow_bonus":"RANDOM_COMMON_RELIC","is_daily":false,"chose_seed":false,"campfire_upgraded":3,"win_rate":0.0,"timestamp":1614193974,"path_taken":["M","?","?","M","M","R","$","E","T","R","$","M","E","$","R","BOSS","M","?","?","M","M","R","M","?","T","?","M","$","M","M","R","BOSS"],"items_purchased_type":["Card","Card","Card","Card","Card","Card","Relic"],"build_version":"2020-12-22","purchased_purges":1,"victory":false,"max_hp_per_floor":[70,70,70,70,70,70,70,70,70,70,70,70,70,70,70,70,70,70,70,70,70,70,70,70,70,70,70,70,70,70,70,70,70,70],"card_choices":[{"not_picked":["Caltrops","Acrobatics"],"picked":"Dash","floor":1},{"not_picked":["Underhanded Strike","Flying Knee"],"picked":"Flechettes","floor":4},{"not_picked":["Prepared","Choke","Expertise"],"picked":"SKIP","floor":5},{"not_picked":["Choke","Dash"],"picked":"Sucker Punch","floor":8},{"not_picked":["Blade Dance","Concentrate","Masterful Stab"],"picked":"SKIP","floor":12},{"not_picked":["Blade Dance","Outmaneuver"],"picked":"Deadly Poison","floor":13},{"not_picked":["Venomology","Doppelganger"],"picked":"Adrenaline","floor":16},{"not_picked":["Outmaneuver","Blade Dance","Cloak And Dagger"],"picked":"SKIP","floor":18},{"not_picked":["Bouncing Flask","Calculated Gamble"],"picked":"Acrobatics+1","floor":21},{"not_picked":["Prepared","Concentrate"],"picked":"Blur","floor":22},{"not_picked":["Quick Slash","Bane"],"picked":"Caltrops","floor":24},{"not_picked":["Tactician","Flying Knee","Bane"],"picked":"SKIP","floor":28},{"not_picked":["Prepared","Slice"],"picked":"Tactician","floor":30},{"not_picked":["Cloak And Dagger+1","Eviscerate"],"picked":"Phantasmal Killer","floor":31}],"player_experience":1170080,"relics_obtained":[{"floor":8,"key":"Juzu Bracelet"},{"floor":9,"key":"Tiny Chest"},{"floor":13,"key":"Lantern"},{"floor":26,"key":"PreservedInsect"},{"floor":27,"key":"Omamori"}],"event_choices":[{"damage_healed":0,"gold_gain":0,"player_choice":"Leave","damage_taken":0,"max_hp_gain":0,"max_hp_loss":0,"event_name":"The Cleric","floor":2,"gold_loss":0},{"damage_healed":0,"gold_gain":175,"player_choice":"AGREE","damage_taken":117,"max_hp_gain":0,"max_hp_loss":0,"event_name":"betterThird:BetterSerpent","floor":3,"gold_loss":0},{"damage_healed":0,"gold_gain":0,"player_choice":"Ignored","damage_taken":0,"max_hp_gain":0,"max_hp_loss":0,"event_name":"Ghosts","floor":19,"gold_loss":0},{"damage_healed":23,"gold_gain":0,"player_choice":"Heal","damage_taken":0,"max_hp_gain":0,"max_hp_loss":0,"event_name":"The Library","floor":20,"gold_loss":0},{"cards_removed":["Doubt"],"damage_healed":0,"gold_gain":0,"player_choice":"Removed Curses","damage_taken":0,"max_hp_gain":0,"max_hp_loss":0,"event_name":"Fountain of Cleansing","floor":25,"gold_loss":0}],"is_beta":false,"boss_relics":[{"not_picked":["Runic Dome","Philosopher\u0027s Stone"],"picked":"Runic Pyramid"}],"items_purged_floors":[7],"is_endless":false,"potions_floor_spawned":[1,13,16,18,24,30],"killed_by":"Champ","ascension_level":10}}