{"host":"bfl8rxlrl76yv1xr","time":1614153501,"event":{"mods":["Aspiration","BaseMod","Better-Laid Plans","Bossed Relics","Colored Map","Downfall","Gremlin Mod","Hermit","Koishi","Marisa£®ÏF”Í°°ƒß¿Ì…≥£©","Minty Spire (QoL Compilation)","Reimu£®≤©¿ˆ¡È√Œ£©","Remilia£®¿Ÿ√◊¿Ú—«£©","Robot Space Explorer","StSLib","The Alterego","The Hierophant","The Jungle","The Runesmith","The Senshi","The Servant 0.9.4","UnlockEverythingMod","Yakumo Yukari mod","Youmu£®ªÍ∆«—˝√Œ£©","≤–¡Ù÷ÆŒÔ"],"gold_per_floor":[115,128,53,73,88,88,108,108,108,123,152,152,167,192,204,318,330,330],"floor_reached":17,"language":"ZHS","playtime":1616,"items_purged":["PlaceholderMod:BaseStrike"],"score":169,"play_id":"75102ed4-93e2-45d3-af93-7d3e57487a04","local_time":"20210224155821","is_ascension_mode":false,"campfire_choices":[{"data":"PlaceholderMod:Corrosion","floor":6.0,"key":"SMITH"},{"data":"PlaceholderMod:SprayAttack","floor":8.0,"key":"SMITH"},{"data":"PlaceholderMod:ChainPoly","floor":12.0,"key":"SMITH"},{"data":"PlaceholderMod:EvolutionSpray","floor":15.0,"key":"SMITH"}],"circlet_count":0,"master_deck":["PlaceholderMod:BaseStrike","PlaceholderMod:BaseStrike","PlaceholderMod:BaseStrike","PlaceholderMod:BaseStrike","PlaceholderMod:BaseDefend","PlaceholderMod:BaseDefend","PlaceholderMod:BaseDefend","PlaceholderMod:BaseDefend","PlaceholderMod:BaseDefend","PlaceholderMod:Crystal","PlaceholderMod:PoisonWhip","PlaceholderMod:TriggerStrike","PlaceholderMod:Corrosion+1","PlaceholderMod:SprayAttack+1","PlaceholderMod:HealingAttack","PlaceholderMod:ChainPoly+1","PlaceholderMod:CorePoison","PlaceholderMod:StrongAcid","PlaceholderMod:EvolutionSpray+1","PlaceholderMod:PericyclicReaction","CurseOfTheBell"],"relics":["PlaceholderMod:Tancle","hexamod:BolsterEngine","MawBank","Calling Bell","Potion Belt","InkBottle","Calipers"],"acts_visited":["Exordium","TheCity"],"potions_floor_usage":[],"damage_taken":[{"damage":1.0,"enemies":"Cultist","floor":1.0,"turns":3.0},{"damage":2.0,"enemies":"2 Louse","floor":2.0,"turns":3.0},{"damage":1.0,"enemies":"Jaw Worm","floor":4.0,"turns":3.0},{"damage":2.0,"enemies":"Exordium Thugs","floor":5.0,"turns":5.0},{"damage":0.0,"enemies":"Blue Slaver","floor":7.0,"turns":2.0},{"damage":6.0,"enemies":"Lots of Slimes","floor":10.0,"turns":4.0},{"damage":6.0,"enemies":"Gremlin Nob","floor":11.0,"turns":3.0},{"damage":0.0,"enemies":"Looter","floor":13.0,"turns":3.0},{"damage":2.0,"enemies":"3 Sentries","floor":14.0,"turns":8.0},{"damage":8.0,"enemies":"Slime Boss","floor":16.0,"turns":12.0}],"seed_played":"-1633460818423164658","potions_obtained":[{"floor":2.0,"key":"EssenceOfSteel"},{"floor":4.0,"key":"Fire Potion"},{"floor":5.0,"key":"EntropicBrew"},{"floor":13.0,"key":"PlaceholderMod:PlaceholderPotion"}],"is_trial":false,"path_per_floor":["M","M","$","M","M","R","M","R","T","M","E","R","M","E","R","B",null],"character_chosen":"THE_PLACEHOLDER","items_purchased":[],"campfire_rested":0,"item_purchase_floors":[],"current_hp_per_floor":[84,82,82,81,79,79,79,79,79,82,81,81,85,85,85,77,85,85],"gold":330,"neow_bonus":"TEN_PERCENT_HP_BONUS","is_daily":false,"chose_seed":false,"campfire_upgraded":4,"win_rate":0.0,"timestamp":1614153501,"path_taken":["M","M","?","M","M","R","M","R","T","?","E","R","M","E","R","BOSS"],"items_purchased_type":[],"build_version":"2020-12-22","purchased_purges":1,"victory":false,"max_hp_per_floor":[85,85,85,85,85,85,85,85,85,85,85,85,85,85,85,85,85,85],"card_choices":[{"not_picked":["PlaceholderMod:AttackAsDefend","PlaceholderMod:DirectingGroup"],"picked":"PlaceholderMod:TriggerStrike","floor":1.0},{"not_picked":["PlaceholderMod:SelectReaction","PlaceholderMod:AngryAttack"],"picked":"PlaceholderMod:Corrosion","floor":2.0},{"not_picked":["PlaceholderMod:ChainPoly","PlaceholderMod:PoisonExcitation"],"picked":"PlaceholderMod:SprayAttack","floor":4.0},{"not_picked":["PlaceholderMod:PoisonExcitation","PlaceholderMod:MultipleOxi","PlaceholderMod:Polyp"],"picked":"SKIP","floor":5.0},{"not_picked":["PlaceholderMod:Sweep","PlaceholderMod:StrongAcid"],"picked":"PlaceholderMod:HealingAttack","floor":7.0},{"not_picked":["PlaceholderMod:Internalization","PlaceholderMod:HornyBlast"],"picked":"PlaceholderMod:ChainPoly","floor":10.0},{"not_picked":["PlaceholderMod:Polyp","PlaceholderMod:HornyBlast"],"picked":"PlaceholderMod:CorePoison","floor":11.0},{"not_picked":["PlaceholderMod:SeverePoisonStrike","PlaceholderMod:ProliferateStrike"],"picked":"PlaceholderMod:StrongAcid","floor":13.0},{"not_picked":["PlaceholderMod:FastReaction","PlaceholderMod:Colorful"],"picked":"PlaceholderMod:EvolutionSpray","floor":14.0},{"not_picked":["PlaceholderMod:FinalSpray","PlaceholderMod:MultiReaction"],"picked":"PlaceholderMod:PericyclicReaction","floor":16.0}],"player_experience":74305,"relics_obtained":[{"floor":11.0,"key":"hexamod:BolsterEngine"},{"floor":14.0,"key":"MawBank"},{"floor":17,"key":"Potion Belt"},{"floor":17,"key":"InkBottle"},{"floor":17,"key":"Calipers"}],"event_choices":[],"is_beta":false,"boss_relics":[{"not_picked":["Busted Crown","expansioncontent:StudyCardRelic"],"picked":"Calling Bell"}],"items_purged_floors":[3],"is_endless":false,"potions_floor_spawned":[2,4,5,13],"ascension_level":0}}