{"host":"a3oe3gstxz77c7qu","time":1614198759,"event":{"mods":["2.2 Compatiblity","Act Like it!","Astrologer","BaseMod","Bestiary","Better Altar","Better Match","Better Note","Better Skull","Better Third Choice","Block Reminder","Curses Come First","Custom Start","Dark Map","Friendly Minions","GifTheSpireLib","Hallownest","Hermit","Jorbs\u0027s Wanderer Trilogy","Library of Ruina","Lobotomy","LobotomyExtend","Marisa????????","Minty Spire (QoL Compilation)","Permanent Neow","Quick Restart","Relic Filter Mod","Relic Stats","Ruina","Smile Girya","Spire Arcade","StSLib","The Bug Knight","The Cursed","The Disciple","Uncapped","Unknown Chances"],"gold_per_floor":[114,114,131,142,161,193,193,193,193,213,226,239,239,274,274,370,370,390,340,51,67,86,86,11,11,57,76,76,76,76,76,76,181,181,192,47,47,147,18,18,33,33,33,33,33,33,50,50,50,50,50],"floor_reached":50,"language":"ENG","playtime":3744,"items_purged":["Clumsy","Dodge"],"score":421,"play_id":"fa48ee1d-1f3c-4101-abf4-ffc97099726e","local_time":"20210224203239","is_ascension_mode":false,"campfire_choices":[{"data":"WillOfThePrescript","floor":7.0,"key":"SMITH"},{"data":"FrontalAssault","floor":15.0,"key":"SMITH"},{"data":"Commandeering","floor":23.0,"key":"SMITH"},{"data":"IdentifyWeakpoint","floor":25.0,"key":"SMITH"},{"data":"EnergyCycle","floor":30.0,"key":"SMITH"},{"data":"GaleKick","floor":32.0,"key":"SMITH"},{"data":"TrashDisposal","floor":40.0,"key":"SMITH"},{"data":"ChargeAndCover","floor":42.0,"key":"SMITH"},{"data":"Deep Breath","floor":49,"key":"SMITH"}],"circlet_count":0,"master_deck":["LightDefense","LightAttack","LightAttack","LightDefense","LightDefense","LightDefense","ChargeAndCover+1","FocusedStrikes","Funeral","WillOfThePrescript+1","GaleKick+1","EnergyCycle+1","FieryBird","DreamingCurrent","UniverseFragment","IdentifyWeakpoint+1","Commandeering+1","Leap_lor+1","Funeral","AGoldenOpportunity+1","TimeForALittleTest+1","WallGazer","BlackArmy","EndlessBattle+1","TrashDisposal+1","TheCursedMod:Dregs","Deep Breath+1","Wraith","Parasite","LongBird"],"relics":["PageOfLibrarian","CogitoBucket","RabbitCall","LetterFromLob","HollowMod:StagPassRelic","Mercury Hourglass","Bag of Marbles","Odd Mushroom","AspirationHeart","Vajra","PageOfBlackSwan","ruina:FalsePresent","DollysMirror","LuminousBracelet","Juzu Bracelet","Cursed Key","Membership Card","PageOfSpiderBud","AtMidnight","BehaviorAdjustment","Molten Egg 2"],"acts_visited":["Exordium","Exordium","TheBeyond"],"potions_floor_usage":[50,50],"damage_taken":[{"damage":0.0,"enemies":"Cultist","floor":1.0,"turns":3.0},{"damage":0.0,"enemies":"Jaw Worm","floor":3.0,"turns":4.0},{"damage":0.0,"enemies":"2 Louse","floor":4.0,"turns":3.0},{"damage":0.0,"enemies":"Blue Slaver","floor":5.0,"turns":6.0},{"damage":40.0,"enemies":"Lagavulin","floor":6.0,"turns":12.0},{"damage":1.0,"enemies":"The Mushroom Lair","floor":10.0,"turns":1.0},{"damage":0.0,"enemies":"2 Fungi Beasts","floor":11.0,"turns":1.0},{"damage":0.0,"enemies":"Lots of Slimes","floor":12.0,"turns":1.0},{"damage":36.0,"enemies":"Gremlin Nob","floor":14.0,"turns":4.0},{"damage":99.0,"enemies":"Hexaghost","floor":16.0,"turns":18.0},{"damage":0.0,"enemies":"ruina:2_Scarecrows","floor":18.0,"turns":9.0},{"damage":93.0,"enemies":"ruina:3_Bats","floor":21.0,"turns":12.0},{"damage":3.0,"enemies":"ruina:KingOfGreed","floor":22.0,"turns":6.0},{"damage":2.0,"enemies":"ruina:KnightOfDespair","floor":27.0,"turns":3.0},{"damage":212.0,"enemies":"ruina:Ozma","floor":33.0,"turns":27.0},{"damage":6.0,"enemies":"3 Shapes","floor":35.0,"turns":6.0},{"damage":189.0,"enemies":"Orb Walker","floor":41.0,"turns":15.0},{"damage":11,"enemies":"Writhing Mass","floor":47,"turns":6},{"damage":83,"enemies":"Awakened One","floor":50,"turns":4}],"seed_played":"3096068096510936637","potions_obtained":[{"floor":4.0,"key":"DistilledChaos"},{"floor":6.0,"key":"ColorlessPotion"},{"floor":11.0,"key":"LiquidBronze"},{"floor":19.0,"key":"PowerPotion"},{"floor":22.0,"key":"DistilledChaos"},{"floor":33.0,"key":"SteroidPotion"},{"floor":47,"key":"Block Potion"}],"is_trial":false,"path_per_floor":["M","?","M","M","M","E","R","M","T","?","M","M","?","E","R","B",null,"M","?","$","M","M","R","?","R","T","M","?","?","R","?","R","B",null,"M","$","?","?","$","R","M","R","T","?","?","?","M","$","R","B"],"character_chosen":"Librarian","items_purchased":["DollysMirror","AGoldenOpportunity","Membership Card","PageOfSpiderBud"],"campfire_rested":0,"item_purchase_floors":[20,20,36,39],"current_hp_per_floor":[60,60,62,63,52,34,34,34,34,33,50,56,61,37,37,66,216,104,100,100,89,95,95,95,95,95,75,87,87,87,87,87,67,238,97,97,97,97,97,97,238,238,238,228,228,228,98,98,98,0,0],"gold":50,"neow_bonus":"","is_daily":false,"chose_seed":false,"campfire_upgraded":9,"win_rate":0.0,"timestamp":1614198759,"path_taken":["M","?","?","M","M","E","R","M","T","?","M","M","?","E","R","BOSS","M","?","$","M","M","R","?","R","T","M","?","?","R","?","R","BOSS","M","$","?","?","$","R","M","R","T","?","?","?","M","?","R","BOSS"],"items_purchased_type":["Relic","Card","Relic","Relic"],"build_version":"2020-12-22","purchased_purges":2,"victory":false,"max_hp_per_floor":[67,67,78,201,201,201,201,201,201,201,211,211,216,216,216,216,216,216,211,211,226,226,226,226,226,226,226,238,238,238,238,238,238,238,238,238,238,238,238,238,238,238,238,238,238,238,238,238,238,238,238],"relic_stats":{"counters":[23,144],"Juzu Bracelet":1,"Cursed Key":1,"obtain_stats":[{"RabbitCall":0,"Vajra":14,"LuminousBracelet":21,"Juzu Bracelet":26,"HollowMod:StagPassRelic":2,"Cursed Key":34,"PageOfSpiderBud":39,"Frozen Eye":18,"CogitoBucket":0,"DollysMirror":20,"ruina:FalsePresent":19,"MagicBroom":9,"AspirationHeart":11,"Odd Mushroom":10,"Mercury Hourglass":6,"PageOfLibrarian":0,"PageOfBlackSwan":17,"Busted Crown":34,"AtMidnight":41,"Molten Egg 2":43,"BehaviorAdjustment":41,"LetterFromLob":1,"Bag of Marbles":9,"Membership Card":36,"StrikeDummy":9},{"RabbitCall":0,"Vajra":10,"LuminousBracelet":14,"Juzu Bracelet":15,"HollowMod:StagPassRelic":1,"Cursed Key":17,"PageOfSpiderBud":18,"Frozen Eye":11,"CogitoBucket":0,"DollysMirror":12,"ruina:FalsePresent":12,"MagicBroom":5,"AspirationHeart":8,"Odd Mushroom":6,"Mercury Hourglass":5,"PageOfLibrarian":0,"PageOfBlackSwan":11,"Busted Crown":17,"AtMidnight":20,"Molten Egg 2":20,"BehaviorAdjustment":20,"LetterFromLob":1,"Bag of Marbles":5,"Membership Card":18,"StrikeDummy":5},{"RabbitCall":0,"Vajra":36,"LuminousBracelet":76,"Juzu Bracelet":82,"HollowMod:StagPassRelic":3,"Cursed Key":112,"PageOfSpiderBud":117,"Frozen Eye":54,"CogitoBucket":0,"DollysMirror":63,"ruina:FalsePresent":63,"MagicBroom":28,"AspirationHeart":31,"Odd Mushroom":29,"Mercury Hourglass":28,"PageOfLibrarian":0,"PageOfBlackSwan":54,"Busted Crown":112,"AtMidnight":133,"Molten Egg 2":133,"BehaviorAdjustment":133,"LetterFromLob":3,"Bag of Marbles":28,"Membership Card":117,"StrikeDummy":28}],"Mercury Hourglass":[669]},"card_choices":[{"not_picked":["Rewind","Ripple","ReadyUp"],"picked":"GreatSerpentsImpact","floor":1.0},{"not_picked":["Laetitia","SpiderBud","ShyLook"],"picked":"Singing Bowl","floor":1.0},{"not_picked":["FairyFestival","Rudolta"],"picked":"Funeral","floor":1.0},{"not_picked":["Standoff","Leap_lor","RushDown"],"picked":"WillOfThePrescript","floor":3.0},{"not_picked":["Wellcheers","OldLady","Alriune"],"picked":"Singing Bowl","floor":3.0},{"not_picked":["DesperateStruggle","VioletBlade","IronWall"],"picked":"GaleKick","floor":4.0},{"not_picked":["DreamingCurrent","Murderer","HeroicMonk"],"picked":"Singing Bowl","floor":4.0},{"not_picked":["Outburst","DesperateStruggle","SunsetBlade"],"picked":"EnergyCycle","floor":5.0},{"not_picked":["PunishingBird","CrumblingArmor"],"picked":"FieryBird","floor":5.0},{"not_picked":["LittleHelper","CrumblingArmor","Scorched"],"picked":"Singing Bowl","floor":6.0},{"not_picked":["SharpSwipe","ExtractFuel","AutonomousRush","Diversion"],"picked":"SKIP","floor":6.0},{"not_picked":["Rudolta","CherryBlossoms","DreamingCurrent"],"picked":"Singing Bowl","floor":10.0},{"not_picked":["Bvapour","EndlessBattle","FleetEdge"],"picked":"FrontalAssault","floor":11.0},{"not_picked":["UniverseFragment","BeautyBeast","GreedKing"],"picked":"Singing Bowl","floor":11.0},{"not_picked":["BeautyBeast","CrumblingArmor"],"picked":"UniverseFragment","floor":12.0},{"not_picked":["SnakeSlit","SnakesPrey","SerpentSwordTechnique","VioletBlade"],"picked":"SKIP","floor":12.0},{"not_picked":["DarkCloud","RushDown","SturdyDefense"],"picked":"IdentifyWeakpoint","floor":14.0},{"not_picked":["Porccubus","PunishingBird","SpiderBud"],"picked":"Singing Bowl","floor":14.0},{"not_picked":["EnergyBeam","EmotionalTurbulence"],"picked":"Commandeering","floor":16.0},{"not_picked":["PunishingBird","MeatLantern","Bloodbath"],"picked":"Singing Bowl","floor":16.0},{"not_picked":["Faith","SunsetBlade","FlowOfTheSword"],"picked":"Leap_lor+1","floor":18.0},{"not_picked":["OldLady","CrumblingArmor","Scorched"],"picked":"Singing Bowl","floor":18.0},{"not_picked":["StrikeDown+1","WillOfThePrescript","IronWall+1"],"picked":"TimeForALittleTest+1","floor":21.0},{"not_picked":["SnowQueen","BigBadWolf","HappyTeddy"],"picked":"Singing Bowl","floor":21.0},{"not_picked":["LittlePrince","BeautyBeast","BodiesMountain"],"picked":"Singing Bowl","floor":22.0},{"not_picked":["GalaxyChild","SpiderBud"],"picked":"WallGazer","floor":22.0},{"not_picked":["HighKick","ShrineToMusic","SpearedSweep","ToWhereThePrescriptPoints"],"picked":"SKIP","floor":22.0},{"not_picked":["CENSORED","GalaxyChild"],"picked":"BlackArmy","floor":27.0},{"not_picked":["AlloutWar","Leap_lor+1","NightInTheBackstreets","GuidanceOfTheGears"],"picked":"SKIP","floor":27.0},{"not_picked":["BackAttack+1","DesperateStruggle+1","SharpSwipe+1"],"picked":"EndlessBattle+1","floor":31.0},{"not_picked":["FormingStorm","SenseQuarry"],"picked":"TrashDisposal","floor":33.0},{"not_picked":["Freischutz","CherryBlossoms","DespairKnight"],"picked":"Singing Bowl","floor":33.0},{"not_picked":["SpiderBud","Alriune","FairyFestival"],"picked":"Singing Bowl","floor":35.0},{"not_picked":["SnakesPrey","GuidanceOfTheGears","EnergyCycle+1","SparkingSpear"],"picked":"SKIP","floor":35.0},{"not_picked":["HeroicMonk","LaLuna","BodiesMountain"],"picked":"Singing Bowl","floor":41.0},{"not_picked":["Standoff","EndlessBattle+1","SnakesPrey","VenomousFangs"],"picked":"SKIP","floor":41.0},{"not_picked":["HandOfGreed+1","Panache","Panacea"],"picked":"Deep Breath","floor":44.0},{"not_picked":["Thinking Ahead","Violence","PanicButton"],"picked":"Dramatic Entrance+1","floor":44.0},{"not_picked":["LittleHelper","SnowQueen"],"picked":"LongBird","floor":47},{"not_picked":["UncannyStrike+1","DesperateStruggle+1","EndlessBattle+1","SerpentSwordTechnique+1"],"picked":"SKIP","floor":47}],"player_experience":986723,"relics_obtained":[{"floor":1.0,"key":"LetterFromLob"},{"floor":6.0,"key":"Mercury Hourglass"},{"floor":9.0,"key":"StrikeDummy"},{"floor":10.0,"key":"Odd Mushroom"},{"floor":14.0,"key":"Vajra"},{"floor":26.0,"key":"Juzu Bracelet"},{"floor":41.0,"key":"AtMidnight"},{"floor":43.0,"key":"Molten Egg 2"}],"event_choices":[{"cards_removed":["GreatSerpentsImpact"],"damage_healed":0.0,"max_hp_gain":0.0,"max_hp_loss":0.0,"gold_gain":0.0,"event_name":"WeMeetAgain","player_choice":"Gave Card","floor":2.0,"gold_loss":0.0,"damage_taken":0.0,"relics_obtained":["HollowMod:StagPassRelic"]},{"damage_healed":0.0,"max_hp_gain":0.0,"max_hp_loss":0.0,"gold_gain":0.0,"event_name":"Mushrooms","player_choice":"Fought Mushrooms","floor":10.0,"gold_loss":0.0,"damage_taken":0.0},{"damage_healed":0.0,"max_hp_gain":5.0,"max_hp_loss":0.0,"gold_gain":0.0,"event_name":"Big Fish","player_choice":"Donut","floor":13.0,"gold_loss":0.0,"damage_taken":0.0},{"damage_healed":0.0,"max_hp_gain":0.0,"max_hp_loss":0.0,"gold_gain":0.0,"event_name":"betterMatch:BetterMatch","player_choice":"2","floor":24.0,"gold_loss":0.0,"damage_taken":0.0,"cards_obtained":["betterMatch:CommonCard"]},{"damage_healed":0.0,"max_hp_gain":0.0,"max_hp_loss":0.0,"gold_gain":0.0,"event_name":"betterMatch:BetterMatch","player_choice":"2","floor":31.0,"gold_loss":0.0,"damage_taken":0.0,"cards_obtained":["betterMatch:CommonCard"]},{"damage_healed":0.0,"max_hp_gain":0.0,"max_hp_loss":0.0,"gold_gain":0.0,"event_name":"The Moai Head","player_choice":"Ignored","floor":37.0,"gold_loss":0.0,"damage_taken":0.0},{"damage_healed":0.0,"max_hp_gain":0.0,"max_hp_loss":0.0,"gold_gain":100.0,"event_name":"Golden Shrine","player_choice":"Pray","floor":38.0,"gold_loss":0.0,"damage_taken":0.0},{"damage_healed":0.0,"max_hp_gain":0.0,"max_hp_loss":0.0,"gold_gain":0.0,"event_name":"SensoryStone","player_choice":"Memory 3","floor":44.0,"gold_loss":0.0,"damage_taken":10.0},{"damage_healed":0.0,"max_hp_gain":0.0,"max_hp_loss":0.0,"gold_gain":0.0,"event_name":"OrinTheCat","player_choice":"Ignored","floor":45.0,"gold_loss":0.0,"damage_taken":0.0}],"is_beta":false,"boss_relics":[{"not_picked":["Snecko Eye","Runic Dome"],"picked":"PageOfBlackSwan"},{"not_picked":["Cursed Key","Pandora\u0027s Box"],"picked":"Busted Crown"}],"items_purged_floors":[20,39],"is_endless":false,"potions_floor_spawned":[4,6,11,22,33,47],"killed_by":"Awakened One","ascension_level":0}}