{"host":"2a1yeddgq8yang0b","time":1614158537,"event":{"mods":["Act Like it!","BaseMod","Halation","Hermit","Infinite Spire","Jorbs\u0027s Wanderer Trilogy","Minty Spire (QoL Compilation)","Shop Mod","StSLib","The Bug Knight","The Cursed","The Hierophant","The Senshi"],"gold_per_floor":[113,126,126,138,138,170,190,190,236,236,247,259,269,287,287,390,390,390,390],"floor_reached":18,"language":"ENG","playtime":2196,"items_purged":[],"score":166,"play_id":"9db6637a-e5a5-4ab1-a479-527af32f2a4d","local_time":"20210224092217","is_ascension_mode":false,"campfire_choices":[{"floor":8,"key":"REST"},{"data":"HollowMod:DungDefenderAura","floor":10,"key":"SMITH"},{"floor":15,"key":"REST"}],"circlet_count":0,"master_deck":["HollowMod:NailStrikeStart","HollowMod:NailStrikeStart","HollowMod:NailStrikeStart","HollowMod:QuickDashStart","HollowMod:QuickDashStart","HollowMod:QuickDashStart","HollowMod:FocusHealStart","HollowMod:PogoStrike","HollowMod:DesolateDive","HollowMod:TaintedHusks","HollowMod:SoulEater","HollowMod:NewGlowingWomb","HollowMod:DungDefenderAura+1","HollowMod:BaldurShell","HollowMod:Hiveblood"],"relics":["HollowMod:VesselMask","halation:PinkSoulGem","CultistMask","White Beast Statue","HollowMod:MillibellesNoteRelic","Empty Cage"],"acts_visited":["Exordium","TheCity"],"potions_floor_usage":[16],"damage_taken":[{"damage":15,"enemies":"infinitespire:Voidling","floor":1,"turns":5},{"damage":1,"enemies":"Jaw Worm","floor":2,"turns":3},{"damage":5,"enemies":"Small Slimes","floor":4,"turns":5},{"damage":40,"enemies":"Gremlin Nob","floor":6,"turns":5},{"damage":16,"enemies":"HollowMod:HuskWarrior","floor":7,"turns":9},{"damage":13,"enemies":"3 Louse","floor":11,"turns":8},{"damage":8,"enemies":"Large Slime","floor":12,"turns":10},{"damage":6,"enemies":"Lots of Slimes","floor":13,"turns":5},{"damage":8,"enemies":"HollowMod:HuskWarrior","floor":14,"turns":11},{"damage":38,"enemies":"HollowMod:FalseKnight","floor":16,"turns":14},{"damage":0,"enemies":"Shell Parasite","floor":18,"turns":1}],"seed_played":"2566209514128606716","potions_obtained":[{"floor":2,"key":"Weak Potion"},{"floor":4,"key":"LiquidBronze"},{"floor":7,"key":"Fire Potion"},{"floor":13,"key":"Block Potion"},{"floor":16,"key":"EssenceOfSteel"}],"is_trial":false,"path_per_floor":["M","M","?","M","?","E","M","R","T","R","M","M","M","M","R","B",null,"M"],"character_chosen":"THE_BUGKNIGHT","items_purchased":[],"campfire_rested":2,"item_purchase_floors":[],"current_hp_per_floor":[82,81,81,76,76,42,38,62,62,62,59,61,61,65,82,54,82,82,82],"gold":390,"neow_bonus":"TEN_PERCENT_HP_BONUS","is_daily":false,"chose_seed":false,"campfire_upgraded":1,"win_rate":0.0,"timestamp":1614158537,"path_taken":["M","?","?","M","?","E","M","R","T","R","M","M","M","M","R","BOSS","M"],"items_purchased_type":[],"build_version":"2020-12-22","purchased_purges":0,"victory":false,"max_hp_per_floor":[82,82,82,82,82,82,82,82,82,82,82,82,82,82,82,82,82,82,82],"card_choices":[{"not_picked":["HollowMod:HeavyBlow","HollowMod:SoulSplash"],"picked":"HollowMod:DesolateDive","floor":1},{"not_picked":["HollowMod:GreatSlash","HollowMod:LifebloodCocoon"],"picked":"HollowMod:TaintedHusks","floor":2},{"not_picked":["HollowMod:SiblingsSouls","HollowMod:GoodIntentions"],"picked":"HollowMod:SoulEater","floor":4},{"not_picked":["HollowMod:ZotesMagnificence","HollowMod:SharpenedNail"],"picked":"HollowMod:NewGlowingWomb","floor":6},{"not_picked":["HollowMod:HeavyBlow","HollowMod:SiblingsSouls"],"picked":"HollowMod:DungDefenderAura","floor":7},{"not_picked":["HollowMod:BlackTendrils","HollowMod:RecoilStrike"],"picked":"HollowMod:BaldurShell","floor":11},{"not_picked":["HollowMod:WraithStrike","HollowMod:HowlingWraiths","HollowMod:GrimmsGift"],"picked":"SKIP","floor":12},{"not_picked":["HollowMod:SoulSplash","HollowMod:LifebloodCocoon","HollowMod:WraithStrike"],"picked":"SKIP","floor":13},{"not_picked":["HollowMod:TaintedHusks","HollowMod:FallenFury","HollowMod:MawleksShell"],"picked":"SKIP","floor":14},{"not_picked":["HollowMod:theNailsmith","HollowMod:HornetsHelp"],"picked":"HollowMod:Hiveblood","floor":16}],"player_experience":246172,"relics_obtained":[{"floor":6,"key":"White Beast Statue"},{"floor":9,"key":"HollowMod:MillibellesNoteRelic"}],"event_choices":[{"damage_healed":0,"gold_gain":0,"player_choice":"Trade","damage_taken":0,"relics_obtained":["CultistMask"],"max_hp_gain":0,"max_hp_loss":0,"event_name":"FaceTrader","floor":5,"gold_loss":0}],"is_beta":false,"boss_relics":[{"not_picked":["halation:PlatinumPhoenix","SacredBark"],"picked":"Empty Cage"}],"items_purged_floors":[],"is_endless":false,"potions_floor_spawned":[2,4,7,11,12,13,14,16],"killed_by":"Shell Parasite","ascension_level":0}}