{"host":"hahe3lxotqh08ugn","time":1614204597,"event":{"mods":["AchievementEnabler","BaseMod","Googly Eyes","Hermit","Minty Spire (QoL Compilation)","Quick Restart","StSLib","The Cursed","The Hierophant"],"gold_per_floor":[113,188,198,198,27,27,41,41,109,127,151,162,195,209,209,314,314,314,194,194,99,99,99,99,99,99,99,99,51,51,51,51,51,51],"floor_reached":33,"language":"ENG","playtime":1693,"items_purged":["Bash"],"score":274,"play_id":"4c1fd3d0-3220-4ddd-ac98-32b4cd528d3d","local_time":"20210224170957","is_ascension_mode":true,"campfire_choices":[{"data":"Flex","floor":6,"key":"SMITH"},{"data":"Iron Wave","floor":15,"key":"SMITH"},{"data":"Flex","floor":23,"key":"SMITH"},{"floor":28,"key":"REST"},{"data":"Flex","floor":30,"key":"SMITH"},{"floor":32,"key":"REST"}],"circlet_count":0,"master_deck":["Strike_R","Strike_R","Strike_R","Strike_R","Defend_R+1","Defend_R","Defend_R","Defend_R","Twin Strike","Flex+1","Cleave","Shrug It Off","Iron Wave+1","Metallicize","Shrug It Off","Hemokinesis","Flex+1","Seeing Red","Decay","Metallicize","Flex+1","Entrench+1"],"relics":["Burning Blood","Anchor","Sundial","Bag of Preparation","Ancient Tea Set","Ectoplasm","HornCleat"],"acts_visited":["TheCity"],"potions_floor_usage":[12,16,18,18,24,24,27,33],"damage_taken":[{"damage":7,"enemies":"Jaw Worm","floor":1,"turns":4},{"damage":1,"enemies":"Cultist","floor":3,"turns":3},{"damage":1,"enemies":"2 Louse","floor":7,"turns":3},{"damage":0,"enemies":"Blue Slaver","floor":10,"turns":4},{"damage":5,"enemies":"Gremlin Gang","floor":12,"turns":4},{"damage":15,"enemies":"Gremlin Nob","floor":13,"turns":4},{"damage":6,"enemies":"Looter","floor":14,"turns":3},{"damage":7,"enemies":"Slime Boss","floor":16,"turns":10},{"damage":7,"enemies":"Chosen","floor":18,"turns":4},{"damage":0,"enemies":"3 Byrds","floor":20,"turns":6},{"damage":13,"enemies":"Centurion and Healer","floor":24,"turns":5},{"damage":42,"enemies":"Sentry and Sphere","floor":25,"turns":7},{"damage":2,"enemies":"Chosen and Byrds","floor":27,"turns":6},{"damage":48,"enemies":"Cultist and Chosen","floor":31,"turns":8},{"damage":49,"enemies":"Automaton","floor":33,"turns":8}],"seed_played":"-924229865949317364","potions_obtained":[{"floor":3,"key":"Fire Potion"},{"floor":7,"key":"BlessingOfTheForge"},{"floor":12,"key":"SneckoOil"},{"floor":14,"key":"SteroidPotion"},{"floor":16,"key":"SteroidPotion"},{"floor":18,"key":"EssenceOfSteel"},{"floor":20,"key":"AttackPotion"},{"floor":25,"key":"SkillPotion"}],"is_trial":false,"path_per_floor":["M","?","M","?","$","R","M","?","T","M","T","M","E","M","R","B",null,"M","$","M","$","?","R","M","M","T","M","R","$","R","M","R","B"],"character_chosen":"IRONCLAD","items_purchased":["Cleave","Anchor","Shrug It Off","Flex","Seeing Red","Flex"],"campfire_rested":2,"item_purchase_floors":[5,5,19,21,21,29],"current_hp_per_floor":[79,71,76,69,69,69,74,79,79,85,85,85,76,76,76,75,85,84,84,85,85,85,85,78,42,42,46,71,71,71,29,54,5,5],"gold":51,"neow_bonus":"UPGRADE_CARD","is_daily":false,"chose_seed":false,"campfire_upgraded":4,"win_rate":0.0,"timestamp":1614204597,"path_taken":["M","?","?","?","$","R","M","?","T","M","?","M","E","M","R","BOSS","M","$","?","$","?","R","?","M","T","M","R","$","R","M","R","BOSS"],"items_purchased_type":["Card","Relic","Card","Card","Card","Card"],"build_version":"2020-12-22","purchased_purges":1,"victory":false,"max_hp_per_floor":[80,80,80,80,80,80,80,85,85,85,85,85,85,85,85,85,85,85,85,85,85,85,85,85,85,85,85,85,85,85,85,85,85,85],"card_choices":[{"not_picked":["Clothesline","Second Wind"],"picked":"Twin Strike","floor":1},{"not_picked":["Blood for Blood","True Grit"],"picked":"Flex","floor":3},{"not_picked":["Rampage","Armaments"],"picked":"Shrug It Off","floor":7},{"not_picked":["Cleave","Sentinel"],"picked":"Iron Wave","floor":10},{"not_picked":["Havoc","Whirlwind","Anger"],"picked":"SKIP","floor":12},{"not_picked":["True Grit","Wild Strike","Disarm"],"picked":"SKIP","floor":13},{"not_picked":["Twin Strike","Immolate","Thunderclap"],"picked":"SKIP","floor":14},{"not_picked":["Iron Wave","Perfected Strike"],"picked":"Metallicize","floor":18},{"not_picked":["Twin Strike","Dual Wield"],"picked":"Hemokinesis","floor":20},{"not_picked":["Anger","Second Wind"],"picked":"Metallicize","floor":24},{"not_picked":["Burning Pact","Iron Wave","Whirlwind"],"picked":"SKIP","floor":25},{"not_picked":["Rampage","Seeing Red","Clothesline"],"picked":"SKIP","floor":27},{"not_picked":["Body Slam","Rampage"],"picked":"Entrench+1","floor":31}],"player_experience":299702,"relics_obtained":[{"floor":9,"key":"Sundial"},{"floor":11,"key":"Bag of Preparation"},{"floor":13,"key":"Ancient Tea Set"},{"floor":26,"key":"HornCleat"}],"event_choices":[{"damage_healed":0,"gold_gain":75,"player_choice":"Touch","damage_taken":8,"max_hp_gain":0,"max_hp_loss":0,"event_name":"FaceTrader","floor":2,"gold_loss":0},{"cards_removed":["Strike_R"],"damage_healed":0,"gold_gain":0,"player_choice":"Card Removal","damage_taken":7,"max_hp_gain":0,"max_hp_loss":0,"event_name":"Golden Wing","floor":4,"gold_loss":0},{"damage_healed":0,"gold_gain":0,"player_choice":"Donut","damage_taken":0,"max_hp_gain":5,"max_hp_loss":0,"event_name":"Big Fish","floor":8,"gold_loss":0},{"damage_healed":0,"gold_gain":0,"player_choice":"Cursed","damage_taken":0,"max_hp_gain":0,"max_hp_loss":0,"event_name":"Wheel of Change","floor":22,"gold_loss":0,"cards_obtained":["Decay"]}],"is_beta":false,"boss_relics":[{"not_picked":["Empty Cage","Pandora\u0027s Box"],"picked":"Ectoplasm"}],"items_purged_floors":[19],"is_endless":false,"potions_floor_spawned":[3,7,12,14,16,18,20,25],"killed_by":"Automaton","ascension_level":2}}