{"host":"fdq5pmhluajjrf8d","time":1614205472,"event":{"mods":["BaseMod","Minty Spire (QoL Compilation)"],"gold_per_floor":[110,110,126,126,136,136,162,162,185,185,185,220,233,245,245,319,319,337,53,63,79,79,79],"floor_reached":22,"language":"ENG","playtime":1887,"items_purged":[],"score":442,"play_id":"437ca85e-d3bf-4fd7-a5ae-d4c5e70047e9","local_time":"20210224172432","is_ascension_mode":true,"campfire_choices":[{"data":"Zap","floor":6,"key":"SMITH"},{"data":"Buffer","floor":8,"key":"SMITH"},{"data":"Chill","floor":10,"key":"SMITH"},{"data":"Redo","floor":15,"key":"SMITH"}],"circlet_count":0,"master_deck":["AscendersBane","Strike_B","Strike_B","Strike_B","Strike_B","Defend_B","Defend_B","Zap+1","Dualcast","Chill+1","Buffer+1","Skim","Thunder Strike+1","Redo+1","Machine Learning","Coolheaded","Barrage","Redo"],"relics":["Cracked Core","Nunchaku","Anchor","Pantograph","Inserter","Matryoshka"],"acts_visited":["Exordium","TheCity"],"potions_floor_usage":[7,13],"damage_taken":[{"damage":7,"enemies":"Jaw Worm","floor":1,"turns":3},{"damage":0,"enemies":"Cultist","floor":3,"turns":3},{"damage":6,"enemies":"Small Slimes","floor":5,"turns":3},{"damage":8,"enemies":"Gremlin Nob","floor":7,"turns":4},{"damage":0,"enemies":"Lagavulin","floor":12,"turns":6},{"damage":0,"enemies":"Exordium Thugs","floor":13,"turns":4},{"damage":9,"enemies":"3 Louse","floor":14,"turns":3},{"damage":45,"enemies":"Slime Boss","floor":16,"turns":12},{"damage":0,"enemies":"Chosen","floor":18,"turns":5},{"damage":16,"enemies":"Shell Parasite","floor":20,"turns":9},{"damage":18,"enemies":"Shelled Parasite and Fungi","floor":21,"turns":8},{"damage":32,"enemies":"Cultist and Chosen","floor":22,"turns":5}],"seed_played":"-5463584652065967145","potions_obtained":[{"floor":3,"key":"PowerPotion"},{"floor":12,"key":"Strength Potion"},{"floor":21,"key":"FocusPotion"}],"is_trial":false,"path_per_floor":["M","?","M","?","M","R","E","R","T","R","?","E","M","M","R","B",null,"M","$","M","M","M"],"character_chosen":"DEFECT","items_purchased":["Matryoshka"],"campfire_rested":0,"item_purchase_floors":[19],"current_hp_per_floor":[64,64,64,64,58,58,50,50,50,50,50,50,50,41,41,21,64,64,64,48,30,0,0],"gold":79,"neow_bonus":"TEN_PERCENT_HP_BONUS","is_daily":false,"chose_seed":false,"campfire_upgraded":4,"win_rate":0.0,"timestamp":1614205472,"path_taken":["M","?","M","?","?","R","E","R","T","R","?","E","M","?","R","BOSS","M","$","M","M","M"],"items_purchased_type":["Relic"],"build_version":"2020-12-22","purchased_purges":0,"victory":false,"max_hp_per_floor":[78,78,78,78,78,78,78,78,78,78,78,78,78,78,78,78,78,78,78,78,78,78,78],"card_choices":[{"not_picked":["Hologram","Barrage"],"picked":"Chill","floor":1},{"not_picked":["Steam","Barrage","Stack"],"picked":"SKIP","floor":3},{"not_picked":["Go for the Eyes","Sweeping Beam","Hologram"],"picked":"SKIP","floor":5},{"not_picked":["Tempest","Undo"],"picked":"Thunder Strike","floor":7},{"not_picked":["Sweeping Beam","Barrage","Skim"],"picked":"SKIP","floor":12},{"not_picked":["Sweeping Beam","Turbo"],"picked":"Redo","floor":13},{"not_picked":["Streamline","Barrage","Hologram"],"picked":"SKIP","floor":14},{"not_picked":["Buffer","Rainbow"],"picked":"Machine Learning","floor":16},{"not_picked":["FTL","Genetic Algorithm"],"picked":"Coolheaded","floor":18},{"not_picked":["Cold Snap+1","Conserve Battery"],"picked":"Barrage","floor":20},{"not_picked":["Undo","Cold Snap+1"],"picked":"Redo","floor":21}],"player_experience":1989361,"relics_obtained":[{"floor":7,"key":"Nunchaku"},{"floor":9,"key":"Anchor"},{"floor":12,"key":"Pantograph"}],"event_choices":[{"damage_healed":0,"gold_gain":0,"cards_transformed":["Defend_B"],"player_choice":"Change","damage_taken":0,"max_hp_gain":0,"max_hp_loss":0,"event_name":"Living Wall","floor":2,"gold_loss":0,"cards_obtained":["Buffer"]},{"damage_healed":0,"gold_gain":0,"cards_transformed":["Defend_B"],"player_choice":"Transformed","damage_taken":0,"max_hp_gain":0,"max_hp_loss":0,"event_name":"Transmorgrifier","floor":4,"gold_loss":0,"cards_obtained":["Skim"]},{"damage_healed":0,"gold_gain":0,"player_choice":"Upgraded","damage_taken":0,"max_hp_gain":0,"max_hp_loss":0,"event_name":"Upgrade Shrine","floor":11,"gold_loss":0,"cards_upgraded":["Thunder Strike"]}],"is_beta":false,"boss_relics":[{"not_picked":["Fusion Hammer","Ectoplasm"],"picked":"Inserter"}],"items_purged_floors":[],"is_endless":false,"potions_floor_spawned":[3,12,21],"killed_by":"Cultist and Chosen","ascension_level":20}}