{"host":"3zmssa4s99zhxek5","time":1614157148,"event":{"mods":["AchievementEnabler","BaseMod","Minty Spire (QoL Compilation)","Permanent Neow","Relic Stats"],"gold_per_floor":[211,221,241,24,24,52,8,8,8,43,43,55,67,82,82,156,156,170,170,95,55,75,75,75,0,52,67,67,95,40,52,52,52,52],"floor_reached":33,"language":"KOR","playtime":1285,"items_purged":["Hyperbeam"],"score":550,"play_id":"5f97dfff-c3a4-4d55-9786-c14e548d8410","local_time":"20210224175908","is_ascension_mode":true,"campfire_choices":[{"floor":8,"key":"REST"},{"floor":15,"key":"REST"},{"data":"Thunder Strike","floor":23,"key":"SMITH"},{"data":"Static Discharge","floor":28,"key":"SMITH"},{"data":"Echo Form","floor":32,"key":"SMITH"}],"circlet_count":0,"master_deck":["AscendersBane","Zap","Dualcast","Ball Lightning","Barrage","Genetic Algorithm+1","Ball Lightning","Steam","Core Surge","Ball Lightning","Seek","Steam","Thunder Strike+1","Self Repair","Skim","Melter","Consume","FTL","Leap","Static Discharge+1","Steam Power","Stack","Echo Form+1","BootSequence"],"relics":["Cracked Core","Orichalcum","Kunai","Blood Vial","Bronze Scales","Pandora\u0027s Box","Lantern","InkBottle"],"acts_visited":["Exordium","TheCity"],"potions_floor_usage":[10,14,27,29],"damage_taken":[{"damage":9,"enemies":"Jaw Worm","floor":1,"turns":4},{"damage":9,"enemies":"Small Slimes","floor":2,"turns":3},{"damage":1,"enemies":"Cultist","floor":3,"turns":3},{"damage":16,"enemies":"Lagavulin","floor":6,"turns":7},{"damage":17,"enemies":"3 Sentries","floor":10,"turns":5},{"damage":6,"enemies":"Looter","floor":12,"turns":2},{"damage":11,"enemies":"Exordium Wildlife","floor":13,"turns":4},{"damage":3,"enemies":"Blue Slaver","floor":14,"turns":3},{"damage":20,"enemies":"Hexaghost","floor":16,"turns":9},{"damage":0,"enemies":"Spheric Guardian","floor":18,"turns":1},{"damage":22,"enemies":"2 Thieves","floor":22,"turns":4},{"damage":3,"enemies":"3 Cultists","floor":27,"turns":4},{"damage":27,"enemies":"Slavers","floor":29,"turns":4},{"damage":8,"enemies":"Centurion and Healer","floor":31,"turns":7},{"damage":53,"enemies":"Automaton","floor":33,"turns":8}],"seed_played":"-4793988750995782191","potions_obtained":[{"floor":2,"key":"Swift Potion"},{"floor":6,"key":"ColorlessPotion"},{"floor":11,"key":"Block Potion"},{"floor":11,"key":"SteroidPotion"},{"floor":12,"key":"Regen Potion"},{"floor":16,"key":"SkillPotion"}],"is_trial":false,"path_per_floor":["M","M","M","$","?","E","?","R","T","E","?","M","M","M","R","B",null,"M","?","?","$","M","R","?","$","T","M","R","E","$","M","R","B"],"character_chosen":"DEFECT","items_purchased":["Orichalcum","Ball Lightning","Static Discharge","Explosive Potion"],"campfire_rested":2,"item_purchase_floors":[4,4,21,30],"current_hp_per_floor":[55,46,45,45,24,8,8,29,29,14,14,10,1,9,30,12,56,58,58,58,58,45,45,45,45,45,51,51,33,33,41,41,0,0],"gold":52,"neow_bonus":"HUNDRED_GOLD","is_daily":false,"chose_seed":false,"campfire_upgraded":3,"win_rate":0.0,"timestamp":1614157148,"path_taken":["M","M","M","$","?","E","?","R","T","E","?","M","M","?","R","BOSS","M","?","?","$","M","R","?","?","T","M","R","E","$","M","R","BOSS"],"items_purchased_type":["Relic","Card","Card","Potion"],"build_version":"2020-12-22","purchased_purges":1,"victory":false,"max_hp_per_floor":[71,71,71,71,71,71,71,71,71,71,71,71,71,71,71,71,71,71,71,71,71,71,71,71,71,71,71,71,71,71,71,71,71,71],"relic_stats":{"Blood Vial":22,"counters":[15,68],"Bronze Scales":[135],"Pandora\u0027s Box":["Self Repair","Skim","Melter","Heatsinks","Hyperbeam","Consume","Darkness","FTL"],"Kunai":[12],"Orichalcum":[114],"obtain_stats":[{"Blood Vial":9,"Lantern":26,"Bronze Scales":10,"Pandora\u0027s Box":17,"Kunai":6,"Orichalcum":4,"Cracked Core":0,"InkBottle":29},{"Blood Vial":4,"Lantern":11,"Bronze Scales":5,"Pandora\u0027s Box":9,"Kunai":4,"Orichalcum":3,"Cracked Core":0,"InkBottle":13},{"Blood Vial":17,"Lantern":45,"Bronze Scales":22,"Pandora\u0027s Box":40,"Kunai":17,"Orichalcum":10,"Cracked Core":0,"InkBottle":53}],"InkBottle":[5]},"card_choices":[{"not_picked":["Leap","Stack"],"picked":"Ball Lightning","floor":1},{"not_picked":["Steam","Redo"],"picked":"Barrage","floor":2},{"not_picked":["Static Discharge","Coolheaded"],"picked":"Genetic Algorithm","floor":3},{"not_picked":["Cold Snap","Ball Lightning"],"picked":"Steam","floor":6},{"not_picked":["Conserve Battery","Go for the Eyes"],"picked":"Core Surge","floor":10},{"not_picked":["Rebound","Coolheaded"],"picked":"Ball Lightning","floor":12},{"not_picked":["Gash","Barrage"],"picked":"Seek","floor":13},{"not_picked":["Leap","Hologram"],"picked":"Steam","floor":14},{"not_picked":["Multi-Cast","Machine Learning"],"picked":"Thunder Strike","floor":16},{"not_picked":["Compile Driver","Double Energy"],"picked":"Leap","floor":18},{"not_picked":["Cold Snap","Hello World"],"picked":"Steam Power","floor":22},{"not_picked":["Sweeping Beam","Turbo"],"picked":"Stack","floor":27},{"not_picked":["Darkness","Chaos"],"picked":"Echo Form","floor":29},{"not_picked":["Turbo","Stack"],"picked":"BootSequence","floor":31}],"player_experience":1681201,"relics_obtained":[{"floor":6,"key":"Kunai"},{"floor":9,"key":"Blood Vial"},{"floor":10,"key":"Bronze Scales"},{"floor":26,"key":"Lantern"},{"floor":29,"key":"InkBottle"}],"event_choices":[{"damage_healed":0,"gold_gain":0,"player_choice":"Entered Light","damage_taken":21,"max_hp_gain":0,"max_hp_loss":0,"event_name":"Shining Light","floor":5,"gold_loss":0,"cards_upgraded":["Genetic Algorithm","Defend_B"]},{"damage_healed":0,"gold_gain":0,"player_choice":"Left Gold","damage_taken":0,"max_hp_gain":0,"max_hp_loss":0,"event_name":"World of Goop","floor":7,"gold_loss":44},{"damage_healed":0,"gold_gain":0,"player_choice":"Got Potions","damage_taken":0,"max_hp_gain":0,"max_hp_loss":0,"event_name":"Lab","floor":11,"gold_loss":0},{"damage_healed":0,"gold_gain":0,"player_choice":"Ignored","damage_taken":0,"max_hp_gain":0,"max_hp_loss":0,"event_name":"Ghosts","floor":19,"gold_loss":0},{"cards_removed":["Heatsinks"],"damage_healed":0,"gold_gain":0,"player_choice":"Gave Gold","damage_taken":0,"max_hp_gain":0,"max_hp_loss":0,"event_name":"Beggar","floor":20,"gold_loss":75},{"cards_removed":["Darkness"],"damage_healed":0,"gold_gain":0,"player_choice":"Elegance","damage_taken":0,"max_hp_gain":0,"max_hp_loss":0,"event_name":"Back to Basics","floor":24,"gold_loss":0}],"is_beta":false,"boss_relics":[{"not_picked":["Snecko Eye","FrozenCore"],"picked":"Pandora\u0027s Box"}],"items_purged_floors":[25],"is_endless":false,"potions_floor_spawned":[2,6,12,16],"killed_by":"Automaton","ascension_level":20}}