{"host":"tubmkv2g6v9d0kjw","time":1614163369,"event":{"mods":["2.2 Compatiblity","BaseMod","Conspire","Downfall","Hubris","Minty Spire (QoL Compilation)","Relic Stats","Spire Arcade","StSLib"],"gold_per_floor":[99,99,99,116,49,66,66,80,113,129,129,143,154,179,198,198,198,198],"floor_reached":16,"language":"ENG","playtime":1007,"items_purged":[],"score":114,"play_id":"e5926ee7-8851-4aa0-a71a-969b5ca8f98e","local_time":"20210224044249","is_ascension_mode":false,"campfire_choices":[{"data":"bronze:Goto","floor":1,"key":"SMITH"}],"circlet_count":0,"master_deck":["bronze:Strike+1","bronze:Strike","bronze:Strike","bronze:Defend","bronze:Defend","bronze:Defend+1","bronze:Defend+1","bronze:Replicate","bronze:Goto+1","Bandage Up","bronze:Terminator","bronze:WhirlingStrike","bronze:FineTuning","bronze:OilSpill","bronze:Repair","bronze:AlphaBuild","bronze:Iterate","bronze:Constructor","downfall:Malfunctioning","bronze:CutThrough","bronze:Optimize","bronze:BronzeOrb"],"relics":["bronze:BronzeCore","Oddly Smooth Stone","Juzu Bracelet","Sundial"],"acts_visited":["Exordium"],"potions_floor_usage":[],"damage_taken":[{"damage":5,"enemies":"Cultist","floor":4,"turns":4},{"damage":5,"enemies":"downfall:FleeingMerchant","floor":5,"turns":4},{"damage":2,"enemies":"2 Louse","floor":6,"turns":2},{"damage":2,"enemies":"conspire:RoseBush","floor":8,"turns":3},{"damage":24,"enemies":"Gremlin Nob","floor":9,"turns":5},{"damage":1,"enemies":"3 Louse","floor":10,"turns":4},{"damage":21,"enemies":"Exordium Wildlife","floor":12,"turns":4},{"damage":11,"enemies":"Exordium Thugs","floor":13,"turns":6},{"damage":28,"enemies":"3 Sentries","floor":14,"turns":8},{"damage":9,"enemies":"2 Fungi Beasts","floor":15,"turns":5},{"damage":54,"enemies":"WA_ARCHETYPE_RETAIN","floor":16,"turns":6}],"seed_played":"-6246350769335576971","potions_obtained":[{"floor":4,"key":"sneckomod:MuddlingPotion"},{"floor":8,"key":"Strength Potion"},{"floor":14,"key":"bronze:FreeFunctionsPotion"}],"is_trial":false,"path_per_floor":["R","?","?","M","$","M","T","M","E","M","?","M","M","E","M","B"],"character_chosen":"THE_AUTOMATON","items_purchased":["bronze:OilSpill"],"campfire_rested":0,"item_purchase_floors":[5],"current_hp_per_floor":[70,70,70,65,64,66,66,68,50,60,60,50,51,37,40,0,0,0],"gold":198,"neow_bonus":"RANDOM_COLORLESS","is_daily":false,"chose_seed":false,"campfire_upgraded":1,"win_rate":0.0,"timestamp":1614163369,"path_taken":["R","?","?","M","$","?","T","M","E","M","?","M","M","E","M","BOSS"],"items_purchased_type":["Card"],"build_version":"2020-12-22","purchased_purges":0,"victory":false,"max_hp_per_floor":[70,70,70,70,70,70,70,70,70,70,70,70,70,70,70,70,70,70],"relic_stats":{"counters":[11,51],"Sundial":[0],"Juzu Bracelet":0,"obtain_stats":[{"bronze:BronzeCore":0,"Sundial":14,"Oddly Smooth Stone":7,"Juzu Bracelet":9},{"bronze:BronzeCore":0,"Sundial":9,"Oddly Smooth Stone":3,"Juzu Bracelet":5},{"bronze:BronzeCore":0,"Sundial":40,"Oddly Smooth Stone":10,"Juzu Bracelet":18}]},"card_choices":[{"not_picked":["Mind Blast","Purity"],"picked":"Bandage Up","floor":0},{"not_picked":["bronze:NullPointer","bronze:Deprecate"],"picked":"bronze:WhirlingStrike","floor":4},{"not_picked":["bronze:Branch","bronze:Overheat"],"picked":"bronze:FineTuning","floor":5},{"not_picked":["bronze:Branch","bronze:ItsAFeature"],"picked":"bronze:Repair","floor":6},{"not_picked":["bronze:DelayedSlice","bronze:BuggyMess"],"picked":"bronze:AlphaBuild","floor":8},{"not_picked":["bronze:FineTuning","bronze:Overload"],"picked":"bronze:Iterate","floor":9},{"not_picked":["bronze:CloningBeam","bronze:Terminator"],"picked":"bronze:Constructor","floor":10},{"not_picked":["bronze:Turbo","bronze:Constructor"],"picked":"bronze:CutThrough","floor":12},{"not_picked":["bronze:Virus","bronze:Shield"],"picked":"bronze:Optimize","floor":13},{"not_picked":["bronze:Safeguard","bronze:CutThrough","bronze:Frontload"],"picked":"SKIP","floor":14},{"not_picked":["bronze:BugBarrage","bronze:Turbo"],"picked":"bronze:BronzeOrb","floor":15}],"player_experience":558057,"relics_obtained":[{"floor":7,"key":"Oddly Smooth Stone"},{"floor":9,"key":"Juzu Bracelet"},{"floor":14,"key":"Sundial"}],"event_choices":[],"is_beta":false,"boss_relics":[],"items_purged_floors":[],"is_endless":false,"potions_floor_spawned":[4,8,14],"killed_by":"WA_ARCHETYPE_RETAIN","ascension_level":0}}