{"host":"tq99ucv8ezzqzioe","time":1614146639,"event":{"mods":["BaseMod","Colored Map","Downfall","Highlight Path","Minty Spire (QoL Compilation)","StSLib"],"gold_per_floor":[118,118,131,206,224,255,12,12,35,54,80,80,5,18,18,18,18],"floor_reached":16,"language":"ENG","playtime":1100,"items_purged":["Strike_P"],"score":154,"play_id":"a1fb28d9-ef74-4fa4-8c59-fede841d0b5a","local_time":"20210224010359","is_ascension_mode":true,"campfire_choices":[{"floor":12,"key":"REST"},{"floor":15,"key":"REST"}],"circlet_count":0,"master_deck":["Strike_P","Strike_P+1","Strike_P","Defend_P","Defend_P","Defend_P","Defend_P","Eruption+1","Vigilance","Pray","Perseverance","Evaluate","Wallop","Bandage Up","Perseverance","ThirdEye","Prostrate"],"relics":["Philosopher\u0027s Stone","Darkstone Periapt","Blood Vial","Vajra","TeardropLocket","Whetstone"],"acts_visited":["Exordium"],"potions_floor_usage":[6,6,16],"damage_taken":[{"damage":5,"enemies":"Jaw Worm","floor":1,"turns":6},{"damage":11,"enemies":"Small Slimes","floor":3,"turns":4},{"damage":4,"enemies":"2 Louse","floor":5,"turns":3},{"damage":28,"enemies":"Gremlin Nob","floor":6,"turns":5},{"damage":3,"enemies":"Exordium Wildlife","floor":10,"turns":3},{"damage":11,"enemies":"3 Sentries","floor":11,"turns":13},{"damage":8,"enemies":"Looter","floor":14,"turns":3},{"damage":63,"enemies":"Slime Boss","floor":16,"turns":12}],"seed_played":"5702445219053208676","potions_obtained":[{"floor":1,"key":"StancePotion"},{"floor":5,"key":"DuplicationPotion"},{"floor":10,"key":"Energy Potion"}],"is_trial":false,"path_per_floor":["M","?","M","?","M","E","$","T","T","M","E","R","$","M","R","B"],"character_chosen":"WATCHER","items_purchased":["Vajra","Bandage Up"],"campfire_rested":2,"item_purchase_floors":[7,7],"current_hp_per_floor":[60,57,46,35,31,3,3,3,3,6,1,22,22,20,41,0,0],"gold":18,"neow_bonus":"BOSS_RELIC","is_daily":false,"chose_seed":false,"campfire_upgraded":0,"win_rate":0.0,"timestamp":1614146639,"path_taken":["M","?","M","?","M","E","?","?","T","M","E","R","$","M","R","BOSS"],"items_purchased_type":["Relic","Card"],"build_version":"2020-12-22","purchased_purges":1,"victory":false,"max_hp_per_floor":[72,72,72,72,72,72,72,72,72,72,72,72,72,72,72,72,72],"card_choices":[{"not_picked":["Evaluate","CutThroughFate"],"picked":"Pray","floor":1},{"not_picked":["MentalFortress","Crescendo"],"picked":"Perseverance","floor":3},{"not_picked":["Swivel","Sanctity"],"picked":"Evaluate","floor":5},{"not_picked":["Fasting2","FlyingSleeves"],"picked":"Wallop","floor":6},{"not_picked":["PathToVictory","Halt"],"picked":"Perseverance","floor":10},{"not_picked":["FlurryOfBlows","Protect"],"picked":"ThirdEye","floor":11},{"not_picked":["FlurryOfBlows","Consecrate"],"picked":"Prostrate","floor":14}],"player_experience":1041473,"relics_obtained":[{"floor":6,"key":"Blood Vial"},{"floor":8,"key":"TeardropLocket"},{"floor":11,"key":"Whetstone"}],"event_choices":[{"damage_healed":0,"gold_gain":0,"player_choice":"Success","damage_taken":3,"relics_obtained":["Darkstone Periapt"],"max_hp_gain":0,"max_hp_loss":0,"event_name":"Scrap Ooze","floor":2,"gold_loss":0},{"damage_healed":0,"gold_gain":75,"player_choice":"Gather Gold","damage_taken":11,"max_hp_gain":0,"max_hp_loss":0,"event_name":"World of Goop","floor":4,"gold_loss":0}],"is_beta":false,"boss_relics":[],"items_purged_floors":[13],"is_endless":false,"potions_floor_spawned":[1,5,10],"killed_by":"Slime Boss","ascension_level":8}}