{"host":"c9u2ukdgrcsq736w","time":1614138863,"event":{"mods":["2.2 Compatiblity","Abigail Mod","Act Like it!","Ascension Reborn","Aspiration","BaseMod","Better Altar","Better Match","Better Note","Better Sensory Stone","Better Silent Start","Better Skull","Better Synergies","Better Third Choice","Better Vampires","BetterRewards","CapriCore","Challenge The Spire","Colored Map","Colored Powertips","Conjunction","Conspire","Dark Map","Dio Mod","Displayed Cursed Tome","Ekko","Emptier Cage","Energized Spire","Faster Ascension Climbing","Friendly Minions","Gensokyo","GungeonMod","Hubris","HumanHunterMod(怪物?人mod)","Humility","Infinite Spire","KinomotoSakuraMod(木之本?)","Koishi","KomeijiMod","Marisa（霧雨　魔理沙）","Minty Spire (QoL Compilation)","Pale of the Ancients","Rare Cards Sparkle","Reimu（博??梦）","Relic Sorter","Remilia（蕾米莉?）","Replay The Spire","Shop Mod","Spicy Shops","Spire Birthday Party","StSLib","SuperFastMode","The Alterego","The Blue Laboratory","The Death Knight","The Exalted","The Immortal","TheSwordswoman","Trackpad","Virulent Crown","Wandering Minibosses","Yakumo Yukari mod","Yuyuko","[IsaacMod]以撒尖塔","everything is the same but u backflip on backflip"],"gold_per_floor":[137,153,78,78,94,125,145,159,232,262,273,273,16,61,61,163,163,181,231,0,100,18,36,48,78,78,98,98,116,155,169,419,523,523,535,545,555,555,99,99,114,114,114,114,114,126,138,150,150],"floor_reached":48,"language":"ENG","playtime":3085,"items_purged":[],"score":787,"play_id":"e171032b-2f78-414d-822b-a03d3a71c4f2","local_time":"20210224125423","is_ascension_mode":true,"campfire_choices":[{"data":"LoveAcrossDimensions_purple","floor":28,"key":"SMITH"},{"floor":40,"key":"RECALL"},{"data":"DimensionStaggered_purple","floor":46,"key":"SMITH"}],"circlet_count":0,"master_deck":["AT_purpleEX+1","Defend_purpleEX","Defend_purpleEX+1","Defend_purpleEX","Defend_purpleEX+1","Observe_purple_1","Observe_purple_2","EpicFetus","Anti_communist_purple+1","Bait_Toxicbait_purple","GradualImprovement+1","Pain","Boundary_of_Extermination_purpleEX","Shallow_ocean_purpleEX+1","OpenedBox_purple+1","LoveAcrossDimensions_purple+1","WatchEChange_purple","Mirror_FourBoundary_purple","Gensokyo:Apocalypse","Charmbait_purple","Monsters_DoubleDeathButterfly_purple","PurpleNeedle_purple","DimensionStaggered_purple","PositiveMatter_Antimatter_Universe_purple+1","EighthInstrument_OneDividesIntoTwo_purple+1","StateErode_purple+1","Bait_HighSpeedFlying_purple","Boundary_LightAndDark_purple+1","WangLiang_LineAndCurveDreams_purple","AdvanceAttack_purple","RuleDissolution_purple","WangLiang_OokamiKakushi_purple","Photoelasticity_Doppler_Effect_purple+1","MeetDecomposer_purple+1","DimensionStaggered_purple+1","Gensokyo:ScrapIron","Gensokyo:RustyChest","Gensokyo:MysteriousEgg","AdvanceAttack_purple","Glass Knife","Glass Knife","Predator","Gensokyo:ReactiveArmor"],"relics":["Boundary_crack","Memoryfragments_purpleEX","HushsDoor","BookofShadows","NeowsBlessing","Gensokyo:LunaticRedEyes","DemoMod:Metronome","DemoMod:MemoryAlloy","War Paint","Garlic","Replay:Bronze Core","DemoMod:ClearGuonStone","Pen Nib","Snack Pack","Bromod:ArcaneFury","Leech","conspire:Flyswatter","aspiration:SeaSaltIceCream","dioMod:VampireBlood","hubris:MedicalManual","Blue Candle","aspiration:SecretTechniqueScroll","wanderingMiniBosses:AbyssPearl","Medical Kit","DemoMod:MeatBun","EdensBlessing","Bottled Lightning","aspiration:TomeofQuesting","MawBank","trackpad:Compendium"],"acts_visited":["Gensokyo:Gensokyo","Gensokyo:Gensokyoer","Gensokyo:Gensokyoest"],"potions_floor_usage":[10,16,16,24,31,37],"damage_taken":[{"damage":0,"enemies":"Gensokyo:3_Fairies","floor":1,"turns":1},{"damage":0,"enemies":"Gensokyo:Python","floor":2,"turns":1},{"damage":0,"enemies":"Gensokyo:Gryphon","floor":5,"turns":1},{"damage":36,"enemies":"Gensokyo:Mamizou","floor":6,"turns":11},{"damage":2,"enemies":"Gensokyo:LivingMonolith","floor":7,"turns":4},{"damage":1,"enemies":"Gensokyo:Gryphon_and_Rabbit","floor":8,"turns":4},{"damage":12,"enemies":"Gensokyo:Cirno","floor":10,"turns":4},{"damage":2,"enemies":"Gensokyo:Python_and_Kodama","floor":11,"turns":3},{"damage":19,"enemies":"Gensokyo:Yukari","floor":16,"turns":6},{"damage":27,"enemies":"Gensokyo:Chomper","floor":18,"turns":6},{"damage":13,"enemies":"Hiden Room Battle","floor":19,"turns":4},{"damage":33,"enemies":"Hiden Room Battle","floor":21,"turns":9},{"damage":0,"enemies":"Gensokyo:2_Gloops","floor":23,"turns":4},{"damage":0,"enemies":"Gensokyo:Mirror_and_Dog","floor":24,"turns":3},{"damage":20,"enemies":"Nightmare","floor":25,"turns":7},{"damage":0,"enemies":"Gensokyo:Monolith_and_Dog","floor":27,"turns":4},{"damage":23,"enemies":"Gensokyo:Chomper_and_Gloop","floor":29,"turns":7},{"damage":9,"enemies":"Gensokyo:Swordslinger","floor":30,"turns":5},{"damage":0,"enemies":"Gensokyo:Swordslinger","floor":31,"turns":3},{"damage":26,"enemies":"Gensokyo:Kaguya","floor":33,"turns":6},{"damage":1,"enemies":"Gensokyo:3_Bats","floor":35,"turns":2},{"damage":7,"enemies":"Gensokyo:AncientGuardian","floor":36,"turns":6},{"damage":1,"enemies":"Gensokyo:AtlasGolem","floor":37,"turns":5},{"damage":1,"enemies":"Gensokyo:Dusk_and_Dawn","floor":41,"turns":3},{"damage":32,"enemies":"Gensokyo:Rafflesia","floor":48,"turns":6}],"seed_played":"6190753138927123192","potions_obtained":[{"floor":6,"key":"blueLaboratory:BottleOfRum"},{"floor":7,"key":"Adrenaline Potion"},{"floor":11,"key":"blueLaboratory:PhilterOfMotion"},{"floor":18,"key":"blueLaboratory:PhilterOfMotion"},{"floor":21,"key":"ZuzhouPotion:ReiMu"},{"floor":23,"key":"EssenceOfSteel"},{"floor":29,"key":"Conjunction:LightningMarble"},{"floor":36,"key":"EssenceOfSteel"}],"is_trial":false,"path_per_floor":["M","M","?","?","M","E","M","M","T","E","M","T","COS","?","R_BF","B",null,"M","?","?","?","COS","M","M","NM","T","M","R","M","?","M","R_BF","B",null,"M","M","M","?","COS","R","M","?","T","T","?","R","?","M"],"character_chosen":"Youkari","items_purchased":[],"campfire_rested":0,"item_purchase_floors":[],"current_hp_per_floor":[70,70,70,70,70,38,38,38,38,29,29,29,29,29,50,33,70,47,35,35,14,14,24,32,30,30,50,50,51,58,70,66,66,66,66,66,66,66,66,66,66,66,66,66,14,14,14,0,0],"gold":150,"neow_bonus":"THREE_ENEMY_KILL","is_daily":false,"chose_seed":false,"campfire_upgraded":2,"win_rate":0.0,"timestamp":1614138863,"path_taken":["M","M","?","?","M","E","M","?","T","E","M","?","COS","?","R_BF","BOSS","M","?","?","?","COS","M","M","NM","T","?","R","?","?","M","R_BF","BOSS","M","?","M","?","COS","R","?","?","T","?","?","R","?","?"],"items_purchased_type":[],"build_version":"2020-12-22","purchased_purges":0,"victory":false,"max_hp_per_floor":[70,70,70,70,70,70,70,70,70,70,70,70,70,70,70,70,70,70,70,70,70,70,70,70,70,70,70,70,70,70,70,66,66,66,66,66,66,66,66,66,66,66,66,66,66,66,66,66,66],"card_choices":[{"not_picked":[],"picked":"EpicFetus","floor":0},{"not_picked":["AdvanceAttack_purple","ExistenceContinue_purple"],"picked":"Anti_communist_purple","floor":1},{"not_picked":["Photoelasticity_Doppler_Effect_purple","Fantasy_PerpetualMotionMachine_purple"],"picked":"Bait_Toxicbait_purple","floor":2},{"not_picked":["Swift Strike+1","hubris:Insight+1"],"picked":"GradualImprovement+1","floor":3},{"not_picked":["Mirror_FormAndEmptin_purple","RuleDissolution_purple"],"picked":"Boundary_of_Extermination_purpleEX","floor":5},{"not_picked":["RealityDreamConfluencek_purple","Anti_communist_purple"],"picked":"Shallow_ocean_purpleEX","floor":6},{"not_picked":["SharpContractionReality_purple","MetroBOOM_purple"],"picked":"OpenedBox_purple","floor":7},{"not_picked":["ExistenceContinue_purple","SharpContractionReality_purple"],"picked":"LoveAcrossDimensions_purple","floor":8},{"not_picked":["StretchesForeverDream_purple","StateErode_purple"],"picked":"WatchEChange_purple","floor":10},{"not_picked":["Worldmountain_purple","D_absorption_purple"],"picked":"Mirror_FourBoundary_purple","floor":11},{"not_picked":["ExistenceContinue_purple","StateDuplicate_purple"],"picked":"Charmbait_purple","floor":14},{"not_picked":["ProofOfUnderstanding_purple","LoveAcrossDimensions_purple"],"picked":"Monsters_DoubleDeathButterfly_purple","floor":16},{"not_picked":["MeetDecomposer_purple+1","Line_surface_state_purple"],"picked":"PurpleNeedle_purple","floor":18},{"not_picked":["Mirror_FormAndEmptin_purple","Photoelasticity_Doppler_Effect_purple"],"picked":"DimensionStaggered_purple","floor":19},{"not_picked":["Shallow_ocean_purpleEX","ExistenceContinue_purple"],"picked":"PositiveMatter_Antimatter_Universe_purple+1","floor":21},{"not_picked":["Line_surface_state_purple","SharpContractionReality_purple"],"picked":"EighthInstrument_OneDividesIntoTwo_purple+1","floor":23},{"not_picked":["SharpContractionReality_purple+1","Line_surface_state_purple+1"],"picked":"StateErode_purple+1","floor":24},{"not_picked":["Boundary_of_Extermination_purpleEX","SharpContractionReality_purple+1"],"picked":"Bait_HighSpeedFlying_purple","floor":24},{"not_picked":["ButterflyHabitatTemple_purple","Mirror_FormAndEmptin_purple"],"picked":"Boundary_LightAndDark_purple+1","floor":25},{"not_picked":["SharpContractionReality_purple","Line_surface_state_purple","Bait_HighSpeedFlying_purple"],"picked":"SKIP","floor":27},{"not_picked":["OmniscientAndOmnipotent_Monster_purple","StateDuplicate_purple+1"],"picked":"WangLiang_LineAndCurveDreams_purple","floor":29},{"not_picked":["Line_surface_state_purple","Mirror_FourBoundary_purple+1"],"picked":"AdvanceAttack_purple","floor":30},{"not_picked":["OpenedBox_purple","StretchesForeverDream_purple"],"picked":"RuleDissolution_purple","floor":31},{"not_picked":["Theboundaryofcreation_purpleEX","Fancifulhole_purple"],"picked":"WangLiang_OokamiKakushi_purple","floor":33},{"not_picked":["Realm_recovery_purpleEX+1","SharpContractionReality_purple"],"picked":"Photoelasticity_Doppler_Effect_purple+1","floor":35},{"not_picked":["Shallow_ocean_purpleEX","Line_surface_state_purple"],"picked":"MeetDecomposer_purple+1","floor":36},{"not_picked":["MeetDecomposer_purple","EighthInstrument_OneDividesIntoTwo_purple"],"picked":"DimensionStaggered_purple","floor":37},{"not_picked":["Realm_recovery_purpleEX","ExistenceContinue_purple"],"picked":"AdvanceAttack_purple","floor":41}],"player_experience":578018,"relics_obtained":[{"floor":6,"key":"DemoMod:Metronome"},{"floor":9,"key":"DemoMod:MemoryAlloy"},{"floor":10,"key":"War Paint"},{"floor":14,"key":"Garlic"},{"floor":19,"key":"Pen Nib"},{"floor":19,"key":"Snack Pack"},{"floor":21,"key":"Bromod:ArcaneFury"},{"floor":21,"key":"Leech"},{"floor":25,"key":"conspire:Flyswatter"},{"floor":26,"key":"aspiration:SeaSaltIceCream"},{"floor":30,"key":"Blue Candle"},{"floor":36,"key":"wanderingMiniBosses:AbyssPearl"},{"floor":43,"key":"EdensBlessing"},{"floor":44,"key":"Bottled Lightning"}],"event_choices":[{"damage_healed":0,"gold_gain":0,"player_choice":"2","damage_taken":0,"max_hp_gain":0,"max_hp_loss":0,"event_name":"betterMatch:BetterMatch","floor":3,"gold_loss":0,"cards_obtained":["betterMatch:ColorlessUncommonCard"]},{"damage_healed":0,"gold_gain":0,"player_choice":"Fight","damage_taken":0,"max_hp_gain":0,"max_hp_loss":0,"event_name":"HidenRoomEvent","floor":19,"gold_loss":0},{"damage_healed":0,"gold_gain":0,"player_choice":"RE RE RE ","damage_taken":58,"relics_obtained":["aspiration:TomeofQuesting","MawBank","trackpad:Compendium"],"max_hp_gain":0,"max_hp_loss":0,"event_name":"betterSkull:BetterSkull","floor":45,"gold_loss":0,"cards_upgraded":[]}],"is_beta":false,"boss_relics":[{"not_picked":["energizedSpire:HugeHouse","trackpad:Coffee"],"picked":"Replay:Bronze Core"},{"not_picked":[]},{"not_picked":["Ring of Chaos","energizedSpire:SpiderWeb"],"picked":"aspiration:SecretTechniqueScroll"},{"not_picked":[]}],"items_purged_floors":[],"is_endless":true,"potions_floor_spawned":[6,7,8,11,18,21,23,29,36],"killed_by":"Gensokyo:Rafflesia","ascension_level":0,"is_humility":true}}