{"host":"iudiqz5bwex5meyb","time":1614189778,"event":{"mods":["AchievementEnabler","BaseMod","Block Reminder","Colored Map","Minty Spire (QoL Compilation)","StSLib","ojb\u0027s Better Paths Mod","ojb\u0027s Info Mod"],"gold_per_floor":[367,92,161,171,171,196,196,209,209,228,240,268,268,268,268,371,371,384,400,315,41,41,66,66,66,66,99,112,131,144,161,161,161,161],"floor_reached":33,"language":"ENG","playtime":2111,"items_purged":["Strike_G"],"score":431,"play_id":"32933f0a-d5ac-4516-897c-eb7c5eb00fc8","local_time":"20210224120258","is_ascension_mode":true,"campfire_choices":[{"data":"Blade Dance","floor":7,"key":"SMITH"},{"floor":15,"key":"REST"},{"data":"1","floor":32,"key":"LIFT"}],"circlet_count":0,"master_deck":["Strike_G","Strike_G","Defend_G","Defend_G","Defend_G","Defend_G","Defend_G","Survivor","Neutralize","Dash","Blade Dance+1","Quick Slash+1","Deflect","Outmaneuver","Dagger Throw","Backflip","Adrenaline","Caltrops","Blade Dance","Well Laid Plans","Sucker Punch+1","Prepared","Eviscerate","Skewer","Outmaneuver+1","Calculated Gamble+1"],"relics":["Ring of the Snake","Centennial Puzzle","Mummified Hand","Mercury Hourglass","Lantern","Ginger","Coffee Dripper","Snake Skull","Oddly Smooth Stone","Whetstone","Nunchaku","Girya"],"acts_visited":["Exordium","TheCity"],"potions_floor_usage":[16,16,18,31],"damage_taken":[{"damage":8,"enemies":"Small Slimes","floor":1,"turns":6},{"damage":2,"enemies":"2 Louse","floor":4,"turns":3},{"damage":24,"enemies":"3 Sentries","floor":6,"turns":14},{"damage":0,"enemies":"Cultist","floor":8,"turns":3},{"damage":2,"enemies":"Large Slime","floor":10,"turns":6},{"damage":1,"enemies":"Looter","floor":11,"turns":3},{"damage":21,"enemies":"Gremlin Nob","floor":12,"turns":4},{"damage":21,"enemies":"Hexaghost","floor":16,"turns":10},{"damage":7,"enemies":"2 Thieves","floor":18,"turns":3},{"damage":2,"enemies":"3 Byrds","floor":19,"turns":3},{"damage":20,"enemies":"Book of Stabbing","floor":23,"turns":5},{"damage":3,"enemies":"Slavers","floor":27,"turns":5},{"damage":4,"enemies":"3 Cultists","floor":28,"turns":5},{"damage":0,"enemies":"Snake Plant","floor":29,"turns":3},{"damage":9,"enemies":"Cultist and Chosen","floor":30,"turns":5},{"damage":0,"enemies":"Centurion and Healer","floor":31,"turns":4},{"damage":10,"enemies":"Automaton","floor":33,"turns":2}],"seed_played":"476821766131523001","potions_obtained":[{"floor":1,"key":"Poison Potion"},{"floor":10,"key":"Poison Potion"},{"floor":12,"key":"Ancient Potion"},{"floor":16,"key":"SkillPotion"},{"floor":18,"key":"CultistPotion"},{"floor":28,"key":"FearPotion"}],"is_trial":false,"path_per_floor":["M","$","?","M","?","E","R","M","T","M","M","E","?","T","R","B",null,"M","M","?","$","?","E","?","T","T","E","M","M","M","M","R","B"],"character_chosen":"THE_SILENT","items_purchased":["Blade Dance","Centennial Puzzle","Blade Dance","Well Laid Plans","Oddly Smooth Stone"],"campfire_rested":1,"item_purchase_floors":[2,2,21,21,21],"current_hp_per_floor":[55,55,55,53,53,29,29,29,29,27,26,5,5,5,23,2,48,41,39,39,39,39,19,19,19,19,16,12,12,3,3,3,0,0],"gold":161,"neow_bonus":"TWO_FIFTY_GOLD","is_daily":false,"chose_seed":false,"campfire_upgraded":1,"win_rate":0.0,"timestamp":1614189778,"path_taken":["M","$","?","M","?","E","R","M","T","M","M","E","?","?","R","BOSS","M","?","?","$","?","E","?","?","T","E","M","M","M","M","R","BOSS"],"items_purchased_type":["Card","Relic","Card","Card","Relic"],"build_version":"2020-12-22","purchased_purges":1,"victory":false,"max_hp_per_floor":[63,63,63,63,63,63,63,63,63,63,63,63,63,63,63,63,63,63,63,63,63,63,63,63,63,63,63,63,63,63,63,63,63,63],"card_choices":[{"not_picked":["Acrobatics","Dagger Spray"],"picked":"Dash","floor":1},{"not_picked":["Crippling Poison","Acrobatics"],"picked":"Quick Slash","floor":4},{"not_picked":["Prepared","Slice"],"picked":"Deflect","floor":6},{"not_picked":["Sucker Punch","Prepared"],"picked":"Outmaneuver","floor":8},{"not_picked":["Deadly Poison","Outmaneuver","Prepared"],"picked":"SKIP","floor":10},{"not_picked":["Skewer","Distraction"],"picked":"Dagger Throw","floor":11},{"not_picked":["Underhanded Strike","Accuracy"],"picked":"Backflip","floor":12},{"not_picked":["Envenom","Phantasmal Killer"],"picked":"Adrenaline","floor":16},{"not_picked":["Tactician","Quick Slash"],"picked":"Caltrops","floor":18},{"not_picked":["Quick Slash+1","Escape Plan","Underhanded Strike"],"picked":"SKIP","floor":19},{"not_picked":["Storm of Steel","Quick Slash"],"picked":"Eviscerate","floor":23},{"not_picked":["Flying Knee","Bane","Underhanded Strike+1"],"picked":"SKIP","floor":27},{"not_picked":["Underhanded Strike","Setup"],"picked":"Skewer","floor":28},{"not_picked":["Slice","Deadly Poison"],"picked":"Outmaneuver+1","floor":29},{"not_picked":["Catalyst","Backstab+1","Deadly Poison"],"picked":"SKIP","floor":30},{"not_picked":["Quick Slash","Expertise+1"],"picked":"Calculated Gamble+1","floor":31}],"player_experience":372857,"relics_obtained":[{"floor":6,"key":"Mummified Hand"},{"floor":9,"key":"Mercury Hourglass"},{"floor":12,"key":"Lantern"},{"floor":14,"key":"Ginger"},{"floor":23,"key":"Whetstone"},{"floor":26,"key":"Nunchaku"},{"floor":27,"key":"Girya"}],"event_choices":[{"damage_healed":0,"gold_gain":69,"player_choice":"Gained Gold","damage_taken":0,"max_hp_gain":0,"max_hp_loss":0,"event_name":"Golden Wing","floor":3,"gold_loss":0},{"damage_healed":0,"gold_gain":0,"player_choice":"Ignored","damage_taken":0,"max_hp_gain":0,"max_hp_loss":0,"event_name":"Liars Game","floor":5,"gold_loss":0},{"damage_healed":0,"gold_gain":0,"player_choice":"Ignored","damage_taken":0,"max_hp_gain":0,"max_hp_loss":0,"event_name":"Shining Light","floor":13,"gold_loss":0},{"damage_healed":0,"gold_gain":0,"player_choice":"Obtained Relic","damage_taken":0,"relics_obtained":["Snake Skull"],"max_hp_gain":0,"max_hp_loss":0,"event_name":"Addict","floor":20,"gold_loss":85},{"damage_healed":0,"gold_gain":0,"cards_transformed":["Strike_G","Strike_G"],"player_choice":"Became Test Subject","damage_taken":0,"max_hp_gain":0,"max_hp_loss":0,"event_name":"Drug Dealer","floor":22,"gold_loss":0,"cards_obtained":["Sucker Punch","Prepared"]},{"damage_healed":0,"gold_gain":0,"player_choice":"Ignored","damage_taken":0,"max_hp_gain":0,"max_hp_loss":0,"event_name":"Cursed Tome","floor":24,"gold_loss":0}],"is_beta":false,"boss_relics":[{"not_picked":["Philosopher\u0027s Stone","Tiny House"],"picked":"Coffee Dripper"}],"items_purged_floors":[2],"is_endless":false,"potions_floor_spawned":[1,10,12,16,18,28,29],"killed_by":"Automaton","ascension_level":9}}