{"host":"dl909bjyolgrn2uw","time":1614204772,"event":{"mods":["2.2 Compatiblity","AchievementEnabler","BaseMod","Bestiary","Better Altar","Better Note","Better Sensory Stone","Better Skull","Better Vampires","Better-Laid Plans","Colored Powertips","Curses Come First","Disable Question Mark Monsters","Displayed Cursed Tome","Downfall","Emptier Cage","Minty Spire (QoL Compilation)","Morshu Shopkeeper","Permanent Neow","Quick Restart","Rare Cards Sparkle","Relic Stats","Shop Mod","Spicy Shops","StSLib","SuperFastMode","Transform Curses"],"gold_per_floor":[0,18,29,46,66,98,171,171,171,190,190,190,190,222,240,338,338,338,351,371,382,482,508,508,22,22,22,36,52,65,95,110,215,215,215,229,243,266,286,286,286,210,238,253,53,92,105,32,56,56],"floor_reached":51,"language":"ENG","playtime":4208,"items_purged":["downfall:Malfunctioning"],"score":877,"play_id":"744a0491-39bf-4614-b99d-d3934c8eb3f6","local_time":"20210224161252","is_ascension_mode":true,"campfire_choices":[{"data":"champ:CheapShot","floor":1.0,"key":"SMITH"},{"data":"champ:TornadoPunch","floor":8.0,"key":"SMITH"},{"data":"champ:Taunt","floor":13.0,"key":"SMITH"},{"data":"champ:StrikeOfGenius","floor":18.0,"key":"SMITH"},{"data":"champ:HoldFirm","floor":26.0,"key":"SMITH"},{"data":"champ:GladiatorForm","floor":35.0,"key":"SMITH"},{"floor":45.0,"key":"RECALL"}],"circlet_count":0,"master_deck":["champ:Execute","champ:Taunt+1","champ:CheapShot+1","champ:TornadoPunch+1","champ:StanceDance+1","champ:BringItOn+1","champ:ArenaPreparation","champ:StrikeOfGenius+1","champ:CalledShot+1","champ:HoldFirm+1","champ:ShieldSlam","champ:Parry+1","champ:ArenaPreparation+1","champ:ShieldWall+1","champ:HoldFirm+1","champ:FalseCounter+1","champ:StrikeOfGenius","champ:HeavySlash","champ:GladiatorForm+1","champ:FlashCut","champ:CheapShot","champ:CrownThrow","champ:Shatter","champ:DefensiveShout+1","Apotheosis+1","PanicButton+1","champ:GladiatorForm","champ:SkillfulDodge+1","champ:ViciousMockery+1"],"relics":["champ:ChampionCrown","Du-Vu Doll","Blue Candle","Akabeko","Coffee Dripper","Potion Belt","Whetstone","Bottled Tornado","Toy Ornithopter","Toxic Egg 2","Bird Faced Urn","MealTicket","Pandora\u0027s Box","Bottled Flame","Mummified Hand","ClockworkSouvenir","Bag of Marbles","downfall:HeartBlessingGreen","downfall:HeartBlessingBlue","CeramicFish","Medical Kit"],"acts_visited":["Exordium","TheCity","TheBeyond"],"potions_floor_usage":[50],"damage_taken":[{"damage":12.0,"enemies":"2 Louse","floor":2.0,"turns":3.0},{"damage":11.0,"enemies":"Jaw Worm","floor":3.0,"turns":4.0},{"damage":10.0,"enemies":"Cultist","floor":4.0,"turns":3.0},{"damage":21.0,"enemies":"Large Slime","floor":5.0,"turns":6.0},{"damage":18.0,"enemies":"3 Sentries","floor":6.0,"turns":6.0},{"damage":22.0,"enemies":"Blue Slaver","floor":10.0,"turns":4.0},{"damage":17.0,"enemies":"Gremlin Nob","floor":14.0,"turns":5.0},{"damage":18.0,"enemies":"Exordium Wildlife","floor":15.0,"turns":3.0},{"damage":41.0,"enemies":"SI_SHIV_ARCHETYPE","floor":16.0,"turns":8.0},{"damage":14.0,"enemies":"Shell Parasite","floor":19.0,"turns":4.0},{"damage":10.0,"enemies":"Spheric Guardian","floor":20.0,"turns":3.0},{"damage":11.0,"enemies":"Cultist and Chosen","floor":21.0,"turns":4.0},{"damage":49.0,"enemies":"downfall:LadyInBlue","floor":22.0,"turns":8.0},{"damage":26.0,"enemies":"Book of Stabbing","floor":23.0,"turns":4.0},{"damage":56.0,"enemies":"downfall:FleeingMerchant","floor":25.0,"turns":5.0},{"damage":10.0,"enemies":"Chosen and Byrds","floor":28.0,"turns":4.0},{"damage":10.0,"enemies":"Sentry and Sphere","floor":29.0,"turns":4.0},{"damage":10.0,"enemies":"Shelled Parasite and Fungi","floor":30.0,"turns":3.0},{"damage":32.0,"enemies":"Slavers","floor":31.0,"turns":2.0},{"damage":0.0,"enemies":"Snake Plant","floor":32.0,"turns":2.0},{"damage":48.0,"enemies":"WA_ARCHETYPE_CALM","floor":33.0,"turns":7.0},{"damage":0.0,"enemies":"3 Shapes","floor":36.0,"turns":3.0},{"damage":0.0,"enemies":"3 Darklings","floor":37.0,"turns":3.0},{"damage":2.0,"enemies":"4 Shapes","floor":39.0,"turns":5.0},{"damage":0.0,"enemies":"downfall:FleeingMerchant","floor":42.0,"turns":3.0},{"damage":50.0,"enemies":"Reptomancer","floor":43.0,"turns":5.0},{"damage":10.0,"enemies":"Spire Growth","floor":44.0,"turns":4.0},{"damage":35.0,"enemies":"Nemesis","floor":46.0,"turns":5.0},{"damage":45,"enemies":"Transient","floor":47,"turns":5},{"damage":0,"enemies":"Writhing Mass","floor":49,"turns":4},{"damage":126,"enemies":"DF_ARCHETYPE_ORBS","floor":50,"turns":7}],"seed_played":"4980061888065261748","potions_obtained":[{"floor":3.0,"key":"FearPotion"},{"floor":4.0,"key":"bronze:BurnAndBuffPotion"},{"floor":16.0,"key":"Fire Potion"},{"floor":21.0,"key":"Swift Potion"},{"floor":22.0,"key":"Guardian:BlockOnCardUsePotion"},{"floor":22.0,"key":"SkillPotion"},{"floor":22.0,"key":"SpeedPotion"},{"floor":28.0,"key":"champ:TechniquePotion"},{"floor":29.0,"key":"DuplicationPotion"},{"floor":31.0,"key":"SteroidPotion"},{"floor":33.0,"key":"FearPotion"},{"floor":37.0,"key":"SneckoOil"},{"floor":44.0,"key":"Fire Potion"}],"is_trial":false,"path_per_floor":["R","M","M","M","M","E","T","R","?","M","?","?","R","E","M","B",null,"R","M","M","M","?","E","T","$","R","?","M","M","M","E","M","B",null,"R","M","M","?","M","?","T","$","E","M","R","E","M","$","M","B",null],"character_chosen":"THE_CHAMP","items_purchased":["Toy Ornithopter","Toxic Egg 2","Mummified Hand","ClockworkSouvenir","Medical Kit"],"campfire_rested":0,"item_purchase_floors":[25,25,42,42,48],"current_hp_per_floor":[90,88,87,87,76,68,68,68,68,61,61,66,66,49,41,30,95,95,91,91,90,86,85,85,84,84,84,86,88,95,63,65,56,95,95,95,95,95,95,95,95,95,95,95,105,105,105,105,105,54],"gold":56,"neow_bonus":"THREE_RARE_CARDS","is_daily":false,"chose_seed":false,"campfire_upgraded":6,"win_rate":0.0,"timestamp":1614204772,"path_taken":["R","M","M","M","M","E","T","R","?","M","?","?","R","E","M","BOSS","R","M","M","M","?","E","T","?","R","?","M","M","M","E","M","BOSS","R","M","M","?","M","?","T","$","E","M","R","E","M","?","M","BOSS"],"items_purchased_type":["Relic","Relic","Relic","Relic","Relic"],"build_version":"2020-12-22","purchased_purges":1,"victory":true,"max_hp_per_floor":[90,90,90,90,90,90,90,90,90,90,90,95,95,95,95,95,95,95,95,95,95,95,95,95,95,95,95,95,95,95,95,95,95,95,95,95,95,95,95,95,95,95,95,95,105,105,105,105,105,105],"relic_stats":{"counters":[31,136],"Mummified Hand":[32],"Blue Candle":[7],"Bird Faced Urn":[25],"CeramicFish":18,"MealTicket":0,"Pandora\u0027s Box":["champ:FalseCounter","champ:StrikeOfGenius","champ:HeavySlash","champ:GladiatorForm","champ:FlashCut","champ:CheapShot","champ:CrownThrow","champ:Shatter"],"Whetstone":["champ:Strike","champ:Strike"],"Medical Kit":[0],"obtain_stats":[{"Potion Belt":22,"Blue Candle":7,"CeramicFish":46,"champ:ChampionCrown":0,"downfall:HeartBlessingGreen":45,"Whetstone":23,"Bottled Tornado":24,"Medical Kit":48,"Akabeko":14,"ClockworkSouvenir":42,"Du-Vu Doll":6,"Bottled Flame":41,"Mummified Hand":42,"downfall:HeartBlessingBlue":45,"Bird Faced Urn":27,"MealTicket":31,"Pandora\u0027s Box":34,"Coffee Dripper":17,"Bag of Marbles":43,"Toxic Egg 2":25,"Toy Ornithopter":25},{"Potion Belt":13,"Blue Candle":5,"CeramicFish":28,"champ:ChampionCrown":0,"downfall:HeartBlessingGreen":27,"Whetstone":14,"Bottled Tornado":14,"Medical Kit":29,"Akabeko":7,"ClockworkSouvenir":25,"Du-Vu Doll":5,"Bottled Flame":24,"Mummified Hand":25,"downfall:HeartBlessingBlue":27,"Bird Faced Urn":15,"MealTicket":19,"Pandora\u0027s Box":21,"Coffee Dripper":9,"Bag of Marbles":26,"Toxic Egg 2":15,"Toy Ornithopter":15},{"Potion Belt":61,"Blue Candle":22,"CeramicFish":120,"champ:ChampionCrown":0,"downfall:HeartBlessingGreen":115,"Whetstone":65,"Bottled Tornado":65,"Medical Kit":125,"Akabeko":31,"ClockworkSouvenir":106,"Du-Vu Doll":22,"Bottled Flame":103,"Mummified Hand":106,"downfall:HeartBlessingBlue":115,"Bird Faced Urn":70,"MealTicket":83,"Pandora\u0027s Box":92,"Coffee Dripper":42,"Bag of Marbles":111,"Toxic Egg 2":70,"Toy Ornithopter":70}],"Toy Ornithopter":15},"card_choices":[{"not_picked":["champ:HoldFirm","champ:HeavySlash"],"picked":"champ:CheapShot","floor":0.0},{"not_picked":["champ:EnragedBash","champ:BerserkersShout"],"picked":"champ:TornadoPunch","floor":2.0},{"not_picked":["champ:CrownThrow","champ:Circumvent"],"picked":"champ:StanceDance","floor":3.0},{"not_picked":["champ:EndlessRage","champ:Encircle","champ:FanOfKnives"],"picked":"SKIP","floor":4.0},{"not_picked":["champ:BerserkersShout","champ:AdrenalArmor"],"picked":"champ:BringItOn","floor":5.0},{"not_picked":["champ:GladiatorForm","champ:StanceDance"],"picked":"champ:ArenaPreparation","floor":6.0},{"not_picked":["champ:BringItOn","champ:Haymaker","champ:BladeFlurry"],"picked":"SKIP","floor":10.0},{"not_picked":["champ:FlashCut","champ:EnragedBash","champ:HeartStrike"],"picked":"SKIP","floor":14.0},{"not_picked":["champ:BerserkersShout","champ:Encircle","champ:PreemptiveStrike"],"picked":"SKIP","floor":15.0},{"not_picked":["champ:SteelEdge","champ:CheapShot"],"picked":"champ:StrikeOfGenius","floor":16.0},{"not_picked":["champ:TornadoPunch","champ:EndlessRage","champ:GutPunch+1"],"picked":"SKIP","floor":19.0},{"not_picked":["champ:FanOfKnives","champ:Endure","champ:RecklessLeap"],"picked":"SKIP","floor":20.0},{"not_picked":["champ:CrookedStrike+1","champ:FocusedBerserking"],"picked":"champ:CalledShot+1","floor":21.0},{"not_picked":["champ:BringItOn+1","champ:Encircle+1"],"picked":"champ:HoldFirm","floor":23.0},{"not_picked":["champ:Haymaker","champ:CrookedStrike"],"picked":"champ:ShieldSlam","floor":25.0},{"not_picked":["champ:Endure+1","champ:Circumvent+1"],"picked":"champ:Parry+1","floor":28.0},{"not_picked":["champ:Encircle","champ:BerserkersShout+1","champ:Shatter"],"picked":"SKIP","floor":29.0},{"not_picked":["champ:Backstep+1","champ:Shatter"],"picked":"champ:ArenaPreparation+1","floor":30.0},{"not_picked":["champ:EndlessRage","champ:Shatter+1","champ:CheapShot"],"picked":"SKIP","floor":31.0},{"not_picked":["champ:FalseCounter+1","champ:RapidStrikes+1"],"picked":"champ:ShieldWall+1","floor":32.0},{"not_picked":["champ:MurderStrike","champ:TripleStrike"],"picked":"champ:HoldFirm+1","floor":33.0},{"not_picked":["champ:BringItOn+1","champ:RecklessLeap","champ:SetATrap+1"],"picked":"SKIP","floor":36.0},{"not_picked":["champ:PreciseThrust","champ:PerfectedStrike+1"],"picked":"champ:DefensiveShout+1","floor":37.0},{"not_picked":["champ:FanOfKnives+1","champ:TripleStrike","champ:Shatter+1"],"picked":"SKIP","floor":39.0},{"not_picked":["Violence+1","Panacea+1"],"picked":"Apotheosis+1","floor":40.0},{"not_picked":["Flash of Steel","Blind+1"],"picked":"PanicButton+1","floor":40.0},{"not_picked":["champ:GutPunch+1","champ:Parry+1","champ:CrownThrow+1"],"picked":"SKIP","floor":42.0},{"not_picked":["champ:Parry+1","champ:FanOfKnives","champ:DeathBlow+1"],"picked":"SKIP","floor":43.0},{"not_picked":["champ:ShieldSlam+1","champ:Parry+1"],"picked":"champ:GladiatorForm","floor":44.0},{"not_picked":["champ:PerfectedStrike+1","champ:FalseCounter+1"],"picked":"champ:SkillfulDodge+1","floor":46.0},{"not_picked":["champ:PreemptiveStrike","champ:DefensiveShout+1","champ:ShieldWall"],"picked":"SKIP","floor":47},{"not_picked":["champ:Encircle","champ:EnGarde+1"],"picked":"champ:ViciousMockery+1","floor":49}],"player_experience":540674,"relics_obtained":[{"floor":6.0,"key":"Du-Vu Doll"},{"floor":7.0,"key":"Blue Candle"},{"floor":14.0,"key":"Akabeko"},{"floor":22.0,"key":"Potion Belt"},{"floor":23.0,"key":"Whetstone"},{"floor":24.0,"key":"Bottled Tornado"},{"floor":31.0,"key":"MealTicket"},{"floor":41.0,"key":"Bottled Flame"},{"floor":43.0,"key":"Bag of Marbles"},{"floor":46.0,"key":"CeramicFish"}],"event_choices":[{"damage_healed":0.0,"max_hp_gain":5.0,"max_hp_loss":0.0,"gold_gain":0.0,"event_name":"Big Fish","player_choice":"Donut","floor":12.0,"gold_loss":0.0,"damage_taken":0.0},{"damage_healed":0.0,"max_hp_gain":0.0,"max_hp_loss":0.0,"gold_gain":3.0,"event_name":"betterStone:BetterStone","player_choice":"1","floor":40.0,"gold_loss":0.0,"damage_taken":0.0}],"is_beta":false,"boss_relics":[{"not_picked":["Velvet Choker","champ:ChampionCrownUpgraded"],"picked":"Coffee Dripper"},{"not_picked":["Philosopher\u0027s Stone","Black Star"],"picked":"Pandora\u0027s Box"}],"items_purged_floors":[25],"is_endless":false,"potions_floor_spawned":[3,4,16,21,28,29,31,33,37,44,47],"ascension_level":1}}