{"host":"gkh5j5k5w4qf7k7n","time":1614137446,"event":{"mods":["100% Spire Juice","2.2 Compatiblity","AchievementEnabler","BaseMod","Colored Map","Colored Powertips","Duelist Mod","GifTheSpireLib","Keyboard Shortcuts","Minty Spire (QoL Compilation)","Quick Restart","Replay The Spire","StSLib","SuperFastMode","The Problem Sleuth","¡¼?Úª?ø«¡½REMEMod"],"gold_per_floor":[136,136,61,61,77,77,108,121,203,233,233,268,343,358,358,434,434,452,452,467,477,377,377,411,442,477,489,526,538,465,477,489,501,501],"floor_reached":33,"language":"KOR","playtime":1282,"items_purged":["theDuelist:Sparks","theDuelist:CactusBouncer"],"score":812,"play_id":"2c0b74ec-9765-4dcb-9ce1-aae16ef51766","local_time":"20210224123046","is_ascension_mode":true,"campfire_choices":[{"data":"theDuelist:Inmato","floor":6.0,"key":"SMITH"},{"data":"theDuelist:Inmato","floor":15.0,"key":"SMITH"},{"data":"theDuelist:FossilSkullConvoy","floor":23,"key":"SMITH"},{"data":"Pot Of Greed","floor":27,"key":"SMITH"},{"floor":29,"key":"REST"},{"data":"Pot Of Greed","floor":32,"key":"SMITH"}],"circlet_count":0,"master_deck":["theDuelist:AngelTrumpeter","theDuelist:CastleWalls","theDuelist:CastleWalls","theDuelist:DarkworldThorns","theDuelist:Inmato+1","theDuelist:JerryBeansMan","theDuelist:JerryBeansMan","theDuelist:Sparks","AscendersBane","theDuelist:FossilSkullConvoy+1","theDuelist:PredaplantPterapenthes","theDuelist:Inmato+1","theDuelist:SplendidRose","theDuelist:GracefulCharity+1","Sadistic Nature","theDuelist:Gigaplant","theDuelist:GracefulCharity+1","theDuelist:VioletCrystal+1","theDuelist:VioletCrystal+1","Pot Of Greed+1","Pot Of Greed+1","theDuelist:BotanicalGirl"],"relics":["theDuelist:MillenniumPuzzle","theDuelist:CardPoolRelic","theDuelist:CardPoolBasicRelic","theDuelist:BoosterPackPoolRelic","theDuelist:CardPoolAddRelic","theDuelist:CardPoolMinusRelic","theDuelist:CardPoolSaveRelic","theDuelist:CardPoolOptionsRelic","REME_ComplimentaryCards","NeowsBlessing","theDuelist:NamelessWarRelicA","theDuelist:MonsterEggRelic","theDuelist:BoosterPackSpellEgg","Simple Rune","Bottled Tornado","Runic Cube","MawBank","Grinning Jar","Byrd Skull","Pet Ghost"],"acts_visited":["Exordium","TheCity"],"potions_floor_usage":[],"damage_taken":[{"damage":0.0,"enemies":"2 Louse","floor":1.0,"turns":1.0},{"damage":0.0,"enemies":"Cultist","floor":5.0,"turns":1.0},{"damage":0.0,"enemies":"3 Sentries","floor":7.0,"turns":2.0},{"damage":0.0,"enemies":"Small Slimes","floor":8.0,"turns":3.0},{"damage":15.0,"enemies":"Replay:BlueRogue","floor":10.0,"turns":11.0},{"damage":0.0,"enemies":"3 Sentries","floor":12.0,"turns":8.0},{"damage":0.0,"enemies":"Blue Slaver","floor":14.0,"turns":4.0},{"damage":0.0,"enemies":"Fading Forest","floor":16.0,"turns":13.0},{"damage":9.0,"enemies":"Shell Parasite","floor":18.0,"turns":4.0},{"damage":22,"enemies":"2 Thieves","floor":20,"turns":3},{"damage":3,"enemies":"Snake Plant","floor":21,"turns":4},{"damage":0,"enemies":"theDuelist:KaibaA2","floor":24,"turns":4},{"damage":0,"enemies":"Centurion and Healer","floor":25,"turns":6},{"damage":31,"enemies":"Pondfish","floor":33,"turns":6}],"seed_played":"1510936463688391069","potions_obtained":[{"floor":1.0,"key":"Strength Potion"},{"floor":10.0,"key":"SkillPotion"},{"floor":12.0,"key":"BlessingOfTheForge"}],"is_trial":false,"path_per_floor":["M","?","$","?","M","R","E","M","T","E","?","E","?","M","R","B",null,"M","?","M","M","$","R","E","M","T","R","?","R","?","?","R","B"],"character_chosen":"THE_DUELIST","items_purchased":[],"campfire_rested":1,"item_purchase_floors":[],"current_hp_per_floor":[63,53,53,70,70,70,70,70,70,55,55,55,44,44,44,44,64,55,55,33,30,30,30,30,30,30,30,7,28,28,28,28,0,0],"gold":501,"neow_bonus":"THREE_ENEMY_KILL","is_daily":false,"chose_seed":false,"campfire_upgraded":5,"win_rate":0.0,"timestamp":1614137446,"path_taken":["M","?","?","?","?","R","E","M","T","E","?","E","?","M","R","BOSS","M","?","M","M","$","R","E","?","T","R","?","R","?","?","R","BOSS"],"items_purchased_type":[],"build_version":"2020-12-22","purchased_purges":2,"victory":false,"max_hp_per_floor":[70,70,70,70,70,70,70,70,70,70,70,70,70,70,70,70,70,70,70,70,70,70,70,70,70,70,70,70,70,70,70,70,70,70],"card_choices":[{"not_picked":["theDuelist:CactusBouncer","theDuelist:DarkworldThorns","theDuelist:WhiteRoseDragon","theDuelist:CheerfulCoffin","theDuelist:BotanicalLion"],"picked":"SKIP","floor":1.0},{"not_picked":["theDuelist:BotanicalLion","theDuelist:CactusBouncer","theDuelist:Firegrass","theDuelist:MiracleFertilizer"],"picked":"theDuelist:PredaplantPterapenthes","floor":5.0},{"not_picked":["theDuelist:JerryBeansMan","theDuelist:WormApocalypse","theDuelist:WhiteRoseDragon","theDuelist:SangaEarth"],"picked":"theDuelist:Inmato","floor":7.0},{"not_picked":["theDuelist:AcidTrapHole","theDuelist:PotDuality","theDuelist:BirdRoses","theDuelist:BloomingDarkestRose","theDuelist:Reinforcements"],"picked":"SKIP","floor":8.0},{"not_picked":["theDuelist:BotanicalLion","theDuelist:JerryBeansMan","theDuelist:WormApocalypse","theDuelist:CheerfulCoffin+1"],"picked":"theDuelist:SplendidRose","floor":10.0},{"not_picked":["theDuelist:TwilightRoseKnight","theDuelist:Mudora","theDuelist:ThornMalice+1","theDuelist:QueenAngelRoses"],"picked":"theDuelist:GracefulCharity+1","floor":12.0},{"not_picked":["Bandage Up","Secret Weapon","Transmutation"],"picked":"Sadistic Nature","floor":14.0},{"not_picked":["theDuelist:SeedCannon+1","theDuelist:PlantFoodChain","theDuelist:RoseArcher","theDuelist:PredaplantSarraceniant"],"picked":"theDuelist:Gigaplant","floor":16.0},{"not_picked":["theDuelist:JerryBeansMan+1","theDuelist:SuperSolarNutrient+1","theDuelist:WormApocalypse","theDuelist:CheerfulCoffin+1","theDuelist:BotanicalLion"],"picked":"SKIP","floor":18.0},{"not_picked":["theDuelist:WorldCarrot","theDuelist:BlackRoseDragon","theDuelist:Predaponics+1","theDuelist:PredaplantDrosophyllum"],"picked":"theDuelist:GracefulCharity+1","floor":20},{"not_picked":["theDuelist:WorldTree+1","theDuelist:BloomingDarkestRose","theDuelist:SplendidRose"],"picked":"theDuelist:VioletCrystal+1","floor":21},{"not_picked":["theDuelist:WorldTree+1","theDuelist:BloomingDarkestRose","theDuelist:SplendidRose"],"picked":"theDuelist:VioletCrystal+1","floor":24},{"not_picked":["theDuelist:KamionTimelord","theDuelist:WhiteRoseDragon","theDuelist:BlueRoseDragon","theDuelist:BlackRoseMoonlight"],"picked":"SKIP","floor":25}],"player_experience":950245,"relics_obtained":[{"floor":7.0,"key":"theDuelist:MonsterEggRelic"},{"floor":9.0,"key":"theDuelist:BoosterPackSpellEgg"},{"floor":10.0,"key":"Simple Rune"},{"floor":12.0,"key":"Bottled Tornado"},{"floor":24,"key":"MawBank"},{"floor":26,"key":"Grinning Jar"},{"floor":28,"key":"Byrd Skull"}],"event_choices":[{"total_magic_score":11.0,"gold_gain":0.0,"duelist":true,"damage_taken":10.0,"relics_obtained":["theDuelist:NamelessWarRelicA"],"points":1.0,"war_reward":1.0,"max_hp_gain":0.0,"max_hp_loss":0.0,"spent_points":{"magic":0.0,"greed":0.0,"war":1.0,"power":0.0,"hunger":0.0},"event_name":"Nameless Tomb","floor":2.0,"gold_loss":0.0,"cards_obtained":[]},{"damage_healed":17.0,"max_hp_gain":0.0,"max_hp_loss":0.0,"gold_gain":0.0,"event_name":"Wheel of Change","player_choice":"Full Heal","floor":4.0,"gold_loss":0.0,"damage_taken":0.0},{"damage_healed":0.0,"max_hp_gain":0.0,"max_hp_loss":0.0,"gold_gain":0.0,"event_name":"Relic Duplicator","player_choice":"Leave","duelist":true,"floor":11.0,"gold_loss":0.0,"damage_taken":0.0},{"damage_healed":0.0,"max_hp_gain":0.0,"max_hp_loss":0.0,"gold_gain":75.0,"event_name":"World of Goop","player_choice":"Gather Gold","floor":13.0,"gold_loss":0.0,"damage_taken":11.0},{"damage_healed":0,"gold_gain":0,"player_choice":"0 cards matched","damage_taken":0,"max_hp_gain":0,"max_hp_loss":0,"event_name":"Match and Keep!","floor":19,"gold_loss":0,"cards_obtained":[]},{"damage_healed":0,"gold_gain":0,"player_choice":"Obtained Relic","damage_taken":0,"relics_obtained":["Pet Ghost"],"max_hp_gain":0,"max_hp_loss":0,"event_name":"Addict","floor":30,"gold_loss":85},{"damage_healed":0,"gold_gain":0,"player_choice":"Read","damage_taken":0,"max_hp_gain":0,"max_hp_loss":0,"event_name":"The Library","floor":31,"gold_loss":0,"cards_obtained":["theDuelist:BotanicalGirl"]}],"is_beta":false,"boss_relics":[{"not_picked":["Abe\u0027s Treasure","Astrolabe"],"picked":"Runic Cube"}],"items_purged_floors":[3,22],"is_endless":false,"potions_floor_spawned":[1,10,12,14,20,21],"killed_by":"Pondfish","ascension_level":20}}