{"host":"ox77rn1xcurm2t5a","time":1614202906,"event":{"mods":["2.2 Compatiblity","AchievementEnabler","Act Like it!","Aspiration","BaseMod","Best Route Mod","Better Match","Better Note","Better Sensory Stone","Block Reminder","Colored Map","Colored Powertips","Conjunction","Conspire","Custom Start","Energized Spire","GifTheSpireLib","Gold Saver","Gremlin Skip","Halation","Highlight Path","Hubris","Infinite Spire","Minty Spire (QoL Compilation)","Pale of the Ancients","Quick Restart","Reliquary","Replay The Spire","Reworked Bosses","ShortenTheSpire","Spire Exporter","StSLib","Stuff the Spire","Wandering Minibosses"],"gold_per_floor":[311,39,50,64,83,115,126,161,187,201,201,231,250,278,278,381,381,393,393,409,419,435,463,463,495,576,587,587,622,396,414,414,516,516,535,549,561,611,21,72,72,132,132,169,169,217,217,217,217,253,253,253,46,112,124,124],"floor_reached":55,"language":"ENG","playtime":2430,"items_purged":["Strike_R","Strike_R","Defend_R","Strike_R"],"score":1026,"play_id":"8d17189c-1c8e-4a39-ae52-910e14a26a1e","local_time":"20210224234146","is_ascension_mode":true,"campfire_choices":[{"data":"Spot Weakness","floor":11.0,"key":"SMITH"},{"floor":15.0,"key":"RECALL"},{"data":"Spot Weakness","floor":24.0,"key":"SMITH"},{"data":"Spot Weakness","floor":32.0,"key":"SMITH"},{"data":"Sword Boomerang","floor":41,"key":"SMITH"},{"data":"infinitespire:Fortify","floor":45,"key":"SMITH"},{"data":"infinitespire:Gouge","floor":49,"key":"SMITH"},{"data":"Pummel","floor":52,"key":"SMITH"}],"circlet_count":0,"master_deck":["AscendersBane","Strike_R","Strike_R","Defend_R","Defend_R","Defend_R+1","Bash","Sword Boomerang+1","Spot Weakness+1","Rage+1","Battle Trance+1","Thunderclap+1","Heavy Blade","Pummel+1","Armaments+1","Spot Weakness+1","infinitespire:Fortify+1","Shrug It Off+1","Spot Weakness+1","Anger","Infernal Blade+1","Ghostly Armor+1","Cleave+1","Flex+1","Headbutt+1","Battle Trance+1","infinitespire:Gouge+1","Perfected Strike"],"relics":["Burning Blood","infinitespire:ShieldingShard","PreservedInsect","infinitespire:BottledMercury","Art of War","HornCleat","Orrery","energizedSpire:OgreHead","Nunchaku","reliquary:SilkGlove","wanderingMiniBosses:OtherGremlinHorn","reliquary:SharkskinSheath","reliquary:Buckler","StuffTheSpire:NeowsTribute","StuffTheSpire:GrapeVine","Guide Book","Replay:Bandana","reliquary:WeakTea","Happy Flower","infinitespire:PuzzleCube","StuffTheSpire:Barrel","TheAbacus","King of Hearts"],"acts_visited":["Exordium","TheCity","TheBeyond","TheEnding"],"potions_floor_usage":[37,40,44,46,54],"damage_taken":[{"damage":6.0,"enemies":"Cultist","floor":1.0,"turns":3.0},{"damage":1.0,"enemies":"Small Slimes","floor":3.0,"turns":3.0},{"damage":0.0,"enemies":"2 Louse","floor":4.0,"turns":2.0},{"damage":6.0,"enemies":"2 Fungi Beasts","floor":5.0,"turns":3.0},{"damage":36.0,"enemies":"Lagavulin","floor":6.0,"turns":6.0},{"damage":0.0,"enemies":"3 Louse","floor":7.0,"turns":2.0},{"damage":13.0,"enemies":"3 Sentries","floor":8.0,"turns":5.0},{"damage":10.0,"enemies":"Looter","floor":10.0,"turns":4.0},{"damage":13.0,"enemies":"Gremlin Nob","floor":12.0,"turns":3.0},{"damage":0.0,"enemies":"Exordium Wildlife","floor":13.0,"turns":1.0},{"damage":26.0,"enemies":"Lagavulin","floor":14.0,"turns":5.0},{"damage":25.0,"enemies":"Hexaghost","floor":16.0,"turns":9.0},{"damage":0.0,"enemies":"Chosen","floor":18.0,"turns":4.0},{"damage":36.0,"enemies":"2 Thieves","floor":20.0,"turns":6.0},{"damage":6.0,"enemies":"Shelled Parasite and Fungi","floor":21.0,"turns":4.0},{"damage":8.0,"enemies":"Chosen and Byrds","floor":22.0,"turns":6.0},{"damage":5.0,"enemies":"Book of Stabbing","floor":23.0,"turns":4.0},{"damage":15.0,"enemies":"Gremlin Leader","floor":25.0,"turns":6.0},{"damage":11.0,"enemies":"Snake Plant","floor":27.0,"turns":5.0},{"damage":15.0,"enemies":"Slavers","floor":29.0,"turns":3.0},{"damage":6.0,"enemies":"Shelled Parasite and Fungi","floor":31.0,"turns":2.0},{"damage":9,"enemies":"bossMod:newChamp","floor":33,"turns":6},{"damage":0,"enemies":"3 Darklings","floor":35,"turns":4},{"damage":61,"enemies":"3 Shapes","floor":36,"turns":6},{"damage":5,"enemies":"Writhing Mass","floor":37,"turns":4},{"damage":0,"enemies":"Mind Bloom Boss Battle","floor":38,"turns":8},{"damage":10,"enemies":"Nemesis","floor":40,"turns":5},{"damage":10,"enemies":"R_Hoarder","floor":42,"turns":6},{"damage":0,"enemies":"Transient","floor":44,"turns":5},{"damage":0,"enemies":"Sphere and 2 Shapes","floor":46,"turns":4},{"damage":36,"enemies":"Replay:Hell Engine","floor":50,"turns":7},{"damage":64,"enemies":"Shield and Spear","floor":54,"turns":4},{"damage":29,"enemies":"The Heart","floor":55,"turns":2}],"seed_played":"-7986069109792180559","potions_obtained":[{"floor":1.0,"key":"Conjunction:LightningMarble"},{"floor":6.0,"key":"DistilledChaos"},{"floor":8.0,"key":"SteroidPotion"},{"floor":10.0,"key":"BlessingOfTheForge"},{"floor":12.0,"key":"Energy Potion"},{"floor":14.0,"key":"LiquidBronze"},{"floor":18.0,"key":"conspire:TimeTravelPotion"},{"floor":20.0,"key":"SkillPotion"},{"floor":22.0,"key":"ColorlessPotion"},{"floor":23.0,"key":"Elixir"},{"floor":29.0,"key":"PowerPotion"},{"floor":36,"key":"DuplicationPotion"},{"floor":42,"key":"LiquidBronze"},{"floor":44,"key":"Conjunction:LightningMarble"}],"is_trial":false,"path_per_floor":["M","$","M","M","M","E","M","E","T","M","R","E","M","E","R","B",null,"M","AVR","M","M","M","E","R","E","T","M","?","E","$","M","R","B",null,"M","M","M","?","$","E","R","E","T","M","R","M","AVR","?","R","B",null,"R","$","E","B"],"character_chosen":"IRONCLAD","items_purchased":["infinitespire:ShieldingShard","Sword Boomerang","reliquary:Buckler","StuffTheSpire:GrapeVine","Guide Book","Replay:Bandana","BloodPotion","TheAbacus","BlessingOfTheForge"],"campfire_rested":0,"item_purchase_floors":[2,2,30,39,39,39,39,53,53],"current_hp_per_floor":[77,77,82,85,85,55,61,54,54,50,50,43,49,29,29,10,66,72,72,61,61,59,60,60,51,51,46,46,37,37,37,37,34,72,78,23,24,30,30,43,43,39,39,45,45,51,51,51,51,21,69,69,69,11,0,0],"gold":124,"neow_bonus":"RANDOM_EVENT","is_daily":false,"chose_seed":false,"campfire_upgraded":7,"win_rate":0.0,"timestamp":1614202906,"path_taken":["M","?","M","M","M","E","M","E","T","M","R","E","M","E","R","BOSS","M","AVR","M","M","?","E","R","E","T","M","?","E","$","M","R","BOSS","M","M","M","?","$","E","R","E","T","M","R","M","AVR","?","R","BOSS","R","$","E","BOSS"],"items_purchased_type":["Relic","Card","Relic","Relic","Relic","Relic","Potion","Relic","Potion"],"build_version":"2020-12-22","purchased_purges":4,"victory":false,"max_hp_per_floor":[85,85,85,85,85,85,85,85,85,85,85,85,85,85,85,85,85,85,85,85,85,85,85,85,85,85,85,85,85,85,85,85,85,85,85,85,85,85,85,85,85,85,85,85,85,85,85,85,85,85,85,85,85,85,85,85],"card_choices":[{"not_picked":["True Grit","Run Through","hubris:SharpeningStone"],"picked":"SKIP","floor":1.0},{"not_picked":["Heavy Blade","Armaments"],"picked":"Spot Weakness","floor":3.0},{"not_picked":["Impervious","StuffTheSpire:Slingshot"],"picked":"Rage","floor":4.0},{"not_picked":["Warcry","Armaments"],"picked":"Battle Trance","floor":5.0},{"not_picked":["Heavy Blade","Headbutt"],"picked":"Thunderclap","floor":6.0},{"not_picked":["Anger","Clothesline","StuffTheSpire:RagingBull"],"picked":"SKIP","floor":7.0},{"not_picked":["Burning Pact","Anger"],"picked":"Heavy Blade","floor":8.0},{"not_picked":["Blood for Blood","Infernal Blade"],"picked":"Pummel","floor":10.0},{"not_picked":["Seeing Red","Carnage","Iron Wave"],"picked":"SKIP","floor":12.0},{"not_picked":["Pommel Strike","Ghostly Armor","Immolate"],"picked":"SKIP","floor":13.0},{"not_picked":["Dark Embrace","StuffTheSpire:Incineration","Bludgeon"],"picked":"SKIP","floor":14.0},{"not_picked":["Battle Trance","Run Through+1","Replay:Undeath\u0027s Touch+1"],"picked":"SKIP","floor":18.0},{"not_picked":["Havoc+1","True Grit"],"picked":"Armaments+1","floor":19.0},{"not_picked":["Clash","Heavy Blade+1"],"picked":"Spot Weakness","floor":19.0},{"not_picked":["True Grit+1","ReplayTheSpireMod:Strike From Hell"],"picked":"Shrug It Off+1","floor":20.0},{"not_picked":["Perfected Strike+1","Iron Wave"],"picked":"Spot Weakness","floor":21.0},{"not_picked":["Carnage","True Grit","ReplayTheSpireMod:Stacked"],"picked":"SKIP","floor":22.0},{"not_picked":["Bloodletting","Flex","Exhume"],"picked":"SKIP","floor":23.0},{"not_picked":["Pommel Strike","StuffTheSpire:RockThrow","Replay:Many Hands"],"picked":"SKIP","floor":25.0},{"not_picked":["Shrug It Off+1","hubris:ReadiedAction","ReplayTheSpireMod:Stacked"],"picked":"SKIP","floor":27.0},{"not_picked":["Intimidate","StuffTheSpire:RagingBull+1"],"picked":"Anger","floor":29.0},{"not_picked":["Twin Strike","Searing Blow","Flex"],"picked":"SKIP","floor":31.0},{"not_picked":["Sword Boomerang","Disarm"],"picked":"Infernal Blade+1","floor":35},{"not_picked":["ReplayTheSpireMod:Corrosion Curse","Havoc"],"picked":"Ghostly Armor+1","floor":36},{"not_picked":["Burning Pact","StuffTheSpire:Incineration"],"picked":"Clothesline+1","floor":37},{"not_picked":["Heavy Blade","Dark Embrace+1"],"picked":"Cleave+1","floor":38},{"not_picked":["hubris:CleavingFinish","Eclipse"],"picked":"Flex+1","floor":40},{"not_picked":["StuffTheSpire:Incineration","Warcry"],"picked":"Headbutt+1","floor":42},{"not_picked":["StuffTheSpire:Slingshot","StuffTheSpire:Incineration+1"],"picked":"Battle Trance+1","floor":44},{"not_picked":["Headbutt","hubris:ReadiedAction","Hemokinesis+1"],"picked":"SKIP","floor":46},{"not_picked":["Blood for Blood+1","Sever Soul"],"picked":"Perfected Strike","floor":54}],"player_experience":3240418,"relics_obtained":[{"floor":6.0,"key":"PreservedInsect"},{"floor":8.0,"key":"infinitespire:BottledMercury"},{"floor":12.0,"key":"Art of War"},{"floor":14.0,"key":"HornCleat"},{"floor":23.0,"key":"Nunchaku"},{"floor":25.0,"key":"reliquary:SilkGlove"},{"floor":27.0,"key":"wanderingMiniBosses:OtherGremlinHorn"},{"floor":29.0,"key":"reliquary:SharkskinSheath"},{"floor":38,"key":"StuffTheSpire:NeowsTribute"},{"floor":40,"key":"reliquary:WeakTea"},{"floor":42,"key":"Happy Flower"},{"floor":43,"key":"infinitespire:PuzzleCube"},{"floor":54,"key":"King of Hearts"}],"event_choices":[{"damage_healed":0.0,"max_hp_gain":5.0,"max_hp_loss":0.0,"gold_gain":0.0,"event_name":"Big Fish","player_choice":"Donut","floor":0.0,"gold_loss":0.0,"damage_taken":0.0},{"damage_healed":0.0,"max_hp_gain":0.0,"max_hp_loss":0.0,"gold_gain":0.0,"event_name":"betterNote:BetterNote","player_choice":"Ignored","floor":28.0,"gold_loss":0.0,"damage_taken":0.0,"cards_obtained":["Strike_P"]},{"damage_healed":0,"gold_gain":0,"player_choice":"Fight","damage_taken":0,"max_hp_gain":0,"max_hp_loss":0,"event_name":"MindBloom","floor":38,"gold_loss":0},{"cards_removed":["Clothesline"],"damage_healed":0,"gold_gain":0,"player_choice":"Removed Attack","damage_taken":0,"max_hp_gain":0,"max_hp_loss":0,"event_name":"Falling","floor":48,"gold_loss":0}],"is_beta":false,"boss_relics":[{"not_picked":["halation:LoveArrow","energizedSpire:DecayingSkull","ChewingGum"]},{"not_picked":["halation:PlatinumPhoenix","conspire:SeveredTorchhead","halation:Risk"]}],"items_purged_floors":[19,30,39,47],"is_endless":false,"potions_floor_spawned":[1,6,8,10,12,14,18,20,22,23,29,36,42,44],"killed_by":"The Heart","ascension_level":11}}