{"host":"Cenci","time":1614171799,"event":{"mods":["BaseMod","Bestiary","Downfall","Highlight Path","Minty Spire (QoL Compilation)","StSLib","The Servant 0.9.4"],"gold_per_floor":[111,111,130,50,50,84,104,118,118,58,79,92,136,136,136,136,136],"floor_reached":16,"language":"ENG","playtime":689,"items_purged":["Strike_S"],"score":144,"play_id":"b765cfc1-fdf5-4106-926c-6e0866c0fdd6","local_time":"20210224140319","is_ascension_mode":true,"campfire_choices":[{"floor":15,"key":"RECALL"}],"circlet_count":0,"master_deck":["Strike_S","Strike_S","Strike_S","Defend_S","Defend_S","Defend_S","Defend_S","KidneyShot","Exchange","Advance","Comet","Advance","TheWorld","InstantArmor","StarChef","FloweringNight"],"relics":["Uniform","NeowsBlessing","Golden Idol","Regal Pillow","The Courier","Peace Pipe"],"acts_visited":["Exordium"],"potions_floor_usage":[13],"damage_taken":[{"damage":0,"enemies":"Small Slimes","floor":1,"turns":1},{"damage":0,"enemies":"2 Louse","floor":3,"turns":1},{"damage":0,"enemies":"Gremlin Nob","floor":6,"turns":1},{"damage":0,"enemies":"Cultist","floor":7,"turns":2},{"damage":0,"enemies":"2 Fungi Beasts","floor":8,"turns":3},{"damage":0,"enemies":"Looter","floor":11,"turns":4},{"damage":1,"enemies":"Red Slaver","floor":12,"turns":4},{"damage":5,"enemies":"Lagavulin","floor":13,"turns":5},{"damage":0,"enemies":"Hexaghost","floor":16,"turns":1}],"seed_played":"1110519779561593809","potions_obtained":[{"floor":1,"key":"EntropicBrew"},{"floor":8,"key":"AttackPotion"},{"floor":12,"key":"SteroidPotion"},{"floor":13,"key":"Weak Potion"}],"is_trial":false,"path_per_floor":["M","?","M","$","?","E","M","M","T","$","M","M","E","$","R","B"],"character_chosen":"THE_SERVANT","items_purchased":["Advance"],"campfire_rested":0,"item_purchase_floors":[4],"current_hp_per_floor":[65,60,60,60,60,60,60,60,60,60,60,59,54,54,54,54,54],"gold":136,"neow_bonus":"THREE_ENEMY_KILL","is_daily":false,"chose_seed":false,"campfire_upgraded":0,"win_rate":0.0,"timestamp":1614171799,"path_taken":["M","?","M","$","?","E","M","M","T","$","M","M","E","$","R","BOSS"],"items_purchased_type":["Card"],"build_version":"2020-11-17","purchased_purges":1,"victory":false,"max_hp_per_floor":[65,60,60,60,60,60,60,60,60,60,60,60,60,60,60,60,60],"card_choices":[{"not_picked":["TimeWarp","Rewind"],"picked":"Advance","floor":1},{"not_picked":["FastForward","Ricochet"],"picked":"Comet","floor":3},{"not_picked":["Defy","DoubleEdge"],"picked":"InstantArmor","floor":6},{"not_picked":["Collapse","DoubleEdge","Alleviate"],"picked":"SKIP","floor":7},{"not_picked":["SilverBlades","FastForward"],"picked":"StarChef","floor":8},{"not_picked":["BestPractice","RealityMarble","Unruled"],"picked":"SKIP","floor":11},{"not_picked":["StarChef","Revamp","BottledTime"],"picked":"SKIP","floor":12},{"not_picked":["FanOfKnives","Defy"],"picked":"FloweringNight","floor":13}],"player_experience":391666,"relics_obtained":[{"floor":6,"key":"Regal Pillow"},{"floor":9,"key":"The Courier"},{"floor":13,"key":"Peace Pipe"}],"event_choices":[{"damage_healed":0,"gold_gain":0,"player_choice":"Lose Max HP","damage_taken":0,"relics_obtained":["Golden Idol"],"max_hp_gain":0,"max_hp_loss":5,"event_name":"Golden Idol","floor":2,"gold_loss":0},{"damage_healed":0,"gold_gain":0,"player_choice":"1 cards matched","damage_taken":0,"max_hp_gain":0,"max_hp_loss":0,"event_name":"Match and Keep!","floor":5,"gold_loss":0,"cards_obtained":["TheWorld"]}],"is_beta":true,"boss_relics":[],"items_purged_floors":[10],"is_endless":false,"potions_floor_spawned":[1,8,12,13],"killed_by":"Hexaghost","ascension_level":1}}