{"host":"2a0mdijsgk15db4y","time":1614125454,"event":{"mods":["AchievementEnabler","BaseMod","Colored Map","Colored Powertips","Downfall","Googly Eyes","Hermit","Highlight Path","Hubris","Jorbs\u0027s Wanderer Trilogy","Minty Spire (QoL Compilation)","Quick Restart","Rare Cards Sparkle","Replay The Spire","Shop Mod","StSLib","The Bug Knight","The Construct","The Cursed","The Hierophant","The Mystic"],"gold_per_floor":[110,110,35,35,35,68,68,101,101,101,127,154,154,11,11,126,126,155,70,108,108,108,108,124,124],"floor_reached":24,"language":"ENG","playtime":968,"items_purged":["Strike_R"],"score":218,"play_id":"00db1f23-62cf-47df-b554-ce2a407a150e","local_time":"20210223161054","is_ascension_mode":true,"campfire_choices":[{"data":"ReplayTheSpireMod:Muscle Training","floor":7,"key":"SMITH"},{"floor":10,"key":"REST"},{"floor":13,"key":"REST"},{"data":"Replay:Many Hands","floor":15,"key":"SMITH"},{"data":"Reaper","floor":23,"key":"SMITH"}],"circlet_count":0,"master_deck":["Strike_R","Strike_R","Strike_R","Strike_R","Defend_R","Defend_R","Defend_R","Defend_R","Bash","ReplayTheSpireMod:Muscle Training+1","Replay:Many Hands+1","hubris:NaturalOne","Reaper+1","Rupture+1"],"relics":["Burning Blood","Mercury Hourglass","hubris:Icosahedron","White Beast Statue","hubris:DeckOfHolding","Replay:Bandana","MerchantsRug","construct:ClawGrip","Question Card","hubris:Towel"],"acts_visited":["Exordium","TheCity"],"potions_floor_usage":[6,8,11,16,22,24,24],"damage_taken":[{"damage":0.0,"enemies":"Small Slimes","floor":1.0,"turns":3.0},{"damage":33,"enemies":"Lagavulin","floor":6,"turns":4},{"damage":34,"enemies":"Gremlin Nob","floor":8,"turns":5},{"damage":42,"enemies":"Lagavulin","floor":11,"turns":7},{"damage":1,"enemies":"2 Louse","floor":12,"turns":3},{"damage":48,"enemies":"Fading Forest","floor":16,"turns":11},{"damage":36,"enemies":"Shell Parasite","floor":18,"turns":6},{"damage":25,"enemies":"2 Thieves","floor":22,"turns":4},{"damage":75,"enemies":"Book of Stabbing","floor":24,"turns":5}],"seed_played":"-1130232159641287282","potions_obtained":[{"floor":0.0,"key":"LifebloodPotion"},{"floor":0.0,"key":"Adrenaline Potion"},{"floor":0.0,"key":"CultistPotion"},{"floor":5,"key":"BloodPotion"},{"floor":11,"key":"SteroidPotion"},{"floor":12,"key":"Explosive Potion"},{"floor":16,"key":"FearPotion"},{"floor":18,"key":"Weak Potion"},{"floor":22,"key":"BloodPotion"}],"is_trial":false,"path_per_floor":["M","?","$","?","?","E","R","E","T","R","E","M","R","$","R","B",null,"M","?","$","?","M","R","E"],"character_chosen":"IRONCLAD","items_purchased":["MerchantsRug"],"campfire_rested":2,"item_purchase_floors":[14],"current_hp_per_floor":[80,73,73,73,73,46,46,18,18,42,22,27,51,51,51,31,80,62,62,62,62,43,43,0,0],"gold":124,"neow_bonus":"THREE_SMALL_POTIONS","is_daily":false,"chose_seed":false,"campfire_upgraded":3,"win_rate":0.0,"timestamp":1614125454,"path_taken":["M","?","$","?","?","E","R","E","T","R","E","?","R","$","R","BOSS","M","?","$","?","M","R","E"],"items_purchased_type":["Relic"],"build_version":"2020-12-22","purchased_purges":1,"victory":false,"max_hp_per_floor":[80,80,80,80,80,80,80,80,80,80,80,80,80,80,80,80,80,80,80,80,80,80,80,80,80],"card_choices":[{"not_picked":["Anger","hubris:SharpeningStone"],"picked":"ReplayTheSpireMod:Muscle Training","floor":1.0},{"not_picked":["Thunderclap","Whirlwind","Anger"],"picked":"SKIP","floor":6},{"not_picked":["Infernal Blade","Heavy Blade"],"picked":"Replay:Many Hands","floor":8},{"not_picked":["Run Through","Battle Trance","Heavy Blade"],"picked":"SKIP","floor":11},{"not_picked":["Run Through","Battle Trance","Heavy Blade"],"picked":"SKIP","floor":11},{"not_picked":["Flame Barrier","Run Through","Heavy Blade"],"picked":"SKIP","floor":12},{"not_picked":["Immolate","Replay:Many Hands"],"picked":"Reaper","floor":16},{"not_picked":["Headbutt","hubris:CleavingFinish","Perfected Strike"],"picked":"SKIP","floor":18},{"not_picked":["Massacre+1","Seeing Red","Headbutt"],"picked":"Rupture+1","floor":22}],"player_experience":206286,"relics_obtained":[{"floor":6,"key":"Replay:Baseball"},{"floor":8,"key":"White Beast Statue"},{"floor":9,"key":"hubris:DeckOfHolding"},{"floor":11,"key":"Replay:Bandana"}],"event_choices":[{"damage_healed":0.0,"max_hp_gain":0.0,"max_hp_loss":0.0,"gold_gain":0.0,"event_name":"Scrap Ooze","player_choice":"Success","floor":2.0,"gold_loss":0.0,"damage_taken":7.0,"relics_obtained":["Mercury Hourglass"]},{"damage_healed":0,"gold_gain":0,"player_choice":"Got Potions","damage_taken":0,"max_hp_gain":0,"max_hp_loss":0,"event_name":"Lab","floor":5,"gold_loss":0},{"damage_healed":0,"gold_gain":0,"player_choice":"Obtained Relic","damage_taken":0,"relics_obtained":["Question Card"],"max_hp_gain":0,"max_hp_loss":0,"event_name":"Addict","floor":19,"gold_loss":85}],"is_beta":false,"boss_relics":[{"not_picked":["hubris:GrandSneckoEye","Velvet Choker"],"picked":"construct:ClawGrip"}],"items_purged_floors":[3],"is_endless":false,"potions_floor_spawned":[11,12,16,18,22],"killed_by":"Book of Stabbing","ascension_level":1}}