{"host":"wbs0wzz0alz01mnq","time":1614204440,"event":{"mods":["2.2 Compatiblity","AchievementEnabler","BaseMod","Bestiary","Colored Map","Colored Powertips","Curses Come First","Dark Map","DeckTracker","GifTheSpireLib","Googly Eyes","Highlight Path","Minty Spire (QoL Compilation)","Morshu Shopkeeper - ENHANCED","Permanent Neow","Quick Restart","RNG Fix","Rare Cards Sparkle","Robot Space Explorer","Smile Girya","StSLib","SuperFastMode","UnlockEverythingMod","Waifu the Spire","Weighted Paths"],"gold_per_floor":[114,114,129,50,50,50,50],"floor_reached":6,"language":"ENG","playtime":261,"items_purged":[],"score":36,"play_id":"c79c4386-e280-455b-9f02-9173f13bdeaf","local_time":"20210224170720","is_ascension_mode":true,"campfire_choices":[],"circlet_count":0,"master_deck":["RobotSpaceExplorer:Strike","RobotSpaceExplorer:Strike","RobotSpaceExplorer:Defend","RobotSpaceExplorer:Defend","RobotSpaceExplorer:Defend","RobotSpaceExplorer:Defend","RobotSpaceExplorer:Scan","RobotSpaceExplorer:MiniLasers","RobotSpaceExplorer:Blaster+1","RobotSpaceExplorer:ShockKick","RobotSpaceExplorer:ExhaustFan","RobotSpaceExplorer:PowerCollector"],"relics":["RobotSpaceExplorer:RoboCore"],"acts_visited":["Exordium"],"potions_floor_usage":[],"damage_taken":[{"damage":5,"enemies":"Small Slimes","floor":1,"turns":2},{"damage":0,"enemies":"2 Louse","floor":3,"turns":2},{"damage":16,"enemies":"3 Sentries","floor":6,"turns":9}],"seed_played":"4562828253855031433","potions_obtained":[{"floor":1,"key":"DuplicationPotion"}],"is_trial":false,"path_per_floor":["M","?","M","$","?","E"],"character_chosen":"RobotSpaceExplorer","items_purchased":["RobotSpaceExplorer:PowerCollector"],"campfire_rested":0,"item_purchase_floors":[4],"current_hp_per_floor":[70,70,70,70,70,54,54],"gold":50,"neow_bonus":"TRANSFORM_CARD","is_daily":false,"chose_seed":false,"campfire_upgraded":0,"win_rate":0.0,"timestamp":1614204440,"path_taken":["M","?","M","?","?","E"],"items_purchased_type":["Card"],"build_version":"2020-12-22","purchased_purges":0,"victory":false,"max_hp_per_floor":[75,75,75,75,75,75,75],"card_choices":[{"not_picked":["RobotSpaceExplorer:Pulsar","RobotSpaceExplorer:GearShield"],"picked":"RobotSpaceExplorer:ShockKick","floor":1},{"not_picked":["RobotSpaceExplorer:ToxicBomb","RobotSpaceExplorer:SurgingShield"],"picked":"RobotSpaceExplorer:ExhaustFan","floor":3}],"player_experience":67238,"relics_obtained":[],"event_choices":[{"cards_removed":["RobotSpaceExplorer:Strike"],"damage_healed":0,"gold_gain":0,"player_choice":"Offered Basic","damage_taken":0,"max_hp_gain":0,"max_hp_loss":0,"event_name":"Bonfire Elementals","floor":2,"gold_loss":0},{"damage_healed":0,"gold_gain":0,"player_choice":"Grow","damage_taken":0,"max_hp_gain":0,"max_hp_loss":0,"event_name":"Living Wall","floor":5,"gold_loss":0,"cards_upgraded":["RobotSpaceExplorer:Blaster"]}],"is_beta":false,"boss_relics":[],"items_purged_floors":[],"is_endless":false,"potions_floor_spawned":[1],"killed_by":"3 Sentries","ascension_level":1}}