{"host":"t6r1isv2bex5ovch","time":1614132849,"event":{"mods":["AchievementEnabler","Act Like it!","Aspiration","BaseMod","Better Altar","Better Match","Better Note","Better Sensory Stone","Better Skull","Better Third Choice","Better Vampires","Bossed Relics","Colored Powertips","Displayed Cursed Tome","Evolution","Fox Events","Hubris","Minty Spire (QoL Compilation)","Reliquary","Ruina","StSLib"],"gold_per_floor":[109,34,0,12,28,63,63,88,88,88,37,37,47,73,73,73,73],"floor_reached":16,"language":"ENG","playtime":1014,"items_purged":["Strike_R"],"score":148,"play_id":"d3f66eae-7023-4fe5-9fa5-06257166a9ec","local_time":"20210224131409","is_ascension_mode":true,"campfire_choices":[{"floor":7.0,"key":"RECALL"},{"data":"Fire Breathing","floor":10.0,"key":"SMITH"},{"data":"Enlightenment","floor":12.0,"key":"SMITH"},{"data":"Iron Wave","floor":15.0,"key":"SMITH"}],"circlet_count":0,"master_deck":["Strike_R","Strike_R","Strike_R","Strike_R","Defend_R","Defend_R","Defend_R","Defend_R","Bash","Anger","Enlightenment+1","Blood for Blood","Fire Breathing+1","Pommel Strike","Shrug It Off","Iron Wave+1"],"relics":["Burning Blood","EVO:Axolotl","aspiration:DSix","Ginger","Kunai","Torii"],"acts_visited":["Exordium"],"potions_floor_usage":[16],"damage_taken":[{"damage":12.0,"enemies":"2 Louse","floor":1.0,"turns":4.0},{"damage":3.0,"enemies":"Small Slimes","floor":4.0,"turns":4.0},{"damage":1.0,"enemies":"Cultist","floor":5.0,"turns":3.0},{"damage":24.0,"enemies":"Gremlin Nob","floor":6.0,"turns":4.0},{"damage":66.0,"enemies":"Lagavulin","floor":8.0,"turns":9.0},{"damage":10.0,"enemies":"Gremlin Gang","floor":13.0,"turns":5.0},{"damage":21.0,"enemies":"3 Sentries","floor":14.0,"turns":5.0},{"damage":50,"enemies":"The Guardian","floor":16,"turns":7}],"seed_played":"-3874144167061114943","potions_obtained":[{"floor":4.0,"key":"FairyPotion"},{"floor":5.0,"key":"Energy Potion"},{"floor":13.0,"key":"BloodPotion"},{"floor":14.0,"key":"Strength Potion"}],"is_trial":false,"path_per_floor":["M","$","?","M","M","E","R","E","T","R","$","R","M","E","R","B"],"character_chosen":"IRONCLAD","items_purchased":["BloodPotion"],"campfire_rested":0,"item_purchase_floors":[11],"current_hp_per_floor":[74,74,80,83,86,68,68,8,8,8,25,25,38,23,23,0,0],"gold":73,"neow_bonus":"DSIX","is_daily":false,"chose_seed":false,"campfire_upgraded":3,"win_rate":0.0,"timestamp":1614132849,"path_taken":["M","$","?","M","M","E","R","E","T","R","$","R","M","E","R","BOSS"],"items_purchased_type":["Potion"],"build_version":"2020-12-22","purchased_purges":1,"victory":false,"max_hp_per_floor":[80,80,86,86,86,86,86,86,86,86,86,86,86,86,86,86,86],"card_choices":[{"not_picked":["Flame Barrier","Thunderclap"],"picked":"Anger","floor":1.0},{"not_picked":["Twin Strike","Clothesline","Battle Trance"],"picked":"SKIP","floor":4.0},{"not_picked":["Cleave","Armaments"],"picked":"Blood for Blood","floor":5.0},{"not_picked":["Metallicize","Dual Wield"],"picked":"Fire Breathing","floor":6.0},{"not_picked":["Havoc","Second Wind"],"picked":"Pommel Strike","floor":8.0},{"not_picked":["Havoc","Flex"],"picked":"Shrug It Off","floor":13.0},{"not_picked":["hubris:SharpeningStone","Wild Strike"],"picked":"Iron Wave","floor":14.0}],"player_experience":388522,"relics_obtained":[{"floor":6.0,"key":"Ginger"},{"floor":8.0,"key":"Kunai"},{"floor":14.0,"key":"Torii"}],"event_choices":[{"damage_healed":0.0,"max_hp_gain":0.0,"max_hp_loss":0.0,"gold_gain":0.0,"event_name":"betterThird:BetterSerpent","player_choice":"RENOUNCE","floor":3.0,"gold_loss":34.0,"damage_taken":34.0,"cards_obtained":["Enlightenment"]}],"is_beta":false,"boss_relics":[],"items_purged_floors":[2],"is_endless":false,"potions_floor_spawned":[4,5,13,14],"killed_by":"The Guardian","ascension_level":5}}