{"host":"6xnetdfutjfdr70g","time":1614206492,"event":{"mods":["BaseMod","Colored Powertips","Highlight Path","Minty Spire (QoL Compilation)","Relic Stats"],"gold_per_floor":[115,134,161,175,5,5,20,49,101,120,120,120,145,164,164,237,237,255,255,255,275,288,288,308,308,308,333,65,65,99,49,49,123,123,139,155,155,169,181,181,195,195,195,210,210,256,256,19,19,19,19,19,19,44,44,44],"floor_reached":55,"language":"ENG","playtime":2711,"items_purged":["Defend_B","Zap","Defend_B","Bite"],"score":1159,"play_id":"971b59c3-dba4-4959-96a4-2d56b8767ad7","local_time":"20210224164132","is_ascension_mode":true,"campfire_choices":[{"data":"Trip","floor":6.0,"key":"SMITH"},{"floor":11.0,"key":"REST"},{"floor":15.0,"key":"REST"},{"data":"Defragment","floor":23.0,"key":"SMITH"},{"data":"Undo","floor":25.0,"key":"SMITH"},{"data":"Apotheosis","floor":29.0,"key":"SMITH"},{"floor":32.0,"key":"RECALL"},{"data":"Creative AI","floor":40.0,"key":"SMITH"},{"data":"Hologram","floor":42.0,"key":"SMITH"},{"data":"Defragment","floor":45.0,"key":"SMITH"},{"data":"Consume","floor":49.0,"key":"SMITH"},{"data":"Reinforced Body","floor":52.0,"key":"SMITH"}],"circlet_count":0,"master_deck":["AscendersBane","Defend_B","Dualcast","Chill","Conserve Battery","Trip+1","Defragment+1","Sweeping Beam","Core Surge","Glacier","Electrodynamics","Bite","Bite","Bite","Bite","Defragment+1","Undo+1","Auto Shields","Core Surge","Apotheosis+1","Hologram+1","Creative AI+1","Reinforced Body+1","Defragment+1","Self Repair+1","Consume+1"],"relics":["Cracked Core","NeowsBlessing","Anchor","Gremlin Horn","Centennial Puzzle","Smiling Mask","Philosopher\u0027s Stone","MutagenicStrength","Orichalcum","Eternal Feather","Inserter","White Beast Statue","Happy Flower","Runic Capacitor","Pen Nib"],"acts_visited":["Exordium","TheCity","TheBeyond","TheEnding"],"potions_floor_usage":[55],"damage_taken":[{"damage":0.0,"enemies":"Cultist","floor":1.0,"turns":1.0},{"damage":0.0,"enemies":"Small Slimes","floor":2.0,"turns":1.0},{"damage":0.0,"enemies":"Jaw Worm","floor":4.0,"turns":1.0},{"damage":2.0,"enemies":"Exordium Thugs","floor":7.0,"turns":4.0},{"damage":44.0,"enemies":"Gremlin Nob","floor":8.0,"turns":5.0},{"damage":0.0,"enemies":"Lots of Slimes","floor":10.0,"turns":6.0},{"damage":20.0,"enemies":"3 Sentries","floor":13.0,"turns":9.0},{"damage":0.0,"enemies":"Large Slime","floor":14.0,"turns":4.0},{"damage":25.0,"enemies":"The Guardian","floor":16.0,"turns":17.0},{"damage":8.0,"enemies":"3 Byrds","floor":18.0,"turns":3.0},{"damage":18.0,"enemies":"Shell Parasite","floor":21.0,"turns":4.0},{"damage":1.0,"enemies":"3 Cultists","floor":22.0,"turns":5.0},{"damage":6.0,"enemies":"Chosen and Byrds","floor":24.0,"turns":3.0},{"damage":23.0,"enemies":"Slavers","floor":27.0,"turns":5.0},{"damage":12.0,"enemies":"Gremlin Leader","floor":30.0,"turns":5.0},{"damage":52.0,"enemies":"Automaton","floor":33.0,"turns":16.0},{"damage":14.0,"enemies":"Orb Walker","floor":35.0,"turns":7.0},{"damage":25.0,"enemies":"3 Darklings","floor":36.0,"turns":4.0},{"damage":0.0,"enemies":"4 Shapes","floor":38.0,"turns":6.0},{"damage":2.0,"enemies":"Sphere and 2 Shapes","floor":39.0,"turns":9.0},{"damage":27.0,"enemies":"3 Darklings","floor":41.0,"turns":5.0},{"damage":17.0,"enemies":"Writhing Mass","floor":44.0,"turns":6.0},{"damage":19.0,"enemies":"Donu and Deca","floor":50.0,"turns":11.0},{"damage":46.0,"enemies":"Shield and Spear","floor":54.0,"turns":8.0},{"damage":47,"enemies":"The Heart","floor":55,"turns":2}],"seed_played":"-336662772820837236","potions_obtained":[{"floor":4.0,"key":"ColorlessPotion"},{"floor":7.0,"key":"EntropicBrew"},{"floor":13.0,"key":"LiquidBronze"},{"floor":18.0,"key":"GamblersBrew"},{"floor":22.0,"key":"SkillPotion"},{"floor":33.0,"key":"Block Potion"},{"floor":44.0,"key":"Weak Potion"},{"floor":54.0,"key":"SpeedPotion"}],"is_trial":false,"path_per_floor":["M","M","T","M","$","R","M","E","T","M","R","?","E","M","R","B",null,"M","?","?","M","M","R","M","R","T","E","$","R","E","$","R","B",null,"M","M","?","M","M","R","M","R","T","M","R","T","?","$","R","B",null,"R","$","E","B"],"character_chosen":"DEFECT","items_purchased":["Trip","Apotheosis","Hologram","Runic Capacitor","Consume"],"campfire_rested":2,"item_purchase_floors":[5,28,28,48,48],"current_hp_per_floor":[64,64,64,64,64,64,62,18,18,18,39,32,12,12,33,8,55,47,47,47,42,49,49,49,49,49,36,36,36,42,42,49,49,49,43,28,28,40,49,49,33,48,48,38,49,49,49,49,49,49,49,49,49,25,0,0],"gold":44,"neow_bonus":"THREE_ENEMY_KILL","is_daily":false,"chose_seed":false,"campfire_upgraded":9,"win_rate":0.0,"timestamp":1614206492,"path_taken":["M","M","?","M","$","R","?","E","T","?","R","?","E","M","R","BOSS","M","?","?","M","M","R","M","R","T","E","$","R","E","?","R","BOSS","M","M","?","M","?","R","M","R","T","M","R","?","?","$","R","BOSS","R","$","E","BOSS"],"items_purchased_type":["Card","Card","Card","Relic","Card"],"build_version":"2020-12-22","purchased_purges":4,"victory":false,"max_hp_per_floor":[71,71,71,71,71,71,71,71,71,71,71,71,71,71,71,71,71,71,49,49,49,49,49,49,49,49,49,49,49,49,49,49,49,49,49,49,49,49,49,49,49,49,49,49,49,49,49,49,49,49,49,49,49,49,49,49],"relic_stats":{"Centennial Puzzle":[51],"Inserter":[29],"Gremlin Horn":[27,27],"Happy Flower":[7],"counters":[25,147],"Eternal Feather":33,"Pen Nib":[0],"Orichalcum":[36],"Smiling Mask":225,"obtain_stats":[{"Inserter":34,"NeowsBlessing":0,"Gremlin Horn":8,"Happy Flower":46,"Eternal Feather":30,"Pen Nib":54,"Runic Capacitor":48,"Orichalcum":27,"Smiling Mask":13,"White Beast Statue":43,"Anchor":3,"Centennial Puzzle":9,"MutagenicStrength":20,"Philosopher\u0027s Stone":17,"Cracked Core":0},{"Inserter":16,"NeowsBlessing":0,"Gremlin Horn":5,"Happy Flower":22,"Eternal Feather":15,"Pen Nib":24,"Runic Capacitor":22,"Orichalcum":14,"Smiling Mask":7,"White Beast Statue":21,"Anchor":2,"Centennial Puzzle":5,"MutagenicStrength":10,"Philosopher\u0027s Stone":9,"Cracked Core":0},{"Inserter":89,"NeowsBlessing":0,"Gremlin Horn":12,"Happy Flower":126,"Eternal Feather":73,"Pen Nib":145,"Runic Capacitor":126,"Orichalcum":68,"Smiling Mask":27,"White Beast Statue":120,"Anchor":2,"Centennial Puzzle":12,"MutagenicStrength":51,"Philosopher\u0027s Stone":48,"Cracked Core":0}]},"card_choices":[{"not_picked":["Streamline","Leap"],"picked":"Chill","floor":1.0},{"not_picked":["White Noise","Recycle"],"picked":"Conserve Battery","floor":2.0},{"not_picked":["Turbo","Fusion","Redo"],"picked":"SKIP","floor":4.0},{"not_picked":["Barrage","Conserve Battery","Redo"],"picked":"SKIP","floor":7.0},{"not_picked":["Barrage","Cold Snap"],"picked":"Defragment","floor":8.0},{"not_picked":["Stack","Rebound"],"picked":"Sweeping Beam","floor":10.0},{"not_picked":["Double Energy","Steam Power"],"picked":"Core Surge","floor":13.0},{"not_picked":["Cold Snap","Stack"],"picked":"Glacier","floor":14.0},{"not_picked":["Thunder Strike","All For One"],"picked":"Electrodynamics","floor":16.0},{"not_picked":["Streamline","Leap","Hello World"],"picked":"SKIP","floor":18.0},{"not_picked":["Coolheaded","Hologram"],"picked":"Defragment","floor":21.0},{"not_picked":["Consume","Barrage"],"picked":"Undo","floor":22.0},{"not_picked":["BootSequence","Static Discharge"],"picked":"Auto Shields","floor":24.0},{"not_picked":["Rebound","White Noise"],"picked":"Core Surge","floor":27.0},{"not_picked":["Hologram","Cold Snap+1","Ball Lightning"],"picked":"SKIP","floor":30.0},{"not_picked":["Hyperbeam","All For One"],"picked":"Creative AI","floor":33.0},{"not_picked":["Compile Driver","Hologram","Coolheaded"],"picked":"SKIP","floor":35.0},{"not_picked":["Conserve Battery+1","Beam Cell"],"picked":"Reinforced Body","floor":36.0},{"not_picked":["Turbo","Conserve Battery","Compile Driver"],"picked":"SKIP","floor":38.0},{"not_picked":["Ball Lightning","Stack","Beam Cell+1"],"picked":"SKIP","floor":39.0},{"not_picked":["Stack","Beam Cell"],"picked":"Self Repair+1","floor":41.0},{"not_picked":["Hologram","Rebound","Lockon"],"picked":"SKIP","floor":44.0},{"not_picked":["Chill","Coolheaded","Streamline"],"picked":"SKIP","floor":54.0}],"player_experience":467961,"relics_obtained":[{"floor":3.0,"key":"Anchor"},{"floor":8.0,"key":"Gremlin Horn"},{"floor":9.0,"key":"Centennial Puzzle"},{"floor":13.0,"key":"Smiling Mask"},{"floor":27.0,"key":"Orichalcum"},{"floor":30.0,"key":"Eternal Feather"},{"floor":43.0,"key":"White Beast Statue"},{"floor":46.0,"key":"Happy Flower"},{"floor":54.0,"key":"Pen Nib"}],"event_choices":[{"cards_removed":["Defend_B"],"damage_healed":0.0,"max_hp_gain":0.0,"max_hp_loss":0.0,"gold_gain":0.0,"event_name":"Golden Wing","player_choice":"Card Removal","floor":12.0,"gold_loss":0.0,"damage_taken":7.0},{"damage_healed":0.0,"max_hp_gain":0.0,"max_hp_loss":22.0,"gold_gain":0.0,"event_name":"Vampires","player_choice":"Became a vampire","floor":19.0,"gold_loss":0.0,"damage_taken":0.0,"cards_obtained":["Bite","Bite","Bite","Bite","Bite"]},{"damage_healed":0.0,"max_hp_gain":0.0,"max_hp_loss":0.0,"gold_gain":0.0,"event_name":"Drug Dealer","player_choice":"Inject Mutagens","floor":20.0,"gold_loss":0.0,"damage_taken":0.0,"relics_obtained":["MutagenicStrength"]},{"damage_healed":0.0,"max_hp_gain":0.0,"max_hp_loss":0.0,"gold_gain":0.0,"event_name":"Duplicator","player_choice":"Copied","floor":37.0,"gold_loss":0.0,"damage_taken":0.0,"cards_obtained":["Defragment"]},{"damage_healed":0.0,"max_hp_gain":0.0,"max_hp_loss":0.0,"gold_gain":0.0,"event_name":"SecretPortal","player_choice":"Ignored","floor":47.0,"gold_loss":0.0,"damage_taken":0.0}],"is_beta":false,"boss_relics":[{"not_picked":["Coffee Dripper","Fusion Hammer"],"picked":"Philosopher\u0027s Stone"},{"not_picked":["SlaversCollar","SacredBark"],"picked":"Inserter"}],"items_purged_floors":[5,28,31,48],"is_endless":false,"potions_floor_spawned":[4,7,10,13,18,22,33,35,36,41,44,54],"killed_by":"The Heart","ascension_level":14}}