{"host":"Tuck","time":1614152178,"event":{"mods":["AchievementEnabler","BaseMod","Minty Spire (QoL Compilation)","StSLib"],"gold_per_floor":[6115,6190,4605,4618,4618,4644,4659,4688,4735,4751,4769,4784,4803,4829,4829,4927,4927,4943,3856,3856,3873,3888,3916,3916,3948,3948,3979,4005,4005,3213,3230,3230,3329,3329,3339,3352,3367,2461,2511,2541,2541,2087,2087,2087,2113,2132,2162,2190,2190,2190,2190,2190,2086,2120,2120],"floor_reached":56,"language":"ENG","playtime":6810,"items_purged":["Strike_B","Rip and Tear+1","Defend_B","Undo+1"],"score":1988,"play_id":"f56fff8a-825d-46ea-81c0-97be504d390b","local_time":"20210224003618","is_ascension_mode":true,"campfire_choices":[{"data":"White Noise","floor":15.0,"key":"SMITH"},{"data":"Ball Lightning","floor":24.0,"key":"SMITH"},{"data":"Zap","floor":32.0,"key":"SMITH"},{"floor":41,"key":"RECALL"}],"circlet_count":0,"master_deck":["Defend_B+1","Defend_B+1","Zap+1","White Noise+1","Loop+1","Echo Form+1","Capacitor+1","Defragment+1","Capacitor+1","Loop+1","Biased Cognition+1","Self Repair+1","Defragment+1","Heatsinks+1","Consume+1","Ball Lightning+1","Seek+1","Hologram+1","Conserve Battery+1","Hologram+1","Defragment+1","Seek+1","Ball Lightning+1","Conserve Battery+1","Coolheaded+1","Coolheaded+1","Glacier+1","White Noise+1","Double Energy+1","Seek+1","Recycle+1","Turbo+1","White Noise+1","Go for the Eyes+1","Conserve Battery+1","Hologram+1","Core Surge+1","Capacitor+1","Self Repair+1","Creative AI+1","Finesse+1","Vault+1","Shockwave+1","Caltrops+1"],"relics":["Coffee Dripper","Frozen Egg 2","The Courier","Potion Belt","Matryoshka","Toxic Egg 2","Letter Opener","Blood Vial","Lantern","Vajra","Astrolabe","WingedGreaves","Question Card","Gremlin Horn","Lee\u0027s Waffle","Happy Flower","Ice Cream","MealTicket","StrikeDummy","Pear","Omamori","Mercury Hourglass","Mummified Hand","FossilizedHelix","War Paint","Kunai","Orrery","Singing Bowl","Snecko Eye","PrismaticShard","Strawberry","Whetstone","Bottled Flame","DataDisk","Gambling Chip","Torii","Membership Card","Regal Pillow","TungstenRod","Boot","Bronze Scales","Bottled Lightning","WarpedTongs","Anchor","Bag of Marbles","Akabeko","Art of War"],"acts_visited":["Exordium","TheCity","TheBeyond","TheEnding"],"potions_floor_usage":[55,55],"damage_taken":[{"damage":1.0,"enemies":"Jaw Worm","floor":1.0,"turns":3.0},{"damage":5.0,"enemies":"Small Slimes","floor":4.0,"turns":4.0},{"damage":8.0,"enemies":"Lagavulin","floor":6.0,"turns":5.0},{"damage":1.0,"enemies":"Cultist","floor":7.0,"turns":4.0},{"damage":8.0,"enemies":"3 Sentries","floor":8.0,"turns":3.0},{"damage":8.0,"enemies":"Exordium Thugs","floor":10.0,"turns":3.0},{"damage":0.0,"enemies":"3 Louse","floor":11.0,"turns":2.0},{"damage":3.0,"enemies":"Red Slaver","floor":12.0,"turns":5.0},{"damage":0.0,"enemies":"2 Fungi Beasts","floor":13.0,"turns":2.0},{"damage":6.0,"enemies":"Gremlin Nob","floor":14.0,"turns":3.0},{"damage":11.0,"enemies":"The Guardian","floor":16.0,"turns":5.0},{"damage":4.0,"enemies":"Spheric Guardian","floor":18.0,"turns":4.0},{"damage":0.0,"enemies":"Chosen","floor":21.0,"turns":4.0},{"damage":6.0,"enemies":"Sentry and Sphere","floor":22.0,"turns":7.0},{"damage":0.0,"enemies":"Slavers","floor":23.0,"turns":2.0},{"damage":5.0,"enemies":"Gremlin Leader","floor":25.0,"turns":6.0},{"damage":0.0,"enemies":"Slavers","floor":27.0,"turns":3.0},{"damage":0.0,"enemies":"Book of Stabbing","floor":28.0,"turns":2.0},{"damage":0.0,"enemies":"Snecko","floor":31.0,"turns":1.0},{"damage":0.0,"enemies":"Automaton","floor":33.0,"turns":5.0},{"damage":0,"enemies":"Orb Walker","floor":35,"turns":3},{"damage":0,"enemies":"3 Shapes","floor":36,"turns":3},{"damage":0,"enemies":"3 Darklings","floor":37,"turns":2},{"damage":0,"enemies":"Mind Bloom Boss Battle","floor":39,"turns":2},{"damage":0,"enemies":"Giant Head","floor":40,"turns":3},{"damage":0,"enemies":"Nemesis","floor":45,"turns":3},{"damage":0,"enemies":"Transient","floor":46,"turns":6},{"damage":0,"enemies":"Reptomancer","floor":47,"turns":2},{"damage":0,"enemies":"Giant Head","floor":48,"turns":3},{"damage":0,"enemies":"Donu and Deca","floor":50,"turns":4},{"damage":0,"enemies":"Shield and Spear","floor":54,"turns":5},{"damage":0,"enemies":"The Heart","floor":55,"turns":5}],"seed_played":"-5958200022159342754","potions_obtained":[{"floor":1.0,"key":"Energy Potion"},{"floor":6.0,"key":"SpeedPotion"},{"floor":7.0,"key":"FocusPotion"},{"floor":11.0,"key":"Swift Potion"},{"floor":14.0,"key":"PotionOfCapacity"},{"floor":16.0,"key":"LiquidMemories"},{"floor":18.0,"key":"LiquidBronze"}],"is_trial":false,"path_per_floor":["M","?","$","M","?","E","M","E","T","M","M","M","M","E","R","B",null,"M","$","?","M","M","E","R","E","T","E","E","?","$","M","R","B",null,"M","M","M","$","?","E","R","$","T","?","E","M","E","E","R","B",null,"R","$","E","B",null],"character_chosen":"DEFECT","items_purchased":["Loop","Capacitor+1","Echo Form+1","Capacitor+1","Capacitor+1","Defragment+1","Potion Belt","Matryoshka","Toxic Egg 2","Capacitor+1","Hello World+1","Loop+1","Biased Cognition+1","Self Repair+1","Defragment+1","Heatsinks+1","Question Card","Gremlin Horn","Lee\u0027s Waffle","Happy Flower","Ice Cream","MealTicket","Recycle+1","Turbo+1","Kunai","Orrery","Singing Bowl","Conserve Battery+1","Hologram+1","PrismaticShard","Strawberry","Whetstone","Bottled Flame","DataDisk","Capacitor+1","Self Repair+1","Creative AI+1","Membership Card","Regal Pillow","TungstenRod","Boot","Bronze Scales","Finesse+1","Undo+1"],"campfire_rested":0,"item_purchase_floors":[3,3,3,3,3,3,3,3,3,3,3,3,3,3,3,3,19,19,19,19,19,19,30,30,30,30,30,30,30,38,38,38,38,38,38,38,38,42,42,42,42,42,42,53],"current_hp_per_floor":[74,63,63,75,75,75,75,75,75,75,75,75,75,75,75,75,75,75,82,82,82,82,82,82,92,92,92,92,92,92,94,94,94,94,96,98,100,107,109,111,111,111,111,111,111,113,113,113,113,113,113,113,113,115,115],"gold":2120,"neow_bonus":"BOSS_RELIC","is_daily":false,"chose_seed":false,"campfire_upgraded":3,"win_rate":0.0,"timestamp":1614152178,"path_taken":["M","?","$","M","?","E","M","E","T","M","M","?","M","E","R","BOSS","M","$","?","M","M","E","R","E","T","E","E","?","$","M","R","BOSS","M","M","M","$","?","E","R","$","T","?","E","M","E","E","R","BOSS","R","$","E","BOSS"],"items_purchased_type":["Card","Card","Card","Card","Card","Card","Relic","Relic","Relic","Card","Card","Card","Card","Card","Card","Card","Relic","Relic","Relic","Relic","Relic","Relic","Card","Card","Relic","Relic","Relic","Card","Card","Relic","Relic","Relic","Relic","Relic","Card","Card","Card","Relic","Relic","Relic","Relic","Relic","Card","Card"],"build_version":"2020-12-18","purchased_purges":4,"victory":true,"max_hp_per_floor":[75,75,75,75,75,75,75,75,75,75,75,75,75,75,75,75,75,75,82,82,82,82,82,82,92,92,92,92,92,92,94,94,94,94,96,98,100,107,109,111,111,111,111,111,111,113,113,113,113,113,113,113,113,115,115],"card_choices":[{"not_picked":["Chaos","Rebound"],"picked":"White Noise","floor":1.0},{"not_picked":["Rebound","Rip and Tear","Darkness+1"],"picked":"SKIP","floor":4.0},{"not_picked":["Compile Driver","Ball Lightning","Steam+1"],"picked":"SKIP","floor":6.0},{"not_picked":["Compile Driver","Steam+1"],"picked":"Ball Lightning","floor":6.0},{"not_picked":["Self Repair+1","Streamline","Stack+1"],"picked":"SKIP","floor":7.0},{"not_picked":["Coolheaded+1","Sunder"],"picked":"Seek+1","floor":8.0},{"not_picked":["Streamline","Ball Lightning"],"picked":"Hologram+1","floor":10.0},{"not_picked":["Streamline","Scrape","Stack+1"],"picked":"SKIP","floor":11.0},{"not_picked":["Stack+1","Reinforced Body+1"],"picked":"Conserve Battery+1","floor":12.0},{"not_picked":["Leap+1","Consume+1"],"picked":"Hologram+1","floor":13.0},{"not_picked":["Loop+1","Hologram+1"],"picked":"Defragment+1","floor":14.0},{"not_picked":["Reboot+1","Biased Cognition+1"],"picked":"Seek+1","floor":16.0},{"not_picked":["Heatsinks+1","Undo+1","Streamline"],"picked":"SKIP","floor":18.0},{"not_picked":["Darkness+1","Turbo+1","Gash+1"],"picked":"Coolheaded+1","floor":21.0},{"not_picked":["Go for the Eyes","Chaos+1","Self Repair+1"],"picked":"Coolheaded+1","floor":22.0},{"not_picked":["Steam Power+1","Rainbow+1","Streamline"],"picked":"Glacier+1","floor":23.0},{"not_picked":["Undo+1","Steam Power+1","Reboot+1"],"picked":"White Noise+1","floor":25.0},{"not_picked":["Barrage","Static Discharge+1","Gash"],"picked":"Double Energy+1","floor":27.0},{"not_picked":["Streamline","Doom and Gloom","Rainbow+1"],"picked":"Seek+1","floor":28.0},{"not_picked":["Hologram+1","Beam Cell+1","Compile Driver"],"picked":"White Noise+1","floor":30.0},{"not_picked":["Compile Driver","All For One","Leap+1"],"picked":"Go for the Eyes+1","floor":30.0},{"not_picked":["FTL","Conserve Battery+1","Steam+1","Rebound"],"picked":"Singing Bowl","floor":31.0},{"not_picked":["All For One","Thunder Strike","Amplify+1"],"picked":"Core Surge","floor":33.0},{"not_picked":["Ball Lightning","Recycle+1","Beam Cell+1","Gash+1"],"picked":"Singing Bowl","floor":35},{"not_picked":["Chaos+1","Force Field+1","Barrage+1","Hologram+1"],"picked":"Singing Bowl","floor":36},{"not_picked":["Consume+1","Barrage+1","Static Discharge+1","Force Field+1"],"picked":"Singing Bowl","floor":37},{"not_picked":["Good Instincts+1","FlurryOfBlows+1","Stack+1","Amplify+1"],"picked":"Singing Bowl","floor":39},{"not_picked":["Burning Pact+1","Intimidate+1","FollowUp","Dodge and Roll+1"],"picked":"Singing Bowl","floor":40},{"not_picked":["FlurryOfBlows","Go for the Eyes","Dark Shackles+1"],"picked":"Vault+1","floor":45},{"not_picked":["Second Wind+1","Steam+1","Predator+1","Pummel"],"picked":"Singing Bowl","floor":46},{"not_picked":["Aggregate+1","Crescendo+1","Clothesline+1"],"picked":"Shockwave+1","floor":47},{"not_picked":["Consume+1","Berserk+1","Chill+1"],"picked":"Caltrops+1","floor":48},{"not_picked":["FlurryOfBlows","Backflip+1","EmptyFist+1","Protect+1"],"picked":"Singing Bowl","floor":54}],"player_experience":2516524,"relics_obtained":[{"floor":6.0,"key":"Letter Opener"},{"floor":8.0,"key":"Blood Vial"},{"floor":9.0,"key":"Lantern"},{"floor":14.0,"key":"Vajra"},{"floor":23.0,"key":"StrikeDummy"},{"floor":25.0,"key":"Pear"},{"floor":26.0,"key":"Omamori"},{"floor":26.0,"key":"Mercury Hourglass"},{"floor":27.0,"key":"FossilizedHelix"},{"floor":28.0,"key":"War Paint"},{"floor":39,"key":"Gambling Chip"},{"floor":40,"key":"Torii"},{"floor":43,"key":"Bottled Lightning"},{"floor":45,"key":"Anchor"},{"floor":47,"key":"Bag of Marbles"},{"floor":48,"key":"Akabeko"},{"floor":54,"key":"Art of War"}],"event_choices":[{"damage_healed":0.0,"max_hp_gain":0.0,"max_hp_loss":0.0,"gold_gain":75.0,"event_name":"World of Goop","player_choice":"Gather Gold","floor":2.0,"gold_loss":0.0,"damage_taken":11.0},{"damage_healed":0.0,"max_hp_gain":0.0,"max_hp_loss":0.0,"gold_gain":0.0,"cards_transformed":["Strike_B"],"event_name":"Transmorgrifier","player_choice":"Transformed","floor":5.0,"gold_loss":0.0,"damage_taken":0.0,"cards_obtained":["Consume"]},{"cards_removed":["Dualcast"],"damage_healed":0.0,"max_hp_gain":0.0,"max_hp_loss":0.0,"gold_gain":0.0,"event_name":"Back to Basics","player_choice":"Elegance","floor":20.0,"gold_loss":0.0,"damage_taken":0.0},{"damage_healed":0.0,"max_hp_gain":0.0,"max_hp_loss":0.0,"gold_gain":0.0,"event_name":"Vampires","player_choice":"Ignored","floor":29.0,"gold_loss":0.0,"damage_taken":0.0},{"damage_healed":0,"gold_gain":0,"player_choice":"Fight","damage_taken":0,"max_hp_gain":0,"max_hp_loss":0,"event_name":"MindBloom","floor":39,"gold_loss":0},{"damage_healed":0,"gold_gain":0,"player_choice":"Rummage","damage_taken":0,"relics_obtained":["WarpedTongs"],"max_hp_gain":0,"max_hp_loss":0,"event_name":"Accursed Blacksmith","floor":44,"gold_loss":0,"cards_obtained":["Pain"]}],"is_beta":true,"boss_relics":[{"not_picked":["Empty Cage","Fusion Hammer"],"picked":"Astrolabe"},{"not_picked":["SacredBark","Runic Dome"],"picked":"Snecko Eye"}],"items_purged_floors":[3,19,30,53],"is_endless":false,"potions_floor_spawned":[1,6,7,11,14,16,18,22,33,36,39,46,47],"ascension_level":1}}