{"host":"8rwnpls8n88jrgbg","time":1614146420,"event":{"mods":["AchievementEnabler","BaseMod","Colored Map","Colored Powertips","DeckTracker","Keyboard Shortcuts","Minty Spire (QoL Compilation)","Relic Stats","StSLib","SuperFastMode"],"gold_per_floor":[114,39,51,68,83,83,103,103,103,103,17,17,48,66,66,138,138,158,158,58,77,124,156,156,185,210,210,222,247,197,232,232,232,232],"floor_reached":33,"language":"KOR","playtime":1647,"items_purged":["Doubt","Strike_R"],"score":581,"play_id":"3663adf2-21c3-4774-972c-c93ac65a3b23","local_time":"20210224150020","is_ascension_mode":true,"campfire_choices":[{"data":"Body Slam","floor":6.0,"key":"SMITH"},{"data":"Uppercut","floor":8.0,"key":"SMITH"},{"data":"Twin Strike","floor":10.0,"key":"SMITH"},{"data":"Fire Breathing","floor":12.0,"key":"SMITH"},{"data":"Armaments","floor":15.0,"key":"SMITH"},{"data":"Exhume","floor":24.0,"key":"SMITH"},{"data":"Intimidate","floor":27.0,"key":"SMITH"},{"floor":32.0,"key":"REST"}],"circlet_count":0,"master_deck":["AscendersBane","Strike_R","Strike_R","Defend_R","Defend_R","Defend_R","Defend_R","Intimidate+1","Body Slam+1","Uppercut+1","Twin Strike+1","Fire Breathing+1","Power Through","Armaments+1","Impervious","Ghostly Armor","Exhume+1","Feed","Shockwave"],"relics":["Burning Blood","Mummified Hand","Ginger","Mark of Pain","Toy Ornithopter","Kunai","StrikeDummy","Omamori","Strawberry","Bottled Lightning"],"acts_visited":["Exordium","TheCity"],"potions_floor_usage":[33],"damage_taken":[{"damage":17.0,"enemies":"Cultist","floor":1.0,"turns":6.0},{"damage":4.0,"enemies":"2 Louse","floor":3.0,"turns":4.0},{"damage":7.0,"enemies":"Jaw Worm","floor":4.0,"turns":4.0},{"damage":17.0,"enemies":"Large Slime","floor":5.0,"turns":7.0},{"damage":6.0,"enemies":"Red Slaver","floor":7.0,"turns":3.0},{"damage":25.0,"enemies":"Lagavulin","floor":13.0,"turns":7.0},{"damage":2.0,"enemies":"Exordium Wildlife","floor":14.0,"turns":4.0},{"damage":28.0,"enemies":"The Guardian","floor":16.0,"turns":15.0},{"damage":16.0,"enemies":"3 Byrds","floor":18.0,"turns":6.0},{"damage":9.0,"enemies":"Shell Parasite","floor":21.0,"turns":6.0},{"damage":5.0,"enemies":"Slavers","floor":23.0,"turns":5.0},{"damage":25.0,"enemies":"Book of Stabbing","floor":25.0,"turns":5.0},{"damage":13.0,"enemies":"Snake Plant","floor":28.0,"turns":3.0},{"damage":21.0,"enemies":"Gremlin Leader","floor":29.0,"turns":7.0},{"damage":39.0,"enemies":"Slavers","floor":31.0,"turns":6.0},{"damage":54,"enemies":"Collector","floor":33,"turns":8}],"seed_played":"-2862561712631182493","potions_obtained":[{"floor":1.0,"key":"BlessingOfTheForge"},{"floor":13.0,"key":"SteroidPotion"},{"floor":14.0,"key":"SneckoOil"},{"floor":16.0,"key":"HeartOfIron"},{"floor":18.0,"key":"Fire Potion"},{"floor":25.0,"key":"BloodPotion"},{"floor":29.0,"key":"SmokeBomb"},{"floor":31.0,"key":"PowerPotion"}],"is_trial":false,"path_per_floor":["M","$","M","M","M","R","M","R","T","R","$","R","E","M","R","B",null,"M","?","$","M","T","E","R","E","T","R","M","E","?","E","R","B"],"character_chosen":"IRONCLAD","items_purchased":["Fire Breathing"],"campfire_rested":1,"item_purchase_floors":[11],"current_hp_per_floor":[57,57,59,58,47,47,47,47,47,47,47,47,28,32,32,10,59,49,49,49,46,46,51,51,45,45,45,38,30,30,19,45,0,0],"gold":232,"neow_bonus":"TRANSFORM_TWO_CARDS","is_daily":false,"chose_seed":false,"campfire_upgraded":7,"win_rate":0.0,"timestamp":1614146420,"path_taken":["M","$","M","M","M","R","M","R","T","R","?","R","E","M","R","BOSS","M","?","$","M","?","E","R","E","T","R","M","E","?","E","R","BOSS"],"items_purchased_type":["Card"],"build_version":"2020-12-22","purchased_purges":2,"victory":false,"max_hp_per_floor":[75,75,75,75,75,75,75,75,75,75,75,75,75,75,75,75,75,75,75,75,75,75,79,79,82,82,82,82,89,89,89,89,89,89],"relic_stats":{"counters":[16,96],"Mummified Hand":[15],"Ginger":[5],"Kunai":[2],"obtain_stats":[{"Mummified Hand":9,"Strawberry":29,"Mark of Pain":17,"Omamori":26,"Ginger":13,"Kunai":23,"Bottled Lightning":31,"StrikeDummy":25,"Burning Blood":0,"Toy Ornithopter":22},{"Mummified Hand":5,"Strawberry":14,"Mark of Pain":8,"Omamori":12,"Ginger":6,"Kunai":11,"Bottled Lightning":15,"StrikeDummy":12,"Burning Blood":0,"Toy Ornithopter":10},{"Mummified Hand":24,"Strawberry":82,"Mark of Pain":50,"Omamori":72,"Ginger":31,"Kunai":67,"Bottled Lightning":88,"StrikeDummy":72,"Burning Blood":0,"Toy Ornithopter":62}],"Burning Blood":90,"Toy Ornithopter":20},"card_choices":[{"not_picked":["Dark Embrace","Sentinel","Iron Wave"],"picked":"SKIP","floor":1.0},{"not_picked":["Power Through","Disarm"],"picked":"Body Slam","floor":3.0},{"not_picked":["Perfected Strike","Sentinel","Rupture"],"picked":"SKIP","floor":4.0},{"not_picked":["Iron Wave","Clash"],"picked":"Uppercut","floor":5.0},{"not_picked":["Clash","Headbutt"],"picked":"Twin Strike","floor":7.0},{"not_picked":["Hemokinesis","Rampage"],"picked":"Power Through","floor":13.0},{"not_picked":["Combust","Rampage"],"picked":"Armaments","floor":14.0},{"not_picked":["Brutality","Feed"],"picked":"Impervious","floor":16.0},{"not_picked":["Intimidate","Metallicize"],"picked":"Ghostly Armor","floor":18.0},{"not_picked":["Fire Breathing","Dropkick","Clothesline"],"picked":"SKIP","floor":21.0},{"not_picked":["Fire Breathing","Dropkick","Clothesline"],"picked":"SKIP","floor":21.0},{"not_picked":["Reckless Charge+1","Pommel Strike","Carnage"],"picked":"SKIP","floor":23.0},{"not_picked":["Clothesline","Havoc","Rampage"],"picked":"SKIP","floor":25.0},{"not_picked":["Clash","Sword Boomerang+1","Anger"],"picked":"SKIP","floor":28.0},{"not_picked":["Heavy Blade","Double Tap"],"picked":"Shockwave","floor":29.0},{"not_picked":["Headbutt","Iron Wave+1","Clash"],"picked":"SKIP","floor":31.0}],"player_experience":1523684,"relics_obtained":[{"floor":9.0,"key":"Mummified Hand"},{"floor":13.0,"key":"Ginger"},{"floor":22.0,"key":"Toy Ornithopter"},{"floor":23.0,"key":"Kunai"},{"floor":25.0,"key":"StrikeDummy"},{"floor":26.0,"key":"Omamori"},{"floor":29.0,"key":"Strawberry"},{"floor":31.0,"key":"Bottled Lightning"}],"event_choices":[{"damage_healed":0.0,"max_hp_gain":0.0,"max_hp_loss":0.0,"gold_gain":0.0,"cards_transformed":["Bash","Havoc"],"event_name":"Drug Dealer","player_choice":"Became Test Subject","floor":19.0,"gold_loss":0.0,"damage_taken":0.0,"cards_obtained":["Exhume","Feed"]},{"damage_healed":0.0,"max_hp_gain":0.0,"max_hp_loss":0.0,"gold_gain":0.0,"event_name":"The Joust","player_choice":"Bet on Murderer","floor":30.0,"gold_loss":50.0,"damage_taken":0.0}],"is_beta":false,"boss_relics":[{"not_picked":["Empty Cage","Ectoplasm"],"picked":"Mark of Pain"}],"items_purged_floors":[2,20],"is_endless":false,"potions_floor_spawned":[1,13,14,16,18,25,29,31],"killed_by":"Collector","ascension_level":16}}