{"host":"jt67skv49snb75sm","time":1614160851,"event":{"mods":["BaseMod","Bestiary","Minty Spire (QoL Compilation)","Relic Stats"],"gold_per_floor":[111,123,123,141,160,160,185,185,209,209,219,237,237,263,263,341,341,356,246,22,36,56,83,83,109,183,183,183],"floor_reached":27,"language":"ENG","playtime":803,"items_purged":[],"score":538,"play_id":"61dffdf3-1e5a-466c-9b83-21f34c6294ab","local_time":"20210224110051","is_ascension_mode":true,"campfire_choices":[{"data":"Eruption","floor":6.0,"key":"SMITH"},{"floor":10.0,"key":"REST"},{"data":"TalkToTheHand","floor":13.0,"key":"SMITH"},{"floor":15.0,"key":"REST"},{"floor":24.0,"key":"REST"}],"circlet_count":0,"master_deck":["AscendersBane","Strike_P+1","Defend_P","Defend_P","Eruption+1","Vigilance","TalkToTheHand+1","CarveReality+1","SashWhip","FlurryOfBlows+1","FlurryOfBlows","TalkToTheHand","EmptyFist","FearNoEvil","DeusExMachina","WreathOfFlame+1","Worship+1","Blasphemy+1","TalkToTheHand","TalkToTheHand","FlurryOfBlows","JustLucky+1","TalkToTheHand","MentalFortress","Evaluate"],"relics":["PureWater","Potion Belt","Vajra","PreservedInsect","Astrolabe","Unceasing Top","Boot","White Beast Statue"],"acts_visited":["Exordium","TheCity"],"potions_floor_usage":[25],"damage_taken":[{"damage":8.0,"enemies":"Small Slimes","floor":1.0,"turns":5.0},{"damage":2.0,"enemies":"2 Louse","floor":2.0,"turns":4.0},{"damage":0.0,"enemies":"Cultist","floor":4.0,"turns":3.0},{"damage":8.0,"enemies":"Exordium Wildlife","floor":5.0,"turns":4.0},{"damage":12.0,"enemies":"3 Sentries","floor":7.0,"turns":4.0},{"damage":1.0,"enemies":"Exordium Thugs","floor":11.0,"turns":3.0},{"damage":8.0,"enemies":"Large Slime","floor":12.0,"turns":2.0},{"damage":18.0,"enemies":"Gremlin Nob","floor":14.0,"turns":3.0},{"damage":6.0,"enemies":"The Guardian","floor":16.0,"turns":6.0},{"damage":9.0,"enemies":"Chosen","floor":18.0,"turns":4.0},{"damage":20.0,"enemies":"2 Thieves","floor":21.0,"turns":4.0},{"damage":22.0,"enemies":"Centurion and Healer","floor":22.0,"turns":4.0},{"damage":8.0,"enemies":"Slavers","floor":23.0,"turns":4.0},{"damage":25,"enemies":"Book of Stabbing","floor":25,"turns":3},{"damage":0,"enemies":"Gremlin Leader","floor":27,"turns":1}],"seed_played":"891043801109517283","potions_obtained":[{"floor":2.0,"key":"FearPotion"},{"floor":4.0,"key":"BottledMiracle"},{"floor":21.0,"key":"SmokeBomb"}],"is_trial":false,"path_per_floor":["M","M","?","M","M","R","E","?","T","R","M","M","R","E","R","B",null,"M","?","$","M","M","E","R","E","T","E"],"character_chosen":"WATCHER","items_purchased":["TalkToTheHand","Regen Potion","FlurryOfBlows"],"campfire_rested":3,"item_purchase_floors":[20,20,20],"current_hp_per_floor":[59,57,35,35,27,27,15,15,15,37,36,28,28,10,32,26,62,53,53,53,33,23,15,37,12,12,12,12],"gold":183,"neow_bonus":"TEN_PERCENT_HP_BONUS","is_daily":false,"chose_seed":false,"campfire_upgraded":2,"win_rate":0.0,"timestamp":1614160851,"path_taken":["M","M","?","M","M","R","E","?","T","R","?","M","R","E","R","BOSS","M","?","?","M","M","E","R","E","T","E"],"items_purchased_type":["Card","Potion","Card"],"build_version":"2020-12-22","purchased_purges":0,"victory":false,"max_hp_per_floor":[74,74,74,74,74,74,74,74,74,74,74,74,74,74,74,74,74,74,74,74,74,74,74,74,74,74,74,74],"relic_stats":{"counters":[15,54],"Astrolabe":["WreathOfFlame","Worship","Blasphemy"],"PreservedInsect":131,"Boot":[0],"obtain_stats":[{"Potion Belt":7,"Astrolabe":17,"Vajra":9,"PreservedInsect":14,"PureWater":0,"Boot":25,"Unceasing Top":23,"White Beast Statue":26},{"Potion Belt":5,"Astrolabe":9,"Vajra":5,"PreservedInsect":8,"PureWater":0,"Boot":14,"Unceasing Top":13,"White Beast Statue":14},{"Potion Belt":20,"Astrolabe":34,"Vajra":20,"PreservedInsect":28,"PureWater":0,"Boot":53,"Unceasing Top":50,"White Beast Statue":53}],"Unceasing Top":[0]},"card_choices":[{"not_picked":["FollowUp","JustLucky"],"picked":"TalkToTheHand","floor":1.0},{"not_picked":["Adaptation","FlyingSleeves"],"picked":"CarveReality","floor":2.0},{"not_picked":["Evaluate","Protect"],"picked":"SashWhip","floor":4.0},{"not_picked":["Crescendo","ClearTheMind"],"picked":"FlurryOfBlows","floor":5.0},{"not_picked":["SashWhip","Wireheading"],"picked":"FlurryOfBlows","floor":7.0},{"not_picked":["Halt","Consecrate"],"picked":"EmptyFist","floor":11.0},{"not_picked":["WreathOfFlame","Perseverance"],"picked":"FearNoEvil","floor":12.0},{"not_picked":["ForeignInfluence","SashWhip","PathToVictory"],"picked":"SKIP","floor":14.0},{"not_picked":["Brilliance","Scrawl"],"picked":"DeusExMachina","floor":16.0},{"not_picked":["EmptyFist","Consecrate"],"picked":"TalkToTheHand","floor":18.0},{"not_picked":["WreathOfFlame","SandsOfTime"],"picked":"JustLucky+1","floor":21.0},{"not_picked":["Swivel","SignatureMove"],"picked":"TalkToTheHand","floor":22.0},{"not_picked":["ThirdEye+1","WheelKick"],"picked":"MentalFortress","floor":23.0},{"not_picked":["Wireheading","Swivel+1"],"picked":"Evaluate","floor":25}],"player_experience":893097,"relics_obtained":[{"floor":7.0,"key":"Potion Belt"},{"floor":9.0,"key":"Vajra"},{"floor":14.0,"key":"PreservedInsect"},{"floor":23.0,"key":"Unceasing Top"},{"floor":25,"key":"Boot"},{"floor":26,"key":"White Beast Statue"}],"event_choices":[{"damage_healed":0.0,"max_hp_gain":0.0,"max_hp_loss":0.0,"gold_gain":0.0,"event_name":"Shining Light","player_choice":"Entered Light","floor":3.0,"gold_loss":0.0,"damage_taken":22.0,"cards_upgraded":["CarveReality","Strike_P"]},{"damage_healed":0.0,"max_hp_gain":0.0,"max_hp_loss":0.0,"gold_gain":0.0,"cards_transformed":["Strike_P"],"event_name":"Transmorgrifier","player_choice":"Transformed","floor":8.0,"gold_loss":0.0,"damage_taken":0.0,"cards_obtained":["TalkToTheHand"]},{"cards_removed":["Defend_P"],"damage_healed":0.0,"max_hp_gain":0.0,"max_hp_loss":0.0,"gold_gain":0.0,"event_name":"Designer","player_choice":"Upgrade and Remove","floor":19.0,"gold_loss":110.0,"damage_taken":0.0,"cards_upgraded":["FlurryOfBlows"]}],"is_beta":false,"boss_relics":[{"not_picked":["Runic Dome","Ectoplasm"],"picked":"Astrolabe"}],"items_purged_floors":[],"is_endless":false,"potions_floor_spawned":[2,4,5,21],"killed_by":"Gremlin Leader","ascension_level":19}}