{"host":"scy0o1xotfn36lpl","time":1614175571,"event":{"mods":["AchievementEnabler","Aspiration","BaseMod","Better Altar","Better Note","Better Sensory Stone","Better Skull","Better Third Choice","Colored Map","Curses Come First","Downfall","GifTheSpireLib","Googly Eyes","Highlight Path","Minty Spire (QoL Compilation)","Permanent Neow","Spicy Shops","StSLib","everything is the same but u backflip on backflip"],"gold_per_floor":[114,114,129,129,143,177,177,30,55,330,363,373,373,407,407,504,504,524,524,134,151,164,164,198,51,51,77,90,90,90,117,117,220,220,231,231,246,296,309,338,338,367,417,435,461,39,39,57,57,57,57],"floor_reached":50,"language":"ENG","playtime":3690,"items_purged":["Injury","Regret"],"score":732,"play_id":"c78f4120-7119-4550-9145-42eca1e98435","local_time":"20210224060611","is_ascension_mode":true,"campfire_choices":[{"data":"Bouncing Flask","floor":7,"key":"SMITH"},{"data":"Blade Dance","floor":15,"key":"SMITH"},{"data":"Tactician","floor":23,"key":"SMITH"},{"floor":29,"key":"REST"},{"data":"Bouncing Flask","floor":32,"key":"SMITH"},{"floor":41,"key":"REST"},{"floor":49,"key":"RECALL"}],"circlet_count":0,"master_deck":["Strike_G","Strike_G","Strike_G","Strike_G","Defend_G","Defend_G","Defend_G","Defend_G","Defend_G","Survivor","Neutralize","Crippling Poison+1","Dagger Throw","Bouncing Flask+1","Backflip","Tactician+1","Blade Dance+1","Tools of the Trade+1","Envenom+1","Slice","Deadly Poison","Crippling Poison","Poisoned Stab","Noxious Fumes+1","Bouncing Flask+1","A Thousand Cuts+1","Slice","Slice","Poisoned Stab","Noxious Fumes+1","Crippling Poison+1","Thinking Ahead","Thinking Ahead"],"relics":["Ring of the Snake","aspiration:Nostalgia","Cracked Core","aspiration:SeaSaltIceCream","Membership Card","Juzu Bracelet","Boot","Bag of Marbles","Frozen Egg 2","aspiration:SneckoTail","bronze:MakeshiftBattery","Happy Flower","Regal Pillow","Lantern","ClockworkSouvenir","Toolbox","Prayer Wheel","Shuriken","Matryoshka","aspiration:Lifesprig","PreservedInsect","Akabeko","Mummified Hand","Letter Opener","Philosopher\u0027s Stone","Du-Vu Doll","Dream Catcher","Potion Belt","CeramicFish","TheAbacus","Lee\u0027s Waffle","Orichalcum","StoneCalendar"],"acts_visited":["Exordium","TheCity","TheBeyond"],"potions_floor_usage":[6,6,14,38,38,39,42,50,50],"damage_taken":[{"damage":3,"enemies":"Jaw Worm","floor":1,"turns":3},{"damage":0,"enemies":"2 Louse","floor":3,"turns":2},{"damage":0,"enemies":"Cultist","floor":5,"turns":3},{"damage":6,"enemies":"Gremlin Nob","floor":6,"turns":3},{"damage":15,"enemies":"3 Sentries","floor":11,"turns":5},{"damage":10,"enemies":"Gremlin Gang","floor":12,"turns":3},{"damage":26,"enemies":"Lagavulin","floor":14,"turns":6},{"damage":27,"enemies":"The Guardian","floor":16,"turns":8},{"damage":0,"enemies":"3 Byrds","floor":18,"turns":3},{"damage":0,"enemies":"2 Thieves","floor":21,"turns":2},{"damage":18,"enemies":"Snake Plant","floor":22,"turns":3},{"damage":0,"enemies":"Gremlin Leader","floor":24,"turns":2},{"damage":12,"enemies":"Book of Stabbing","floor":27,"turns":4},{"damage":3,"enemies":"Chosen and Byrds","floor":28,"turns":3},{"damage":0,"enemies":"Slavers","floor":31,"turns":2},{"damage":33,"enemies":"Automaton","floor":33,"turns":6},{"damage":3,"enemies":"3 Shapes","floor":35,"turns":2},{"damage":8,"enemies":"3 Darklings","floor":37,"turns":3},{"damage":26,"enemies":"Mind Bloom Boss Battle","floor":38,"turns":4},{"damage":0,"enemies":"Transient","floor":39,"turns":5},{"damage":22,"enemies":"Reptomancer","floor":40,"turns":4},{"damage":5,"enemies":"Nemesis","floor":42,"turns":3},{"damage":6,"enemies":"Maw","floor":44,"turns":4},{"damage":4,"enemies":"Spire Growth","floor":45,"turns":4},{"damage":76,"enemies":"Awakened One","floor":50,"turns":9}],"seed_played":"-5850184018254153898","potions_obtained":[{"floor":3,"key":"AttackPotion"},{"floor":5,"key":"bronze:BurnAndBuffPotion"},{"floor":11,"key":"PowerPotion"},{"floor":16,"key":"LiquidMemories"},{"floor":18,"key":"AttackPotion"},{"floor":21,"key":"ColorlessPotion"},{"floor":24,"key":"Poison Potion"},{"floor":38,"key":"Explosive Potion"},{"floor":40,"key":"Poison Potion"},{"floor":44,"key":"GhostInAJar"},{"floor":45,"key":"LiquidBronze"}],"is_trial":false,"path_per_floor":["M","?","M","?","M","E","R","$","T","?","E","M","?","E","R","B",null,"M","?","$","M","M","R","E","$","T","E","M","R","?","E","R","B",null,"M","?","M","?","M","E","R","E","T","M","M","$","?","?","R","B"],"character_chosen":"THE_SILENT","items_purchased":["Juzu Bracelet","Boot","Happy Flower","Regal Pillow","Lantern","ClockworkSouvenir","Toolbox","Deadly Poison","Prayer Wheel","Matryoshka","Noxious Fumes+1","TheAbacus","Lee\u0027s Waffle","Orichalcum","StoneCalendar"],"campfire_rested":2,"item_purchase_floors":[8,8,20,20,20,20,20,20,20,25,25,46,46,46,46],"current_hp_per_floor":[67,67,67,60,60,54,54,54,54,54,39,29,70,44,44,17,70,70,70,70,70,52,52,52,52,52,40,37,70,70,70,70,37,70,67,66,58,32,32,10,44,39,39,33,29,73,73,73,73,0,0],"gold":57,"neow_bonus":"NOSTALGIA","is_daily":false,"chose_seed":false,"campfire_upgraded":4,"win_rate":0.0,"timestamp":1614175571,"path_taken":["M","?","M","?","M","E","R","$","T","?","E","M","?","E","R","BOSS","M","?","$","M","M","R","E","$","T","E","M","R","?","E","R","BOSS","M","?","M","?","M","E","R","E","T","M","M","$","?","?","R","BOSS"],"items_purchased_type":["Relic","Relic","Relic","Relic","Relic","Relic","Relic","Card","Relic","Relic","Card","Relic","Relic","Relic","Relic"],"build_version":"2020-12-22","purchased_purges":2,"victory":false,"max_hp_per_floor":[70,70,70,70,70,70,70,70,70,70,70,70,70,70,70,70,70,70,70,70,70,70,70,70,70,70,70,70,70,70,70,70,70,70,70,66,66,66,66,66,66,66,66,66,66,73,73,73,73,73,73],"card_choices":[{"not_picked":["Quick Slash","Heel Hook"],"picked":"Crippling Poison","floor":1},{"not_picked":["Dagger Spray","Quick Slash"],"picked":"Dagger Throw","floor":3},{"not_picked":["Caltrops","Blade Dance"],"picked":"Bouncing Flask","floor":5},{"not_picked":["Night Terror","Prepared"],"picked":"Backflip","floor":6},{"not_picked":["Outmaneuver","Choke"],"picked":"Tactician","floor":11},{"not_picked":["Distraction","Slice"],"picked":"Blade Dance","floor":12},{"not_picked":["Dagger Throw","Dagger Spray"],"picked":"Tools of the Trade+1","floor":14},{"not_picked":["Phantasmal Killer","Burst"],"picked":"Envenom+1","floor":16},{"not_picked":["Dodge and Roll","Backflip"],"picked":"Slice","floor":18},{"not_picked":["Acrobatics","Flechettes","Dash+1"],"picked":"SKIP","floor":21},{"not_picked":["Eviscerate","Finisher+1","Dagger Throw"],"picked":"SKIP","floor":21},{"not_picked":["Sucker Punch","Bane"],"picked":"Crippling Poison","floor":22},{"not_picked":["Dagger Spray","Underhanded Strike","Dagger Throw"],"picked":"SKIP","floor":22},{"not_picked":["Leg Sweep+1","Dash+1"],"picked":"Poisoned Stab","floor":24},{"not_picked":["Endless Agony","Dagger Throw","Doppelganger"],"picked":"SKIP","floor":27},{"not_picked":["Dagger Spray+1","Choke"],"picked":"Bouncing Flask","floor":28},{"not_picked":["Skewer","Outmaneuver+1","Caltrops+1"],"picked":"SKIP","floor":28},{"not_picked":["Quick Slash","Deflect","Acrobatics"],"picked":"SKIP","floor":31},{"not_picked":["Die Die Die","After Image+1"],"picked":"A Thousand Cuts+1","floor":33},{"not_picked":["Acrobatics+1","Quick Slash"],"picked":"Slice","floor":35},{"not_picked":["Quick Slash","Masterful Stab"],"picked":"Slice","floor":35},{"not_picked":["Sucker Punch+1","Leg Sweep","Dodge and Roll+1"],"picked":"SKIP","floor":37},{"not_picked":["PiercingWail","Distraction+1","Deflect"],"picked":"SKIP","floor":37},{"not_picked":["Infinite Blades+1","Tactician+1"],"picked":"Poisoned Stab","floor":38},{"not_picked":["Phantasmal Killer","Sucker Punch+1","Expertise"],"picked":"SKIP","floor":39},{"not_picked":["Flechettes","Acrobatics","Outmaneuver"],"picked":"SKIP","floor":39},{"not_picked":["Well Laid Plans+1","Blade Dance"],"picked":"Noxious Fumes+1","floor":40},{"not_picked":["Sucker Punch","Flying Knee+1","Outmaneuver"],"picked":"SKIP","floor":42},{"not_picked":["Footwork+1","Flying Knee","Doppelganger"],"picked":"SKIP","floor":44},{"not_picked":["Acrobatics","Slice","Blur"],"picked":"SKIP","floor":44},{"not_picked":["Dodge and Roll+1","Deadly Poison"],"picked":"Crippling Poison+1","floor":45},{"not_picked":["Blur+1","All Out Attack+1","Deflect"],"picked":"SKIP","floor":45},{"not_picked":["Mayhem+1","Impatience"],"picked":"Thinking Ahead","floor":48},{"not_picked":["Panacea","Swift Strike"],"picked":"Thinking Ahead","floor":48}],"player_experience":90219,"relics_obtained":[{"floor":6,"key":"aspiration:SeaSaltIceCream"},{"floor":9,"key":"Bag of Marbles"},{"floor":11,"key":"Frozen Egg 2"},{"floor":14,"key":"aspiration:SneckoTail"},{"floor":24,"key":"Shuriken"},{"floor":26,"key":"aspiration:Lifesprig"},{"floor":26,"key":"PreservedInsect"},{"floor":27,"key":"Akabeko"},{"floor":31,"key":"Letter Opener"},{"floor":38,"key":"Du-Vu Doll"},{"floor":40,"key":"Dream Catcher"},{"floor":42,"key":"Potion Belt"},{"floor":43,"key":"CeramicFish"}],"event_choices":[{"damage_healed":0,"gold_gain":0,"player_choice":"Grow","damage_taken":0,"max_hp_gain":0,"max_hp_loss":0,"event_name":"Living Wall","floor":2,"gold_loss":0,"cards_upgraded":["Crippling Poison"]},{"cards_removed":["Strike_G"],"damage_healed":0,"gold_gain":0,"player_choice":"Card Removal","damage_taken":7,"max_hp_gain":0,"max_hp_loss":0,"event_name":"Golden Wing","floor":4,"gold_loss":0},{"damage_healed":0,"gold_gain":275,"player_choice":"Desecrate","damage_taken":0,"max_hp_gain":0,"max_hp_loss":0,"event_name":"Golden Shrine","floor":10,"gold_loss":0,"cards_obtained":["Regret"]},{"damage_healed":41,"gold_gain":0,"player_choice":"Full Heal","damage_taken":0,"max_hp_gain":0,"max_hp_loss":0,"event_name":"Wheel of Change","floor":13,"gold_loss":0},{"damage_healed":0,"gold_gain":0,"player_choice":"Opened","damage_taken":0,"relics_obtained":["Mummified Hand"],"max_hp_gain":0,"max_hp_loss":0,"event_name":"The Mausoleum","floor":30,"gold_loss":0,"cards_obtained":["Writhe"]},{"damage_healed":0,"gold_gain":0,"player_choice":"Max HP","damage_taken":0,"max_hp_gain":0,"max_hp_loss":4,"event_name":"Winding Halls","floor":36,"gold_loss":0},{"damage_healed":0,"gold_gain":0,"player_choice":"Fight","damage_taken":0,"max_hp_gain":0,"max_hp_loss":0,"event_name":"MindBloom","floor":38,"gold_loss":0},{"cards_removed":["Writhe"],"damage_healed":0,"gold_gain":0,"player_choice":"Purged","damage_taken":0,"max_hp_gain":0,"max_hp_loss":0,"event_name":"Purifier","floor":47,"gold_loss":0},{"damage_healed":0,"gold_gain":3,"player_choice":"1","damage_taken":0,"max_hp_gain":0,"max_hp_loss":0,"event_name":"betterStone:BetterStone","floor":48,"gold_loss":0}],"is_beta":false,"boss_relics":[{"not_picked":["Velvet Choker","SacredBark"],"picked":"bronze:MakeshiftBattery"},{"not_picked":["aspiration:FutureDiary","Busted Crown"],"picked":"Philosopher\u0027s Stone"}],"items_purged_floors":[20,46],"is_endless":false,"potions_floor_spawned":[3,5,11,16,18,21,24,38,40,44,45],"killed_by":"Awakened One","ascension_level":1}}