{"host":"13o02hya6v6rzuva","time":1614164498,"event":{"mods":["BaseMod","Minty Spire (QoL Compilation)","Relic Stats"],"gold_per_floor":[109,125,142,142,162,162,192,192,192,267,278,278,28,45,45,143,143,156,156,0,19,19,19,54,54,54,72,87,102,102,102],"floor_reached":30,"language":"ENG","playtime":1040,"items_purged":[],"score":416,"play_id":"ddca43a3-697e-4c4c-86ea-5129eb195cd0","local_time":"20210224120138","is_ascension_mode":true,"campfire_choices":[{"data":"Poisoned Stab","floor":6,"key":"SMITH"},{"data":"Leg Sweep","floor":8,"key":"SMITH"},{"data":"Sucker Punch","floor":12,"key":"SMITH"},{"floor":15,"key":"REST"},{"data":"Noxious Fumes","floor":23,"key":"SMITH"},{"floor":25,"key":"REST"}],"circlet_count":0,"master_deck":["AscendersBane","Strike_G","Strike_G","Defend_G","Defend_G","Defend_G","Survivor","Neutralize","Leg Sweep+1","Deflect","Poisoned Stab+1","Dodge and Roll","Dagger Spray","Sucker Punch+1","Caltrops+1","Glass Knife","Skewer+1","PiercingWail+1","Masterful Stab+1","Cloak And Dagger","Prepared","Dagger Spray","Noxious Fumes+1","Crippling Poison","Cloak And Dagger","Terror","Deflect","Quick Slash"],"relics":["Ring of the Snake","Potion Belt","Mercury Hourglass","Pear","Astrolabe","Shovel","StoneCalendar"],"acts_visited":["Exordium","TheCity"],"potions_floor_usage":[7,7,18,30],"damage_taken":[{"damage":0,"enemies":"Jaw Worm","floor":1,"turns":5},{"damage":1,"enemies":"2 Louse","floor":2,"turns":5},{"damage":1,"enemies":"Small Slimes","floor":3,"turns":6},{"damage":4,"enemies":"Red Slaver","floor":5,"turns":5},{"damage":27,"enemies":"3 Sentries","floor":7,"turns":21},{"damage":4,"enemies":"Lots of Slimes","floor":11,"turns":3},{"damage":0,"enemies":"Looter","floor":14,"turns":4},{"damage":40,"enemies":"The Guardian","floor":16,"turns":16},{"damage":14,"enemies":"Shell Parasite","floor":18,"turns":2},{"damage":5,"enemies":"Chosen","floor":21,"turns":5},{"damage":41,"enemies":"Book of Stabbing","floor":24,"turns":6},{"damage":13,"enemies":"Snake Plant","floor":27,"turns":4},{"damage":15,"enemies":"Centurion and Healer","floor":28,"turns":7},{"damage":0,"enemies":"Cultist and Chosen","floor":29,"turns":4},{"damage":11,"enemies":"Snecko","floor":30,"turns":3}],"seed_played":"7371365626799223378","potions_obtained":[{"floor":3,"key":"Energy Potion"},{"floor":5,"key":"SneckoOil"},{"floor":16,"key":"CunningPotion"},{"floor":29,"key":"AttackPotion"}],"is_trial":false,"path_per_floor":["M","M","M","?","M","R","E","R","T","?","M","R","$","M","R","B",null,"M","?","$","M","?","R","E","R","T","M","M","M","M"],"character_chosen":"THE_SILENT","items_purchased":["Pear","Noxious Fumes","Crippling Poison"],"campfire_rested":2,"item_purchase_floors":[13,20,20],"current_hp_per_floor":[70,69,68,68,64,64,37,37,37,26,22,22,32,32,58,18,70,56,56,56,51,51,51,10,36,36,23,8,8,0,0],"gold":102,"neow_bonus":"TEN_PERCENT_HP_BONUS","is_daily":false,"chose_seed":false,"campfire_upgraded":4,"win_rate":0.0,"timestamp":1614164498,"path_taken":["M","M","M","?","M","R","E","R","T","?","M","R","$","?","R","BOSS","M","?","$","M","?","R","E","R","T","M","?","M","M"],"items_purchased_type":["Relic","Card","Card"],"build_version":"2020-12-22","purchased_purges":0,"victory":false,"max_hp_per_floor":[77,77,77,77,77,77,77,77,77,77,77,77,87,87,87,87,87,87,87,87,87,87,87,87,87,87,87,87,87,87,87],"relic_stats":{"Shovel":0,"counters":[15,96],"Astrolabe":["Skewer","PiercingWail","Masterful Stab"],"StoneCalendar":[54],"obtain_stats":[{"Potion Belt":7,"Pear":13,"Shovel":24,"Astrolabe":17,"StoneCalendar":26,"Ring of the Snake":0,"Mercury Hourglass":9},{"Potion Belt":5,"Pear":6,"Shovel":11,"Astrolabe":8,"StoneCalendar":11,"Ring of the Snake":0,"Mercury Hourglass":5},{"Potion Belt":42,"Pear":45,"Shovel":78,"Astrolabe":65,"StoneCalendar":78,"Ring of the Snake":0,"Mercury Hourglass":42}],"Ring of the Snake":[30],"Mercury Hourglass":[195]},"card_choices":[{"not_picked":["Quick Slash","Dodge and Roll"],"picked":"Leg Sweep","floor":1},{"not_picked":["Dagger Throw","Flechettes"],"picked":"Deflect","floor":2},{"not_picked":["Quick Slash","Cloak And Dagger"],"picked":"Poisoned Stab","floor":3},{"not_picked":["Outmaneuver","Wraith Form v2"],"picked":"Dodge and Roll","floor":5},{"not_picked":["All Out Attack","Underhanded Strike"],"picked":"Dagger Spray","floor":7},{"not_picked":["Flying Knee","Endless Agony"],"picked":"Sucker Punch","floor":11},{"not_picked":["Backflip","Deflect"],"picked":"Caltrops","floor":14},{"not_picked":["Phantasmal Killer","Venomology"],"picked":"Glass Knife","floor":16},{"not_picked":["Concentrate","Well Laid Plans"],"picked":"Cloak And Dagger","floor":18},{"not_picked":["Eviscerate","Leg Sweep"],"picked":"Cloak And Dagger","floor":21},{"not_picked":["Sucker Punch","Heel Hook","Deflect"],"picked":"SKIP","floor":24},{"not_picked":["Infinite Blades","Dagger Spray"],"picked":"Terror","floor":27},{"not_picked":["Well Laid Plans","Deadly Poison"],"picked":"Deflect","floor":28},{"not_picked":["Dagger Spray","Acrobatics"],"picked":"Quick Slash","floor":29}],"player_experience":1254596,"relics_obtained":[{"floor":7,"key":"Potion Belt"},{"floor":9,"key":"Mercury Hourglass"},{"floor":24,"key":"Shovel"},{"floor":26,"key":"StoneCalendar"}],"event_choices":[{"damage_healed":0,"gold_gain":0,"player_choice":"Leave","damage_taken":0,"max_hp_gain":0,"max_hp_loss":0,"event_name":"The Cleric","floor":4,"gold_loss":0},{"damage_healed":0,"gold_gain":75,"player_choice":"Gather Gold","damage_taken":11,"max_hp_gain":0,"max_hp_loss":0,"event_name":"World of Goop","floor":10,"gold_loss":0},{"damage_healed":0,"gold_gain":0,"cards_transformed":["Strike_G","Defend_G"],"player_choice":"Became Test Subject","damage_taken":0,"max_hp_gain":0,"max_hp_loss":0,"event_name":"Drug Dealer","floor":19,"gold_loss":0,"cards_obtained":["Prepared","Dagger Spray"]},{"damage_healed":0,"gold_gain":0,"player_choice":"Upgraded","damage_taken":0,"max_hp_gain":0,"max_hp_loss":0,"event_name":"Upgrade Shrine","floor":22,"gold_loss":0,"cards_upgraded":["Caltrops"]}],"is_beta":false,"boss_relics":[{"not_picked":["Philosopher\u0027s Stone","Runic Dome"],"picked":"Astrolabe"}],"items_purged_floors":[],"is_endless":false,"potions_floor_spawned":[3,5,16,29],"killed_by":"Snecko","ascension_level":11}}