{"host":"5n1fl7z5i1vf7jan","time":1614150056,"event":{"mods":["BaseMod","Minty Spire (QoL Compilation)","Quick Restart","Relic Stats"],"gold_per_floor":[113,126,145,31,31,64,64,78,78,78,95,109,120,152,152,226,226,245,30,120,131,145,145,145,179,231,231,18,44,0,0,0,0,0],"floor_reached":33,"language":"ENG","playtime":2663,"items_purged":["Barrage"],"score":590,"play_id":"ce5a592f-df49-4932-9344-864f2c600104","local_time":"20210223230056","is_ascension_mode":true,"campfire_choices":[{"data":"Consume","floor":7.0,"key":"SMITH"},{"data":"Biased Cognition","floor":15.0,"key":"SMITH"},{"data":"Coolheaded","floor":23.0,"key":"SMITH"},{"floor":27.0,"key":"REST"},{"floor":32,"key":"REST"}],"circlet_count":0,"master_deck":["AscendersBane","Zap","Dualcast","Melter","Compile Driver","Cold Snap","Ball Lightning","Consume+1","Steam","Genetic Algorithm","Glacier","Coolheaded+1","Double Energy","Biased Cognition+1","Core Surge","Stack","Heatsinks","Loop","Turbo","Cold Snap","Compile Driver","All For One","Auto Shields+1","FTL","Conserve Battery","Sweeping Beam","Leap+1"],"relics":["Nuclear Battery","Bottled Flame","InkBottle","Meat on the Bone","Pen Nib","Pandora\u0027s Box","Bag of Preparation","Smiling Mask","Vajra","OrangePellets","Lizard Tail"],"acts_visited":["Exordium","TheCity"],"potions_floor_usage":[],"damage_taken":[{"damage":1.0,"enemies":"Cultist","floor":1.0,"turns":4.0},{"damage":19.0,"enemies":"Jaw Worm","floor":2.0,"turns":4.0},{"damage":4.0,"enemies":"Small Slimes","floor":3.0,"turns":3.0},{"damage":14.0,"enemies":"3 Sentries","floor":6.0,"turns":6.0},{"damage":0.0,"enemies":"Exordium Thugs","floor":8.0,"turns":4.0},{"damage":0.0,"enemies":"Large Slime","floor":11.0,"turns":5.0},{"damage":4.0,"enemies":"Lots of Slimes","floor":12.0,"turns":5.0},{"damage":10.0,"enemies":"Gremlin Gang","floor":13.0,"turns":6.0},{"damage":2.0,"enemies":"Gremlin Nob","floor":14.0,"turns":3.0},{"damage":39.0,"enemies":"Slime Boss","floor":16.0,"turns":9.0},{"damage":8.0,"enemies":"2 Thieves","floor":18.0,"turns":4.0},{"damage":0.0,"enemies":"Shell Parasite","floor":21.0,"turns":5.0},{"damage":1.0,"enemies":"Snake Plant","floor":22.0,"turns":4.0},{"damage":27.0,"enemies":"Gremlin Leader","floor":25.0,"turns":9.0},{"damage":33.0,"enemies":"Slavers","floor":29.0,"turns":7.0},{"damage":95,"enemies":"Champ","floor":33,"turns":28}],"seed_played":"-14812900101011295","potions_obtained":[{"floor":2.0,"key":"Dexterity Potion"},{"floor":3.0,"key":"BlessingOfTheForge"},{"floor":8.0,"key":"SteroidPotion"},{"floor":14.0,"key":"SpeedPotion"},{"floor":16.0,"key":"SpeedPotion"},{"floor":21.0,"key":"ColorlessPotion"}],"is_trial":false,"path_per_floor":["M","M","M","$","?","E","R","M","T","?","M","M","M","E","R","B",null,"M","$","?","M","M","R","?","E","T","R","$","E","?","?","R","B"],"character_chosen":"DEFECT","items_purchased":["Ball Lightning","Consume","FocusPotion","Bag of Preparation","OrangePellets"],"campfire_rested":2,"item_purchase_floors":[4,4,19,19,28],"current_hp_per_floor":[63,44,40,40,40,26,26,26,26,26,38,46,36,46,46,19,58,50,50,38,38,37,37,37,22,22,43,43,22,22,22,43,0,0],"gold":0,"neow_bonus":"BOSS_RELIC","is_daily":false,"chose_seed":false,"campfire_upgraded":3,"win_rate":0.0,"timestamp":1614150056,"path_taken":["M","M","M","?","?","E","R","M","T","?","M","?","M","E","R","BOSS","M","$","?","?","?","R","?","E","T","R","$","E","?","?","R","BOSS"],"items_purchased_type":["Card","Card","Potion","Relic","Relic"],"build_version":"2020-12-22","purchased_purges":1,"victory":false,"max_hp_per_floor":[71,71,71,71,71,71,71,71,71,71,71,71,71,71,71,71,71,71,71,71,71,71,71,71,71,71,71,71,71,71,71,71,71,71],"relic_stats":{"OrangePellets":[5],"Lizard Tail":35,"counters":[16,106],"Pandora\u0027s Box":["Stack","Heatsinks","Loop","Barrage","Turbo","Cold Snap","Compile Driver","All For One"],"Pen Nib":[12],"Bag of Preparation":[10],"Smiling Mask":25,"obtain_stats":[{"OrangePellets":28,"Bottled Flame":6,"Lizard Tail":29,"Vajra":26,"Pandora\u0027s Box":17,"Pen Nib":14,"Bag of Preparation":19,"Cracked Core":0,"Smiling Mask":25,"InkBottle":9,"Nuclear Battery":0,"Meat on the Bone":10},{"OrangePellets":14,"Bottled Flame":4,"Lizard Tail":15,"Vajra":14,"Pandora\u0027s Box":10,"Pen Nib":9,"Bag of Preparation":11,"Cracked Core":0,"Smiling Mask":14,"InkBottle":5,"Nuclear Battery":0,"Meat on the Bone":5},{"OrangePellets":71,"Bottled Flame":17,"Lizard Tail":78,"Vajra":71,"Pandora\u0027s Box":49,"Pen Nib":40,"Bag of Preparation":53,"Cracked Core":0,"Smiling Mask":71,"InkBottle":21,"Nuclear Battery":0,"Meat on the Bone":21}],"InkBottle":[30],"Meat on the Bone":72},"card_choices":[{"not_picked":["Go for the Eyes","Conserve Battery"],"picked":"Melter","floor":1.0},{"not_picked":["Conserve Battery","Beam Cell"],"picked":"Compile Driver","floor":2.0},{"not_picked":["Barrage","Conserve Battery"],"picked":"Cold Snap","floor":3.0},{"not_picked":["Skim","Hello World"],"picked":"Steam","floor":6.0},{"not_picked":["Doom and Gloom","BootSequence"],"picked":"Genetic Algorithm","floor":8.0},{"not_picked":["Darkness","Sunder"],"picked":"Glacier","floor":11.0},{"not_picked":["Gash","Storm"],"picked":"Coolheaded","floor":12.0},{"not_picked":["Machine Learning","Hologram"],"picked":"Double Energy","floor":13.0},{"not_picked":["Steam Power","Loop"],"picked":"Biased Cognition","floor":14.0},{"not_picked":["Creative AI","Amplify"],"picked":"Core Surge","floor":16.0},{"not_picked":["Aggregate","Leap"],"picked":"Auto Shields+1","floor":18.0},{"not_picked":["Gash","Coolheaded"],"picked":"FTL","floor":21.0},{"not_picked":["Rebound","Barrage+1"],"picked":"Conserve Battery","floor":22.0},{"not_picked":["Machine Learning","Coolheaded"],"picked":"Sweeping Beam","floor":25.0},{"not_picked":["Beam Cell","Steam+1"],"picked":"Leap+1","floor":29.0}],"player_experience":387681,"relics_obtained":[{"floor":6.0,"key":"Bottled Flame"},{"floor":9.0,"key":"InkBottle"},{"floor":10.0,"key":"Meat on the Bone"},{"floor":14.0,"key":"Pen Nib"},{"floor":25.0,"key":"Smiling Mask"},{"floor":26.0,"key":"Vajra"},{"floor":29.0,"key":"Lizard Tail"}],"event_choices":[{"damage_healed":0.0,"max_hp_gain":0.0,"max_hp_loss":0.0,"gold_gain":0.0,"event_name":"Scrap Ooze","player_choice":"Fled","floor":5.0,"gold_loss":0.0,"damage_taken":0.0},{"damage_healed":0.0,"max_hp_gain":0.0,"max_hp_loss":0.0,"gold_gain":0.0,"event_name":"Wheel of Change","player_choice":"Relic","floor":10.0,"gold_loss":0.0,"damage_taken":0.0},{"damage_healed":0.0,"max_hp_gain":0.0,"max_hp_loss":0.0,"gold_gain":90.0,"event_name":"Knowing Skull","player_choice":"GOLD ","floor":20.0,"potions_obtained":[],"gold_loss":0.0,"damage_taken":12.0,"cards_obtained":[]},{"damage_healed":0.0,"max_hp_gain":0.0,"max_hp_loss":0.0,"gold_gain":0.0,"event_name":"Vampires","player_choice":"Ignored","floor":24.0,"gold_loss":0.0,"damage_taken":0.0},{"damage_healed":0.0,"max_hp_gain":0.0,"max_hp_loss":0.0,"gold_gain":0.0,"event_name":"Masked Bandits","player_choice":"Paid Fearfully","floor":30.0,"gold_loss":44.0,"damage_taken":0.0},{"damage_healed":0,"gold_gain":0,"player_choice":"Ignored","damage_taken":0,"max_hp_gain":0,"max_hp_loss":0,"event_name":"The Mausoleum","floor":31,"gold_loss":0}],"is_beta":false,"boss_relics":[{"not_picked":["Fusion Hammer","Sozu"],"picked":"Pandora\u0027s Box"}],"items_purged_floors":[28],"is_endless":false,"potions_floor_spawned":[2,3,8,14,16,21],"killed_by":"Champ","ascension_level":20}}