{"host":"5h6e4l6hpn0p5lap","time":1614133201,"event":{"mods":["AchievementEnabler","BaseMod","Better Altar","Better Match","Better Sensory Stone","Better Skull","Better Third Choice","Colored Map","Filter the Spire","Minty Spire (QoL Compilation)","StSLib"],"gold_per_floor":[117,135,84,97,21,21,31,84,154,185,185,198,223,135,135,135,135],"floor_reached":16,"language":"ENG","playtime":577,"items_purged":["Strike_R"],"score":154,"play_id":"4d064b3e-a64e-4200-b141-b43b9b6b698c","local_time":"20210223212001","is_ascension_mode":true,"campfire_choices":[{"data":"Fiend Fire","floor":6,"key":"SMITH"},{"floor":11,"key":"REST"},{"floor":15,"key":"REST"}],"circlet_count":0,"master_deck":["Strike_R","Strike_R","Strike_R","Strike_R","Defend_R","Defend_R","Defend_R","Bash","Pummel","Iron Wave","Clothesline","Fiend Fire+1","Battle Trance","Rage","Anger","Body Slam","Dark Embrace"],"relics":["Burning Blood","Letter Opener","Orichalcum","Smiling Mask"],"acts_visited":["Exordium"],"potions_floor_usage":[13,16],"damage_taken":[{"damage":2,"enemies":"2 Louse","floor":1,"turns":3},{"damage":7,"enemies":"Jaw Worm","floor":2,"turns":3},{"damage":4,"enemies":"Cultist","floor":4,"turns":3},{"damage":11,"enemies":"Exordium Wildlife","floor":7,"turns":4},{"damage":27,"enemies":"Lagavulin","floor":10,"turns":6},{"damage":32,"enemies":"Gremlin Gang","floor":12,"turns":5},{"damage":26,"enemies":"3 Sentries","floor":13,"turns":9},{"damage":58,"enemies":"Hexaghost","floor":16,"turns":11}],"seed_played":"1078094420118291873","potions_obtained":[{"floor":1,"key":"SpeedPotion"},{"floor":10,"key":"Block Potion"},{"floor":13,"key":"BlessingOfTheForge"}],"is_trial":false,"path_per_floor":["M","M","$","M","$","R","M","?","T","E","R","M","E","$","R","B"],"character_chosen":"IRONCLAD","items_purchased":["Clothesline","Battle Trance","Dark Embrace"],"campfire_rested":2,"item_purchase_floors":[3,5,14],"current_hp_per_floor":[76,75,75,77,77,77,72,72,72,51,75,49,29,29,53,0,0],"gold":135,"neow_bonus":"REMOVE_CARD","is_daily":false,"chose_seed":false,"campfire_upgraded":1,"win_rate":0.0,"timestamp":1614133201,"path_taken":["M","M","$","M","$","R","M","?","T","E","R","M","E","$","R","BOSS"],"items_purchased_type":["Card","Card","Card"],"build_version":"2020-12-22","purchased_purges":1,"victory":false,"max_hp_per_floor":[80,80,80,80,80,80,80,80,80,80,80,80,80,80,80,80,80],"card_choices":[{"not_picked":["Havoc","Clash"],"picked":"Pummel","floor":1},{"not_picked":["Thunderclap","Armaments"],"picked":"Iron Wave","floor":2},{"not_picked":["Shrug It Off","Thunderclap"],"picked":"Fiend Fire","floor":4},{"not_picked":["Searing Blow","Rampage"],"picked":"Rage","floor":7},{"not_picked":["Dual Wield","Searing Blow"],"picked":"Anger","floor":10},{"not_picked":["Sever Soul","Clothesline"],"picked":"Body Slam","floor":12},{"not_picked":["Metallicize","Flex","Thunderclap"],"picked":"SKIP","floor":13}],"player_experience":1165982,"relics_obtained":[{"floor":9,"key":"Letter Opener"},{"floor":10,"key":"Orichalcum"},{"floor":13,"key":"Smiling Mask"}],"event_choices":[{"damage_healed":0,"gold_gain":53,"player_choice":"Gained Gold","damage_taken":0,"max_hp_gain":0,"max_hp_loss":0,"event_name":"Golden Wing","floor":8,"gold_loss":0}],"is_beta":false,"boss_relics":[],"items_purged_floors":[14],"is_endless":false,"potions_floor_spawned":[1,10,13],"killed_by":"Hexaghost","ascension_level":8}}