{"host":"nsiiwrl41ak9l0n5","time":1614179648,"event":{"mods":["Act Like it!","BaseMod","Better Skull","Colored Map","Colored Powertips","Emptier Cage","GifTheSpireLib","HexUI Lib","Highlight Path","Library of Ruina","Library of Ruina Extra","Minty Spire (QoL Compilation)","Permanent Neow","Quick Restart","Rare Cards Sparkle","SacredBarkPlus","StSLib"],"gold_per_floor":[119,119,134,204,223,257,287,63,63,77,106,106,119,119,119,224,224,224,224,224,89,89,89,89,89,89,89,89,89,89,89,89,89,89,89,89,89,89,89,89,89,89,89,89,89,89,89,14,14,14,14],"floor_reached":52,"language":"ENG","playtime":3584,"items_purged":["Parasite"],"score":850,"play_id":"52f61960-4e3d-409a-bf31-f619603b39ed","local_time":"20210225011408","is_ascension_mode":false,"campfire_choices":[{"floor":12.0,"key":"REST"},{"data":"FeatherShield","floor":15.0,"key":"SMITH"},{"data":"RagingStormLove","floor":24,"key":"SMITH"},{"floor":32,"key":"REST"},{"floor":49,"key":"RECALL"}],"circlet_count":0,"master_deck":["Dodge","LightDefense","LightAttack","LightAttack","LightAttack","LightDefense","LightDefense","LightDefense","ChargeAndCover","FocusedStrikes","SteelKnuckles","FeatherShield+1","Diversion","RulesOfTheBackstreets","ViolentFlame","Deflect_lor","ViolentFlame","Unlock1","FlowOfTheSword","FlamingDragonFist","TendonChords+1","Outburst","RagingStormLove+1","AsThePrescriptOrders+1","Tttonst","ViolentFlame","FlowOfTheSword+1","ViolentFlame+1","SinglePointStab","FlamingDragonFist","FrontalAssault","Bandage Up","FlowOfTheSword","SinglePointStab+1"],"relics":["PageOfLibrarian","PageOfHappyTeddyBear","Eternal Feather","Odd Mushroom","PageOfBloodbath","Boot","PageOfTheSilentOrchestra","PageOfApocalypseBird","Ectoplasm","Art of War","PageOfAlriune","PageOfWizard","Fusion Hammer","Turnip","PageOfLittleHelper","Happy Flower","PageOfSpiderBud"],"acts_visited":["Exordium","TheCity","TheBeyond"],"potions_floor_usage":[22],"damage_taken":[{"damage":7.0,"enemies":"Cultist","floor":1.0,"turns":4.0},{"damage":0.0,"enemies":"2 Louse","floor":3.0,"turns":1.0},{"damage":0.0,"enemies":"Small Slimes","floor":5.0,"turns":2.0},{"damage":7.0,"enemies":"Lagavulin","floor":6.0,"turns":6.0},{"damage":0.0,"enemies":"The Mushroom Lair","floor":7.0,"turns":1.0},{"damage":0.0,"enemies":"Looter","floor":10.0,"turns":2.0},{"damage":3.0,"enemies":"3 Sentries","floor":11.0,"turns":5.0},{"damage":0.0,"enemies":"3 Louse","floor":13.0,"turns":2.0},{"damage":0.0,"enemies":"The Guardian","floor":16.0,"turns":8.0},{"damage":0.0,"enemies":"Shell Parasite","floor":18.0,"turns":2.0},{"damage":0,"enemies":"Chosen","floor":20,"turns":2},{"damage":0,"enemies":"Centurion and Healer","floor":22,"turns":1},{"damage":23,"enemies":"Gremlin Leader","floor":23,"turns":4},{"damage":0,"enemies":"Snake Plant","floor":25,"turns":3},{"damage":0,"enemies":"Shelled Parasite and Fungi","floor":27,"turns":3},{"damage":0,"enemies":"Snecko","floor":28,"turns":4},{"damage":13,"enemies":"Slavers","floor":29,"turns":3},{"damage":1,"enemies":"Snake Plant","floor":30,"turns":2},{"damage":5,"enemies":"Cultist and Chosen","floor":31,"turns":2},{"damage":18,"enemies":"Automaton","floor":33,"turns":6},{"damage":4,"enemies":"3 Darklings","floor":35,"turns":5},{"damage":3,"enemies":"3 Shapes","floor":37,"turns":4},{"damage":2,"enemies":"Writhing Mass","floor":38,"turns":3},{"damage":0,"enemies":"Maw","floor":39,"turns":4},{"damage":3,"enemies":"Nemesis","floor":40,"turns":3},{"damage":0,"enemies":"Sphere and 2 Shapes","floor":41,"turns":4},{"damage":8,"enemies":"Giant Head","floor":42,"turns":6},{"damage":0,"enemies":"Writhing Mass","floor":44,"turns":2},{"damage":0,"enemies":"Spire Growth","floor":45,"turns":3},{"damage":22,"enemies":"Nemesis","floor":46,"turns":4},{"damage":26,"enemies":"Time Eater","floor":50,"turns":9},{"damage":14,"enemies":"Time Eater","floor":51,"turns":6}],"seed_played":"-1591650688456309257","potions_obtained":[{"floor":1.0,"key":"AttackPotion"},{"floor":6.0,"key":"SteroidPotion"},{"floor":10.0,"key":"Block Potion"},{"floor":13.0,"key":"PowerPotion"},{"floor":18.0,"key":"Explosive Potion"},{"floor":19,"key":"SkillPotion"},{"floor":27,"key":"Fire Potion"},{"floor":29,"key":"FairyPotion"},{"floor":37,"key":"FairyPotion"}],"is_trial":false,"path_per_floor":["M","$","M","?","M","E","?","$","T","M","E","R","M","T","R","B",null,"M","?","M","$","M","E","R","M","T","M","M","E","M","M","R","B",null,"M","?","M","M","M","E","M","E","T","M","M","E","$","$","R","B",null,null],"character_chosen":"Librarian","items_purchased":["Deflect_lor","PageOfBloodbath","RagingStormLove"],"campfire_rested":2,"item_purchase_floors":[8,8,21],"current_hp_per_floor":[47,47,47,47,47,40,40,40,40,40,37,66,64,64,64,64,73,70,70,70,70,70,47,62,65,65,68,68,55,57,55,76,58,76,75,75,76,74,76,73,76,73,73,73,76,67,67,67,73,60,53],"gold":14,"neow_bonus":"ONE_RARE_RELIC","is_daily":false,"chose_seed":false,"campfire_upgraded":2,"win_rate":0.0,"timestamp":1614179648,"path_taken":["M","?","?","?","M","E","?","$","T","M","E","R","M","?","R","BOSS","M","?","?","$","M","E","R","M","T","M","M","E","M","M","R","BOSS","M","?","?","M","M","E","M","E","T","M","M","E","?","$","R","BOSS"],"items_purchased_type":["Card","Relic","Card"],"build_version":"2020-12-22","purchased_purges":1,"victory":true,"max_hp_per_floor":[62,62,76,76,71,68,68,68,68,68,68,68,64,64,64,73,73,70,70,70,70,70,64,76,76,76,76,76,76,76,76,76,76,76,76,76,76,76,76,76,76,76,76,76,76,76,76,73,73,73,73],"card_choices":[{"not_picked":["UnavoidableGaze","StrongStrike","SharpSwipe","SuppressingShot","FierceCharge","BackAttack","Parry2","HighKick"],"picked":"SteelKnuckles","floor":1.0},{"not_picked":["ChiWen","EnergyStrike","BiteOff","CombatPreparation","TrimTheIngredients","DarkCloud","BackAttack","Parry2"],"picked":"FeatherShield","floor":3.0},{"not_picked":["EnergyStrike","FendThisOffIfYouCan","RhinoRam","Unlock1","FierceCharge","Reload","MultiHit","SturdyDefense"],"picked":"Diversion","floor":5.0},{"not_picked":["Diversion","SinglePointStab","StrikeDown","Parry","GreatSerpentsImpact","QuickSuppression","EnergyStrike","GrazeTheGrass"],"picked":"RulesOfTheBackstreets","floor":6.0},{"not_picked":["UpbeatPerformance","Multislash","AutomatedMovement","Quickness","StructuralAnalysis","LawAndOrder","Faith","SuanNi"],"picked":"ViolentFlame","floor":7.0},{"not_picked":["SpearedSweep","GuidanceOfTheGears","AssaultOrder","MultiHit","IllEndYou","Diversion","CookingPrep","Unlock1"],"picked":"ViolentFlame","floor":10.0},{"not_picked":["WaitUp","Multislash","Leap_lor","BizarreAttack","SnakeSlit","Feast","SmokingPipe","Concentration"],"picked":"Unlock1","floor":11.0},{"not_picked":["Multislash","FierceCharge","GreatSerpentsImpact","HighKick","DefenseOrder","QuickSuppression","MultiBlock","InnerArdor"],"picked":"FlowOfTheSword","floor":13.0},{"not_picked":["Eradication","Commandeering"],"picked":"FlamingDragonFist","floor":16.0},{"not_picked":["UpbeatPerformance+1","Diversion","Thrust","FlashingStrike","EnergyStrike","BayonetCombat","Multislash","MultiHit"],"picked":"TendonChords+1","floor":18.0},{"not_picked":["Parry+1","EnergyShield+1","ReadyUp","ScatteringSlash","TendonChords","Wallop_lor","StrikeDown","Tailoring+1"],"picked":"Outburst","floor":20},{"not_picked":["Ripple","Standoff","IllEndYou","SuppressingShot","StructuralAnalysis","Parry+1","NightInTheBackstreets","WillProduceFineSilk"],"picked":"AsThePrescriptOrders+1","floor":22},{"not_picked":["Outburst","ShrineToMusic","DarkCloud","Brawl","RushDown+1","Thirst","ForcefulGesture","Diversion"],"picked":"Tttonst","floor":23},{"not_picked":["Track+1","Faith","Diversion","SteelKnuckles","Tailoring","GatherIntel","Multislash","DarkCloud"],"picked":"ViolentFlame","floor":25},{"not_picked":["UndertakePrescript","ClassAndRespect","Creak+1","FeatherShield","Thrust+1","Reload","TendonChords","QuickAttack+1"],"picked":"FlowOfTheSword+1","floor":27},{"not_picked":["StrikeDown+1","Cruelty","GreatSerpentsImpact","QuickSuppression","ToWhereThePrescriptPoints","TendonChords+1","FleetEdge","SerpentSwordTechnique","UncannyStrike"],"picked":"SKIP","floor":28},{"not_picked":["StrongStrike","Pound","Laceration","WillOfThePrescript","MultiHit","IdentifyWeakpoint+1","Transpierce","Wallop_lor","ICanCookAnything"],"picked":"SKIP","floor":29},{"not_picked":["ClassAndRespect+1","Outburst","HiddenBlade+1","Brawl","LossOfSenses","BiAn","Laceration","Transpierce"],"picked":"ViolentFlame+1","floor":30},{"not_picked":["Outburst+1","ButterflySlash","Eradication","PreemptiveStrike","Creak+1","CoordinatedAssault","Overcharge","Overpower"],"picked":"SinglePointStab","floor":31},{"not_picked":["CrackOfDawn","Commandeering"],"picked":"FlamingDragonFist","floor":33},{"not_picked":["Standoff","ForTheFamily+1","Gamble","PinpointShot","Thirst","EmotionalTurbulence","SearingSword+1","ShockingBlow"],"picked":"FrontalAssault","floor":35},{"not_picked":["HiddenBlade","Quickness","MultiBlock+1","TendonChords+1","FierceOnslaught+1","Thrust+1","TimeForALittleTest","GaleKick+1"],"picked":"FlowOfTheSword","floor":37},{"not_picked":["Parry2","Reload+1","BlowItUp","FeelinGood+1","BladeWhirl+1","Wallop_lor+1","Faith+1","EnergyShield"],"picked":"SinglePointStab+1","floor":38},{"not_picked":["Eliminate+1","GuidanceOfTheGears","BayonetCombat","ElectricShock+1","GrazeTheGrass+1","BackstreetsDash","WaitUp","BiAn","Leap_lor"],"picked":"SKIP","floor":39},{"not_picked":["SilentNight","StructuralAnalysis","Multislash","Eject","SavageMode","FleetEdge+1","BindingChains+1","FrontalAssault+1","TheRedNotes"],"picked":"SKIP","floor":40},{"not_picked":["FendThisOffIfYouCan","Juggling","GreatSerpentsImpact+1","Multislash+1","Observe","StrongStrike+1","HandleRequest+1","HeavyPeaks","DefenseOrder"],"picked":"SKIP","floor":41},{"not_picked":["CoordinatedAssault+1","FleetEdge","GaleKick","Diversion","AutomatedMovement","HandleRequest","StructuralAnalysis+1","UpbeatPerformance","IngredientHunt+1"],"picked":"SKIP","floor":42},{"not_picked":["EndlessBattle","WillProduceFineSilk","Rewind+1","Leap_lor","UnavoidableGaze","WillBeTasty","SharpNails","StartinOutLightly","Standoff"],"picked":"SKIP","floor":44},{"not_picked":["KeepItFresh+1","DimensionalRift+1","Bvapour+1","MultiHit+1","HandlingWork","Eject+1","Rewind","Ripple+1","EndlessBattle"],"picked":"SKIP","floor":45},{"not_picked":["Castigation","AsThePrescriptOrders","Faith","TheArtOfRapidSteps","TimeForALittleTest+1","MultiHit+1","FrontalAssault+1","Preparation+1","EnergyStrike"],"picked":"SKIP","floor":46}],"player_experience":174346,"relics_obtained":[{"floor":6.0,"key":"Eternal Feather"},{"floor":7.0,"key":"Odd Mushroom"},{"floor":9.0,"key":"Boot"},{"floor":11.0,"key":"PageOfTheSilentOrchestra"},{"floor":14.0,"key":"PageOfApocalypseBird"},{"floor":23,"key":"Art of War"},{"floor":26,"key":"PageOfAlriune"},{"floor":29,"key":"PageOfWizard"},{"floor":40,"key":"Turnip"},{"floor":42,"key":"PageOfLittleHelper"},{"floor":43,"key":"Happy Flower"},{"floor":46,"key":"PageOfSpiderBud"}],"event_choices":[{"damage_healed":0.0,"max_hp_gain":0.0,"max_hp_loss":0.0,"gold_gain":70.0,"event_name":"Golden Wing","player_choice":"Gained Gold","floor":4.0,"gold_loss":0.0,"damage_taken":0.0},{"damage_healed":0.0,"max_hp_gain":0.0,"max_hp_loss":0.0,"gold_gain":0.0,"event_name":"Mushrooms","player_choice":"Fought Mushrooms","floor":7.0,"gold_loss":0.0,"damage_taken":0.0},{"damage_healed":0,"gold_gain":0,"player_choice":"Got Potions","damage_taken":0,"max_hp_gain":0,"max_hp_loss":0,"event_name":"Lab","floor":19,"gold_loss":0},{"damage_healed":0,"gold_gain":0,"player_choice":"1 cards matched","damage_taken":0,"max_hp_gain":0,"max_hp_loss":0,"event_name":"Match and Keep!","floor":36,"gold_loss":0,"cards_obtained":["Bandage Up"]}],"is_beta":false,"boss_relics":[{"not_picked":["Astrolabe","Coffee Dripper"],"picked":"Ectoplasm"},{"not_picked":["Calling Bell","Runic Dome"],"picked":"Fusion Hammer"}],"items_purged_floors":[48],"is_endless":false,"potions_floor_spawned":[1,6,10,13,18,20,27,29,31,33,35,37,39,41],"ascension_level":0}}