{"host":"mi0eibewekhugwl1","time":1614182194,"event":{"mods":["AchievementEnabler","BaseMod","Colored Map","Colored Powertips","DeckTracker","Keyboard Shortcuts","Minty Spire (QoL Compilation)","Quick Restart","Rare Cards Sparkle","Relic Stats","StSLib","SuperFastMode","everything is the same but u backflip on backflip"],"gold_per_floor":[115,73,148,148,298,329,401,8,8,25,41,41,60,118,118,190,190,207,207,222,222,51,51,62,62,62],"floor_reached":25,"language":"KOR","playtime":519,"items_purged":["Doubt"],"score":448,"play_id":"ad862814-5a70-4d17-9723-0b8a018d129b","local_time":"20210225005634","is_ascension_mode":true,"campfire_choices":[{"data":"MentalFortress","floor":12,"key":"SMITH"},{"floor":15,"key":"REST"},{"floor":23,"key":"REST"}],"circlet_count":0,"master_deck":["AscendersBane","Eruption+1","Vigilance","MentalFortress+1","Swivel","Scrawl","FlurryOfBlows","DeusExMachina","InnerPeace","EmptyFist","Scrawl","Study","Nirvana","ReachHeaven","FlyingSleeves","Study","WheelKick","Weave","MentalFortress","SandsOfTime","EmptyBody"],"relics":["PureWater","NeowsBlessing","Toy Ornithopter","TeardropLocket","Whetstone","Ancient Tea Set","Kunai","Pandora\u0027s Box","Happy Flower"],"acts_visited":["Exordium","TheCity"],"potions_floor_usage":[14],"damage_taken":[{"damage":0,"enemies":"2 Louse","floor":1,"turns":1},{"damage":0,"enemies":"Gremlin Nob","floor":6,"turns":1},{"damage":0,"enemies":"Small Slimes","floor":10,"turns":1},{"damage":0,"enemies":"Jaw Worm","floor":11,"turns":3},{"damage":0,"enemies":"Looter","floor":13,"turns":1},{"damage":24,"enemies":"Lagavulin Event","floor":14,"turns":7},{"damage":4,"enemies":"The Guardian","floor":16,"turns":14},{"damage":25,"enemies":"Chosen","floor":18,"turns":5},{"damage":26,"enemies":"Shell Parasite","floor":20,"turns":5},{"damage":14,"enemies":"Snake Plant","floor":24,"turns":4},{"damage":31,"enemies":"Cultist and Chosen","floor":25,"turns":3}],"seed_played":"8085515434194969786","potions_obtained":[{"floor":6,"key":"AttackPotion"},{"floor":10,"key":"Dexterity Potion"},{"floor":24,"key":"Dexterity Potion"}],"is_trial":false,"path_per_floor":["M","$","?","?","?","E","T","$","T","M","M","R","M","?","R","B",null,"M","?","M","?","$","R","M","M"],"character_chosen":"WATCHER","items_purchased":["Swivel","Scrawl","Whetstone","Happy Flower"],"campfire_rested":2,"item_purchase_floors":[2,8,8,22],"current_hp_per_floor":[61,61,50,30,30,30,30,30,30,30,30,30,30,11,31,27,58,33,33,7,21,21,41,27,0,0],"gold":62,"neow_bonus":"THREE_ENEMY_KILL","is_daily":false,"chose_seed":false,"campfire_upgraded":1,"win_rate":0.0,"timestamp":1614182194,"path_taken":["M","$","?","?","?","E","?","$","T","M","?","R","M","?","R","BOSS","M","?","M","?","?","R","M","M"],"items_purchased_type":["Card","Card","Relic","Relic"],"build_version":"2020-12-22","purchased_purges":1,"victory":false,"max_hp_per_floor":[68,68,68,68,68,68,68,68,68,68,68,68,68,68,68,68,68,68,68,68,68,68,68,68,68,68],"relic_stats":{"Happy Flower":[2],"counters":[11,45],"Pandora\u0027s Box":["Study","Nirvana","ReachHeaven","FlyingSleeves","Study","WheelKick","Weave","MentalFortress"],"Whetstone":["Strike_P","Eruption"],"Kunai":[20],"obtain_stats":[{"NeowsBlessing":0,"Happy Flower":22,"Pandora\u0027s Box":17,"TeardropLocket":7,"Whetstone":8,"Kunai":14,"PureWater":0,"Ancient Tea Set":9,"Toy Ornithopter":6},{"NeowsBlessing":0,"Happy Flower":9,"Pandora\u0027s Box":7,"TeardropLocket":2,"Whetstone":2,"Kunai":6,"PureWater":0,"Ancient Tea Set":2,"Toy Ornithopter":2},{"NeowsBlessing":0,"Happy Flower":38,"Pandora\u0027s Box":28,"TeardropLocket":2,"Whetstone":2,"Kunai":14,"PureWater":0,"Ancient Tea Set":2,"Toy Ornithopter":2}],"Toy Ornithopter":5},"card_choices":[{"not_picked":["FlyingSleeves","Crescendo"],"picked":"MentalFortress","floor":1},{"not_picked":["Worship","Halt","ClearTheMind"],"picked":"SKIP","floor":6},{"not_picked":["Evaluate","BowlingBash"],"picked":"FlurryOfBlows","floor":10},{"not_picked":["ThirdEye","EmptyMind"],"picked":"DeusExMachina","floor":11},{"not_picked":["Crescendo","Prostrate"],"picked":"InnerPeace","floor":13},{"not_picked":["Evaluate","Pray"],"picked":"EmptyFist","floor":14},{"not_picked":["SpiritShield","Blasphemy"],"picked":"Scrawl","floor":16},{"not_picked":["CarveReality","Halt"],"picked":"SandsOfTime","floor":18},{"not_picked":["ClearTheMind","BowlingBash"],"picked":"EmptyBody","floor":20},{"not_picked":["ClearTheMind","ThirdEye","Crescendo"],"picked":"SKIP","floor":24}],"player_experience":1826981,"relics_obtained":[{"floor":6,"key":"Toy Ornithopter"},{"floor":7,"key":"TeardropLocket"},{"floor":9,"key":"Ancient Tea Set"},{"floor":14,"key":"Kunai"}],"event_choices":[{"damage_healed":0,"gold_gain":75,"player_choice":"Gather Gold","damage_taken":11,"max_hp_gain":0,"max_hp_loss":0,"event_name":"World of Goop","floor":3,"gold_loss":0},{"damage_healed":0,"gold_gain":0,"player_choice":"Entered Light","damage_taken":20,"max_hp_gain":0,"max_hp_loss":0,"event_name":"Shining Light","floor":4,"gold_loss":0,"cards_upgraded":["Strike_P","Defend_P"]},{"damage_healed":0,"gold_gain":150,"player_choice":"AGREE","damage_taken":0,"max_hp_gain":0,"max_hp_loss":0,"event_name":"Liars Game","floor":5,"gold_loss":0,"cards_obtained":["Doubt"]},{"damage_healed":0,"gold_gain":0,"player_choice":"Searched \u00272\u0027 times","damage_taken":0,"max_hp_gain":0,"max_hp_loss":0,"event_name":"Dead Adventurer","floor":14,"gold_loss":0},{"damage_healed":0,"gold_gain":0,"player_choice":"Ignored","damage_taken":0,"max_hp_gain":0,"max_hp_loss":0,"event_name":"Vampires","floor":19,"gold_loss":0},{"damage_healed":14,"gold_gain":0,"player_choice":"Heal","damage_taken":0,"max_hp_gain":0,"max_hp_loss":0,"event_name":"The Library","floor":21,"gold_loss":0}],"is_beta":false,"boss_relics":[{"not_picked":["Sozu","Cursed Key"],"picked":"Pandora\u0027s Box"}],"items_purged_floors":[8],"is_endless":false,"potions_floor_spawned":[6,10,13,24],"killed_by":"Cultist and Chosen","ascension_level":20}}