{"host":"fff5e1uasnm04x18","time":1614189558,"event":{"mods":["BaseMod","Highlight Path","Minty Spire (QoL Compilation)","StSLib"],"gold_per_floor":[114,114,114,133,58,58,58,78,105,105,118,132,132,132,132,237,287,297,310,235,235,235,235,235],"floor_reached":23,"language":"ENG","playtime":935,"items_purged":["Strike_G"],"score":206,"play_id":"95bd5d2c-4e31-4200-bf87-972385dfd167","local_time":"20210224125918","is_ascension_mode":true,"campfire_choices":[{"floor":6,"key":"REST"},{"data":"Deadly Poison","floor":10,"key":"SMITH"},{"floor":15,"key":"REST"}],"circlet_count":0,"master_deck":["Defend_G+1","Defend_G","Defend_G","Defend_G","Defend_G","Survivor+1","Neutralize","Poisoned Stab","Deadly Poison+1","Noxious Fumes+1","Night Terror","Poisoned Stab+1"],"relics":["Ring of the Snake","Tiny Chest","Akabeko","Bottled Tornado","Tiny House","Girya"],"acts_visited":["Exordium","TheCity"],"potions_floor_usage":[19,23,23],"damage_taken":[{"damage":2,"enemies":"2 Louse","floor":1,"turns":5},{"damage":0,"enemies":"Jaw Worm","floor":4,"turns":4},{"damage":1,"enemies":"Small Slimes","floor":8,"turns":3},{"damage":0,"enemies":"Exordium Wildlife","floor":11,"turns":3},{"damage":0,"enemies":"2 Fungi Beasts","floor":12,"turns":2},{"damage":10,"enemies":"Hexaghost","floor":16,"turns":9},{"damage":23,"enemies":"Spheric Guardian","floor":18,"turns":6},{"damage":10,"enemies":"Chosen","floor":19,"turns":6},{"damage":43,"enemies":"Slavers","floor":23,"turns":6}],"seed_played":"-6459350349931871249","potions_obtained":[{"floor":1,"key":"SteroidPotion"},{"floor":11,"key":"ColorlessPotion"},{"floor":16,"key":"SteroidPotion"},{"floor":17,"key":"PowerPotion"},{"floor":18,"key":"Poison Potion"},{"floor":19,"key":"CunningPotion"}],"is_trial":false,"path_per_floor":["M","?","?","M","$","R","$","M","T","R","M","M","T","?","R","B",null,"M","M","?","?","T","E"],"character_chosen":"THE_SILENT","items_purchased":[],"campfire_rested":2,"item_purchase_floors":[],"current_hp_per_floor":[47,47,40,40,40,61,61,60,60,60,60,60,60,46,67,57,75,52,42,42,42,42,0,0],"gold":235,"neow_bonus":"REMOVE_TWO","is_daily":false,"chose_seed":false,"campfire_upgraded":1,"win_rate":0.0,"timestamp":1614189558,"path_taken":["M","?","?","M","$","R","?","M","T","R","M","?","?","?","R","BOSS","M","M","?","?","?","E"],"items_purchased_type":[],"build_version":"2020-12-22","purchased_purges":1,"victory":false,"max_hp_per_floor":[70,70,70,70,70,70,70,70,70,70,70,70,70,70,70,70,75,75,75,75,75,75,75,75],"card_choices":[{"not_picked":["All Out Attack","Quick Slash"],"picked":"Poisoned Stab","floor":1},{"not_picked":["Sucker Punch","Acrobatics","Dagger Throw"],"picked":"SKIP","floor":4},{"not_picked":["Flying Knee","Reflex"],"picked":"Deadly Poison","floor":8},{"not_picked":["Underhanded Strike","Expertise","Prepared"],"picked":"SKIP","floor":11},{"not_picked":["Finisher","Prepared"],"picked":"Noxious Fumes","floor":12},{"not_picked":["Glass Knife","Burst"],"picked":"Night Terror","floor":16},{"not_picked":["Backflip","Phantasmal Killer"],"picked":"Poisoned Stab+1","floor":18},{"not_picked":["Deflect","Bane","Flechettes+1"],"picked":"SKIP","floor":19}],"player_experience":600257,"relics_obtained":[{"floor":9,"key":"Akabeko"},{"floor":13,"key":"Bottled Tornado"},{"floor":22,"key":"Girya"}],"event_choices":[{"damage_healed":0,"gold_gain":0,"player_choice":"Box","damage_taken":0,"relics_obtained":["Tiny Chest"],"max_hp_gain":0,"max_hp_loss":0,"event_name":"Big Fish","floor":2,"gold_loss":0,"cards_obtained":["Regret"]},{"cards_removed":["Regret"],"damage_healed":0,"gold_gain":0,"player_choice":"Card Removal","damage_taken":7,"max_hp_gain":0,"max_hp_loss":0,"event_name":"Golden Wing","floor":3,"gold_loss":0},{"damage_healed":0,"gold_gain":0,"player_choice":"Entered Light","damage_taken":14,"max_hp_gain":0,"max_hp_loss":0,"event_name":"Shining Light","floor":14,"gold_loss":0,"cards_upgraded":["Survivor","Defend_G"]},{"cards_removed":["Strike_G"],"damage_healed":0,"gold_gain":0,"player_choice":"Gave Gold","damage_taken":0,"max_hp_gain":0,"max_hp_loss":0,"event_name":"Beggar","floor":20,"gold_loss":75},{"cards_removed":["Strike_G"],"damage_healed":0,"gold_gain":0,"player_choice":"Elegance","damage_taken":0,"max_hp_gain":0,"max_hp_loss":0,"event_name":"Back to Basics","floor":21,"gold_loss":0}],"is_beta":false,"boss_relics":[{"not_picked":["HoveringKite","Snecko Eye"],"picked":"Tiny House"}],"items_purged_floors":[5],"is_endless":false,"potions_floor_spawned":[1,11,16,18,19],"killed_by":"Slavers","ascension_level":3}}