{"host":"dkr0dog13pegamnp","time":1614154397,"event":{"mods":["AchievementEnabler","BaseMod","Minty Spire (QoL Compilation)","Rare Cards Sparkle","StSLib","SuperFastMode","everything is the same but u backflip on backflip"],"gold_per_floor":[111,124,140,159,175,175,175,175],"floor_reached":7,"language":"KOR","playtime":271,"items_purged":[],"score":77,"play_id":"18b974e5-fca5-41b4-b8e8-c8a1ab8dbe50","local_time":"20210224171317","is_ascension_mode":true,"campfire_choices":[{"data":"Poisoned Stab","floor":6,"key":"SMITH"}],"circlet_count":0,"master_deck":["AscendersBane","Strike_G","Strike_G","Strike_G","Strike_G","Strike_G","Defend_G","Defend_G","Defend_G","Defend_G","Defend_G","Survivor","Neutralize","Dagger Throw","Catalyst","Poisoned Stab+1","Reflex"],"relics":["Ring of the Snake","Ancient Tea Set"],"acts_visited":["Exordium"],"potions_floor_usage":[4,7],"damage_taken":[{"damage":0,"enemies":"Small Slimes","floor":1,"turns":5},{"damage":0,"enemies":"2 Louse","floor":2,"turns":3},{"damage":0,"enemies":"Jaw Worm","floor":3,"turns":5},{"damage":34,"enemies":"Gremlin Gang","floor":4,"turns":9},{"damage":6,"enemies":"2 Fungi Beasts","floor":5,"turns":6},{"damage":20,"enemies":"Gremlin Nob","floor":7,"turns":3}],"seed_played":"9076789272392537933","potions_obtained":[{"floor":2,"key":"SpeedPotion"},{"floor":4,"key":"DuplicationPotion"}],"is_trial":false,"path_per_floor":["M","M","M","M","M","R","E"],"character_chosen":"THE_SILENT","items_purchased":[],"campfire_rested":0,"item_purchase_floors":[],"current_hp_per_floor":[59,59,59,25,19,19,0,0],"gold":175,"neow_bonus":"RANDOM_COMMON_RELIC","is_daily":false,"chose_seed":false,"campfire_upgraded":1,"win_rate":0.0,"timestamp":1614154397,"path_taken":["M","M","M","M","M","R","E"],"items_purchased_type":[],"build_version":"2020-12-22","purchased_purges":0,"victory":false,"max_hp_per_floor":[66,66,66,66,66,66,66,66],"card_choices":[{"not_picked":["Dodge and Roll","Prepared"],"picked":"Dagger Throw","floor":1},{"not_picked":["Underhanded Strike","Prepared","Endless Agony"],"picked":"SKIP","floor":2},{"not_picked":["Bane","Underhanded Strike"],"picked":"Catalyst","floor":3},{"not_picked":["Well Laid Plans","Bane"],"picked":"Poisoned Stab","floor":4},{"not_picked":["Quick Slash","Predator"],"picked":"Reflex","floor":5}],"player_experience":106402,"relics_obtained":[],"event_choices":[],"is_beta":false,"boss_relics":[],"items_purged_floors":[],"is_endless":false,"potions_floor_spawned":[2,4],"killed_by":"Gremlin Nob","ascension_level":14}}