{"host":"d02vqrhhew441p6s","time":1614206710,"event":{"mods":["BaseMod","Duelist Mod","Hubris","Infinite Spire","Minty Spire (QoL Compilation)","StSLib"],"gold_per_floor":[142,155,155,171,15,41,41,41,41,52,72,72,72,72,72,167,167,186,197,217,230,230,259,259,293,345,345,360,360,360],"floor_reached":29,"language":"ENG","playtime":1481,"items_purged":["theDuelist:Sparks"],"score":488,"play_id":"308b1159-30f0-4e97-b6ba-5b8b159cc7b9","local_time":"20210224234510","is_ascension_mode":true,"campfire_choices":[{"data":"theDuelist:NaturalDisaster","floor":8,"key":"SMITH"},{"data":"theDuelist:NaturiaLandoise","floor":12,"key":"SMITH"},{"floor":15,"key":"REST"},{"floor":24,"key":"REST"},{"floor":27,"key":"REST"}],"circlet_count":0,"master_deck":["AscendersBane","theDuelist:CastleWalls","theDuelist:CastleWalls","theDuelist:CastleWalls","theDuelist:NaturiaBeast","theDuelist:NaturiaCliff","theDuelist:NaturiaRock","theDuelist:NaturiaTulip","theDuelist:Sparks","theDuelist:NaturiaVein","theDuelist:NaturalDisaster+1","theDuelist:NaturiaPineapple","theDuelist:Polymerization","theDuelist:NaturiaRosewhip","theDuelist:NaturiaMarron","theDuelist:NaturiaEggplant","theDuelist:NaturiaLandoise+1","theDuelist:NaturiaSacredTree+1","theDuelist:Alpacaribou","theDuelist:NaturiaBarkion","theDuelist:NaturiaEggplant","theDuelist:NaturiaSunflower","theDuelist:NaturiaLadybug","theDuelist:NaturiaBambooShoot+1","theDuelist:LeodrakeMane+1","theDuelist:NaturiaBeans+1","theDuelist:HammerShot+1"],"relics":["theDuelist:MillenniumPuzzle","theDuelist:CardPoolRelic","theDuelist:CardPoolBasicRelic","theDuelist:BoosterPackPoolRelic","theDuelist:CardPoolAddRelic","theDuelist:CardPoolMinusRelic","theDuelist:CardPoolSaveRelic","theDuelist:CardPoolOptionsRelic","Smiling Mask","hubris:BallOfYels","theDuelist:BoosterPackSpellEgg","theDuelist:MetronomeRelicB","hubris:OldNail","Mark of Pain","theDuelist:GiftAnubis","StoneCalendar","Lantern"],"acts_visited":["Exordium","TheCity"],"potions_floor_usage":[20,23,29],"damage_taken":[{"damage":4,"enemies":"Cultist","floor":1,"turns":5},{"damage":16,"enemies":"2 Louse","floor":2,"turns":5},{"damage":0,"enemies":"Small Slimes","floor":4,"turns":5},{"damage":20,"enemies":"3 Sentries","floor":6,"turns":4},{"damage":0,"enemies":"Exordium Thugs","floor":10,"turns":3},{"damage":0,"enemies":"Large Slime","floor":11,"turns":4},{"damage":0,"enemies":"Slime Boss","floor":16,"turns":7},{"damage":9,"enemies":"Shell Parasite","floor":18,"turns":3},{"damage":23,"enemies":"3 Byrds","floor":19,"turns":4},{"damage":12,"enemies":"Snecko","floor":20,"turns":4},{"damage":9,"enemies":"Snake Plant","floor":21,"turns":4},{"damage":14,"enemies":"Nightmare","floor":23,"turns":6},{"damage":15,"enemies":"Gremlin Leader","floor":25,"turns":6},{"damage":32,"enemies":"Sentry and Sphere","floor":28,"turns":5},{"damage":8,"enemies":"Snecko","floor":29,"turns":3}],"seed_played":"-6920990158782462489","potions_obtained":[{"floor":4,"key":"Strength Potion"},{"floor":16,"key":"SneckoOil"},{"floor":20,"key":"theDuelist:FreezingPotion"},{"floor":28,"key":"theDuelist:VampireVial"}],"is_trial":false,"path_per_floor":["M","M","T","M","$","E","?","R","T","M","M","R","?","$","R","B",null,"M","M","M","M","?","NM","R","E","T","R","M","M"],"character_chosen":"THE_DUELIST","items_purchased":["theDuelist:NaturiaRosewhip","theDuelist:NaturiaMarron","hubris:OldNail"],"campfire_rested":3,"item_purchase_floors":[5,5,14],"current_hp_per_floor":[68,52,52,52,52,32,26,26,26,26,26,26,26,16,40,40,70,61,38,26,17,17,3,27,12,12,36,4,0,0],"gold":360,"neow_bonus":"ONE_RANDOM_RARE_CARD","is_daily":false,"chose_seed":false,"campfire_upgraded":2,"win_rate":0.0,"timestamp":1614206710,"path_taken":["M","M","?","M","$","E","?","R","T","?","M","R","?","?","R","BOSS","M","M","M","M","?","NM","R","E","T","R","M","M"],"items_purchased_type":["Card","Card","Relic"],"build_version":"2020-12-22","purchased_purges":1,"victory":false,"max_hp_per_floor":[80,80,80,80,80,80,80,80,80,80,80,80,80,80,80,80,80,80,80,80,80,80,80,80,80,80,80,80,80,80],"card_choices":[{"not_picked":["theDuelist:Pollinosis","theDuelist:NatureReflection","theDuelist:BottomlessTrapHole","theDuelist:AcidTrapHole"],"picked":"theDuelist:NaturalDisaster","floor":1},{"not_picked":["theDuelist:NaturiaGaiastrio","theDuelist:NaturiaCherries","theDuelist:NaturiaBeans","theDuelist:NaturiaBarkion"],"picked":"theDuelist:NaturiaPineapple","floor":2},{"not_picked":["theDuelist:AttackTheMoon","theDuelist:EarthEffigy","theDuelist:PotDichotomy","theDuelist:ImperialOrder"],"picked":"theDuelist:Polymerization","floor":4},{"not_picked":["theDuelist:NaturiaMantis","theDuelist:Spore","theDuelist:NaturiaHydrangea","theDuelist:MillenniumScorpion"],"picked":"theDuelist:NaturiaEggplant","floor":6},{"not_picked":["theDuelist:DemiseLand+1","theDuelist:LuminousMoss+1","theDuelist:Pollinosis","theDuelist:Wildfire+1"],"picked":"theDuelist:NaturiaLandoise","floor":10},{"not_picked":["theDuelist:VenomShot+1","theDuelist:ExterioFang+1","theDuelist:LeodrakeMane+1","theDuelist:WormBait+1"],"picked":"theDuelist:NaturiaSacredTree+1","floor":11},{"not_picked":["theDuelist:DemiseLand+1","theDuelist:SeismicShockwave","theDuelist:Canyon+1","theDuelist:MultiplicationOfAnts+1"],"picked":"theDuelist:NaturiaBarkion","floor":16},{"not_picked":["theDuelist:NaturiaHydrangea","theDuelist:NaturiaRagweed","theDuelist:FossilDig+1","theDuelist:NaturiaLeodrake"],"picked":"theDuelist:NaturiaEggplant","floor":18},{"not_picked":["theDuelist:NaturiaDragonfly","theDuelist:NaturiaCliff","theDuelist:NaturiaMarron","theDuelist:BottomlessTrapHole"],"picked":"theDuelist:NaturiaSunflower","floor":19},{"not_picked":["theDuelist:Alpacaribou","theDuelist:NaturiaCliff","theDuelist:NaturiaWhiteOak","theDuelist:NaturiaGaiastrio"],"picked":"theDuelist:NaturiaLadybug","floor":20},{"not_picked":["theDuelist:NaturiaSpiderfang","theDuelist:NaturiaSunflower","theDuelist:CrystalRose","theDuelist:NaturiaTulip"],"picked":"theDuelist:NaturiaBambooShoot+1","floor":21},{"not_picked":["theDuelist:NaturiaLeodrake","theDuelist:Anteater+1","theDuelist:NaturiaSacredTree+1"],"picked":"theDuelist:LeodrakeMane+1","floor":23},{"not_picked":["theDuelist:NaturiaSpiderfang","theDuelist:NaturiaPineapple","theDuelist:FuryFire+1","theDuelist:NaturiaVein+1"],"picked":"theDuelist:NaturiaBeans+1","floor":25},{"not_picked":["theDuelist:WingedKuriboh","theDuelist:DarkCreator","theDuelist:HaneHane+1","theDuelist:RockSunrise+1"],"picked":"theDuelist:HammerShot+1","floor":28}],"player_experience":580418,"relics_obtained":[{"floor":3,"key":"Smiling Mask"},{"floor":6,"key":"hubris:BallOfYels"},{"floor":9,"key":"theDuelist:MetronomeRelicB"},{"floor":23,"key":"theDuelist:GiftAnubis"},{"floor":25,"key":"StoneCalendar"},{"floor":26,"key":"Lantern"}],"event_choices":[{"damage_healed":0,"gold_gain":0,"player_choice":"Dig - random Duelist relic","duelist":true,"damage_taken":0,"max_hp_gain":0,"max_hp_loss":0,"event_name":"Aknamkanon\u0027s Tomb","floor":7,"gold_loss":0},{"damage_healed":0,"gold_gain":0,"cards_transformed":["theDuelist:Sparks"],"player_choice":"Transformed","damage_taken":0,"max_hp_gain":0,"max_hp_loss":0,"event_name":"Transmorgrifier","floor":13,"gold_loss":0,"cards_obtained":["theDuelist:Alpacaribou"]},{"damage_healed":0,"gold_gain":0,"player_choice":"Ignored","damage_taken":0,"max_hp_gain":0,"max_hp_loss":0,"event_name":"Vampires","floor":22,"gold_loss":0}],"is_beta":false,"boss_relics":[{"not_picked":["Ectoplasm","infinitespire:Cupcake"],"picked":"Mark of Pain"}],"items_purged_floors":[5],"is_endless":true,"potions_floor_spawned":[2,4,16,20,21,28],"killed_by":"Snecko","ascension_level":11}}