{"host":"hrtq1r2z0jdgxy6l","time":1614198544,"event":{"mods":["2.2 Compatiblity","AchievementEnabler","BaseMod","BetterRewards","Colored Map","Colored Powertips","Downfall","Duelist Mod","Hermit","Highlight Path","Infinite Spire","Minty Spire (QoL Compilation)","Permanent Neow","Quick Restart","Relic Filter Mod","Replay The Spire","Shop Mod","StSLib","The Cursed","The Senshi","Transform Curses"],"gold_per_floor":[137,137,148,163,163,163,198,209,285,285,285,295,329,339,339,444,544,557,497,500,510,528,562,575,609,609,638,651,680,779,792,792,890,890,963,1045,1045,1129,576,576,633,694,694,753,835,906,906,995,995,1156,1156,1156],"floor_reached":51,"language":"ENG","playtime":8038,"items_purged":[],"score":1364,"play_id":"7ac4ce38-50e2-47d6-9f39-059d4ad860da","local_time":"20210225042904","is_ascension_mode":true,"campfire_choices":[{"floor":6.0,"key":"RECALL"},{"data":"ReplayTheSpireMod:Splinters","floor":15.0,"key":"PURGE"}],"circlet_count":0,"master_deck":["theDuelist:SuperSolarNutrient+1","theDuelist:Inmato+1","theDuelist:DarkSparks+1","Thinking Ahead+1","theDuelist:BlueRoseDragon+1","theDuelist:AngelTrumpeter+1","theDuelist:CactusBouncer+1","theDuelist:GracefulCharity+1","theDuelist:VioletCrystal+1","theDuelist:VioletCrystal+1","theDuelist:Downbeat+1"],"relics":["theDuelist:BoosterPackSpellEgg","Ice Cream","theDuelist:AkhenamkhanenSceptre","Replay:Byrd Feeder","Oddly Smooth Stone","Replay:Wanted Poster","MerchantsRug","theDuelist:ShopToken","theDuelist:SolderToken","infinitespire:SolderingIron","ReplayTheSpireMod:Ninjato","Snack Pack","Molten Egg 2","PreservedInsect","infinitespire:EvilPickle","Replay:Grab Bag","theDuelist:GamblerChip","Coffee Dripper","Ring of Chaos","infinitespire:Bottled Soul","Magic Flower","Ornamental Fan","Vampiric Spirits","theDuelist:MillenniumRod","HoveringKite"],"acts_visited":["Exordium","TheCity","TheBeyond","Exordium"],"potions_floor_usage":[22,46],"damage_taken":[{"damage":0.0,"enemies":"2 Louse","floor":1.0,"turns":3.0},{"damage":0.0,"enemies":"Cultist","floor":3.0,"turns":2.0},{"damage":0.0,"enemies":"Jaw Worm","floor":4.0,"turns":2.0},{"damage":0.0,"enemies":"Gremlin Nob","floor":7.0,"turns":2.0},{"damage":0.0,"enemies":"Large Slime","floor":8.0,"turns":13.0},{"damage":0.0,"enemies":"2 Fungi Beasts","floor":12.0,"turns":4.0},{"damage":12.0,"enemies":"Lagavulin","floor":13.0,"turns":3.0},{"damage":6.0,"enemies":"Blue Slaver","floor":14.0,"turns":2.0},{"damage":5.0,"enemies":"Hexaghost","floor":16.0,"turns":5.0},{"damage":5,"enemies":"Shell Parasite","floor":18,"turns":2},{"damage":0,"enemies":"Chosen","floor":21,"turns":2},{"damage":2,"enemies":"Shelled Parasite and Fungi","floor":22,"turns":3},{"damage":0,"enemies":"theDuelist:KaibaA2","floor":23,"turns":3},{"damage":0,"enemies":"Centurion and Healer","floor":24,"turns":3},{"damage":0,"enemies":"Replay:Snechameleon","floor":25,"turns":4},{"damage":0,"enemies":"theDuelist:KaibaA2","floor":27,"turns":4},{"damage":0,"enemies":"Snecko","floor":28,"turns":2},{"damage":36,"enemies":"Nightmare","floor":29,"turns":5},{"damage":0,"enemies":"Sentry and Sphere","floor":31,"turns":4},{"damage":6,"enemies":"Pondfish","floor":33,"turns":6},{"damage":0,"enemies":"3 Darklings","floor":35,"turns":3},{"damage":0,"enemies":"Orb Walker","floor":36,"turns":1},{"damage":0,"enemies":"Maw","floor":38,"turns":3},{"damage":0,"enemies":"Jaw Worm Horde","floor":41,"turns":3},{"damage":0,"enemies":"Writhing Mass","floor":42,"turns":3},{"damage":0,"enemies":"Sphere and 2 Shapes","floor":44,"turns":2},{"damage":0,"enemies":"Nightmare","floor":45,"turns":3},{"damage":0,"enemies":"Maw","floor":46,"turns":3},{"damage":14,"enemies":"R_Hoarder","floor":48,"turns":6},{"damage":0,"enemies":"Replay:Hell Engine","floor":50,"turns":5}],"seed_played":"5562568474441487632","potions_obtained":[{"floor":2.0,"key":"theDuelist:MillenniumElixir"},{"floor":2.0,"key":"theDuelist:TokenPotionB"},{"floor":2.0,"key":"Swift Potion"},{"floor":3.0,"key":"theDuelist:IcePotion"},{"floor":4.0,"key":"DistilledChaos"},{"floor":13.0,"key":"Energy Potion"},{"floor":22,"key":"Toxic Potion"},{"floor":25,"key":"theDuelist:TokenPotionB"}],"is_trial":false,"path_per_floor":["M","?","M","M","?","R","E","M","T","?","?","M","E","M","R_BF","B",null,"M","?","$","M","M","E","M","E","T","E","M","NM","?","M","R_BF","B",null,"M","M","?","M","$","R","M","M","T","M","NM","M","R","E","R_BF","B",null],"character_chosen":"THE_DUELIST","items_purchased":["theDuelist:BoosterPackSpellEgg","Ice Cream","theDuelist:AkhenamkhanenSceptre","theDuelist:BlueRoseDragon","theDuelist:NaturiaButterfly+1","MerchantsRug","theDuelist:ShopToken","theDuelist:SolderToken","theDuelist:VioletCrystal","theDuelist:GracefulCharity","infinitespire:Bottled Soul","Magic Flower"],"campfire_rested":0,"item_purchase_floors":[0,0,0,0,0,20,20,20,20,20,39,39],"current_hp_per_floor":[36,36,36,36,36,36,40,40,40,52,52,52,40,34,34,29,49,44,44,44,44,42,42,42,42,42,44,46,12,12,12,28,28,49,51,51,51,55,55,55,55,56,56,56,56,56,56,45,45,53,53,53],"gold":1156,"neow_bonus":"","is_daily":false,"chose_seed":false,"campfire_upgraded":0,"win_rate":0.0,"timestamp":1614198544,"path_taken":["M","?","?","M","?","R","E","M","T","?","?","M","E","M","R_BF","BOSS","BOSS","M","?","?","M","M","E","M","E","T","E","M","NM","?","M","R_BF","BOSS","M","M","?","M","$","R","M","M","T","M","NM","M","R","E","R_BF","BOSS"],"items_purchased_type":["Relic","Relic","Relic","Card","Card","Relic","Relic","Relic","Card","Card","Relic","Relic"],"build_version":"2020-12-22","purchased_purges":0,"victory":false,"max_hp_per_floor":[44,44,44,44,44,44,44,44,44,56,56,56,56,56,56,56,56,56,56,56,56,56,56,56,56,56,56,56,56,56,56,56,56,56,56,56,56,56,56,56,56,56,56,56,56,56,56,56,53,53,53,53],"card_choices":[{"not_picked":["theDuelist:NaturiaHydrangea","theDuelist:DarkworldThorns","theDuelist:BotanicalLion","theDuelist:Spore"],"picked":"theDuelist:SuperSolarNutrient+1","floor":1.0},{"not_picked":["theDuelist:NaturiaRock","theDuelist:NaturiaAntjaw","theDuelist:Reinforcements"],"picked":"SKIP","floor":1.0},{"not_picked":["theDuelist:HuntingInstinct+1","theDuelist:Wildfire+1","theDuelist:BlackRoseDragon+1"],"picked":"SKIP","floor":3.0},{"not_picked":["theDuelist:WormBait","theDuelist:NaturiaStinkbug","theDuelist:WorldCarrot"],"picked":"SKIP","floor":3.0},{"not_picked":["Chrysalis","Discovery","Jack Of All Trades"],"picked":"Thinking Ahead","floor":4.0},{"not_picked":["theDuelist:NaturiaRosewhip","theDuelist:NaturiaPumpkin","theDuelist:Predaponics"],"picked":"SKIP","floor":4.0},{"not_picked":["theDuelist:WildNatureRelease+1","theDuelist:VenomShot+1","theDuelist:MiracleFertilizer+1","theDuelist:PotDuality+1","theDuelist:BarkionBark+1"],"picked":"SKIP","floor":7.0},{"not_picked":["theDuelist:Mudora","theDuelist:NaturiaEggplant","theDuelist:SummoningSwarm"],"picked":"SKIP","floor":7.0},{"not_picked":["theDuelist:NaturiaHydrangea","theDuelist:PredaplantPterapenthes","theDuelist:Spore","theDuelist:PredaplantFlytrap","theDuelist:NatureReflection"],"picked":"SKIP","floor":8.0},{"not_picked":["theDuelist:NaturiaForest","theDuelist:NaturiaParadizo","theDuelist:WormApocalypse"],"picked":"SKIP","floor":8.0},{"not_picked":["theDuelist:JudgeMan","theDuelist:AfterTheStorm+1","theDuelist:PredaplantChlamydosundew","theDuelist:OnslaughtFireKings+1","theDuelist:EgoBoost+1"],"picked":"SKIP","floor":12.0},{"not_picked":["theDuelist:SuperheavyMagnet","theDuelist:HerculeanPower","theDuelist:MightyWarrior"],"picked":"SKIP","floor":12.0},{"not_picked":["theDuelist:CelticGuardian","theDuelist:MagnumShield+1","theDuelist:GoyoDefender","theDuelist:AfterTheStorm+1","theDuelist:SuperheavySwordsman"],"picked":"SKIP","floor":13.0},{"not_picked":["theDuelist:PredaplantSpinodionaea","theDuelist:Predapruning","theDuelist:LonefireBlossom"],"picked":"SKIP","floor":13.0},{"not_picked":["theDuelist:BattleWarrior","theDuelist:GoyoDefender","theDuelist:DarkCrusader","theDuelist:CombinationAttack+1","theDuelist:BullBlader"],"picked":"SKIP","floor":14.0},{"not_picked":["theDuelist:Predaponics","theDuelist:ChaosSeed","theDuelist:ArmorBreaker"],"picked":"SKIP","floor":14.0},{"not_picked":["theDuelist:FeedbackWarrior","theDuelist:CheerfulCoffin+1","theDuelist:BotanicalLion","theDuelist:Hayate","theDuelist:ElectromagneticTurtle"],"picked":"SKIP","floor":18},{"not_picked":["theDuelist:LonefireBlossom","theDuelist:WitchBlackRose","theDuelist:Hayate"],"picked":"SKIP","floor":18},{"not_picked":["theDuelist:ThornMalice","theDuelist:Zombyra+1"],"picked":"theDuelist:VioletCrystal","floor":21},{"not_picked":["theDuelist:BetaMagnet","theDuelist:CrossAttack","theDuelist:CheerfulCoffin"],"picked":"SKIP","floor":22},{"not_picked":["theDuelist:BetaMagnet","theDuelist:CrossAttack","theDuelist:CheerfulCoffin"],"picked":"SKIP","floor":22},{"not_picked":["theDuelist:MarkRose+1","theDuelist:SuperheavyMagnet+1","theDuelist:JerryBeansMan"],"picked":"SKIP","floor":23},{"not_picked":["theDuelist:Spore","theDuelist:MeteorDestruction","theDuelist:SoldierLady"],"picked":"SKIP","floor":24},{"not_picked":["theDuelist:Sogen","theDuelist:GammaMagnet","theDuelist:SpiritForce"],"picked":"SKIP","floor":25},{"not_picked":["theDuelist:Hayate+1","theDuelist:JudgeMan+1","theDuelist:BottomlessTrapHole+1"],"picked":"SKIP","floor":27},{"not_picked":["theDuelist:FeedbackWarrior+1","theDuelist:MiracleFertilizer","theDuelist:MightyWarrior+1"],"picked":"SKIP","floor":28},{"not_picked":["theDuelist:ElfLight","theDuelist:CombinationAttack+1","theDuelist:AssaultArmor+1"],"picked":"SKIP","floor":29},{"not_picked":["theDuelist:HardArmor","theDuelist:ReinforceTruth"],"picked":"theDuelist:Downbeat+1","floor":31},{"not_picked":["theDuelist:Hayate+1","theDuelist:MagnumShield+1","theDuelist:PredaplantPterapenthes"],"picked":"SKIP","floor":35},{"not_picked":["theDuelist:WeaponChange","theDuelist:PredaplantFlytrap","theDuelist:DarkGrepher+1"],"picked":"SKIP","floor":36},{"not_picked":["theDuelist:BetaMagnet","theDuelist:Zombyra+1","theDuelist:SuperheavySoulbeads"],"picked":"SKIP","floor":38},{"not_picked":["theDuelist:Spore","theDuelist:ElectromagneticTurtle","theDuelist:ReinforcementsArmy+1"],"picked":"SKIP","floor":41},{"not_picked":["theDuelist:BladeKnight+1","theDuelist:CelticGuardian+1"],"picked":"theDuelist:ScrapFactory","floor":42},{"not_picked":["theDuelist:ImperialOrder+1","theDuelist:RosePaladin+1","theDuelist:LegendarySword+1"],"picked":"SKIP","floor":44},{"not_picked":["theDuelist:CyberRaider","theDuelist:SuperheavySoulhorns+1"],"picked":"theDuelist:Invigoration","floor":45},{"not_picked":["theDuelist:LegendarySword+1","theDuelist:EulerCircuit","theDuelist:DarkworldThorns"],"picked":"SKIP","floor":46},{"not_picked":["theDuelist:FortressWarrior+1","theDuelist:PredaplantPterapenthes","theDuelist:AlphaMagnet+1"],"picked":"SKIP","floor":48}],"player_experience":356383,"relics_obtained":[{"floor":7.0,"key":"Replay:Byrd Feeder"},{"floor":13.0,"key":"Oddly Smooth Stone"},{"floor":23,"key":"infinitespire:SolderingIron"},{"floor":25,"key":"ReplayTheSpireMod:Ninjato"},{"floor":26,"key":"Snack Pack"},{"floor":27,"key":"Molten Egg 2"},{"floor":29,"key":"PreservedInsect"},{"floor":43,"key":"Ornamental Fan"},{"floor":45,"key":"Vampiric Spirits"},{"floor":48,"key":"theDuelist:MillenniumRod"}],"event_choices":[{"damage_healed":0.0,"max_hp_gain":0.0,"max_hp_loss":0.0,"gold_gain":0.0,"event_name":"Lab","player_choice":"Got Potions","floor":2.0,"gold_loss":0.0,"damage_taken":0.0},{"damage_healed":0.0,"max_hp_gain":0.0,"max_hp_loss":0.0,"gold_gain":0.0,"event_name":"Living Wall","player_choice":"Grow","floor":5.0,"gold_loss":0.0,"damage_taken":0.0,"cards_upgraded":["Thinking Ahead"]},{"damage_healed":0.0,"max_hp_gain":0.0,"max_hp_loss":0.0,"gold_gain":0.0,"event_name":"Tomb of the Nameless","player_choice":"Worship - 20% roll at +12 Max HP","duelist":true,"floor":10.0,"gold_loss":0.0,"damage_taken":0.0},{"cards_removed":["theDuelist:NaturiaButterfly"],"damage_healed":0,"gold_gain":0,"player_choice":"Single Remove","damage_taken":0,"max_hp_gain":0,"max_hp_loss":0,"event_name":"Designer","floor":19,"gold_loss":60},{"damage_healed":0,"gold_gain":99,"player_choice":"Stole From Cult","damage_taken":0,"max_hp_gain":0,"max_hp_loss":0,"event_name":"Nest","floor":30,"gold_loss":0},{"damage_healed":0,"gold_gain":0,"player_choice":"Leave","duelist":true,"damage_taken":0,"max_hp_gain":0,"max_hp_loss":0,"event_name":"Egyptian Village","floor":37,"gold_loss":0}],"is_beta":false,"boss_relics":[{"not_picked":["Snecko Eye","Inserter"],"picked":"Replay:Wanted Poster"},{"not_picked":["Ooze Armor","Kintsugi"],"picked":"Replay:Grab Bag"},{"not_picked":["Busted Crown","Mark of Pain"],"picked":"theDuelist:GamblerChip"},{"not_picked":["theDuelist:MillenniumKey","Electric Blood"],"picked":"Coffee Dripper"},{"not_picked":["Runic Cube","infinitespire:Burning Sword"],"picked":"Ring of Chaos"},{"not_picked":["Astrolabe","Black Star"],"picked":"HoveringKite"}],"items_purged_floors":[],"is_endless":true,"potions_floor_spawned":[3,4,13,14,18,22,25,28,29,35,41,44,45],"ascension_level":8}}