{"host":"kj5ejyofr70ax6r3","time":1614186546,"event":{"mods":["BaseMod","BetterRewards","Colored Map","Downfall","GifTheSpireLib","Minty Spire (QoL Compilation)","Replay The Spire","Shop Mod","StSLib"],"gold_per_floor":[99,109,109,122,122,139,139,9,70,70,106,103,128,128,154,293,293,293,293,293,328,36,36,61,86,124,169,69,127,194,238,273,317,317,317],"floor_reached":33,"language":"ENG","playtime":1707,"items_purged":["Regret","Looming Evil"],"score":284,"play_id":"9823b18c-6780-4556-b38e-4854aa3e1325","local_time":"20210224110906","is_ascension_mode":false,"campfire_choices":[{"floor":18,"key":"RECALL"},{"floor":28,"key":"REST"}],"circlet_count":0,"master_deck":["bronze:Defend","bronze:Defend","bronze:Defend","bronze:Replicate","bronze:Goto","bronze:Frontload","bronze:BuggyMess","bronze:Repair","bronze:Flail","bronze:ClassDefault","bronze:InfiniteLoop","bronze:Boost","bronze:InfiniteBeams","bronze:Backtrace","bronze:WhirlingStrike","bronze:AlphaBuild","bronze:Terminator","Bite","Bite","Bite","Bite","Bite","bronze:BronzeOrb","bronze:ItsAFeature","bronze:Separator","bronze:Repair","bronze:DelayedGuard","bronze:Fortify"],"relics":["bronze:BronzeCore","Replay:Mystery Machine","Singing Bowl","Mummified Hand","Replay:Bandana","Runic Pyramid","MerchantsRug","ReplayTheSpireMod:CursedCoin","Replay:Rubber Ducky","downfall:HeartBlessingBlue","Anchor","Replay:Wax Seal"],"acts_visited":["Exordium","TheCity"],"potions_floor_usage":[29,29,33,33],"damage_taken":[{"damage":0,"enemies":"2 Louse","floor":2,"turns":2},{"damage":0,"enemies":"Small Slimes","floor":4,"turns":3},{"damage":2,"enemies":"Cultist","floor":6,"turns":3},{"damage":9,"enemies":"downfall:FleeingMerchant","floor":8,"turns":4},{"damage":32,"enemies":"Lagavulin Event","floor":9,"turns":8},{"damage":0,"enemies":"3 Louse","floor":11,"turns":3},{"damage":0,"enemies":"downfall:FleeingMerchant","floor":12,"turns":4},{"damage":0,"enemies":"downfall:LooterAlt","floor":13,"turns":3},{"damage":0,"enemies":"Blue Slaver","floor":15,"turns":1},{"damage":14,"enemies":"SI_SHIV_ARCHETYPE","floor":16,"turns":4},{"damage":0,"enemies":"Chosen","floor":19,"turns":1},{"damage":0,"enemies":"Shell Parasite","floor":21,"turns":3},{"damage":13,"enemies":"downfall:FleeingMerchant","floor":22,"turns":4},{"damage":17,"enemies":"Shelled Parasite and Fungi","floor":25,"turns":8},{"damage":20,"enemies":"Snake Plant","floor":26,"turns":5},{"damage":13,"enemies":"Centurion and Healer","floor":27,"turns":3},{"damage":1,"enemies":"Slavers","floor":29,"turns":5},{"damage":0,"enemies":"Cultist and Chosen","floor":31,"turns":6},{"damage":1,"enemies":"Snecko","floor":32,"turns":4},{"damage":90,"enemies":"DF_ARCHETYPE_CLAW","floor":33,"turns":8}],"seed_played":"-826392970106488068","potions_obtained":[{"floor":6,"key":"Adrenaline Potion"},{"floor":13,"key":"AttackPotion"},{"floor":15,"key":"BlessingOfTheForge"},{"floor":29,"key":"Doom Potion"},{"floor":30,"key":"GamblersBrew"}],"is_trial":false,"path_per_floor":["R_BF","M","?","M","?","M","T","$","?","?","M","$","M","?","M","B",null,"R","M","?","M","$","?","T","M","M","M","R","E","?","M","M","B"],"character_chosen":"THE_AUTOMATON","items_purchased":["bronze:ClassDefault","MerchantsRug","ReplayTheSpireMod:CursedCoin","Replay:Rubber Ducky","bronze:ItsAFeature","bronze:Separator"],"campfire_rested":1,"item_purchase_floors":[8,22,22,22,22,22],"current_hp_per_floor":[67,67,67,67,67,65,65,61,36,36,43,50,57,57,64,57,70,70,70,49,51,49,49,49,47,35,35,64,67,53,71,71,0,0,0],"gold":317,"neow_bonus":"RANDOM_COMMON_RELIC","is_daily":false,"chose_seed":false,"campfire_upgraded":0,"win_rate":0.0,"timestamp":1614186546,"path_taken":["R_BF","M","?","?","?","M","T","$","?","?","M","?","?","?","M","BOSS","R","M","?","M","$","?","T","?","M","M","R","E","?","M","M","BOSS"],"items_purchased_type":["Card","Relic","Relic","Relic","Card","Card"],"build_version":"2020-12-22","purchased_purges":2,"victory":false,"max_hp_per_floor":[70,70,70,70,70,70,70,70,70,70,70,70,70,70,70,70,70,70,70,49,51,51,51,51,53,53,55,65,67,69,71,71,71,71,71],"card_choices":[{"not_picked":["bronze:BugBarrage","bronze:Philosophize"],"picked":"bronze:Frontload","floor":2},{"not_picked":["bronze:DigitalCarnage","bronze:ForLoop"],"picked":"bronze:BuggyMess","floor":4},{"not_picked":["bronze:ClassDefault","bronze:Deprecate"],"picked":"bronze:Repair","floor":6},{"not_picked":["bronze:CloningBeam","bronze:FollowUp"],"picked":"bronze:Flail","floor":8},{"not_picked":["bronze:Constructor","bronze:Invalidate"],"picked":"bronze:InfiniteLoop","floor":9},{"not_picked":["bronze:Turbo","bronze:Deprecate"],"picked":"bronze:Boost","floor":11},{"not_picked":["bronze:Invalidate","bronze:Branch"],"picked":"bronze:InfiniteBeams","floor":12},{"not_picked":["bronze:Flail","bronze:Invalidate"],"picked":"bronze:Backtrace","floor":13},{"not_picked":["bronze:ForceShield","bronze:Invalidate"],"picked":"bronze:WhirlingStrike","floor":15},{"not_picked":["bronze:Assembly","bronze:Mutator"],"picked":"bronze:AlphaBuild","floor":16},{"not_picked":["bronze:Deprecate+1","bronze:DigitalCarnage"],"picked":"bronze:Terminator","floor":19},{"not_picked":["bronze:Invalidate","bronze:Return","bronze:CloningBeam"],"picked":"Singing Bowl","floor":21},{"not_picked":["bronze:Branch","bronze:Overload"],"picked":"bronze:BronzeOrb","floor":22},{"not_picked":["bronze:Shell+1","bronze:Boost","bronze:CloningBeam"],"picked":"Singing Bowl","floor":25},{"not_picked":["bronze:FollowUp","bronze:Separator"],"picked":"bronze:DelayedGuard","floor":26},{"not_picked":["bronze:Return","bronze:CloningBeam+1","bronze:Iterate"],"picked":"Singing Bowl","floor":27},{"not_picked":["bronze:CleanCode","bronze:DelayedSlice","bronze:WildBeam"],"picked":"Singing Bowl","floor":29},{"not_picked":["bronze:NullPointer","bronze:Overload+1","bronze:Terminator+1"],"picked":"Singing Bowl","floor":30},{"not_picked":["bronze:WildBeam+1","bronze:WhirlingStrike+1","bronze:DelayedSlice"],"picked":"Singing Bowl","floor":31},{"not_picked":["bronze:CloningBeam","bronze:BronzeArmor+1"],"picked":"bronze:Fortify","floor":32}],"player_experience":216942,"relics_obtained":[{"floor":7,"key":"Mummified Hand"},{"floor":9,"key":"Replay:Bandana"},{"floor":29,"key":"Anchor"},{"floor":30,"key":"Replay:Wax Seal"}],"event_choices":[{"damage_healed":0,"gold_gain":0,"player_choice":"Success","damage_taken":3,"relics_obtained":["Simple Rune"],"max_hp_gain":0,"max_hp_loss":0,"event_name":"Scrap Ooze","floor":1,"gold_loss":0},{"cards_removed":["bronze:Defend"],"damage_healed":0,"gold_gain":0,"player_choice":"Offered Basic","damage_taken":0,"max_hp_gain":0,"max_hp_loss":0,"event_name":"Bonfire Elementals","floor":3,"gold_loss":0},{"damage_healed":0,"gold_gain":0,"player_choice":"Box","damage_taken":0,"relics_obtained":["Singing Bowl"],"max_hp_gain":0,"max_hp_loss":0,"event_name":"Big Fish","floor":5,"gold_loss":0,"cards_obtained":["Regret"]},{"damage_healed":0,"gold_gain":0,"player_choice":"Became a vampire","damage_taken":0,"max_hp_gain":0,"max_hp_loss":21,"event_name":"Vampires","floor":20,"gold_loss":0,"cards_obtained":["Bite","Bite","Bite","Bite","Bite"]}],"is_beta":false,"boss_relics":[{"not_picked":["Replay:Wanted Poster","Velvet Choker"],"picked":"Runic Pyramid"}],"items_purged_floors":[8,22],"is_endless":false,"potions_floor_spawned":[6,13,15,25,29,32],"killed_by":"DF_ARCHETYPE_CLAW","ascension_level":0}}