{"host":"p4yrwepmrl4g8pul","time":1614166364,"event":{"mods":["Act Like it!","BaseMod","BetterRewards","Colored Map","Custom Start","Downfall","Gensokyo","Marisa£®ÏF”Í°°ƒß¿Ì…≥£©","Minty Spire (QoL Compilation)","Quick Restart","Rare Cards Sparkle","Reimu£®≤©¿ˆ¡È√Œ£©","Remilia£®¿Ÿ√◊¿Ú—«£©","Remove Card Discount Mod","Shop Mod","StSLib"],"gold_per_floor":[99,119,134,134,55,40,40,40,40,69,86,86,86,101,117,192,192,92,111,111,111,111,141,164,96,131,131,150,200,225,525,538,610,610,610,621,621,639,639,739,763,763,763,430,441,468,0,31,46,66],"floor_reached":51,"language":"ZHS","playtime":2099,"items_purged":["Strike_RM","Strike_RM","Strike_RM","Strike_RM","Defend_RM","Defend_RM","Defend_RM","BadLadyScramble+1","ScarletDevilSign+1","SuperhumanBloodyKnife","RedMoon+1","Injury","Greed_TH"],"score":1768,"play_id":"b697b1d6-98cb-4959-966e-e1c6471f1dc3","local_time":"20210224193244","is_ascension_mode":true,"campfire_choices":[{"data":"ScarletShoot","floor":1.0,"key":"SMITH"},{"data":"RedMoon","floor":9.0,"key":"SMITH"},{"data":"UnstableMagic","floor":12.0,"key":"SMITH"},{"data":"ForecastOfChange","floor":18.0,"key":"SMITH"},{"data":"StarOfDavid","floor":27.0,"key":"SMITH"},{"data":"ForecastOfChange","floor":35.0,"key":"SMITH"}],"circlet_count":0,"master_deck":["AscendersBane","UnstableMagic+1","UnstableMagic+1","ForecastOfChange+1","ForecastOfChange+1","RedNightlessCastle","BloodHunter","VampireFantasy"],"relics":["ScarletHat","Juzu Bracelet","The Courier","Potion Belt","Astrolabe","downfall:HeartBlessingGreen","downfall:RedIOU","Pen Nib","War Paint","Turnip","ScarletEmblem","White Beast Statue","Akabeko","Nunchaku","CrazyTorch:ReiMu","Vajra","RuthlessExorcism:ReiMu"],"acts_visited":["Exordium","TheCity","TheBeyond"],"potions_floor_usage":[50,50],"damage_taken":[{"damage":3.0,"enemies":"2 Louse","floor":2.0,"turns":2.0},{"damage":0.0,"enemies":"Cultist","floor":3.0,"turns":3.0},{"damage":0.0,"enemies":"downfall:FleeingMerchant","floor":5.0,"turns":4.0},{"damage":5.0,"enemies":"downfall:FleeingMerchant","floor":6.0,"turns":4.0},{"damage":0.0,"enemies":"Gremlin Nob","floor":10.0,"turns":3.0},{"damage":1.0,"enemies":"Small Slimes","floor":11.0,"turns":5.0},{"damage":0.0,"enemies":"Blue Slaver","floor":14.0,"turns":1.0},{"damage":0.0,"enemies":"Large Slime","floor":15.0,"turns":3.0},{"damage":4.0,"enemies":"IC_STATUS_ARCHETYPE","floor":16.0,"turns":8.0},{"damage":17.0,"enemies":"3 Byrds","floor":19.0,"turns":7.0},{"damage":8.0,"enemies":"Slavers","floor":23.0,"turns":4.0},{"damage":0.0,"enemies":"downfall:FleeingMerchant","floor":25.0,"turns":4.0},{"damage":0.0,"enemies":"Gremlin Leader","floor":26.0,"turns":4.0},{"damage":0.0,"enemies":"Spheric Guardian","floor":28.0,"turns":2.0},{"damage":0.0,"enemies":"Book of Stabbing","floor":30.0,"turns":6.0},{"damage":0.0,"enemies":"3 Cultists","floor":32.0,"turns":3.0},{"damage":10.0,"enemies":"DF_ARCHETYPE_CLAW","floor":33.0,"turns":8.0},{"damage":16.0,"enemies":"Orb Walker","floor":36.0,"turns":4.0},{"damage":1.0,"enemies":"3 Shapes","floor":38.0,"turns":3.0},{"damage":0.0,"enemies":"downfall:LadyInBlue","floor":40.0,"turns":5.0},{"damage":23.0,"enemies":"Writhing Mass","floor":45.0,"turns":5.0},{"damage":15.0,"enemies":"Reptomancer","floor":46.0,"turns":5.0},{"damage":0.0,"enemies":"downfall:FleeingMerchant","floor":47.0,"turns":4.0},{"damage":8.0,"enemies":"Nemesis","floor":48.0,"turns":5.0},{"damage":0.0,"enemies":"Transient","floor":49.0,"turns":6.0},{"damage":113,"enemies":"WA_ARCHETYPE_DIVINITY","floor":50,"turns":13}],"seed_played":"7652816521928996285","potions_obtained":[{"floor":2.0,"key":"GrandPatriotsElixir:ReiMu"},{"floor":4.0,"key":"LiquidMemories"},{"floor":10.0,"key":"PowerPotion"},{"floor":14.0,"key":"Guardian:BlockOnCardUsePotion"},{"floor":15.0,"key":"LiquidMemories"},{"floor":16.0,"key":"champ:CounterPotion"},{"floor":26.0,"key":"Fire Potion"},{"floor":28.0,"key":"DistilledChaos"},{"floor":36.0,"key":"ZuzhouPotion:ReiMu"},{"floor":40.0,"key":"PowerPotion"},{"floor":40.0,"key":"FairyPotion"},{"floor":45.0,"key":"LiquidMemories"},{"floor":46.0,"key":"Weak Potion"},{"floor":47.0,"key":"LiquidMemories"},{"floor":48.0,"key":"FairyPotion"},{"floor":49.0,"key":"Fire Potion"}],"is_trial":false,"path_per_floor":["R","M","M","?","$","$","T","?","R","E","M","R","?","M","M","B",null,"R","M","?","?","?","E","T","$","E","R","M","?","E","?","M","B",null,"R","M","?","M","?","?","T","?","?","?","M","E","$","E","M","B",null],"character_chosen":"REMILIA","items_purchased":["UnstableMagic","UnstableMagic","CrazyTorch:ReiMu","BloodHunter","Vajra","BlessingOfTheForge"],"campfire_rested":0,"item_purchase_floors":[5,25,47,47,47,47],"current_hp_per_floor":[63,60,60,60,60,59,59,54,54,57,60,60,60,62,64,69,70,70,53,53,53,53,46,46,47,54,54,54,54,62,62,63,66,69,69,53,53,54,54,70,70,70,70,83,62,47,17,45,56,6],"gold":66,"neow_bonus":"RANDOM_COMMON_RELIC","is_daily":false,"chose_seed":false,"campfire_upgraded":6,"win_rate":0.0,"timestamp":1614166364,"path_taken":["R","M","M","?","?","$","T","?","R","E","M","R","?","M","M","BOSS","R","M","?","?","?","E","T","?","E","R","M","?","E","?","M","BOSS","R","M","?","M","?","?","T","?","?","?","M","E","$","E","M","BOSS"],"items_purchased_type":["Card","Card","Relic","Card","Relic","Potion"],"build_version":"2020-12-22","purchased_purges":13,"victory":true,"max_hp_per_floor":[70,70,70,70,70,70,70,70,70,70,70,70,70,70,70,70,70,70,70,70,70,70,70,70,70,70,70,70,70,70,70,70,70,70,70,70,70,70,70,70,70,70,70,83,83,83,83,83,83,83],"card_choices":[{"not_picked":["DiffusionOfMisfortune","ScarletDream"],"picked":"HunterOfTheNight","floor":2.0},{"not_picked":["ScarletImprint","ReincarnationDial"],"picked":"StarOfDavid","floor":3.0},{"not_picked":["NightDance","DemonKingCradle","EndlessAdversity"],"picked":"SKIP","floor":5.0},{"not_picked":["ScarletImprint","RedRainbow"],"picked":"BloodHunter","floor":6.0},{"not_picked":["Maim","VampireSweep"],"picked":"SuperhumanBloodyKnife","floor":10.0},{"not_picked":["VampireSweep","RedRainbow"],"picked":"UnstableMagic","floor":11.0},{"not_picked":["EndlessAdversity","ScarletNetherworld","MastersStateliness"],"picked":"SKIP","floor":14.0},{"not_picked":["NightDance","ScarletImprint","StarOfDavid"],"picked":"SKIP","floor":15.0},{"not_picked":["HellCatastrophe","TricksterDevil"],"picked":"ForecastOfChange","floor":16.0},{"not_picked":["MastersStateliness","NightDance","BloodHunter"],"picked":"SKIP","floor":19.0},{"not_picked":["VampireKiss","BloodAndWine","SuperhumanBloodyKnife"],"picked":"SKIP","floor":23.0},{"not_picked":["UnstableMagic","DevilSight","MastersStateliness"],"picked":"SKIP","floor":25.0},{"not_picked":["BombardNight+1","MastersStateliness+1","ScarletDevilSign"],"picked":"SKIP","floor":26.0},{"not_picked":["ChainGang","UltimateOffering+1","NightDance"],"picked":"SKIP","floor":28.0},{"not_picked":["ScarletDream","AfternoonTea","ScarletImprint"],"picked":"SKIP","floor":30.0},{"not_picked":["RedRainbow","StarOfDavid+1","ScarletImprint"],"picked":"SKIP","floor":32.0},{"not_picked":["KillingBlow","ChaoticDestiny"],"picked":"ForecastOfChange","floor":33.0},{"not_picked":["NightDance","VampireKiss","MillenniumVampire"],"picked":"SKIP","floor":36.0},{"not_picked":["DevilSight","Stigmanizer"],"picked":"RedNightlessCastle","floor":38.0},{"not_picked":["Stigmanizer","DiffusionOfMisfortune","VampireSweep"],"picked":"SKIP","floor":45.0},{"not_picked":["ScarletImprint+1","ScarletDevilSign","CharismaGuard+1"],"picked":"SKIP","floor":46.0},{"not_picked":["BloodRain","UltimateOffering+1","DiffusionOfMisfortune"],"picked":"SKIP","floor":47.0},{"not_picked":["DiffusionOfMisfortune","FavorOfDestiny+1"],"picked":"VampireFantasy","floor":48.0},{"not_picked":["ScarletDevil","ChainGang","ScarletDream"],"picked":"SKIP","floor":49.0}],"player_experience":822733,"relics_obtained":[{"floor":7.0,"key":"The Courier"},{"floor":10.0,"key":"Anchor"},{"floor":23.0,"key":"Pen Nib"},{"floor":24.0,"key":"War Paint"},{"floor":26.0,"key":"Turnip"},{"floor":40.0,"key":"White Beast Statue"},{"floor":41.0,"key":"Akabeko"},{"floor":46.0,"key":"Nunchaku"},{"floor":48.0,"key":"RuthlessExorcism:ReiMu"}],"event_choices":[{"damage_healed":0.0,"max_hp_gain":0.0,"max_hp_loss":0.0,"gold_gain":0.0,"event_name":"Lab","player_choice":"Got Potions","floor":4.0,"gold_loss":0.0,"damage_taken":0.0},{"damage_healed":0.0,"max_hp_gain":0.0,"max_hp_loss":0.0,"gold_gain":0.0,"event_name":"Scrap Ooze","player_choice":"Success","floor":8.0,"gold_loss":0.0,"damage_taken":5.0,"relics_obtained":["Potion Belt"]},{"damage_healed":0.0,"max_hp_gain":0.0,"max_hp_loss":0.0,"gold_gain":0.0,"event_name":"Accursed Blacksmith","player_choice":"Forge","floor":20.0,"gold_loss":0.0,"damage_taken":0.0,"cards_upgraded":["UnstableMagic"]},{"cards_removed":["BloodHunter"],"damage_healed":0.0,"max_hp_gain":0.0,"max_hp_loss":0.0,"gold_gain":0.0,"event_name":"Falling","player_choice":"Removed Skill","floor":42.0,"gold_loss":0.0,"damage_taken":0.0},{"damage_healed":0.0,"max_hp_gain":0.0,"max_hp_loss":0.0,"gold_gain":0.0,"event_name":"Mysterious Sphere","player_choice":"Ignored","floor":43.0,"gold_loss":0.0,"damage_taken":0.0}],"is_beta":false,"boss_relics":[{"not_picked":["RedLine:ReiMu","Tiny House"],"picked":"Astrolabe"},{"not_picked":["Velvet Choker","Snecko Eye"],"picked":"ScarletEmblem"}],"items_purged_floors":[5,5,5,5,5,5,5,25,25,25,25,47,47],"is_endless":false,"potions_floor_spawned":[2,10,15,16,26,28,30,36,45,46,47,48,49],"ascension_level":20}}