{"host":"uceopoba4zvqsgiy","time":1614208304,"event":{"mods":["2.2 Compatiblity","Act Like it!","BaseMod","Better Skull","Better Third Choice","Elementarium","Evolution","GifTheSpireLib","Hermit","Humility","Infinite Spire","Jorbs\u0027s Wanderer Trilogy","Marked Mod","Minty Spire (QoL Compilation)","Potionbrewer","Reliquary","Replay The Spire","Robot Space Explorer","Shade Mod","Spicy Shops","StS++","StSLib","Stuff the Spire","The Blue Laboratory","The Caster","The Cursed","The Dragon Tamer","The Dragonkin","The Hierophant","The Judge","The Jungle","TheSurvivalist","Wandering Minibosses"],"gold_per_floor":[115,66,78,78,78,111,126,155,155,180,180,199,226,226,226,326,326,337,41,41,41,57,83,83,113,167,183,218,229,243,203,203,303,303,320,320,339,349,349,377,377,377,377,433,433,483,541,590,590,730,730,781,836,836,836,836,898,898,964,964,1039,1088,1088,1165,1148,1148],"floor_reached":65,"language":"ENG","playtime":8318,"items_purged":[],"score":1957,"play_id":"f318f3d1-43f5-422e-acdc-4e54028bd3ba","local_time":"20210225094144","is_ascension_mode":true,"campfire_choices":[{"floor":15.0,"key":"REST"},{"data":"Core Surge","floor":24.0,"key":"SMITH"},{"data":"Storm","floor":32.0,"key":"SMITH"},{"floor":41.0,"key":"REST"},{"data":"Creative AI","floor":45.0,"key":"SMITH"},{"floor":49.0,"key":"REST"},{"floor":58.0,"key":"REST"},{"floor":63.0,"key":"REST"}],"circlet_count":0,"master_deck":["Cold Snap+1","Cold Snap+1","Cold Snap+1","Cold Snap","Conserve Battery","Conserve Battery","Conserve Battery","Conserve Battery","Zap","Dualcast","Darkness","Doom and Gloom","StuffTheSpire:CuriosityCurse","Languid","Self Repair","StuffTheSpire:GlassShard","Burn","Core Surge+1","Storm+1","Storm","Machine Learning","Meteor Strike","White Noise","Creative AI+1","StSpp:Fierceness+1","Thunder Strike","Writhe","infinitespire:Fortify","Core Surge","Mirror Shield","Blizzard+1","Core Surge","ReplayTheSpireMod:Calculation Training","StuffTheSpire:Innocence"],"relics":["EVO:Axolotl","Snecko Eye","Letter Opener","Ring of Hypnosis","Ring of Misfortune","StuffTheSpire:Wildfire","StuffTheSpire:Experiment12","potionbrewer:ToyAutogyro","Whetstone","Black Star","White Beast Statue","Nloth\u0027s Gift","reliquary:RoseTintedGlasses","StuffTheSpire:Gunfinga","PreservedInsect","reliquary:Vitrine","ReplayFunnel","reliquary:TuningFork","Strawberry","SacredBark","MealTicket","reliquary:ExpiredCoupon","infinitespire:EvilPickle","Bottled Tornado","Tiny Chest","reliquary:IridiumChain","StSpp:XCola","infinitespire:Lucky Rock","Dream Catcher","reliquary:Stiletto","reliquary:Sideboard","StSpp:BoiledEgg","Replay:Accelerometer","Darkstone Periapt","Ancient Tea Set"],"acts_visited":["Exordium","TheCity","TheBeyond","Exordium"],"potions_floor_usage":[],"damage_taken":[{"damage":0.0,"enemies":"Cultist","floor":1.0,"turns":4.0},{"damage":3.0,"enemies":"Small Slimes","floor":3.0,"turns":2.0},{"damage":26.0,"enemies":"Gremlin Nob","floor":6.0,"turns":5.0},{"damage":0.0,"enemies":"2 Louse","floor":7.0,"turns":1.0},{"damage":0.0,"enemies":"Replay:BlueRogue","floor":8.0,"turns":5.0},{"damage":0.0,"enemies":"Gremlin Nob","floor":10.0,"turns":5.0},{"damage":0.0,"enemies":"2 Fungi Beasts","floor":12.0,"turns":3.0},{"damage":4.0,"enemies":"Replay:BlueRogue","floor":13.0,"turns":4.0},{"damage":0.0,"enemies":"Slime Boss","floor":16.0,"turns":12.0},{"damage":2.0,"enemies":"Chosen","floor":18.0,"turns":4.0},{"damage":6.0,"enemies":"Shell Parasite","floor":22.0,"turns":7.0},{"damage":0.0,"enemies":"Slavers","floor":23.0,"turns":6.0},{"damage":10.0,"enemies":"Book of Stabbing","floor":25.0,"turns":3.0},{"damage":0.0,"enemies":"Cultist and Chosen","floor":27.0,"turns":3.0},{"damage":0.0,"enemies":"Nightmare","floor":28.0,"turns":5.0},{"damage":8.0,"enemies":"Snake Plant","floor":29.0,"turns":3.0},{"damage":0.0,"enemies":"Shelled Parasite and Fungi","floor":30.0,"turns":4.0},{"damage":17.0,"enemies":"Pondfish","floor":33.0,"turns":7.0},{"damage":14.0,"enemies":"Orb Walker","floor":35.0,"turns":3.0},{"damage":0.0,"enemies":"3 Darklings","floor":37.0,"turns":4.0},{"damage":64.0,"enemies":"Transient","floor":38.0,"turns":6.0},{"damage":3.0,"enemies":"Nightmare","floor":40.0,"turns":5.0},{"damage":0.0,"enemies":"R_Hoarder","floor":44.0,"turns":5.0},{"damage":0.0,"enemies":"Mind Bloom Boss Battle","floor":46.0,"turns":6.0},{"damage":7.0,"enemies":"Mind Bloom Boss Battle","floor":46.0,"turns":3.0},{"damage":8.0,"enemies":"Reptomancer","floor":47.0,"turns":2.0},{"damage":28.0,"enemies":"Jaw Worm Horde","floor":48.0,"turns":3.0},{"damage":13.0,"enemies":"Donu and Deca","floor":50.0,"turns":8.0},{"damage":8.0,"enemies":"Small Slimes","floor":52.0,"turns":3.0},{"damage":0.0,"enemies":"Jaw Worm","floor":53.0,"turns":2.0},{"damage":31.0,"enemies":"3 Sentries","floor":57.0,"turns":6.0},{"damage":10.0,"enemies":"2 Louse","floor":59.0,"turns":2.0},{"damage":16.0,"enemies":"Looter","floor":61.0,"turns":2.0},{"damage":12.0,"enemies":"Lagavulin","floor":62.0,"turns":10.0},{"damage":7.0,"enemies":"2 Fungi Beasts","floor":64.0,"turns":2.0},{"damage":57,"enemies":"Nightmare_Alpha","floor":65,"turns":4}],"seed_played":"-556358935563770471","potions_obtained":[{"floor":12.0,"key":"blueLaboratory:CorrosionFlask"},{"floor":13.0,"key":"Ancient Potion"},{"floor":22.0,"key":"StSpp:ScatteredWeakPotion"},{"floor":23.0,"key":"blueLaboratory:PlasmaFuel"},{"floor":25.0,"key":"Dexterity Potion"},{"floor":27.0,"key":"Flashbang"},{"floor":28.0,"key":"AttackPotion"},{"floor":33.0,"key":"blueLaboratory:PolymorphPotion"},{"floor":35.0,"key":"blueLaboratory:BiasPotion"},{"floor":37.0,"key":"FearPotion"},{"floor":40.0,"key":"Block Potion"},{"floor":44.0,"key":"blueLaboratory:ConsumingVoid"},{"floor":46.0,"key":"blueLaboratory:CoolantVial"},{"floor":50.0,"key":"blueLaboratory:BiasPotion"},{"floor":57.0,"key":"potionbrewer:BarricadePotion"},{"floor":62.0,"key":"Explosive Potion"}],"is_trial":false,"path_per_floor":["M","$","M","?","?","E","M","E","T","E","?","M","E","?","R","B",null,"M","$","?","$","M","E","R","E","T","M","NM","M","M","?","R","B",null,"M","$","M","M","?","NM","R","?","T","E","R","?","E","M","R","B",null,"M","M","?","?","T","E","R","M","T","M","E","R","M","NM"],"character_chosen":"DEFECT","items_purchased":["Doom and Gloom","Storm","White Beast Statue"],"campfire_rested":5,"item_purchase_floors":[2,19,19],"current_hp_per_floor":[74,74,71,71,71,45,45,45,45,45,45,45,48,48,72,79,81,81,81,81,81,81,81,81,71,71,78,88,87,88,88,88,78,86,79,79,86,29,51,55,81,81,81,88,88,81,80,52,78,72,84,76,83,76,76,76,45,71,61,61,45,33,59,52,0,0],"gold":1148,"neow_bonus":"BOSS_RELIC","is_daily":false,"chose_seed":false,"campfire_upgraded":3,"win_rate":0.0,"timestamp":1614208304,"path_taken":["M","$","M","?","?","E","M","E","T","E","?","M","E","?","R","BOSS","M","$","?","?","?","E","R","E","T","M","NM","M","M","?","R","BOSS","M","$","M","?","?","NM","R","?","T","E","R","?","E","M","R","BOSS","M","M","?","?","?","E","R","M","T","M","E","R","?","NM"],"items_purchased_type":["Card","Card","Relic"],"build_version":"2020-12-22","purchased_purges":0,"victory":false,"max_hp_per_floor":[81,81,81,81,81,81,81,81,81,81,81,81,81,81,81,81,81,81,81,81,81,81,81,81,81,81,81,88,88,88,88,88,88,88,88,88,88,88,88,88,88,88,88,88,88,88,88,88,88,88,88,88,88,88,88,88,88,88,88,88,88,88,88,88,88,88],"card_choices":[{"not_picked":["Scrape","Reprogram"],"picked":"Darkness","floor":1.0},{"not_picked":["Coolheaded","Ball Lightning","Conserve Battery"],"picked":"SKIP","floor":3.0},{"not_picked":["Leap","StuffTheSpire:Plugnplay","Ball Lightning"],"picked":"SKIP","floor":6.0},{"not_picked":["Streamline","StuffTheSpire:Coldhearted","Beam Cell"],"picked":"SKIP","floor":7.0},{"not_picked":["Go for the Eyes","BootSequence","StuffTheSpire:LoadUp"],"picked":"SKIP","floor":8.0},{"not_picked":["Conserve Battery","Rebound","Leap"],"picked":"SKIP","floor":10.0},{"not_picked":["Gash","Beam Cell"],"picked":"Self Repair","floor":12.0},{"not_picked":["Rebound","Cold Snap"],"picked":"StuffTheSpire:GlassShard","floor":13.0},{"not_picked":["Fission","Amplify"],"picked":"Core Surge","floor":16.0},{"not_picked":["BasicCrystalCard","StuffTheSpire:LoadUp","StuffTheSpire:Plugnplay+1"],"picked":"SKIP","floor":18.0},{"not_picked":["StuffTheSpire:Plugnplay","Skim"],"picked":"StSpp:Fierceness","floor":22.0},{"not_picked":["StSpp:CopyPaste","ReplayTheSpireMod:GoodbyeWorld"],"picked":"Biased Cognition","floor":23.0},{"not_picked":["Panic Button","Steam"],"picked":"Machine Learning","floor":25.0},{"not_picked":["Compile Driver","Aggregate+1","Lockon"],"picked":"SKIP","floor":27.0},{"not_picked":["Fission","Stack"],"picked":"Meteor Strike","floor":28.0},{"not_picked":["Compile Driver","Leap","StuffTheSpire:Plugnplay"],"picked":"SKIP","floor":29.0},{"not_picked":["Gash+1","Lockon"],"picked":"White Noise","floor":30.0},{"not_picked":["Thunder Strike","StuffTheSpire:Purify"],"picked":"Creative AI","floor":33.0},{"not_picked":["StuffTheSpire:Purify","Turbo","Rebound+1"],"picked":"SKIP","floor":35.0},{"not_picked":["Redo","StuffTheSpire:Plugnplay"],"picked":"StSpp:Fierceness+1","floor":37.0},{"not_picked":["Defragment+1","Beam Cell+1"],"picked":"Thunder Strike","floor":38.0},{"not_picked":["ReplayTheSpireMod:Haul","infinitespire:Menacing"],"picked":"infinitespire:Fortify","floor":40.0},{"not_picked":["Steam Power+1","Recycle"],"picked":"Core Surge","floor":40.0},{"not_picked":["Beam Cell","Recycle+1","StuffTheSpire:LoadUp"],"picked":"SKIP","floor":44.0},{"not_picked":["BasicCrystalCard+1","Compile Driver+1"],"picked":"Mirror Shield","floor":47.0},{"not_picked":["Sweeping Beam+1","Steam","Go for the Eyes"],"picked":"SKIP","floor":48.0},{"not_picked":["FIFO Queue","Crystallizer+1"],"picked":"Blizzard+1","floor":49.0},{"not_picked":["All For One","Fission"],"picked":"Core Surge","floor":50.0},{"not_picked":["Ball Lightning","BasicCrystalCard"],"picked":"ReplayTheSpireMod:Calculation Training","floor":52.0},{"not_picked":["Ball Lightning","Gash","Leap"],"picked":"SKIP","floor":53.0},{"not_picked":["Conserve Battery","StSpp:Converter"],"picked":"Storm","floor":57.0},{"not_picked":["Leap","Beam Cell"],"picked":"Ball Lightning","floor":58.0},{"not_picked":["Hello World","BasicCrystalCard"],"picked":"Mirror Shield","floor":59.0},{"not_picked":["Streamline","Gash"],"picked":"Machine Learning","floor":61.0},{"not_picked":["Steam","Storm"],"picked":"Core Surge","floor":62.0},{"not_picked":["StuffTheSpire:Plugnplay","Rebound"],"picked":"Blizzard","floor":63.0},{"not_picked":["Steam","StuffTheSpire:Plugnplay","StuffTheSpire:Rend"],"picked":"SKIP","floor":64.0}],"player_experience":1872595,"relics_obtained":[{"floor":5.0,"key":"Ring of Hypnosis"},{"floor":5.0,"key":"Ring of Misfortune"},{"floor":6.0,"key":"StuffTheSpire:Wildfire"},{"floor":8.0,"key":"StuffTheSpire:Experiment12"},{"floor":9.0,"key":"StuffTheSpire:HeavyRock"},{"floor":10.0,"key":"potionbrewer:ToyAutogyro"},{"floor":13.0,"key":"Whetstone"},{"floor":23.0,"key":"reliquary:RoseTintedGlasses"},{"floor":23.0,"key":"StuffTheSpire:Gunfinga"},{"floor":25.0,"key":"PreservedInsect"},{"floor":25.0,"key":"reliquary:Vitrine"},{"floor":26.0,"key":"ReplayFunnel"},{"floor":28.0,"key":"reliquary:TuningFork"},{"floor":28.0,"key":"Strawberry"},{"floor":40.0,"key":"MealTicket"},{"floor":40.0,"key":"reliquary:ExpiredCoupon"},{"floor":43.0,"key":"Bottled Tornado"},{"floor":44.0,"key":"Tiny Chest"},{"floor":44.0,"key":"reliquary:IridiumChain"},{"floor":46.0,"key":"StSpp:XCola"},{"floor":47.0,"key":"infinitespire:Lucky Rock"},{"floor":47.0,"key":"Dream Catcher"},{"floor":56.0,"key":"reliquary:Stiletto"},{"floor":57.0,"key":"reliquary:Sideboard"},{"floor":57.0,"key":"StSpp:BoiledEgg"},{"floor":60.0,"key":"Replay:Accelerometer"},{"floor":62.0,"key":"Darkstone Periapt"},{"floor":62.0,"key":"Ancient Tea Set"}],"event_choices":[{"damage_healed":48.0,"max_hp_gain":0.0,"max_hp_loss":81.0,"gold_gain":0.0,"event_name":"betterThird:BetterShining","player_choice":"Embrace Burn","floor":14.0,"gold_loss":0.0,"damage_taken":0.0},{"damage_healed":0.0,"max_hp_gain":0.0,"max_hp_loss":0.0,"gold_gain":0.0,"event_name":"N\u0027loth","player_choice":"Traded Relic","floor":20.0,"relics_lost":["StuffTheSpire:HeavyRock"],"gold_loss":0.0,"damage_taken":0.0,"relics_obtained":["Nloth\u0027s Gift"]},{"damage_healed":0.0,"max_hp_gain":0.0,"max_hp_loss":0.0,"gold_gain":0.0,"event_name":"Designer","player_choice":"Upgrade","floor":31.0,"gold_loss":40.0,"damage_taken":0.0,"cards_upgraded":["StSpp:Fierceness"]},{"damage_healed":22.0,"max_hp_gain":0.0,"max_hp_loss":0.0,"gold_gain":0.0,"event_name":"Winding Halls","player_choice":"Writhe","floor":39.0,"gold_loss":0.0,"damage_taken":0.0,"cards_obtained":["Writhe"]},{"cards_removed":["StSpp:Fierceness"],"damage_healed":0.0,"max_hp_gain":0.0,"max_hp_loss":0.0,"gold_gain":0.0,"event_name":"Falling","player_choice":"Removed Attack","floor":42.0,"gold_loss":0.0,"damage_taken":0.0},{"damage_healed":0.0,"max_hp_gain":0.0,"max_hp_loss":0.0,"gold_gain":0.0,"event_name":"MindBloom","player_choice":"Fight","floor":46.0,"gold_loss":0.0,"damage_taken":0.0},{"damage_healed":0.0,"max_hp_gain":0.0,"max_hp_loss":0.0,"gold_gain":0.0,"event_name":"The Cleric","player_choice":"Leave","floor":55.0,"gold_loss":0.0,"damage_taken":0.0}],"is_beta":false,"boss_relics":[{"not_picked":["Inserter","ReplayTheSpireMod:DimensionalGlitch"],"picked":"Black Star"},{"not_picked":["Sozu","infinitespire:Cupcake"],"picked":"SacredBark"},{"not_picked":["reliquary:RedPaperclip","Velvet Choker","Astrolabe"]}],"items_purged_floors":[],"is_endless":true,"potions_floor_spawned":[7,12,13,22,23,25,27,28,29,30,33,35,37,38,40,44,46,46,47,48,50,52,53,57,59,61,62,64],"killed_by":"Nightmare_Alpha","ascension_level":9,"is_humility":true}}