{"host":"cfv8orgc8997ql4r","time":1614138920,"event":{"mods":["AchievementEnabler","BaseMod","DeckTracker","Keyboard Shortcuts","Minty Spire (QoL Compilation)"],"gold_per_floor":[110,110,57,75,21,46,46,79,79,99,112,112,112,123,123,222,222,238,238,258,258,270,270,289,289,289,304,34,34,34],"floor_reached":29,"language":"KOR","playtime":636,"items_purged":[],"score":312,"play_id":"e52a6676-8552-48d0-9145-f36561314144","local_time":"20210224125520","is_ascension_mode":true,"campfire_choices":[{"data":"Coolheaded","floor":7.0,"key":"SMITH"},{"data":"Dualcast","floor":13.0,"key":"SMITH"},{"floor":15.0,"key":"REST"},{"floor":23.0,"key":"REST"},{"data":"Echo Form","floor":25.0,"key":"SMITH"}],"circlet_count":0,"master_deck":["Strike_B","Strike_B","Strike_B","Strike_B","Defend_B","Defend_B","Defend_B","Defend_B","Zap+1","Dualcast+1","Ball Lightning","Turbo","Blizzard","Coolheaded+1","Capacitor","Steam Power","Ball Lightning","Echo Form+1","Writhe","Coolheaded","Sweeping Beam","Consume+1","Loop","Melter"],"relics":["Cracked Core","NeowsBlessing","Emotion Chip","Sundial","Du-Vu Doll","Nuclear Battery","Smiling Mask","Mummified Hand","Runic Capacitor"],"acts_visited":["Exordium","TheCity"],"potions_floor_usage":[29,29],"damage_taken":[{"damage":0.0,"enemies":"Jaw Worm","floor":1.0,"turns":1.0},{"damage":0.0,"enemies":"Cultist","floor":4.0,"turns":1.0},{"damage":0.0,"enemies":"Gremlin Nob","floor":6.0,"turns":1.0},{"damage":14.0,"enemies":"Lagavulin","floor":8.0,"turns":5.0},{"damage":5.0,"enemies":"Small Slimes","floor":10.0,"turns":2.0},{"damage":10.0,"enemies":"3 Louse","floor":11.0,"turns":2.0},{"damage":9.0,"enemies":"Looter","floor":14.0,"turns":2.0},{"damage":14.0,"enemies":"Slime Boss","floor":16.0,"turns":5.0},{"damage":17.0,"enemies":"3 Byrds","floor":18.0,"turns":4.0},{"damage":0.0,"enemies":"Spheric Guardian","floor":20.0,"turns":3.0},{"damage":20.0,"enemies":"Cultist and Chosen","floor":22.0,"turns":6.0},{"damage":25.0,"enemies":"Sentry and Sphere","floor":24.0,"turns":4.0},{"damage":15.0,"enemies":"Centurion and Healer","floor":27.0,"turns":5.0},{"damage":22,"enemies":"Slavers","floor":29,"turns":1}],"seed_played":"-7531700357961363228","potions_obtained":[{"floor":1.0,"key":"FocusPotion"},{"floor":11.0,"key":"Weak Potion"},{"floor":14.0,"key":"Weak Potion"},{"floor":16.0,"key":"PowerPotion"},{"floor":22.0,"key":"Energy Potion"},{"floor":27.0,"key":"AttackPotion"}],"is_trial":false,"path_per_floor":["M","?","$","M","$","E","R","E","T","M","M","$","R","M","R","B",null,"M","?","M","?","M","R","M","R","T","M","$","E"],"character_chosen":"DEFECT","items_purchased":["Turbo","Coolheaded","Runic Capacitor","Melter","Regen Potion"],"campfire_rested":2,"item_purchase_floors":[3,5,28,28,28],"current_hp_per_floor":[75,75,75,75,75,75,75,61,61,56,46,46,46,37,59,45,75,58,58,58,44,24,48,23,23,23,8,8,0,0],"gold":34,"neow_bonus":"THREE_ENEMY_KILL","is_daily":false,"chose_seed":false,"campfire_upgraded":3,"win_rate":0.0,"timestamp":1614138920,"path_taken":["M","?","$","M","$","E","R","E","T","?","M","$","R","M","R","BOSS","M","?","M","?","M","R","M","R","T","M","$","E"],"items_purchased_type":["Card","Card","Relic","Card","Potion"],"build_version":"2020-12-22","purchased_purges":0,"victory":false,"max_hp_per_floor":[75,75,75,75,75,75,75,75,75,75,75,75,75,75,75,75,75,75,75,75,80,80,80,80,80,80,80,80,80,80],"card_choices":[{"not_picked":["Aggregate","Stack"],"picked":"Ball Lightning","floor":1.0},{"not_picked":["Genetic Algorithm","Barrage"],"picked":"Blizzard","floor":4.0},{"not_picked":["Undo","Stack"],"picked":"Capacitor","floor":6.0},{"not_picked":["Heatsinks","Rip and Tear"],"picked":"Steam Power","floor":8.0},{"not_picked":["Scrape","Streamline"],"picked":"Ball Lightning","floor":10.0},{"not_picked":["Streamline","Compile Driver","Hologram"],"picked":"SKIP","floor":11.0},{"not_picked":["Barrage","Redo","Steam"],"picked":"SKIP","floor":14.0},{"not_picked":["Seek","Machine Learning"],"picked":"Echo Form","floor":16.0},{"not_picked":["Compile Driver","Barrage","Turbo"],"picked":"SKIP","floor":18.0},{"not_picked":["Beam Cell+1","Rebound+1"],"picked":"Coolheaded","floor":20.0},{"not_picked":["Amplify","Gash"],"picked":"Sweeping Beam","floor":22.0},{"not_picked":["Rebound","Genetic Algorithm+1"],"picked":"Consume+1","floor":24.0},{"not_picked":["Leap","Hologram+1"],"picked":"Loop","floor":27.0}],"player_experience":212642,"relics_obtained":[{"floor":6.0,"key":"Emotion Chip"},{"floor":8.0,"key":"Sundial"},{"floor":9.0,"key":"Du-Vu Doll"},{"floor":26.0,"key":"Mummified Hand"}],"event_choices":[{"damage_healed":0.0,"max_hp_gain":0.0,"max_hp_loss":0.0,"gold_gain":0.0,"event_name":"Accursed Blacksmith","player_choice":"Forge","floor":2.0,"gold_loss":0.0,"damage_taken":0.0,"cards_upgraded":["Zap"]},{"damage_healed":0.0,"max_hp_gain":0.0,"max_hp_loss":0.0,"gold_gain":0.0,"event_name":"The Mausoleum","player_choice":"Opened","floor":19.0,"gold_loss":0.0,"damage_taken":0.0,"relics_obtained":["Smiling Mask"],"cards_obtained":["Writhe"]},{"damage_healed":0.0,"max_hp_gain":5.0,"max_hp_loss":0.0,"gold_gain":0.0,"event_name":"Forgotten Altar","player_choice":"Shed Blood","floor":21.0,"gold_loss":0.0,"damage_taken":19.0}],"is_beta":false,"boss_relics":[{"not_picked":["Velvet Choker","Calling Bell"],"picked":"Nuclear Battery"}],"items_purged_floors":[],"is_endless":false,"potions_floor_spawned":[1,11,14,16,22,27],"killed_by":"Slavers","ascension_level":4}}