{"host":"5ffrjkuvgrxgllwx","time":1614205614,"event":{"mods":["AchievementEnabler","BaseMod","Colored Map","Colored Powertips","Minty Spire (QoL Compilation)","Quick Restart","Rare Cards Sparkle","StSLib","everything is the same but u backflip on backflip"],"gold_per_floor":[111,128,128,39,39,70,70,99,99,99,153,166,188,222,222,299,299,313,238,28,28,43,43,70,70,94,15,15,15,15,35,35,112,112,126,126,69,69,94,94,108,108,108],"floor_reached":42,"language":"ENG","playtime":1818,"items_purged":[],"score":834,"play_id":"800bd004-ed5a-4834-b065-88cffce48427","local_time":"20210224172654","is_ascension_mode":true,"campfire_choices":[{"floor":7.0,"key":"REST"},{"floor":10.0,"key":"REST"},{"data":"Fission","floor":15.0,"key":"SMITH"},{"floor":23.0,"key":"REST"},{"floor":25.0,"key":"REST"},{"floor":32.0,"key":"REST"},{"floor":40,"key":"REST"}],"circlet_count":0,"master_deck":["AscendersBane","Strike_B+1","Strike_B+1","Defend_B+1","Defend_B+1","Defend_B+1","Defend_B+1","Zap","Dualcast","Sweeping Beam","Go for the Eyes","Self Repair","Loop","Fission+1","Reinforced Body","Tempest","Creative AI","Leap+1","Conserve Battery","Lockon","Rainbow","Conserve Battery","Consume"],"relics":["Cracked Core","NeowsBlessing","Ginger","Darkstone Periapt","DataDisk","Incense Burner","Toy Ornithopter","Odd Mushroom","Ancient Tea Set","Inserter","White Beast Statue","Centennial Puzzle","Sundial","Fusion Hammer","Peace Pipe"],"acts_visited":["Exordium","TheCity","TheBeyond"],"potions_floor_usage":[41,41,42],"damage_taken":[{"damage":0.0,"enemies":"Jaw Worm","floor":1.0,"turns":1.0},{"damage":0.0,"enemies":"Small Slimes","floor":2.0,"turns":1.0},{"damage":0.0,"enemies":"Lagavulin","floor":6.0,"turns":3.0},{"damage":58.0,"enemies":"Gremlin Nob","floor":8.0,"turns":6.0},{"damage":4.0,"enemies":"Cultist","floor":12.0,"turns":4.0},{"damage":5.0,"enemies":"The Mushroom Lair","floor":13.0,"turns":4.0},{"damage":10.0,"enemies":"3 Sentries","floor":14.0,"turns":8.0},{"damage":22.0,"enemies":"Hexaghost","floor":16.0,"turns":10.0},{"damage":45.0,"enemies":"Shell Parasite","floor":18.0,"turns":8.0},{"damage":15.0,"enemies":"3 Byrds","floor":22.0,"turns":6.0},{"damage":49.0,"enemies":"Book of Stabbing","floor":24.0,"turns":9.0},{"damage":27.0,"enemies":"Sentry and Sphere","floor":31.0,"turns":11.0},{"damage":7.0,"enemies":"Champ","floor":33.0,"turns":13.0},{"damage":29.0,"enemies":"Orb Walker","floor":35.0,"turns":6.0},{"damage":29,"enemies":"Mind Bloom Boss Battle","floor":39,"turns":7},{"damage":33,"enemies":"3 Shapes","floor":41,"turns":4},{"damage":69,"enemies":"Transient","floor":42,"turns":5}],"seed_played":"5059912226033116309","potions_obtained":[{"floor":6.0,"key":"SkillPotion"},{"floor":8.0,"key":"ColorlessPotion"},{"floor":12.0,"key":"Dexterity Potion"},{"floor":13.0,"key":"Fire Potion"},{"floor":16.0,"key":"Ancient Potion"},{"floor":31.0,"key":"SpeedPotion"},{"floor":33.0,"key":"Explosive Potion"},{"floor":35.0,"key":"FocusPotion"},{"floor":39,"key":"GamblersBrew"},{"floor":41,"key":"PotionOfCapacity"}],"is_trial":false,"path_per_floor":["M","M","?","$","?","E","R","E","T","R","T","M","?","E","R","B",null,"M","?","$","?","M","R","E","R","T","$","T","$","?","M","R","B",null,"M","?","$","?","?","R","M","M"],"character_chosen":"DEFECT","items_purchased":["Self Repair","FairyPotion","Conserve Battery","Lockon","LiquidMemories","Conserve Battery"],"campfire_rested":6,"item_purchase_floors":[4,20,20,20,27,37],"current_hp_per_floor":[64,64,38,38,31,38,59,8,8,29,29,32,39,41,41,31,61,23,23,23,23,15,36,21,42,42,42,42,42,42,27,48,53,67,49,49,49,49,34,55,39,0,0],"gold":108,"neow_bonus":"THREE_ENEMY_KILL","is_daily":false,"chose_seed":false,"campfire_upgraded":1,"win_rate":0.0,"timestamp":1614205614,"path_taken":["M","M","?","$","?","E","R","E","T","R","?","M","?","E","R","BOSS","M","?","$","?","M","R","E","R","T","$","?","?","?","?","R","BOSS","M","?","$","?","?","R","M","M"],"items_purchased_type":["Card","Potion","Card","Card","Potion","Card"],"build_version":"2020-12-22","purchased_purges":0,"victory":false,"max_hp_per_floor":[71,71,71,71,71,71,71,71,71,71,71,71,71,71,71,71,71,71,71,71,71,71,71,71,71,71,71,71,71,71,71,71,71,71,71,71,71,71,71,71,71,71,71],"card_choices":[{"not_picked":["Barrage","Cold Snap"],"picked":"Sweeping Beam","floor":1.0},{"not_picked":["Cold Snap","Turbo"],"picked":"Go for the Eyes","floor":2.0},{"not_picked":["Redo","Ball Lightning"],"picked":"Loop","floor":6.0},{"not_picked":["All For One","Reprogram"],"picked":"Fission","floor":8.0},{"not_picked":["Steam Power","Darkness"],"picked":"Reinforced Body","floor":12.0},{"not_picked":["Turbo","Redo"],"picked":"Gash","floor":13.0},{"not_picked":["Scrape","Genetic Algorithm"],"picked":"Tempest","floor":14.0},{"not_picked":["Fission","Core Surge"],"picked":"Creative AI","floor":16.0},{"not_picked":["Sweeping Beam","Barrage"],"picked":"Leap+1","floor":18.0},{"not_picked":["Skim","Steam","Ball Lightning"],"picked":"SKIP","floor":22.0},{"not_picked":["Cold Snap","Barrage","Sweeping Beam"],"picked":"SKIP","floor":24.0},{"not_picked":["Leap","Beam Cell","Conserve Battery"],"picked":"SKIP","floor":31.0},{"not_picked":["Hyperbeam","Biased Cognition"],"picked":"Rainbow","floor":33.0},{"not_picked":["Barrage","Streamline","Ball Lightning"],"picked":"SKIP","floor":35.0},{"not_picked":["Hyperbeam","Gash"],"picked":"Consume","floor":41}],"player_experience":1404974,"relics_obtained":[{"floor":6.0,"key":"Darkstone Periapt"},{"floor":8.0,"key":"DataDisk"},{"floor":9.0,"key":"Incense Burner"},{"floor":11.0,"key":"Toy Ornithopter"},{"floor":13.0,"key":"Odd Mushroom"},{"floor":14.0,"key":"Ancient Tea Set"},{"floor":24.0,"key":"White Beast Statue"},{"floor":26.0,"key":"Centennial Puzzle"},{"floor":28.0,"key":"Sundial"},{"floor":39,"key":"Peace Pipe"}],"event_choices":[{"damage_healed":0.0,"max_hp_gain":0.0,"max_hp_loss":0.0,"gold_gain":0.0,"event_name":"Scrap Ooze","player_choice":"Success","floor":3.0,"gold_loss":0.0,"damage_taken":26.0,"relics_obtained":["Ginger"]},{"cards_removed":["Strike_B"],"damage_healed":0.0,"max_hp_gain":0.0,"max_hp_loss":0.0,"gold_gain":0.0,"event_name":"Golden Wing","player_choice":"Card Removal","floor":5.0,"gold_loss":0.0,"damage_taken":7.0},{"damage_healed":0.0,"max_hp_gain":0.0,"max_hp_loss":0.0,"gold_gain":0.0,"event_name":"Mushrooms","player_choice":"Fought Mushrooms","floor":13.0,"gold_loss":0.0,"damage_taken":0.0},{"cards_removed":["Strike_B"],"damage_healed":0.0,"max_hp_gain":0.0,"max_hp_loss":0.0,"gold_gain":0.0,"event_name":"Beggar","player_choice":"Gave Gold","floor":19.0,"gold_loss":75.0,"damage_taken":0.0},{"damage_healed":0.0,"max_hp_gain":0.0,"max_hp_loss":0.0,"gold_gain":0.0,"event_name":"Back to Basics","player_choice":"Simplicity","floor":21.0,"gold_loss":0.0,"damage_taken":0.0,"cards_upgraded":["Strike_B","Strike_B","Defend_B","Defend_B","Defend_B","Defend_B"]},{"damage_healed":0.0,"max_hp_gain":0.0,"max_hp_loss":0.0,"gold_gain":0.0,"event_name":"N\u0027loth","player_choice":"Ignored","floor":30.0,"gold_loss":0.0,"damage_taken":0.0},{"cards_removed":["Gash"],"damage_healed":0.0,"max_hp_gain":0.0,"max_hp_loss":0.0,"gold_gain":0.0,"event_name":"Falling","player_choice":"Removed Attack","floor":36.0,"gold_loss":0.0,"damage_taken":0.0},{"damage_healed":0,"gold_gain":0,"player_choice":"Ignored","damage_taken":0,"max_hp_gain":0,"max_hp_loss":0,"event_name":"Mysterious Sphere","floor":38,"gold_loss":0},{"damage_healed":0,"gold_gain":0,"player_choice":"Fight","damage_taken":0,"max_hp_gain":0,"max_hp_loss":0,"event_name":"MindBloom","floor":39,"gold_loss":0}],"is_beta":false,"boss_relics":[{"not_picked":["Cursed Key","Velvet Choker"],"picked":"Inserter"},{"not_picked":["Sozu","Coffee Dripper"],"picked":"Fusion Hammer"}],"items_purged_floors":[],"is_endless":false,"potions_floor_spawned":[6,8,12,13,16,31,33,35,39,41],"killed_by":"Transient","ascension_level":17}}