{"host":"3498uni0c31c9bdm","time":1614161078,"event":{"mods":["BaseMod","Better Match","Better Note","Better Sensory Stone","Better Skull","Better Third Choice","Colored Map","Minty Spire (QoL Compilation)","Quick Restart","RNG Fix","Random Character Button","Replay The Spire","Shop Mod","Smile Girya","StSLib","Unceasing Turn Reminder"],"gold_per_floor":[119,138,61,28,46,81,81,107,107,107,107,107,107,107,107,208,208,223,223,223,223,238,238,253,270,343,353,353,353,370,388,388,388,388],"floor_reached":33,"language":"ENG","playtime":2297,"items_purged":[],"score":408,"play_id":"27deec3a-8b48-4c2c-8bb8-f25f0eb1a20c","local_time":"20210224210438","is_ascension_mode":true,"campfire_choices":[{"floor":7,"key":"REST"},{"floor":10,"key":"REST"},{"floor":12,"key":"RECALL"},{"data":"Infernal Blade","floor":23,"key":"SMITH"},{"floor":29,"key":"REST"}],"circlet_count":0,"master_deck":["AscendersBane","Strike_R","Strike_R","Strike_R","Strike_R","Strike_R","Defend_R","Defend_R","Defend_R","Demonic Infusion","ReplayTheSpireMod:Muscle Training","Infernal Blade+1","Dropkick","Cleave","Clash+1","Bludgeon","Eruption","Feed","Replay:Undeath\u0027s Touch+1","Clothesline","Entrench+1","ReplayTheSpireMod:Muscle Training+1","Twin Strike+1","Shockwave","Power Through"],"relics":["betterThird:SlimedRelic","ReplayTheSpireMod:TigerMarble","Replay:Bottled Flurry","Another Sword","Blue Candle","WarpedTongs","Replay:M_SmolderingBlood","Ring of Chaos","Mummified Hand"],"acts_visited":["Exordium","TheCity"],"potions_floor_usage":[6,27,31,33],"damage_taken":[{"damage":14,"enemies":"Small Slimes","floor":1,"turns":5},{"damage":11,"enemies":"2 Louse","floor":2,"turns":4},{"damage":7,"enemies":"Cultist","floor":5,"turns":5},{"damage":27,"enemies":"Lagavulin","floor":6,"turns":7},{"damage":37,"enemies":"3 Sentries","floor":8,"turns":7},{"damage":10,"enemies":"Fading Forest","floor":16,"turns":11},{"damage":24,"enemies":"3 Byrds","floor":18,"turns":8},{"damage":0,"enemies":"Spheric Guardian","floor":22,"turns":2},{"damage":23,"enemies":"Snake Plant","floor":24,"turns":5},{"damage":7,"enemies":"Snecko","floor":25,"turns":3},{"damage":35,"enemies":"Shelled Parasite and Fungi","floor":27,"turns":5},{"damage":24,"enemies":"Snake Plant","floor":30,"turns":4},{"damage":13,"enemies":"Snecko","floor":31,"turns":4},{"damage":87,"enemies":"Champ","floor":33,"turns":7}],"seed_played":"-2292569153285342674","potions_obtained":[{"floor":5,"key":"SneckoOil"},{"floor":8,"key":"Ancient Potion"},{"floor":27,"key":"ElixirPotion"},{"floor":30,"key":"Weak Potion"},{"floor":31,"key":"SkillPotion"}],"is_trial":false,"path_per_floor":["M","M","$","?","M","E","R","E","T","R","T","R","?","?","R_BF","B",null,"M","?","?","?","M","R","M","M","T","M","?","R","M","M","R_BF","B"],"character_chosen":"IRONCLAD","items_purchased":["Dropkick"],"campfire_rested":3,"item_purchase_floors":[3],"current_hp_per_floor":[64,59,59,48,47,26,50,19,19,43,43,43,43,43,67,65,76,56,56,84,84,84,84,61,54,54,23,23,49,31,18,46,0,0],"gold":388,"neow_bonus":"ONE_RANDOM_RARE_CARD","is_daily":false,"chose_seed":false,"campfire_upgraded":1,"win_rate":0.0,"timestamp":1614161078,"path_taken":["M","M","$","?","?","E","R","E","T","R","?","R","?","?","R_BF","BOSS","M","?","?","?","M","R","M","M","T","M","?","R","?","M","R_BF","BOSS"],"items_purchased_type":["Card"],"build_version":"2020-12-22","purchased_purges":0,"victory":false,"max_hp_per_floor":[80,80,80,80,80,80,80,80,80,80,80,80,80,80,80,80,80,84,84,84,84,84,84,84,84,84,88,88,88,94,94,94,94,94],"card_choices":[{"not_picked":["Bloodletting","Power Through"],"picked":"ReplayTheSpireMod:Muscle Training","floor":1},{"not_picked":["Dual Wield","Wild Strike"],"picked":"Infernal Blade","floor":2},{"not_picked":["ReplayTheSpireMod:Corrosion Curse","Second Wind"],"picked":"Cleave","floor":5},{"not_picked":["ReplayTheSpireMod:Strike From Hell","Warcry"],"picked":"Clash","floor":6},{"not_picked":["Life Link","Intimidate"],"picked":"Bludgeon","floor":8},{"not_picked":["Immolate","Impervious"],"picked":"Feed","floor":16},{"not_picked":["Cleave","Battle Trance"],"picked":"Replay:Undeath\u0027s Touch","floor":18},{"not_picked":["Reckless Charge","Havoc"],"picked":"Clothesline","floor":22},{"not_picked":["ReplayTheSpireMod:Muscle Training","Rage"],"picked":"Entrench+1","floor":24},{"not_picked":["Reckless Charge+1","Headbutt"],"picked":"ReplayTheSpireMod:Muscle Training+1","floor":25},{"not_picked":["Body Slam","Iron Wave"],"picked":"Twin Strike+1","floor":27},{"not_picked":["Anger","Reckless Charge"],"picked":"Shockwave","floor":30},{"not_picked":["Sentinel","ReplayTheSpireMod:Strike From Hell"],"picked":"Power Through","floor":31}],"player_experience":935747,"relics_obtained":[{"floor":6,"key":"ReplayTheSpireMod:TigerMarble"},{"floor":8,"key":"Replay:Bottled Flurry"},{"floor":9,"key":"Another Sword"},{"floor":11,"key":"Blue Candle"},{"floor":26,"key":"Mummified Hand"}],"event_choices":[{"damage_healed":0,"gold_gain":0,"player_choice":"Slimed","damage_taken":11,"max_hp_gain":0,"max_hp_loss":0,"event_name":"betterThird:BetterGoop","floor":4,"gold_loss":33},{"damage_healed":0,"gold_gain":0,"player_choice":"Rummage","damage_taken":0,"relics_obtained":["WarpedTongs"],"max_hp_gain":0,"max_hp_loss":0,"event_name":"Accursed Blacksmith","floor":13,"gold_loss":0,"cards_obtained":["Pain"]},{"cards_removed":["Pain"],"damage_healed":0,"gold_gain":0,"player_choice":"Removed Curses","damage_taken":0,"max_hp_gain":0,"max_hp_loss":0,"event_name":"Fountain of Cleansing","floor":19,"gold_loss":0},{"damage_healed":28,"gold_gain":0,"player_choice":"Full Heal","damage_taken":0,"max_hp_gain":0,"max_hp_loss":0,"event_name":"Wheel of Change","floor":20,"gold_loss":0},{"cards_removed":["Defend_R"],"damage_healed":0,"gold_gain":0,"player_choice":"Offered Basic","damage_taken":0,"max_hp_gain":0,"max_hp_loss":0,"event_name":"Bonfire Elementals","floor":21,"gold_loss":0}],"is_beta":false,"boss_relics":[{"not_picked":["Empty Cage","Ectoplasm"],"picked":"Ring of Chaos"}],"items_purged_floors":[],"is_endless":false,"potions_floor_spawned":[5,8,27,30,31],"killed_by":"Champ","ascension_level":12}}