{"host":"tr0r177cvmpvg89h","time":1614180353,"event":{"mods":["BaseMod","Colored Map","DeckTracker","Minty Spire (QoL Compilation)","StSLib","SuperFastMode"],"gold_per_floor":[111,111,128,53,64,64,91,91,138,138,148,167,196,210,210,210,210],"floor_reached":16,"language":"KOR","playtime":1153,"items_purged":["Strike_B"],"score":112,"play_id":"a81502bf-dabe-4688-ae68-66f3aa34d13c","local_time":"20210225002553","is_ascension_mode":false,"campfire_choices":[{"data":"Self Repair","floor":6,"key":"SMITH"},{"data":"White Noise","floor":8,"key":"SMITH"},{"floor":15,"key":"REST"}],"circlet_count":0,"master_deck":["Strike_B","Strike_B","Defend_B","Defend_B","Defend_B","Defend_B","Zap","Dualcast","Conserve Battery","Beam Cell","Self Repair+1","White Noise+1","Pain","Biased Cognition","Gash","Storm","Consume","Coolheaded","Redo"],"relics":["Cracked Core","NeowsBlessing","Dream Catcher","Bag of Preparation","Regal Pillow"],"acts_visited":["Exordium"],"potions_floor_usage":[7,7,7,16,16],"damage_taken":[{"damage":0,"enemies":"Jaw Worm","floor":1,"turns":1},{"damage":0,"enemies":"2 Louse","floor":3,"turns":1},{"damage":0,"enemies":"Cultist","floor":5,"turns":1},{"damage":28,"enemies":"3 Sentries","floor":7,"turns":8},{"damage":16,"enemies":"3 Louse","floor":11,"turns":3},{"damage":25,"enemies":"Gremlin Gang","floor":12,"turns":6},{"damage":9,"enemies":"Gremlin Nob","floor":13,"turns":3},{"damage":13,"enemies":"Looter","floor":14,"turns":3},{"damage":75,"enemies":"Slime Boss","floor":16,"turns":16}],"seed_played":"-7595302957045588348","potions_obtained":[{"floor":1,"key":"AttackPotion"},{"floor":3,"key":"LiquidMemories"},{"floor":5,"key":"SteroidPotion"},{"floor":12,"key":"SkillPotion"},{"floor":14,"key":"Strength Potion"}],"is_trial":false,"path_per_floor":["M","?","M","$","M","R","E","R","T","?","M","M","E","M","R","B"],"character_chosen":"DEFECT","items_purchased":[],"campfire_rested":1,"item_purchase_floors":[],"current_hp_per_floor":[75,75,75,75,75,75,57,57,57,57,51,36,37,34,71,0,0],"gold":210,"neow_bonus":"THREE_ENEMY_KILL","is_daily":false,"chose_seed":false,"campfire_upgraded":2,"win_rate":0.0,"timestamp":1614180353,"path_taken":["M","?","M","$","M","R","E","R","T","?","M","M","E","M","R","BOSS"],"items_purchased_type":[],"build_version":"2020-12-22","purchased_purges":1,"victory":false,"max_hp_per_floor":[75,75,75,75,75,75,75,75,75,75,75,75,75,75,75,75,75],"card_choices":[{"not_picked":["Scrape","Hologram"],"picked":"Conserve Battery","floor":1},{"not_picked":["Steam","Stack"],"picked":"Beam Cell","floor":3},{"not_picked":["Barrage","Conserve Battery"],"picked":"Self Repair","floor":5},{"not_picked":["Steam","Conserve Battery"],"picked":"White Noise","floor":7},{"not_picked":["Go for the Eyes","Stack"],"picked":"Gash","floor":11},{"not_picked":["Redo","Defragment"],"picked":"Storm","floor":12},{"not_picked":["Sweeping Beam","Steam"],"picked":"Consume","floor":13},{"not_picked":["Doom and Gloom","Gash"],"picked":"Coolheaded","floor":14},{"not_picked":["Coolheaded","BootSequence"],"picked":"Redo","floor":15}],"player_experience":135633,"relics_obtained":[{"floor":7,"key":"Dream Catcher"},{"floor":9,"key":"Bag of Preparation"},{"floor":13,"key":"Regal Pillow"}],"event_choices":[{"cards_removed":["Strike_B"],"damage_healed":0,"gold_gain":0,"player_choice":"Forget","damage_taken":0,"max_hp_gain":0,"max_hp_loss":0,"event_name":"Living Wall","floor":2,"gold_loss":0},{"damage_healed":0,"gold_gain":0,"player_choice":"2 cards matched","damage_taken":0,"max_hp_gain":0,"max_hp_loss":0,"event_name":"Match and Keep!","floor":10,"gold_loss":0,"cards_obtained":["Pain","Biased Cognition"]}],"is_beta":false,"boss_relics":[],"items_purged_floors":[4],"is_endless":false,"potions_floor_spawned":[1,3,5,12,14],"killed_by":"Slime Boss","ascension_level":0}}