{"host":"jruzzdd1waq9u00d","time":1614182271,"event":{"mods":["BaseMod","Colored Map","Colored Powertips","DeckTracker","KOR Keyword Fix","Minty Spire (QoL Compilation)","Permanent Neow","Quick Restart","Relic Stats","StSLib","SuperFastMode","The Hayseed"],"gold_per_floor":[116,116,136,81,101,101,129,129,179,195,224,224,224,149,149,149,149],"floor_reached":16,"language":"KOR","playtime":453,"items_purged":["TheSimpletonMod:Strike_TheSimpleton"],"score":182,"play_id":"17d116ba-fb2d-4193-b334-9317ca13d5dd","local_time":"20210225005751","is_ascension_mode":true,"campfire_choices":[{"data":"TheSimpletonMod:Haymaker","floor":6,"key":"SMITH"},{"floor":8,"key":"REST"},{"data":"TheSimpletonMod:Swelter","floor":15,"key":"SMITH"}],"circlet_count":0,"master_deck":["TheSimpletonMod:Strike_TheSimpleton","TheSimpletonMod:Strike_TheSimpleton","TheSimpletonMod:Strike_TheSimpleton","TheSimpletonMod:Defend_TheSimpleton","TheSimpletonMod:Defend_TheSimpleton","TheSimpletonMod:Defend_TheSimpleton","TheSimpletonMod:Haymaker+1","TheSimpletonMod:ReapAndSow","TheSimpletonMod:Swelter+1","TheSimpletonMod:PestManagement"],"relics":["TheSimpletonMod:SpudOfTheInnocent","TheSimpletonMod:NightSoil","TheSimpletonMod:TheHarvester","Regal Pillow","Peace Pipe","Strawberry","TheSimpletonMod:SpudOfTheMartyr","Golden Idol"],"acts_visited":["Exordium"],"potions_floor_usage":[7,11],"damage_taken":[{"damage":5,"enemies":"Small Slimes","floor":1,"turns":5},{"damage":1,"enemies":"Cultist","floor":3,"turns":5},{"damage":5,"enemies":"Jaw Worm","floor":5,"turns":3},{"damage":44,"enemies":"Lagavulin","floor":7,"turns":8},{"damage":11,"enemies":"Red Slaver","floor":10,"turns":3},{"damage":49,"enemies":"Gremlin Nob","floor":11,"turns":5},{"damage":94,"enemies":"Slime Boss","floor":16,"turns":16}],"seed_played":"-1919793737291214386","potions_obtained":[{"floor":5,"key":"AttackPotion"},{"floor":7,"key":"FairyPotion"},{"floor":10,"key":"SkillPotion"}],"is_trial":false,"path_per_floor":["M","?","M","?","M","R","E","R","T","M","E","?","?","$","R","B"],"character_chosen":"THE_SIMPLETON","items_purchased":[],"campfire_rested":1,"item_purchase_floors":[],"current_hp_per_floor":[74,74,77,77,76,76,38,77,84,79,36,47,47,47,47,0,0],"gold":149,"neow_bonus":"TEN_PERCENT_HP_BONUS","is_daily":false,"chose_seed":false,"campfire_upgraded":2,"win_rate":0.0,"timestamp":1614182271,"path_taken":["M","?","?","?","?","R","E","R","T","M","E","?","?","$","R","BOSS"],"items_purchased_type":[],"build_version":"2020-12-22","purchased_purges":1,"victory":false,"max_hp_per_floor":[82,82,82,82,82,82,82,82,89,89,89,100,92,92,92,92,92],"relic_stats":{"Peace Pipe":0,"Regal Pillow":15,"counters":[7,45],"Golden Idol":0,"obtain_stats":[{"TheSimpletonMod:TheHarvester":0,"Peace Pipe":7,"Regal Pillow":4,"TheSimpletonMod:SpudOfTheMartyr":11,"Golden Idol":13,"Strawberry":9,"TheSimpletonMod:SpudOfTheInnocent":0,"TheSimpletonMod:NightSoil":0},{"TheSimpletonMod:TheHarvester":0,"Peace Pipe":4,"Regal Pillow":2,"TheSimpletonMod:SpudOfTheMartyr":6,"Golden Idol":6,"Strawberry":4,"TheSimpletonMod:SpudOfTheInnocent":0,"TheSimpletonMod:NightSoil":0},{"TheSimpletonMod:TheHarvester":0,"Peace Pipe":21,"Regal Pillow":10,"TheSimpletonMod:SpudOfTheMartyr":29,"Golden Idol":29,"Strawberry":21,"TheSimpletonMod:SpudOfTheInnocent":0,"TheSimpletonMod:NightSoil":0}]},"card_choices":[{"not_picked":["TheSimpletonMod:Germinate","TheSimpletonMod:OnionBloom"],"picked":"TheSimpletonMod:Swelter","floor":1},{"not_picked":["TheSimpletonMod:SeedCoat","TheSimpletonMod:ToughenUp","TheSimpletonMod:CloseScrape"],"picked":"SKIP","floor":3},{"not_picked":["TheSimpletonMod:Biorefinement","TheSimpletonMod:DoubleBarrel","TheSimpletonMod:Rototilling"],"picked":"SKIP","floor":5},{"not_picked":["TheSimpletonMod:DigIn","TheSimpletonMod:OnionBloom","TheSimpletonMod:VineRipen"],"picked":"SKIP","floor":7},{"not_picked":["TheSimpletonMod:Mulch","TheSimpletonMod:ToughenUp"],"picked":"TheSimpletonMod:PestManagement","floor":10},{"not_picked":["TheSimpletonMod:Polyculture","TheSimpletonMod:Onions","TheSimpletonMod:Sunchoke"],"picked":"SKIP","floor":11}],"player_experience":475505,"relics_obtained":[{"floor":7,"key":"Peace Pipe"},{"floor":9,"key":"Strawberry"},{"floor":11,"key":"TheSimpletonMod:SpudOfTheMartyr"}],"event_choices":[{"cards_removed":["TheSimpletonMod:Defend_TheSimpleton"],"damage_healed":0,"gold_gain":0,"player_choice":"Offered Basic","damage_taken":0,"max_hp_gain":0,"max_hp_loss":0,"event_name":"Bonfire Elementals","floor":2,"gold_loss":0},{"damage_healed":0,"gold_gain":0,"player_choice":"Paid Gold","damage_taken":0,"relics_obtained":["Regal Pillow"],"max_hp_gain":0,"max_hp_loss":0,"event_name":"WeMeetAgain","floor":4,"gold_loss":55},{"damage_healed":0,"gold_gain":0,"player_choice":"Lose Max HP","damage_taken":0,"relics_obtained":["Golden Idol"],"max_hp_gain":0,"max_hp_loss":8,"event_name":"Golden Idol","floor":13,"gold_loss":0}],"is_beta":false,"boss_relics":[],"items_purged_floors":[14],"is_endless":false,"potions_floor_spawned":[5,7,10],"killed_by":"Slime Boss","ascension_level":9}}