{"host":"1wqkiqy0sjhdftq4","time":1614151894,"event":{"mods":["ATMod(°¢èªMod)","Act Like it!","BaseMod","Minty Spire (QoL Compilation)","Prisma Mod","Reimu£¨²©ÀöÁéÃÎ£©","Relic Stats","Replay The Spire","Spicy Shops","StSLib"],"gold_per_floor":[109,34,45,64,4,30,30,64,64,76,20,52,63,73,73,147,147,161,81,81,81,93,93,93,93],"floor_reached":24,"language":"ZHS","playtime":1152,"items_purged":["Strike_B"],"score":432,"play_id":"4f5dbc91-1580-48b4-9c77-6fe68d9726e3","local_time":"20210224153134","is_ascension_mode":true,"campfire_choices":[{"data":"Dualcast","floor":7.0,"key":"SMITH"},{"data":"Coolheaded","floor":15.0,"key":"SMITH"},{"data":"Buffer","floor":23,"key":"SMITH"}],"circlet_count":0,"master_deck":["AscendersBane","Strike_B","Strike_B","Strike_B","Defend_B","Defend_B","Defend_B","Defend_B","Zap","Dualcast+1","AT_DarkMatter","AT_DarkMatter","Coolheaded+1","Echo Form","Coolheaded","Self Repair","Reboot","Buffer+1"],"relics":["Cracked Core","AT_ATBox","NeowsBlessing","Mercury Hourglass","Carrot","AT_DeathDance","Chameleon Ring","Ginger","Coffee Dripper","ZunR:ReiMu"],"acts_visited":["Exordium","TheCity"],"potions_floor_usage":[],"damage_taken":[{"damage":0.0,"enemies":"Cultist","floor":1.0,"turns":1.0},{"damage":0.0,"enemies":"Small Slimes","floor":3.0,"turns":1.0},{"damage":0.0,"enemies":"Jaw Worm","floor":4.0,"turns":1.0},{"damage":34.0,"enemies":"Lagavulin","floor":6.0,"turns":7.0},{"damage":4.0,"enemies":"Gremlin Nob","floor":8.0,"turns":3.0},{"damage":5.0,"enemies":"3 Louse","floor":10.0,"turns":2.0},{"damage":4.0,"enemies":"3 Sentries","floor":12.0,"turns":4.0},{"damage":0.0,"enemies":"Exordium Thugs","floor":13.0,"turns":3.0},{"damage":2.0,"enemies":"Large Slime","floor":14.0,"turns":8.0},{"damage":26.0,"enemies":"The Guardian","floor":16.0,"turns":11.0},{"damage":7,"enemies":"3 Byrds","floor":18,"turns":4},{"damage":0,"enemies":"Chosen","floor":22,"turns":6},{"damage":78,"enemies":"Book of Stabbing","floor":24,"turns":7}],"seed_played":"-2687385854994341430","potions_obtained":[{"floor":6.0,"key":"EssenceOfDarkness"},{"floor":8.0,"key":"LiquidBronze"},{"floor":10.0,"key":"ZuzhouPotion:ReiMu"},{"floor":12.0,"key":"SkillPotion"},{"floor":13.0,"key":"Block Potion"}],"is_trial":false,"path_per_floor":["M","$","M","M","?","E","R","E","T","M","$","E","M","M","R","B",null,"M","?","?","?","M","R","E"],"character_chosen":"DEFECT","items_purchased":["Explosive Potion"],"campfire_rested":0,"item_purchase_floors":[11],"current_hp_per_floor":[64,64,64,64,64,30,30,26,26,21,21,17,17,29,29,10,56,56,49,49,71,71,71,0,0],"gold":93,"neow_bonus":"THREE_ENEMY_KILL","is_daily":false,"chose_seed":false,"campfire_upgraded":3,"win_rate":0.0,"timestamp":1614151894,"path_taken":["M","?","M","?","?","E","R","E","T","M","$","E","?","M","R","BOSS","M","?","?","?","?","R","E"],"items_purchased_type":["Potion"],"build_version":"2020-12-22","purchased_purges":1,"victory":false,"max_hp_per_floor":[71,71,71,71,71,71,71,71,71,71,71,71,71,71,71,71,71,71,71,71,71,71,71,71,71],"relic_stats":{"counters":[13,57],"Ginger":[8],"obtain_stats":[{"Carrot":6,"AT_ATBox":0,"Chameleon Ring":9,"NeowsBlessing":0,"ZunR:ReiMu":19,"Coffee Dripper":17,"Ginger":12,"AT_DeathDance":8,"Cracked Core":0,"Mercury Hourglass":5},{"Carrot":4,"AT_ATBox":0,"Chameleon Ring":5,"NeowsBlessing":0,"ZunR:ReiMu":11,"Coffee Dripper":10,"Ginger":7,"AT_DeathDance":5,"Cracked Core":0,"Mercury Hourglass":3},{"Carrot":10,"AT_ATBox":0,"Chameleon Ring":13,"NeowsBlessing":0,"ZunR:ReiMu":45,"Coffee Dripper":41,"Ginger":19,"AT_DeathDance":13,"Cracked Core":0,"Mercury Hourglass":3}],"Mercury Hourglass":[217]},"card_choices":[{"not_picked":["Steam","ReplaySolidLightProjector","Barrage"],"picked":"SKIP","floor":1.0},{"not_picked":["AT_ThunderBolt","Streamline"],"picked":"AT_DarkMatter","floor":3.0},{"not_picked":["Conserve Battery","Beam Cell"],"picked":"Coolheaded","floor":4.0},{"not_picked":["Streamline","Ball Lightning"],"picked":"Echo Form","floor":6.0},{"not_picked":["Panic Button","Force Field"],"picked":"Coolheaded","floor":8.0},{"not_picked":["ReplayTheSpireMod:Repulse","Steam","Gash"],"picked":"SKIP","floor":10.0},{"not_picked":["ReplayTheSpireMod:Repulse","Steam","Gash"],"picked":"SKIP","floor":10.0},{"not_picked":["Double Energy","Barrage","ReplaySolidLightProjector"],"picked":"SKIP","floor":12.0},{"not_picked":["ReplayTheSpireMod:System Scan","Aggregate"],"picked":"Self Repair","floor":13.0},{"not_picked":["Darkness","Steam"],"picked":"Reboot","floor":14.0},{"not_picked":["All For One","Hyperbeam"],"picked":"Buffer","floor":16.0},{"not_picked":["Melter","Stack","Turbo"],"picked":"SKIP","floor":18},{"not_picked":["Chaos","Leap+1","Compile Driver"],"picked":"SKIP","floor":22}],"player_experience":573414,"relics_obtained":[{"floor":6.0,"key":"Carrot"},{"floor":8.0,"key":"AT_DeathDance"},{"floor":9.0,"key":"Chameleon Ring"},{"floor":12.0,"key":"Ginger"}],"event_choices":[{"damage_healed":0.0,"max_hp_gain":0.0,"max_hp_loss":0.0,"gold_gain":0.0,"event_name":"WeMeetAgain","player_choice":"Paid Gold","floor":5.0,"gold_loss":60.0,"damage_taken":0.0,"relics_obtained":["Mercury Hourglass"]},{"damage_healed":0,"gold_gain":0,"player_choice":"¹ºÂòÉñ¾Æ","damage_taken":7,"relics_obtained":["ZunR:ReiMu"],"max_hp_gain":0,"max_hp_loss":0,"event_name":"ZunEvent","floor":19,"gold_loss":0},{"damage_healed":0,"gold_gain":0,"player_choice":"Ignored","damage_taken":0,"max_hp_gain":0,"max_hp_loss":0,"event_name":"Vampires","floor":20,"gold_loss":0},{"damage_healed":22,"gold_gain":0,"player_choice":"Full Heal","damage_taken":0,"max_hp_gain":0,"max_hp_loss":0,"event_name":"Wheel of Change","floor":21,"gold_loss":0}],"is_beta":false,"boss_relics":[{"not_picked":["Astrolabe","Replay:Wanted Poster"],"picked":"Coffee Dripper"}],"items_purged_floors":[2],"is_endless":false,"potions_floor_spawned":[6,8,10,12,13],"killed_by":"Book of Stabbing","ascension_level":20}}