{"host":"5tzvto3beate6p8b","time":1614191896,"event":{"mods":["BaseMod","Colored Map","DeckTracker","Minty Spire (QoL Compilation)","Relic Stats","StSLib","SuperFastMode"],"gold_per_floor":[111,121,121,137,5,5,36,36,36,36,1,1,18,45,45,122,122,134,134,134,149,55,55,83,83,165,165,165],"floor_reached":27,"language":"JPN","playtime":1009,"items_purged":["Strike_G"],"score":474,"play_id":"59eb0bbf-9bc2-4465-af89-caa87c41f590","local_time":"20210225033816","is_ascension_mode":true,"campfire_choices":[{"data":"After Image","floor":6.0,"key":"SMITH"},{"data":"Bane","floor":8.0,"key":"SMITH"},{"data":"Dagger Spray","floor":10.0,"key":"SMITH"},{"data":"Poisoned Stab","floor":12.0,"key":"SMITH"},{"data":"Bane","floor":15.0,"key":"SMITH"},{"data":"Footwork","floor":23.0,"key":"SMITH"},{"data":"Neutralize","floor":25,"key":"SMITH"}],"circlet_count":0,"master_deck":["AscendersBane","Strike_G","Strike_G","Strike_G","Defend_G","Defend_G","Defend_G","Defend_G","Defend_G","Survivor","Neutralize+1","Dagger Spray+1","Deadly Poison","Poisoned Stab+1","After Image+1","Bane+1","Noxious Fumes+1","Backflip","Bane+1","Corpse Explosion","Blade Dance","Footwork+1","Accuracy","Endless Agony"],"relics":["Ring of the Snake","White Beast Statue","The Courier","Bottled Flame","SacredBark","Potion Belt","Ornamental Fan"],"acts_visited":["Exordium","TheCity"],"potions_floor_usage":[24,24],"damage_taken":[{"damage":0.0,"enemies":"Small Slimes","floor":1.0,"turns":5.0},{"damage":0.0,"enemies":"2 Louse","floor":2.0,"turns":3.0},{"damage":9.0,"enemies":"Jaw Worm","floor":4.0,"turns":4.0},{"damage":10.0,"enemies":"Lagavulin","floor":7.0,"turns":7.0},{"damage":14.0,"enemies":"3 Louse","floor":13.0,"turns":3.0},{"damage":23.0,"enemies":"Gremlin Nob","floor":14.0,"turns":4.0},{"damage":30.0,"enemies":"Slime Boss","floor":16.0,"turns":10.0},{"damage":0.0,"enemies":"3 Byrds","floor":18.0,"turns":3.0},{"damage":20.0,"enemies":"Shell Parasite","floor":21.0,"turns":5.0},{"damage":24,"enemies":"Book of Stabbing","floor":24,"turns":5},{"damage":17,"enemies":"Cultist and Chosen","floor":27,"turns":6}],"seed_played":"-3787552539760408006","potions_obtained":[{"floor":4.0,"key":"BlessingOfTheForge"},{"floor":7.0,"key":"EntropicBrew"},{"floor":13.0,"key":"Fruit Juice"},{"floor":14.0,"key":"SteroidPotion"},{"floor":16.0,"key":"DuplicationPotion"},{"floor":18.0,"key":"CultistPotion"},{"floor":21.0,"key":"PowerPotion"},{"floor":24,"key":"Energy Potion"}],"is_trial":false,"path_per_floor":["M","M","?","M","$","R","E","R","T","R","?","R","M","E","R","B",null,"M","?","?","M","$","R","E","R","T","M"],"character_chosen":"THE_SILENT","items_purchased":["After Image","Bane","Accuracy"],"campfire_rested":0,"item_purchase_floors":[5,5,22],"current_hp_per_floor":[59,59,59,50,50,50,40,40,40,40,56,56,47,24,24,17,58,58,58,58,38,38,38,14,14,14,0,0],"gold":165,"neow_bonus":"REMOVE_CARD","is_daily":false,"chose_seed":false,"campfire_upgraded":7,"win_rate":0.0,"timestamp":1614191896,"path_taken":["M","M","?","M","$","R","E","R","T","R","?","R","M","E","R","BOSS","M","?","?","?","$","R","E","R","T","M"],"items_purchased_type":["Card","Card","Card"],"build_version":"2020-12-22","purchased_purges":1,"victory":false,"max_hp_per_floor":[66,66,66,66,66,66,66,66,66,66,66,66,71,71,71,71,71,71,71,71,71,71,71,71,71,71,71,71],"relic_stats":{"counters":[11,55],"Ornamental Fan":[4],"obtain_stats":[{"Potion Belt":24,"Bottled Flame":14,"Ornamental Fan":26,"SacredBark":17,"The Courier":9,"White Beast Statue":7,"Ring of the Snake":0},{"Potion Belt":10,"Bottled Flame":6,"Ornamental Fan":10,"SacredBark":7,"The Courier":4,"White Beast Statue":4,"Ring of the Snake":0},{"Potion Belt":49,"Bottled Flame":26,"Ornamental Fan":49,"SacredBark":36,"The Courier":19,"White Beast Statue":19,"Ring of the Snake":0}],"Ring of the Snake":[22]},"card_choices":[{"not_picked":["Heel Hook","Distraction"],"picked":"Dagger Spray","floor":1.0},{"not_picked":["Backflip","Accuracy"],"picked":"Deadly Poison","floor":2.0},{"not_picked":["Predator","Dagger Throw"],"picked":"Poisoned Stab","floor":4.0},{"not_picked":["Dagger Throw","Quick Slash"],"picked":"Noxious Fumes","floor":7.0},{"not_picked":["Finisher","Concentrate"],"picked":"Backflip","floor":13.0},{"not_picked":["Terror","Riddle With Holes"],"picked":"Bane","floor":14.0},{"not_picked":["Wraith Form v2","Phantasmal Killer"],"picked":"Corpse Explosion","floor":16.0},{"not_picked":["Backflip","Flying Knee+1"],"picked":"Blade Dance","floor":18.0},{"not_picked":["Endless Agony","Outmaneuver"],"picked":"Footwork","floor":21.0},{"not_picked":["Choke+1","All Out Attack"],"picked":"Endless Agony","floor":24}],"player_experience":873171,"relics_obtained":[{"floor":7.0,"key":"White Beast Statue"},{"floor":9.0,"key":"The Courier"},{"floor":14.0,"key":"Bottled Flame"},{"floor":24,"key":"Potion Belt"},{"floor":26,"key":"Ornamental Fan"}],"event_choices":[{"damage_healed":0.0,"max_hp_gain":0.0,"max_hp_loss":0.0,"gold_gain":0.0,"event_name":"Shining Light","player_choice":"Ignored","floor":3.0,"gold_loss":0.0,"damage_taken":0.0},{"damage_healed":16.0,"max_hp_gain":0.0,"max_hp_loss":0.0,"gold_gain":0.0,"event_name":"The Cleric","player_choice":"Healed","floor":11.0,"gold_loss":35.0,"damage_taken":0.0},{"damage_healed":0.0,"max_hp_gain":0.0,"max_hp_loss":0.0,"gold_gain":0.0,"event_name":"Ghosts","player_choice":"Ignored","floor":19.0,"gold_loss":0.0,"damage_taken":0.0},{"damage_healed":0.0,"max_hp_gain":0.0,"max_hp_loss":0.0,"gold_gain":0.0,"event_name":"Upgrade Shrine","player_choice":"Upgraded","floor":20.0,"gold_loss":0.0,"damage_taken":0.0,"cards_upgraded":["Noxious Fumes"]}],"is_beta":false,"boss_relics":[{"not_picked":["Ectoplasm","Snecko Eye"],"picked":"SacredBark"}],"items_purged_floors":[22],"is_endless":false,"potions_floor_spawned":[4,7,13,14,16,18,21,24],"killed_by":"Cultist and Chosen","ascension_level":20}}