{"host":"tljks8peornvp26t","time":1614184033,"event":{"mods":["AchievementEnabler","BaseMod","Downfall","Marisa????????","Minty Spire (QoL Compilation)","Reliquary","Replay The Spire","StSLib","The Cursed","The Servant 0.9.4"],"gold_per_floor":[116,116,132,207,223,223,235,265,289,29,49,49,23,38,38,142,142,126,126,143,153,153,153,153,181,236,236,251,264,264,275,275,376,376,390,23,23,23],"floor_reached":37,"language":"ENG","playtime":3183,"items_purged":[],"score":450,"play_id":"8d08dd58-9db3-4242-b54b-777b4b44dd4f","local_time":"20210224162713","is_ascension_mode":true,"campfire_choices":[{"data":"Zap","floor":6,"key":"SMITH"},{"data":"ReplayTheSpireMod:Calculation Training","floor":12,"key":"SMITH"},{"floor":15,"key":"REST"},{"floor":23,"key":"REST"},{"floor":27,"key":"REST"},{"floor":30,"key":"REST"},{"floor":32,"key":"REST"}],"circlet_count":0,"master_deck":["Strike_B","Strike_B","Strike_B","Defend_B","Defend_B","Defend_B","Defend_B","Zap+1","Dualcast","Skim","Auto Shields","Ball Lightning","ReplayTheSpireMod:Calculation Training+1","Conserve Battery+1","Streamline","Cold Snap","Echo Form","White Noise+1","Force Field+1","Crystallizer+1","BasicCrystalCard+1","BasicCrystalCard+1","Storm","Melter","Creative AI","Sweeping Beam+1","Static Discharge","Conserve Battery+1"],"relics":["Cracked Core","NeowsBlessing","Ancient Tea Set","Tiny Chest","Toxic Egg 2","Nuclear Battery","Letter Opener","Blood Vial","SlaversCollar","reliquary:IridiumChain"],"acts_visited":["Exordium","TheCity","TheBeyond"],"potions_floor_usage":[8,8,14,16,18,31,33,35],"damage_taken":[{"damage":0,"enemies":"Jaw Worm","floor":1,"turns":1},{"damage":0,"enemies":"Small Slimes","floor":3,"turns":1},{"damage":0,"enemies":"2 Louse","floor":5,"turns":1},{"damage":18,"enemies":"Lots of Slimes","floor":7,"turns":4},{"damage":18,"enemies":"3 Sentries","floor":8,"turns":7},{"damage":1,"enemies":"Exordium Wildlife","floor":11,"turns":2},{"damage":6,"enemies":"Looter","floor":14,"turns":2},{"damage":9,"enemies":"Slime Boss","floor":16,"turns":13},{"damage":10,"enemies":"2 Thieves","floor":18,"turns":4},{"damage":26,"enemies":"Chosen","floor":20,"turns":7},{"damage":6,"enemies":"Snake Plant","floor":21,"turns":4},{"damage":52,"enemies":"Book of Stabbing","floor":25,"turns":7},{"damage":20,"enemies":"3 Cultists","floor":28,"turns":6},{"damage":22,"enemies":"Sentry and Sphere","floor":29,"turns":6},{"damage":5,"enemies":"Centurion and Healer","floor":31,"turns":5},{"damage":26,"enemies":"Champ","floor":33,"turns":13},{"damage":31,"enemies":"Orb Walker","floor":35,"turns":4},{"damage":46,"enemies":"3 Darklings","floor":37,"turns":2}],"seed_played":"2127477348997402288","potions_obtained":[{"floor":3,"key":"Block Potion"},{"floor":7,"key":"Strength Potion"},{"floor":11,"key":"SkillPotion"},{"floor":14,"key":"Block Potion"},{"floor":16,"key":"Weak Potion"},{"floor":21,"key":"SpeedPotion"},{"floor":28,"key":"FairyPotion"},{"floor":29,"key":"Weak Potion"},{"floor":33,"key":"Fire Potion"},{"floor":35,"key":"hexamod:SoulburnPotion"}],"is_trial":false,"path_per_floor":["M","?","M","?","M","R","M","E","T","$","M","R","$","M","R","B",null,"M","?","M","M","?","R","T","E","T","R","M","M","R","M","R","B",null,"M","$","M"],"character_chosen":"DEFECT","items_purchased":["Toxic Egg 2","Streamline","reliquary:IridiumChain","Static Discharge","Conserve Battery+1"],"campfire_rested":5,"item_purchase_floors":[10,13,36,36,36],"current_hp_per_floor":[75,75,75,64,64,64,46,28,28,28,27,27,27,21,43,34,75,65,65,39,33,33,55,55,3,3,25,7,11,33,30,52,28,75,44,44,0,0],"gold":23,"neow_bonus":"THREE_ENEMY_KILL","is_daily":false,"chose_seed":false,"campfire_upgraded":2,"win_rate":0.0,"timestamp":1614184033,"path_taken":["M","?","M","?","M","R","M","E","T","$","M","R","$","M","R","BOSS","M","?","M","?","?","R","?","E","T","R","M","M","R","M","R","BOSS","M","$","M"],"items_purchased_type":["Relic","Card","Relic","Card","Card"],"build_version":"2020-12-22","purchased_purges":0,"victory":false,"max_hp_per_floor":[75,75,75,75,75,75,75,75,75,75,75,75,75,75,75,75,75,75,75,75,75,75,75,75,75,75,75,75,75,75,75,75,75,75,75,75,75,75],"card_choices":[{"not_picked":["Stack","Tempest"],"picked":"Skim","floor":1},{"not_picked":["Barrage","Rebound"],"picked":"Auto Shields","floor":3},{"not_picked":["Double Energy","Streamline"],"picked":"Ball Lightning","floor":5},{"not_picked":["Cold Snap","Redo"],"picked":"ReplayTheSpireMod:Calculation Training","floor":7},{"not_picked":["All For One","ReplayTheSpireMod:Repulse","Barrage"],"picked":"SKIP","floor":8},{"not_picked":["Force Field+1","Rebound"],"picked":"Conserve Battery+1","floor":11},{"not_picked":["Turbo+1","Barrage"],"picked":"Cold Snap","floor":14},{"not_picked":["Rainbow+1","Fission+1"],"picked":"Echo Form","floor":16},{"not_picked":["Conserve Battery+1","Coolheaded+1"],"picked":"White Noise+1","floor":18},{"not_picked":["ReplaySolidLightProjector+1","Streamline"],"picked":"Crystallizer+1","floor":20},{"not_picked":["Sweeping Beam","Streamline","Steam+1"],"picked":"SKIP","floor":21},{"not_picked":["Core Surge","Panic Button+1"],"picked":"BasicCrystalCard+1","floor":25},{"not_picked":["Barrage+1","Double Energy+1"],"picked":"BasicCrystalCard+1","floor":28},{"not_picked":["Redo+1","BasicCrystalCard+1"],"picked":"Storm","floor":29},{"not_picked":["Scrape+1","Sweeping Beam"],"picked":"Melter","floor":31},{"not_picked":["All For One","Core Surge"],"picked":"Creative AI","floor":33},{"not_picked":["Genetic Algorithm+1","Compile Driver"],"picked":"Sweeping Beam+1","floor":35}],"player_experience":157144,"relics_obtained":[{"floor":8,"key":"Ancient Tea Set"},{"floor":9,"key":"Tiny Chest"},{"floor":24,"key":"Letter Opener"},{"floor":25,"key":"Blood Vial"}],"event_choices":[{"damage_healed":0,"gold_gain":0,"player_choice":"Fled","damage_taken":0,"max_hp_gain":0,"max_hp_loss":0,"event_name":"Scrap Ooze","floor":2,"gold_loss":0},{"damage_healed":0,"gold_gain":75,"player_choice":"Gather Gold","damage_taken":11,"max_hp_gain":0,"max_hp_loss":0,"event_name":"World of Goop","floor":4,"gold_loss":0},{"damage_healed":0,"gold_gain":0,"cards_transformed":["Strike_B"],"player_choice":"Transformed","damage_taken":0,"max_hp_gain":0,"max_hp_loss":0,"event_name":"Transmorgrifier","floor":19,"gold_loss":0,"cards_obtained":["Force Field"]}],"is_beta":false,"boss_relics":[{"not_picked":["Tiny House","Coffee Dripper"],"picked":"Nuclear Battery"},{"not_picked":["Fusion Hammer","Kintsugi"],"picked":"SlaversCollar"}],"items_purged_floors":[],"is_endless":false,"potions_floor_spawned":[3,7,11,14,16,21,28,29,33,35],"killed_by":"3 Darklings","ascension_level":3}}