{"host":"pmmuxs046gii331m","time":1614183319,"event":{"mods":["AchievementEnabler","BaseMod","Colored Powertips","Custom Start","Downfall","Gold Saver","Infinite Spire","Minty Spire (QoL Compilation)","Permanent Neow","Quick Restart","StSLib"],"gold_per_floor":[738,738,750,446,446,487,507,507,507,585,585,929,316,355,367,499,511,538,550,562,574,601,613,664,676,688,700,737,774,824,836,848,979,991,1016,1028,768,793,808,808,842,842,887,928,928,946,962,978,978,978],"floor_reached":51,"language":"ENG","playtime":7011,"items_purged":["Strike_R","Strike_R","Defend_R"],"score":1056,"play_id":"7663aa6a-af5c-457f-b6d7-58bab9f01733","local_time":"20210224111519","is_ascension_mode":true,"campfire_choices":[{"data":"Metallicize","floor":8.0,"key":"SMITH"},{"floor":15.0,"key":"REST"},{"data":"Demon Form","floor":23.0,"key":"SMITH"},{"data":"Reaper","floor":27.0,"key":"SMITH"},{"data":"Twin Strike","floor":32.0,"key":"SMITH"},{"data":"Limit Break","floor":40.0,"key":"SMITH"},{"data":"Flame Barrier","floor":42.0,"key":"SMITH"},{"data":"Whirlwind","floor":45.0,"key":"SMITH"},{"data":"Evolve","floor":49.0,"key":"SMITH"}],"circlet_count":0,"master_deck":["Defend_R","Defend_R","Defend_R+1","Bash","Cleave+1","Wild Strike","Feel No Pain","Injury","Dark Embrace","Metallicize+1","Evolve+1","Twin Strike+1","Demon Form+1","Reaper+1","Body Slam+1","Ghostly Armor","Whirlwind+1","Slimebound:Tackle+1","Slimebound:Tackle+1","Slimebound:Tackle+1","Flame Barrier+1","True Grit+1","Carnage","Clothesline","Perfected Strike+1","Limit Break+1","Fire Breathing+1","Shrug It Off+1"],"relics":["Burning Blood","Ginger","Strawberry","Golden Idol","Bottled Flame","Mercury Hourglass","infinitespire:Satchel","Old Coin","Red Skull","Incense Burner","MawBank","Snecko Eye","SlaversCollar","Bronze Scales","Pantograph","StrikeDummy","Red Mask","bronze:MakeshiftBattery","HornCleat","Brimstone","Toxic Egg 2","Oddly Smooth Stone","infinitespire:PuzzleCube"],"acts_visited":["Exordium","TheCity","TheBeyond"],"potions_floor_usage":[50,50,50],"damage_taken":[{"damage":0.0,"enemies":"Small Slimes","floor":1.0,"turns":3.0},{"damage":7.0,"enemies":"Jaw Worm","floor":3.0,"turns":3.0},{"damage":45.0,"enemies":"Lagavulin","floor":6.0,"turns":7.0},{"damage":0.0,"enemies":"2 Louse","floor":7.0,"turns":1.0},{"damage":10.0,"enemies":"3 Sentries","floor":10.0,"turns":6.0},{"damage":20.0,"enemies":"Gremlin Nob","floor":12.0,"turns":4.0},{"damage":18.0,"enemies":"Lagavulin","floor":14.0,"turns":7.0},{"damage":34.0,"enemies":"Slime Boss","floor":16.0,"turns":6.0},{"damage":35.0,"enemies":"Shell Parasite","floor":18.0,"turns":6.0},{"damage":23.0,"enemies":"2 Thieves","floor":22.0,"turns":3.0},{"damage":21.0,"enemies":"Gremlin Leader","floor":24.0,"turns":4.0},{"damage":3.0,"enemies":"Chosen and Byrds","floor":28.0,"turns":5.0},{"damage":6.0,"enemies":"3 Cultists","floor":29.0,"turns":3.0},{"damage":12.0,"enemies":"Masked Bandits","floor":30.0,"turns":2.0},{"damage":21.0,"enemies":"Champ","floor":33.0,"turns":8.0},{"damage":11.0,"enemies":"Orb Walker","floor":35.0,"turns":3.0},{"damage":3.0,"enemies":"3 Shapes","floor":38.0,"turns":2.0},{"damage":0.0,"enemies":"Transient","floor":39.0,"turns":5.0},{"damage":9.0,"enemies":"Reptomancer","floor":41.0,"turns":3.0},{"damage":3.0,"enemies":"Giant Head","floor":44.0,"turns":5.0},{"damage":12.0,"enemies":"Jaw Worm Horde","floor":46.0,"turns":2.0},{"damage":20.0,"enemies":"Writhing Mass","floor":47.0,"turns":3.0},{"damage":30.0,"enemies":"Spire Growth","floor":48.0,"turns":4.0},{"damage":93,"enemies":"Awakened One","floor":50,"turns":7}],"seed_played":"-1290302284017810571","potions_obtained":[{"floor":1.0,"key":"Regen Potion"},{"floor":3.0,"key":"BlessingOfTheForge"},{"floor":6.0,"key":"ColorlessPotion"},{"floor":16.0,"key":"SteroidPotion"},{"floor":28.0,"key":"BlessingOfTheForge"},{"floor":29.0,"key":"LiquidMemories"},{"floor":33.0,"key":"CultistPotion"},{"floor":41.0,"key":"SpeedPotion"},{"floor":44.0,"key":"FearPotion"},{"floor":46.0,"key":"sneckomod:MuddlingPotion"}],"is_trial":false,"path_per_floor":["M","?","M","$","?","E","M","R","T","?","?","E","$","E","R","B",null,"M","?","?","AVR","M","R","E","T","T","R","M","M","?","?","R","B",null,"M","?","$","M","M","R","E","R","T","E","R","M","M","M","R","B",null],"character_chosen":"IRONCLAD","items_purchased":["Strawberry","Feel No Pain","Red Skull","Incense Burner","Twin Strike","Brimstone"],"campfire_rested":1,"item_purchase_floors":[4,4,13,13,13,37],"current_hp_per_floor":[72,58,57,64,64,40,46,46,46,42,42,28,28,16,39,11,62,43,43,43,43,44,44,58,58,58,58,69,79,73,73,73,79,79,78,78,78,79,79,79,76,76,76,79,79,73,71,78,78,10],"gold":978,"neow_bonus":"ONE_RARE_RELIC","is_daily":false,"chose_seed":false,"campfire_upgraded":8,"win_rate":0.0,"timestamp":1614183319,"path_taken":["M","?","M","$","?","E","M","R","T","?","?","E","?","E","R","BOSS","M","?","?","AVR","M","R","E","?","T","R","M","M","?","?","R","BOSS","M","?","$","M","?","R","E","R","T","E","R","M","M","M","R","BOSS"],"items_purchased_type":["Relic","Card","Relic","Relic","Card","Relic"],"build_version":"2020-12-22","purchased_purges":3,"victory":true,"max_hp_per_floor":[72,72,72,79,79,79,79,79,79,79,79,79,79,79,79,79,79,79,79,79,79,79,79,79,79,79,79,79,79,79,79,79,79,79,79,79,79,79,79,79,79,79,79,79,79,79,79,79,79,79],"card_choices":[{"not_picked":["Iron Wave","Rage"],"picked":"Cleave","floor":1.0},{"not_picked":["Clothesline","Thunderclap"],"picked":"Wild Strike","floor":3.0},{"not_picked":["Sword Boomerang","Perfected Strike"],"picked":"Dark Embrace","floor":6.0},{"not_picked":["Dropkick","Perfected Strike"],"picked":"Metallicize","floor":7.0},{"not_picked":["Shrug It Off","Armaments"],"picked":"Evolve","floor":10.0},{"not_picked":["Clash","Feed"],"picked":"Body Slam","floor":12.0},{"not_picked":["Twin Strike","infinitespire:OneForAll"],"picked":"Demon Form","floor":14.0},{"not_picked":["Corruption","Brutality"],"picked":"Reaper","floor":16.0},{"not_picked":["Flex+1","Anger"],"picked":"Body Slam+1","floor":18.0},{"not_picked":["Body Slam","Sever Soul"],"picked":"Flame Barrier","floor":22.0},{"not_picked":["Havoc+1","Feel No Pain"],"picked":"True Grit+1","floor":24.0},{"not_picked":["Infernal Blade","Iron Wave"],"picked":"Carnage","floor":28.0},{"not_picked":["Ghostly Armor","Dropkick"],"picked":"Clothesline","floor":29.0},{"not_picked":["Clash","Disarm+1"],"picked":"Perfected Strike+1","floor":30.0},{"not_picked":["Immolate","Reaper"],"picked":"Limit Break","floor":33.0},{"not_picked":["Warcry","Dual Wield+1"],"picked":"Fire Breathing+1","floor":35.0},{"not_picked":["Flex+1","Twin Strike","Cleave"],"picked":"SKIP","floor":38.0},{"not_picked":["Clothesline","Warcry+1"],"picked":"Shrug It Off+1","floor":39.0},{"not_picked":["Iron Wave+1","Metallicize+1","Perfected Strike"],"picked":"SKIP","floor":41.0},{"not_picked":["Warcry+1","Hemokinesis+1","Whirlwind+1"],"picked":"SKIP","floor":44.0},{"not_picked":["Headbutt","Evolve+1","Thunderclap"],"picked":"SKIP","floor":46.0},{"not_picked":["Dual Wield+1","True Grit+1","Spot Weakness+1"],"picked":"SKIP","floor":47.0},{"not_picked":["Iron Wave+1","Searing Blow","Battle Trance+1"],"picked":"SKIP","floor":48.0}],"player_experience":599770,"relics_obtained":[{"floor":6.0,"key":"Bottled Flame"},{"floor":9.0,"key":"Mercury Hourglass"},{"floor":10.0,"key":"infinitespire:Satchel"},{"floor":12.0,"key":"Old Coin"},{"floor":14.0,"key":"MawBank"},{"floor":24.0,"key":"Bronze Scales"},{"floor":25.0,"key":"Pantograph"},{"floor":26.0,"key":"StrikeDummy"},{"floor":30.0,"key":"Red Mask"},{"floor":41.0,"key":"Toxic Egg 2"},{"floor":43.0,"key":"Oddly Smooth Stone"},{"floor":44.0,"key":"infinitespire:PuzzleCube"}],"event_choices":[{"damage_healed":0.0,"max_hp_gain":0.0,"max_hp_loss":0.0,"gold_gain":0.0,"event_name":"Shining Light","player_choice":"Entered Light","floor":2.0,"gold_loss":0.0,"damage_taken":14.0,"cards_upgraded":["Cleave","Defend_R"]},{"damage_healed":0.0,"max_hp_gain":0.0,"max_hp_loss":0.0,"gold_gain":0.0,"event_name":"Golden Idol","player_choice":"Take Wound","floor":5.0,"gold_loss":0.0,"damage_taken":0.0,"relics_obtained":["Golden Idol"],"cards_obtained":["Injury"]},{"damage_healed":0.0,"max_hp_gain":0.0,"max_hp_loss":0.0,"gold_gain":0.0,"event_name":"Dead Adventurer","player_choice":"Searched \u00271\u0027 times","floor":10.0,"gold_loss":0.0,"damage_taken":0.0},{"damage_healed":0.0,"max_hp_gain":0.0,"max_hp_loss":0.0,"gold_gain":0.0,"cards_transformed":["Strike_R","Strike_R"],"event_name":"Drug Dealer","player_choice":"Became Test Subject","floor":19.0,"gold_loss":0.0,"damage_taken":0.0,"cards_obtained":["Ghostly Armor","Whirlwind"]},{"damage_healed":0.0,"max_hp_gain":0.0,"max_hp_loss":0.0,"gold_gain":0.0,"event_name":"Masked Bandits","player_choice":"Fought Bandits","floor":30.0,"gold_loss":0.0,"damage_taken":0.0},{"damage_healed":0.0,"max_hp_gain":0.0,"max_hp_loss":0.0,"gold_gain":0.0,"event_name":"Vampires","player_choice":"Ignored","floor":31.0,"gold_loss":0.0,"damage_taken":0.0},{"cards_removed":["Body Slam"],"damage_healed":0.0,"max_hp_gain":0.0,"max_hp_loss":0.0,"gold_gain":0.0,"event_name":"WeMeetAgain","player_choice":"Gave Card","floor":36.0,"gold_loss":0.0,"damage_taken":0.0,"relics_obtained":["HornCleat"]}],"is_beta":false,"boss_relics":[{"not_picked":["infinitespire:Burning Sword","Sozu"],"picked":"Snecko Eye"},{"not_picked":["Fusion Hammer","Black Blood"],"picked":"bronze:MakeshiftBattery"}],"items_purged_floors":[4,13,37],"is_endless":false,"potions_floor_spawned":[1,3,6,16,28,29,33,41,44,46],"ascension_level":6}}