{"host":"i0avyit1s6jb1siw","time":1614207685,"event":{"mods":["BaseMod","DeckTracker","Dota2Spire","Minty Spire (QoL Compilation)","Quick Restart","StSLib","SuperFastMode"],"gold_per_floor":[109,109,109,122,34,62,62,91,91,106,154,154,183,196,196,196,196,224,239,239,239,314,314,330,342,372,382,398,423,423,423,472,472,472,490,504,516,616,616,688,688,688,761,761,774,664,680,699,921,921,950,950,974,974,974,990,1021,345,355,355,355,355,355,355,175,208,208],"floor_reached":68,"language":"ENG","playtime":1995,"items_purged":["Rampage+1","Sword Boomerang+1"],"score":3913,"play_id":"7ed731f7-2f0d-4e30-9dd2-c10d54e5a084","local_time":"20210225000125","is_ascension_mode":true,"campfire_choices":[{"data":"Bash","floor":7.0,"key":"SMITH"},{"data":"True Grit","floor":9.0,"key":"SMITH"},{"data":"Fire Breathing","floor":16.0,"key":"SMITH"},{"data":"Disarm","floor":20.0,"key":"SMITH"},{"data":"Seeing Red","floor":21.0,"key":"SMITH"},{"data":"Burning Pact","floor":30.0,"key":"SMITH"},{"data":"Battle Trance","floor":34.0,"key":"SMITH"},{"data":"Entrench","floor":39.0,"key":"SMITH"},{"data":"Body Slam","floor":42.0,"key":"SMITH"},{"data":"Feel No Pain","floor":50,"key":"SMITH"},{"floor":52,"key":"RECALL"},{"data":"Body Slam","floor":55,"key":"SMITH"},{"data":"Shrug It Off","floor":60,"key":"SMITH"},{"data":"Second Wind","floor":64,"key":"SMITH"}],"circlet_count":0,"master_deck":["AscendersBane","Defend_R","Defend_R","Defend_R","Defend_R","Bash+1","Shrug It Off","Battle Trance+1","Fire Breathing+1","True Grit+1","Second Wind+1","Seeing Red+1","Body Slam+1","Shrug It Off","Disarm+1","Feed+1","Power Through+1","Impervious","Shrug It Off","Burning Pact+1","Shrug It Off","Shockwave","Entrench+1","Entrench+1","Body Slam+1","Body Slam+1","Sentinel","Impervious","Feel No Pain+1","Shrug It Off","Shrug It Off+1","Feel No Pain"],"relics":["Burning Blood","NeowsBlessing","Sundial","Dota2Spire:LotusOrb","MealTicket","Question Card","Prayer Wheel","Omamori","Dota2Spire:RefresherOrb","Red Mask","TungstenRod","Toy Ornithopter","Dota2Spire:BattleFury","FossilizedHelix","Matryoshka","Busted Crown","Empty Cage","Dota2Spire:EtherealBlade","Whetstone","Dota2Spire:MagicBottle","Boot","Oddly Smooth Stone","Incense Burner","Paper Frog","Blood Vial"],"acts_visited":["Exordium","TheCity","TheBeyond","TheEnding"],"potions_floor_usage":[],"damage_taken":[{"damage":0.0,"enemies":"2 Louse","floor":1.0,"turns":1.0},{"damage":0.0,"enemies":"Cultist","floor":4.0,"turns":1.0},{"damage":0.0,"enemies":"Lagavulin","floor":6.0,"turns":1.0},{"damage":10.0,"enemies":"3 Sentries","floor":8.0,"turns":4.0},{"damage":1.0,"enemies":"Small Slimes","floor":10.0,"turns":4.0},{"damage":25.0,"enemies":"Lagavulin","floor":13.0,"turns":7.0},{"damage":0.0,"enemies":"2 Fungi Beasts","floor":14.0,"turns":2.0},{"damage":6.0,"enemies":"3 Sentries","floor":18.0,"turns":4.0},{"damage":14.0,"enemies":"Red Slaver","floor":19.0,"turns":3.0},{"damage":11.0,"enemies":"Hexaghost","floor":22.0,"turns":9.0},{"damage":19.0,"enemies":"Shell Parasite","floor":24.0,"turns":7.0},{"damage":7.0,"enemies":"Chosen","floor":25.0,"turns":4.0},{"damage":31.0,"enemies":"Masked Bandits","floor":26.0,"turns":4.0},{"damage":3.0,"enemies":"Snecko","floor":27.0,"turns":7.0},{"damage":0.0,"enemies":"Snake Plant","floor":28.0,"turns":7.0},{"damage":11.0,"enemies":"Slavers","floor":29.0,"turns":5.0},{"damage":2.0,"enemies":"3 Cultists","floor":35.0,"turns":5.0},{"damage":0.0,"enemies":"Centurion and Healer","floor":36.0,"turns":7.0},{"damage":0.0,"enemies":"Chosen and Byrds","floor":37.0,"turns":5.0},{"damage":2.0,"enemies":"Colosseum Slavers","floor":38.0,"turns":7.0},{"damage":0.0,"enemies":"Colosseum Nobs","floor":38.0,"turns":2.0},{"damage":47.0,"enemies":"Automaton","floor":40.0,"turns":10.0},{"damage":19.0,"enemies":"Automaton","floor":43.0,"turns":9.0},{"damage":0.0,"enemies":"3 Shapes","floor":45.0,"turns":5.0},{"damage":0,"enemies":"Orb Walker","floor":47,"turns":4},{"damage":4,"enemies":"Writhing Mass","floor":48,"turns":8},{"damage":0,"enemies":"Giant Head","floor":51,"turns":5},{"damage":0,"enemies":"Sphere and 2 Shapes","floor":56,"turns":3},{"damage":0,"enemies":"Nemesis","floor":57,"turns":7},{"damage":0,"enemies":"3 Darklings","floor":59,"turns":2},{"damage":0,"enemies":"Awakened One","floor":61,"turns":9},{"damage":0,"enemies":"Donu and Deca","floor":62,"turns":7},{"damage":18,"enemies":"Shield and Spear","floor":66,"turns":5},{"damage":8,"enemies":"The Heart","floor":67,"turns":9}],"seed_played":"-8915352902463275150","potions_obtained":[{"floor":6.0,"key":"SpeedPotion"},{"floor":8.0,"key":"PowerPotion"},{"floor":18.0,"key":"Swift Potion"},{"floor":26.0,"key":"EssenceOfSteel"},{"floor":28.0,"key":"SpeedPotion"},{"floor":38.0,"key":"AttackPotion"},{"floor":40.0,"key":"SpeedPotion"},{"floor":51,"key":"Energy Potion"},{"floor":66,"key":"DuplicationPotion"}],"is_trial":false,"path_per_floor":["M","?","?","M","$","E","R","E","R","M","T","T","E","M","?","R","?","E","M","R","R","B",null,"M","M","?","M","M","E","R","?","T","T","R","M","M","M","?","R","B",null,"R","B",null,"M","?","M","M","?","R","E","R","T","T","R","M","E","$","M","R","B","B",null,"R","$","E","B",null],"character_chosen":"IRONCLAD","items_purchased":["Fire Breathing","Incense Burner","Paper Frog","Feel No Pain"],"campfire_rested":0,"item_purchase_floors":[5,58,58,65],"current_hp_per_floor":[74,51,51,57,57,63,63,59,59,64,64,64,45,51,51,51,40,40,32,32,32,27,63,53,52,27,30,36,34,34,34,34,34,34,41,50,56,69,69,33,33,33,20,73,82,82,88,90,90,90,93,93,93,93,93,97,97,97,97,97,97,97,97,97,97,85,85],"gold":208,"neow_bonus":"THREE_ENEMY_KILL","is_daily":false,"chose_seed":false,"campfire_upgraded":13,"win_rate":0.0,"timestamp":1614207685,"path_taken":["M","?","?","M","$","E","R","E","R","M","T","T","E","?","?","R","?","E","?","R","R","BOSS","M","?","?","M","M","E","R","?","T","T","R","M","M","M","?","R","BOSS","R","BOSS","M","?","M","?","?","R","E","R","T","T","R","M","E","$","M","R","BOSS","BOSS","R","$","E","BOSS"],"items_purchased_type":["Card","Relic","Relic","Card"],"build_version":"2020-12-22","purchased_purges":2,"victory":true,"max_hp_per_floor":[75,75,75,75,75,75,75,75,75,75,75,75,75,75,75,75,75,75,75,75,75,75,75,78,78,78,78,78,81,81,81,81,81,81,84,87,87,90,90,90,90,90,90,90,93,93,93,93,93,93,93,93,93,93,93,97,97,97,97,97,97,97,97,97,97,97,97],"card_choices":[{"not_picked":["Body Slam","Rampage"],"picked":"Shrug It Off","floor":1.0},{"not_picked":["Iron Wave","Rage"],"picked":"Sword Boomerang","floor":4.0},{"not_picked":["Perfected Strike","Blood for Blood","Rampage"],"picked":"SKIP","floor":6.0},{"not_picked":["Body Slam","Sword Boomerang"],"picked":"True Grit","floor":8.0},{"not_picked":["Iron Wave","Twin Strike"],"picked":"Second Wind","floor":10.0},{"not_picked":["Demon Form","Ghostly Armor","Flex"],"picked":"Seeing Red","floor":13.0},{"not_picked":["Heavy Blade","Thunderclap","Headbutt"],"picked":"Body Slam","floor":14.0},{"not_picked":["Havoc","Second Wind","Metallicize","Clothesline"],"picked":"SKIP","floor":14.0},{"not_picked":["Perfected Strike","Rage","Reckless Charge"],"picked":"Shrug It Off","floor":18.0},{"not_picked":["Warcry","Iron Wave","Havoc"],"picked":"Disarm","floor":19.0},{"not_picked":["Dual Wield","Flex","Brutality","True Grit"],"picked":"SKIP","floor":19.0},{"not_picked":["Double Tap","Limit Break","Juggernaut"],"picked":"Feed","floor":22.0},{"not_picked":["Clash+1","Searing Blow","Headbutt"],"picked":"Power Through+1","floor":24.0},{"not_picked":["Warcry","Clash","Dropkick","Second Wind"],"picked":"SKIP","floor":24.0},{"not_picked":["Pommel Strike","Dual Wield","Wild Strike","Clothesline"],"picked":"SKIP","floor":25.0},{"not_picked":["Battle Trance","Flex","Thunderclap","Anger"],"picked":"SKIP","floor":25.0},{"not_picked":["Iron Wave","Flex","Clothesline"],"picked":"Impervious","floor":26.0},{"not_picked":["Dual Wield","Sword Boomerang","True Grit"],"picked":"Shrug It Off","floor":27.0},{"not_picked":["Iron Wave","Sword Boomerang","Whirlwind"],"picked":"Burning Pact","floor":27.0},{"not_picked":["Flex","Intimidate","Wild Strike"],"picked":"Shrug It Off","floor":28.0},{"not_picked":["Anger","Cleave","Twin Strike"],"picked":"Shockwave","floor":28.0},{"not_picked":["Combust","Spot Weakness","Pummel"],"picked":"Entrench+1","floor":29.0},{"not_picked":["Anger+1","Dropkick","Carnage+1"],"picked":"Entrench","floor":35.0},{"not_picked":["Berserk","Perfected Strike","Thunderclap+1","Iron Wave"],"picked":"SKIP","floor":35.0},{"not_picked":["Feel No Pain","Disarm","Cleave"],"picked":"Body Slam","floor":36.0},{"not_picked":["Clothesline","Wild Strike","Havoc"],"picked":"Body Slam","floor":36.0},{"not_picked":["Heavy Blade+1","Anger","Havoc"],"picked":"Sentinel","floor":37.0},{"not_picked":["Uppercut","Body Slam","Combust","Fire Breathing"],"picked":"SKIP","floor":37.0},{"not_picked":["Perfected Strike","Twin Strike","Warcry"],"picked":"Impervious","floor":38.0},{"not_picked":["Perfected Strike"],"picked":"Feel No Pain","floor":45.0},{"not_picked":["Wild Strike","Heavy Blade"],"picked":"SKIP","floor":45.0},{"not_picked":["Inflame","Headbutt"],"picked":"SKIP","floor":47},{"not_picked":["Body Slam","Twin Strike"],"picked":"SKIP","floor":47},{"not_picked":["Body Slam","Wild Strike"],"picked":"SKIP","floor":48},{"not_picked":["Cleave","Thunderclap"],"picked":"SKIP","floor":48},{"not_picked":["Clothesline+1","Rage"],"picked":"SKIP","floor":51},{"not_picked":["True Grit"],"picked":"Shrug It Off","floor":56},{"not_picked":["Hemokinesis+1","Rupture"],"picked":"SKIP","floor":56},{"not_picked":["Whirlwind","Clash"],"picked":"SKIP","floor":57},{"not_picked":["Fiend Fire"],"picked":"Shrug It Off","floor":59},{"not_picked":["Sword Boomerang","Perfected Strike"],"picked":"SKIP","floor":59},{"not_picked":["Sword Boomerang","Twin Strike"],"picked":"SKIP","floor":66}],"player_experience":2515520,"relics_obtained":[{"floor":6.0,"key":"Sundial"},{"floor":8.0,"key":"Dota2Spire:LotusOrb"},{"floor":11.0,"key":"MealTicket"},{"floor":12.0,"key":"Question Card"},{"floor":13.0,"key":"Prayer Wheel"},{"floor":18.0,"key":"Omamori"},{"floor":26.0,"key":"Red Mask"},{"floor":29.0,"key":"TungstenRod"},{"floor":32.0,"key":"Toy Ornithopter"},{"floor":33.0,"key":"Dota2Spire:BattleFury"},{"floor":38.0,"key":"FossilizedHelix"},{"floor":38.0,"key":"Matryoshka"},{"floor":51,"key":"Dota2Spire:EtherealBlade"},{"floor":53,"key":"Whetstone"},{"floor":54,"key":"Dota2Spire:MagicBottle"},{"floor":54,"key":"Boot"},{"floor":57,"key":"Oddly Smooth Stone"},{"floor":66,"key":"Blood Vial"}],"event_choices":[{"damage_healed":0.0,"max_hp_gain":0.0,"max_hp_loss":0.0,"gold_gain":0.0,"event_name":"Shining Light","player_choice":"Entered Light","floor":2.0,"gold_loss":0.0,"damage_taken":23.0,"cards_upgraded":["Strike_R","Strike_R"]},{"damage_healed":0.0,"max_hp_gain":0.0,"max_hp_loss":0.0,"gold_gain":0.0,"cards_transformed":["Strike_R"],"event_name":"Transmorgrifier","player_choice":"Transformed","floor":3.0,"gold_loss":0.0,"damage_taken":0.0,"cards_obtained":["Battle Trance"]},{"damage_healed":0.0,"max_hp_gain":0.0,"max_hp_loss":0.0,"gold_gain":0.0,"event_name":"Living Wall","player_choice":"Grow","floor":15.0,"gold_loss":0.0,"damage_taken":0.0,"cards_upgraded":["Body Slam"]},{"damage_healed":0.0,"max_hp_gain":0.0,"max_hp_loss":0.0,"gold_gain":0.0,"event_name":"Wheel of Change","player_choice":"Damaged","floor":17.0,"gold_loss":0.0,"damage_taken":11.0},{"damage_healed":0.0,"max_hp_gain":0.0,"max_hp_loss":0.0,"gold_gain":0.0,"event_name":"Masked Bandits","player_choice":"Fought Bandits","floor":26.0,"gold_loss":0.0,"damage_taken":0.0},{"damage_healed":0.0,"max_hp_gain":0.0,"max_hp_loss":0.0,"gold_gain":0.0,"cards_transformed":["Strike_R","Strike_R"],"event_name":"Drug Dealer","player_choice":"Became Test Subject","floor":31.0,"gold_loss":0.0,"damage_taken":0.0,"cards_obtained":["Rampage","Twin Strike"]},{"damage_healed":0.0,"max_hp_gain":0.0,"max_hp_loss":0.0,"gold_gain":0.0,"event_name":"Colosseum","player_choice":"Fight","floor":38.0,"gold_loss":0.0,"damage_taken":0.0},{"damage_healed":0.0,"max_hp_gain":0.0,"max_hp_loss":0.0,"gold_gain":0.0,"event_name":"Colosseum","player_choice":"Fought Nobs","floor":38.0,"gold_loss":0.0,"damage_taken":0.0},{"cards_removed":["Twin Strike"],"damage_healed":0,"gold_gain":0,"player_choice":"Upgrade and Remove","damage_taken":0,"max_hp_gain":0,"max_hp_loss":0,"event_name":"Designer","floor":46,"gold_loss":110,"cards_upgraded":["Rampage"]},{"damage_healed":0,"gold_gain":222,"player_choice":"Wore Mask","damage_taken":0,"max_hp_gain":0,"max_hp_loss":0,"event_name":"Tomb of Lord Red Mask","floor":49,"gold_loss":0}],"is_beta":false,"boss_relics":[{"not_picked":["Runic Dome","Black Star"],"picked":"Dota2Spire:RefresherOrb"},{"not_picked":["SlaversCollar","Philosopher\u0027s Stone"],"picked":"Busted Crown"},{"not_picked":["Sozu","SacredBark"],"picked":"Empty Cage"}],"items_purged_floors":[58,65],"is_endless":false,"potions_floor_spawned":[6,8,10,18,19,26,28,29,35,38,38,40,43,45,51,66],"ascension_level":20}}