{"host":"gsjtu2nhjj0xfoom","time":1614198465,"event":{"mods":["BaseMod","Colored Map","Colored Powertips","Highlight Path","Minty Spire (QoL Compilation)","Permanent Neow","StSLib"],"gold_per_floor":[113,124,124,144,154,480,480,493,545,557,587,587,613,38,38,110,110,124,124,124,169,196,196,196,196,222,234,87,87,104,120,120,197,197,208,223,248,262,262,262,262,64,64,286,286,286],"floor_reached":45,"language":"ENG","playtime":2345,"items_purged":["Strike_P","Fasting2","Eruption"],"score":758,"play_id":"25207970-b129-4ed4-8e56-bafd046c91f5","local_time":"20210224212745","is_ascension_mode":true,"campfire_choices":[{"data":"Vigilance","floor":7.0,"key":"SMITH"},{"floor":12.0,"key":"REST"},{"data":"Meditate","floor":15.0,"key":"SMITH"},{"floor":23.0,"key":"REST"},{"data":"Vault","floor":24.0,"key":"SMITH"},{"data":"Establishment","floor":25.0,"key":"SMITH"},{"data":"Protect","floor":29.0,"key":"SMITH"},{"floor":32.0,"key":"REST"},{"data":"1","floor":40,"key":"LIFT"}],"circlet_count":0,"master_deck":["AscendersBane","Defend_P","Defend_P","Defend_P","Vigilance+1","PathToVictory","ThirdEye","WindmillStrike","BowlingBash","Establishment+1","PathToVictory","Meditate+1","PathToVictory","Vault+1","ReachHeaven","MasterReality","Necronomicurse","Protect+1","LikeWater+1","SpiritShield","ReachHeaven+1","Purity","LikeWater"],"relics":["Empty Cage","Old Coin","Art of War","Ornamental Fan","Boot","Medical Kit","WingedGreaves","Runic Pyramid","Necronomicon","Vajra","Red Mask","Bronze Scales","Busted Crown","Girya","Ancient Tea Set"],"acts_visited":["TheBeyond"],"potions_floor_usage":[37],"damage_taken":[{"damage":0.0,"enemies":"Jaw Worm","floor":1.0,"turns":2.0},{"damage":0.0,"enemies":"Cultist","floor":2.0,"turns":2.0},{"damage":8.0,"enemies":"Small Slimes","floor":4.0,"turns":4.0},{"damage":6.0,"enemies":"Blue Slaver","floor":5.0,"turns":4.0},{"damage":5.0,"enemies":"3 Sentries","floor":6.0,"turns":6.0},{"damage":3.0,"enemies":"Looter","floor":8.0,"turns":5.0},{"damage":2.0,"enemies":"3 Louse","floor":10.0,"turns":4.0},{"damage":16.0,"enemies":"Gremlin Nob","floor":11.0,"turns":4.0},{"damage":31.0,"enemies":"3 Sentries","floor":13.0,"turns":11.0},{"damage":6.0,"enemies":"Hexaghost","floor":16.0,"turns":5.0},{"damage":9.0,"enemies":"3 Byrds","floor":18.0,"turns":5.0},{"damage":15.0,"enemies":"Masked Bandits","floor":22.0,"turns":3.0},{"damage":4.0,"enemies":"2 Thieves","floor":27.0,"turns":4.0},{"damage":0.0,"enemies":"Cultist and Chosen","floor":30.0,"turns":5.0},{"damage":7.0,"enemies":"3 Cultists","floor":31.0,"turns":5.0},{"damage":12.0,"enemies":"Champ","floor":33.0,"turns":8.0},{"damage":1,"enemies":"Orb Walker","floor":35,"turns":3},{"damage":8,"enemies":"3 Darklings","floor":36,"turns":5},{"damage":0,"enemies":"Mind Bloom Boss Battle","floor":37,"turns":5},{"damage":0,"enemies":"Maw","floor":38,"turns":5},{"damage":57,"enemies":"Reptomancer","floor":45,"turns":5}],"seed_played":"6453825990181746844","potions_obtained":[{"floor":1.0,"key":"FearPotion"},{"floor":3.0,"key":"Block Potion"},{"floor":3.0,"key":"Swift Potion"},{"floor":5.0,"key":"Ambrosia"},{"floor":8.0,"key":"StancePotion"},{"floor":11.0,"key":"StancePotion"},{"floor":27.0,"key":"Swift Potion"},{"floor":33.0,"key":"LiquidBronze"},{"floor":37,"key":"StancePotion"}],"is_trial":false,"path_per_floor":["M","M","?","M","M","E","R","M","T","M","E","R","E","$","R","B",null,"M","?","?","T","?","R","R","R","T","M","$","R","M","M","R","B",null,"M","M","?","M","?","R","?","$","T","?","E"],"character_chosen":"WATCHER","items_purchased":["PathToVictory","Medical Kit","WingedGreaves","Protect","LikeWater"],"campfire_rested":3,"item_purchase_floors":[14,14,14,28,42],"current_hp_per_floor":[61,61,61,53,47,42,42,39,39,37,21,41,10,10,10,4,52,43,43,27,27,12,32,32,32,32,28,28,28,28,21,41,29,58,57,49,49,49,49,49,44,44,44,44,0,0],"gold":286,"neow_bonus":"BOSS_RELIC","is_daily":false,"chose_seed":false,"campfire_upgraded":5,"win_rate":0.0,"timestamp":1614198465,"path_taken":["M","M","?","M","M","E","R","?","T","M","E","R","E","$","R","BOSS","M","?","?","?","?","R","R","R","T","M","$","R","M","M","R","BOSS","M","M","?","M","?","R","?","$","T","?","E"],"items_purchased_type":["Card","Relic","Relic","Card","Card"],"build_version":"2020-12-22","purchased_purges":3,"victory":false,"max_hp_per_floor":[68,68,68,68,68,68,68,68,68,68,68,68,68,68,68,68,68,68,68,68,68,68,68,68,68,68,68,68,68,68,68,68,68,68,68,68,68,68,68,68,68,68,68,68,68,68],"card_choices":[{"not_picked":["WheelKick","ThirdEye"],"picked":"PathToVictory","floor":1.0},{"not_picked":["WreathOfFlame","JustLucky"],"picked":"ThirdEye","floor":2.0},{"not_picked":["Swivel","CarveReality"],"picked":"WindmillStrike","floor":4.0},{"not_picked":["ClearTheMind","EmptyBody"],"picked":"BowlingBash","floor":5.0},{"not_picked":["Prostrate","FlyingSleeves"],"picked":"Establishment","floor":6.0},{"not_picked":["Evaluate","WindmillStrike"],"picked":"PathToVictory","floor":8.0},{"not_picked":["CutThroughFate","InnerPeace","BowlingBash"],"picked":"SKIP","floor":10.0},{"not_picked":["Omniscience","FearNoEvil"],"picked":"Meditate","floor":11.0},{"not_picked":["Consecrate","SandsOfTime"],"picked":"Fasting2","floor":13.0},{"not_picked":["DeusExMachina","Establishment"],"picked":"Vault","floor":16.0},{"not_picked":["CrushJoints","Weave","FlurryOfBlows"],"picked":"SKIP","floor":18.0},{"not_picked":["SandsOfTime","Pray"],"picked":"Nirvana","floor":27.0},{"not_picked":["Crescendo","Worship+1"],"picked":"LikeWater+1","floor":30.0},{"not_picked":["FlurryOfBlows","EmptyBody","Ragnarok"],"picked":"SKIP","floor":31.0},{"not_picked":["Ragnarok","Omniscience"],"picked":"SpiritShield","floor":33.0},{"not_picked":["FollowUp"],"picked":"SKIP","floor":35},{"not_picked":[],"picked":"ReachHeaven+1","floor":36},{"not_picked":["Adaptation+1"],"picked":"SKIP","floor":38},{"not_picked":[],"picked":"Purity","floor":41}],"player_experience":1378632,"relics_obtained":[{"floor":6.0,"key":"Old Coin"},{"floor":9.0,"key":"Art of War"},{"floor":11.0,"key":"Ornamental Fan"},{"floor":13.0,"key":"Boot"},{"floor":20.0,"key":"Necronomicon"},{"floor":21.0,"key":"Vajra"},{"floor":22.0,"key":"Red Mask"},{"floor":26.0,"key":"Bronze Scales"},{"floor":37,"key":"Girya"},{"floor":43,"key":"Ancient Tea Set"}],"event_choices":[{"damage_healed":0.0,"max_hp_gain":0.0,"max_hp_loss":0.0,"gold_gain":0.0,"event_name":"Lab","player_choice":"Got Potions","floor":3.0,"gold_loss":0.0,"damage_taken":0.0},{"damage_healed":0.0,"max_hp_gain":0.0,"max_hp_loss":0.0,"gold_gain":0.0,"cards_transformed":["Strike_P","Strike_P"],"event_name":"Drug Dealer","player_choice":"Became Test Subject","floor":19.0,"gold_loss":0.0,"damage_taken":0.0,"cards_obtained":["ReachHeaven","MasterReality"]},{"damage_healed":0.0,"max_hp_gain":0.0,"max_hp_loss":0.0,"gold_gain":0.0,"event_name":"Cursed Tome","player_choice":"Obtained Book","floor":20.0,"gold_loss":0.0,"damage_taken":16.0},{"damage_healed":0.0,"max_hp_gain":0.0,"max_hp_loss":0.0,"gold_gain":0.0,"event_name":"Masked Bandits","player_choice":"Fought Bandits","floor":22.0,"gold_loss":0.0,"damage_taken":0.0},{"damage_healed":0,"gold_gain":0,"player_choice":"Fight","damage_taken":0,"max_hp_gain":0,"max_hp_loss":0,"event_name":"MindBloom","floor":37,"gold_loss":0},{"cards_removed":["Nirvana"],"damage_healed":0,"gold_gain":0,"player_choice":"Removed Power","damage_taken":0,"max_hp_gain":0,"max_hp_loss":0,"event_name":"Falling","floor":39,"gold_loss":0},{"damage_healed":0,"gold_gain":0,"player_choice":"Memory 2","damage_taken":5,"max_hp_gain":0,"max_hp_loss":0,"event_name":"SensoryStone","floor":41,"gold_loss":0},{"damage_healed":0,"gold_gain":222,"player_choice":"Wore Mask","damage_taken":0,"max_hp_gain":0,"max_hp_loss":0,"event_name":"Tomb of Lord Red Mask","floor":44,"gold_loss":0}],"is_beta":false,"boss_relics":[{"not_picked":["Snecko Eye","Tiny House"],"picked":"Runic Pyramid"},{"not_picked":["Cursed Key","Runic Dome"],"picked":"Busted Crown"}],"items_purged_floors":[14,28,42],"is_endless":false,"potions_floor_spawned":[1,5,8,11,13,27,33,35,37],"killed_by":"Reptomancer","ascension_level":14}}