{"host":"f1ywytio1xmbwkwz","time":1614148174,"event":{"mods":["BaseMod","Minty Spire (QoL Compilation)","Rare Cards Sparkle","Relic Stats","StSLib"],"gold_per_floor":[109,109,125,146,171,210,210,253,253,303,303,1,34,58,58,187,187,208,123,141,164,164,197,197,216,216,216,216,216,239,23,23,149,149,163,163,9,27,47,47,72,72,72],"floor_reached":42,"language":"ENG","playtime":1456,"items_purged":["Strike_G","Strike_G"],"score":667,"play_id":"7671e5c9-18c5-4c34-9e1d-f8cfcae7b1bd","local_time":"20210223232934","is_ascension_mode":true,"campfire_choices":[{"floor":7.0,"key":"REST"},{"floor":11.0,"key":"REST"},{"data":"Choke","floor":15.0,"key":"SMITH"},{"floor":24.0,"key":"REST"},{"floor":27.0,"key":"REST"},{"floor":29.0,"key":"REST"},{"data":"Storm of Steel","floor":32.0,"key":"SMITH"},{"data":"Choke","floor":40.0,"key":"SMITH"}],"circlet_count":0,"master_deck":["Strike_G","Strike_G","Strike_G","Defend_G","Defend_G","Defend_G","Defend_G","Defend_G","Survivor","Neutralize","Blade Dance","Dagger Throw","Riddle With Holes","Choke+1","Dagger Spray","Dagger Throw","Riddle With Holes","Die Die Die","Dagger Spray","Storm of Steel+1","Dagger Spray+1","Necronomicurse","Footwork","Acrobatics","Choke+1","Prepared+1","Escape Plan"],"relics":["SlaversCollar","Golden Idol","Bottled Lightning","Boot","Anchor","Nunchaku","Pantograph","Busted Crown","Orichalcum","Vajra","Lantern","Unceasing Top","Necronomicon","Sozu","Oddly Smooth Stone"],"acts_visited":["Exordium","TheCity","TheBeyond"],"potions_floor_usage":[],"damage_taken":[{"damage":5.0,"enemies":"Small Slimes","floor":1.0,"turns":5.0},{"damage":1.0,"enemies":"2 Louse","floor":3.0,"turns":2.0},{"damage":9.0,"enemies":"Jaw Worm","floor":4.0,"turns":3.0},{"damage":3.0,"enemies":"Blue Slaver","floor":5.0,"turns":2.0},{"damage":22.0,"enemies":"Gremlin Nob","floor":6.0,"turns":4.0},{"damage":20.0,"enemies":"Lagavulin","floor":8.0,"turns":5.0},{"damage":0.0,"enemies":"3 Sentries","floor":13.0,"turns":4.0},{"damage":5.0,"enemies":"Exordium Thugs","floor":14.0,"turns":4.0},{"damage":0.0,"enemies":"Slime Boss","floor":16.0,"turns":4.0},{"damage":3.0,"enemies":"Spheric Guardian","floor":18.0,"turns":3.0},{"damage":0.0,"enemies":"3 Byrds","floor":20.0,"turns":2.0},{"damage":45.0,"enemies":"Sentry and Sphere","floor":21.0,"turns":7.0},{"damage":8.0,"enemies":"Gremlin Leader","floor":23.0,"turns":3.0},{"damage":36.0,"enemies":"Centurion and Healer","floor":25.0,"turns":4.0},{"damage":0.0,"enemies":"Chosen and Byrds","floor":30.0,"turns":3.0},{"damage":64.0,"enemies":"Automaton","floor":33.0,"turns":7.0},{"damage":0.0,"enemies":"Orb Walker","floor":35.0,"turns":1.0},{"damage":5.0,"enemies":"3 Darklings","floor":38.0,"turns":3.0},{"damage":8.0,"enemies":"Spire Growth","floor":39.0,"turns":2.0},{"damage":24.0,"enemies":"Maw","floor":41.0,"turns":4.0},{"damage":40,"enemies":"Transient","floor":42,"turns":5}],"seed_played":"5176867741284155077","potions_obtained":[{"floor":1.0,"key":"Explosive Potion"},{"floor":4.0,"key":"Fire Potion"},{"floor":5.0,"key":"AttackPotion"},{"floor":14.0,"key":"SneckoOil"},{"floor":20.0,"key":"FairyPotion"},{"floor":21.0,"key":"PowerPotion"},{"floor":30.0,"key":"Swift Potion"}],"is_trial":false,"path_per_floor":["M","?","M","M","M","E","R","E","T","?","R","$","E","M","R","B",null,"M","?","M","M","?","E","R","M","T","R","?","R","M","$","R","B",null,"M","?","$","M","M","R","M","M"],"character_chosen":"THE_SILENT","items_purchased":["Nunchaku","Riddle With Holes","Footwork","Acrobatics","Oddly Smooth Stone"],"campfire_rested":5,"item_purchase_floors":[12,12,31,31,37],"current_hp_per_floor":[58,58,57,48,45,23,44,24,24,24,45,45,45,40,40,65,69,66,66,66,21,21,13,34,21,21,42,26,47,47,47,47,6,54,54,54,54,49,41,41,17,0,0],"gold":72,"neow_bonus":"BOSS_RELIC","is_daily":false,"chose_seed":false,"campfire_upgraded":3,"win_rate":0.0,"timestamp":1614148174,"path_taken":["M","?","M","M","M","E","R","E","T","?","R","$","E","M","R","BOSS","M","?","M","M","?","E","R","M","T","R","?","R","?","$","R","BOSS","M","?","?","M","M","R","?","M"],"items_purchased_type":["Relic","Card","Card","Card","Relic"],"build_version":"2020-12-22","purchased_purges":2,"victory":false,"max_hp_per_floor":[70,70,70,70,70,70,70,70,70,70,70,70,70,70,70,70,70,70,70,70,70,70,70,70,70,70,70,70,70,70,70,70,70,70,70,70,70,70,70,70,70,70,70],"relic_stats":{"Sozu":1,"Nunchaku":[21],"Busted Crown":22,"counters":[21,77],"Golden Idol":137,"Pantograph":48,"Necronomicon":[17],"Orichalcum":[54],"Boot":[260],"obtain_stats":[{"Lantern":23,"Golden Idol":2,"Vajra":22,"Oddly Smooth Stone":37,"Orichalcum":19,"Boot":8,"Sozu":34,"SlaversCollar":0,"Anchor":9,"Nunchaku":12,"Busted Crown":17,"Pantograph":13,"Necronomicon":28,"Bottled Lightning":6,"Unceasing Top":26,"Ring of the Snake":0},{"Lantern":13,"Golden Idol":1,"Vajra":12,"Oddly Smooth Stone":17,"Orichalcum":10,"Boot":6,"Sozu":16,"SlaversCollar":0,"Anchor":6,"Nunchaku":6,"Busted Crown":9,"Pantograph":7,"Necronomicon":14,"Bottled Lightning":5,"Unceasing Top":14,"Ring of the Snake":0},{"Lantern":48,"Golden Idol":5,"Vajra":45,"Oddly Smooth Stone":63,"Orichalcum":36,"Boot":21,"Sozu":62,"SlaversCollar":0,"Anchor":21,"Nunchaku":21,"Busted Crown":33,"Pantograph":25,"Necronomicon":52,"Bottled Lightning":16,"Unceasing Top":52,"Ring of the Snake":0}],"Unceasing Top":[10]},"card_choices":[{"not_picked":["Concentrate","Underhanded Strike"],"picked":"Blade Dance","floor":1.0},{"not_picked":["Blur","Infinite Blades"],"picked":"Dagger Throw","floor":3.0},{"not_picked":["Expertise","Outmaneuver"],"picked":"Riddle With Holes","floor":4.0},{"not_picked":["Calculated Gamble","Leg Sweep"],"picked":"Choke","floor":5.0},{"not_picked":["Outmaneuver","Crippling Poison"],"picked":"Dagger Spray","floor":6.0},{"not_picked":["Skewer","Riddle With Holes"],"picked":"Dagger Throw","floor":8.0},{"not_picked":["Well Laid Plans","Poisoned Stab"],"picked":"Die Die Die","floor":13.0},{"not_picked":["Masterful Stab","Terror"],"picked":"Dagger Spray","floor":14.0},{"not_picked":["Grand Finale","Doppelganger"],"picked":"Storm of Steel","floor":16.0},{"not_picked":["Sucker Punch"],"picked":"SKIP","floor":18.0},{"not_picked":["Dagger Throw"],"picked":"SKIP","floor":20.0},{"not_picked":[],"picked":"Dagger Spray+1","floor":21.0},{"not_picked":["Dagger Spray"],"picked":"SKIP","floor":23.0},{"not_picked":["Catalyst"],"picked":"SKIP","floor":25.0},{"not_picked":["Masterful Stab"],"picked":"SKIP","floor":30.0},{"not_picked":["Underhanded Strike"],"picked":"SKIP","floor":35.0},{"not_picked":[],"picked":"Choke","floor":38.0},{"not_picked":[],"picked":"Prepared+1","floor":39.0},{"not_picked":[],"picked":"Escape Plan","floor":41.0}],"player_experience":314449,"relics_obtained":[{"floor":6.0,"key":"Bottled Lightning"},{"floor":8.0,"key":"Boot"},{"floor":9.0,"key":"Anchor"},{"floor":13.0,"key":"Pantograph"},{"floor":23.0,"key":"Lantern"},{"floor":26.0,"key":"Unceasing Top"},{"floor":28.0,"key":"Necronomicon"}],"event_choices":[{"damage_healed":0.0,"max_hp_gain":0.0,"max_hp_loss":0.0,"gold_gain":0.0,"event_name":"Golden Idol","player_choice":"Take Wound","floor":2.0,"gold_loss":0.0,"damage_taken":0.0,"relics_obtained":["Golden Idol"],"cards_obtained":["Injury"]},{"damage_healed":0.0,"max_hp_gain":0.0,"max_hp_loss":0.0,"gold_gain":50.0,"event_name":"Golden Wing","player_choice":"Gained Gold","floor":10.0,"gold_loss":0.0,"damage_taken":0.0},{"damage_healed":0.0,"max_hp_gain":0.0,"max_hp_loss":0.0,"gold_gain":0.0,"event_name":"Addict","player_choice":"Obtained Relic","floor":19.0,"gold_loss":85.0,"damage_taken":0.0,"relics_obtained":["Orichalcum"]},{"damage_healed":0.0,"max_hp_gain":0.0,"max_hp_loss":0.0,"gold_gain":0.0,"event_name":"The Mausoleum","player_choice":"Opened","floor":22.0,"gold_loss":0.0,"damage_taken":0.0,"relics_obtained":["Vajra"]},{"damage_healed":0.0,"max_hp_gain":0.0,"max_hp_loss":0.0,"gold_gain":0.0,"event_name":"Cursed Tome","player_choice":"Obtained Book","floor":28.0,"gold_loss":0.0,"damage_taken":16.0},{"cards_removed":["Injury"],"damage_healed":0.0,"max_hp_gain":0.0,"max_hp_loss":0.0,"gold_gain":0.0,"event_name":"Fountain of Cleansing","player_choice":"Removed Curses","floor":36.0,"gold_loss":0.0,"damage_taken":0.0}],"is_beta":false,"boss_relics":[{"not_picked":["Snecko Eye","Ectoplasm"],"picked":"Busted Crown"},{"not_picked":["Tiny House","HoveringKite"],"picked":"Sozu"}],"items_purged_floors":[12,31],"is_endless":false,"potions_floor_spawned":[1,4,5,14,20,21,30,35],"killed_by":"Transient","ascension_level":6}}