{"host":"121m0oxswv9tg9hk","time":1614199720,"event":{"mods":["BaseMod","Better Altar","Better Third Choice","Hermit","Hubris","Ironclad Rager","Minty Spire (QoL Compilation)","Replay The Spire","Shade Mod","StSLib","The Construct","The Mystic"],"gold_per_floor":[117,117,142,142,161,194,194,237,264,288,288,288,327,177,177,296,296,320,336,352,132,146,146,47,47,47,47,62,62,100,118,118,118,118],"floor_reached":33,"language":"ENG","playtime":2484,"items_purged":["Shade:Strike_Shade","Shade:Strike_Shade","Shade:Strike_Shade"],"score":556,"play_id":"2ab34be1-17de-4d6d-9492-66bd276979ca","local_time":"20210224214840","is_ascension_mode":true,"campfire_choices":[{"data":"Shade:AncientSpear","floor":7,"key":"SMITH"},{"floor":11,"key":"REST"},{"data":"Shade:FreshBones","floor":15,"key":"SMITH"},{"data":"Shade:FleshToFlesh","floor":23,"key":"SMITH"},{"data":"Shade:PressTheAttack","floor":25,"key":"SMITH"},{"data":"Shade:AnimateDead","floor":29,"key":"SMITH"},{"floor":32,"key":"REST"}],"circlet_count":0,"master_deck":["AscendersBane","Shade:Defend_Shade","Shade:Defend_Shade","Shade:Defend_Shade","Shade:AnimateDead+1","Shade:CarefulCut","Shade:AncientSpear+1","Injury","Shade:Excise","Shade:FreshBones+1","Shade:Bite_Shade","Shade:Coordination","Shade:PressTheAttack+1","Amnesia","Shade:AuraOfUnlife","Shade:CommandSoldier","Shade:AuraOfUnlife","Shade:CommandSoldier","Shade:FleshToFlesh+1","Shade:FleshToFlesh","ReplayTheSpireMod:IOU","CommonCold","Shade:AblativeArmor","Shade:SanguineRitual","Shade:Excise"],"relics":["SacredBark","Golden Idol","ReplayTheSpireMod:TigerMarble","Centennial Puzzle","Replay:Baseball","Replay:Wax Seal","Empty Cage","Onion Ring","Ring of Fury","Ice Cream"],"acts_visited":["Exordium","TheCity"],"potions_floor_usage":[6,13,16,20,22,22,30,31],"damage_taken":[{"damage":2,"enemies":"Cultist","floor":1,"turns":4},{"damage":0,"enemies":"2 Louse","floor":3,"turns":2},{"damage":7,"enemies":"Jaw Worm","floor":5,"turns":2},{"damage":7,"enemies":"3 Sentries","floor":6,"turns":6},{"damage":37,"enemies":"Lagavulin","floor":8,"turns":8},{"damage":2,"enemies":"3 Louse","floor":10,"turns":4},{"damage":8,"enemies":"Gremlin Nob","floor":13,"turns":4},{"damage":41,"enemies":"Fading Forest","floor":16,"turns":11},{"damage":9,"enemies":"Chosen","floor":18,"turns":4},{"damage":43,"enemies":"3 Byrds","floor":19,"turns":4},{"damage":31,"enemies":"Snake Plant","floor":20,"turns":4},{"damage":1,"enemies":"Cultist and Chosen","floor":22,"turns":6},{"damage":3,"enemies":"Sentry and Sphere","floor":28,"turns":3},{"damage":12,"enemies":"Gremlin Leader","floor":30,"turns":7},{"damage":17,"enemies":"Shelled Parasite and Fungi","floor":31,"turns":4},{"damage":65,"enemies":"Champ","floor":33,"turns":12}],"seed_played":"-6451541588931991744","potions_obtained":[{"floor":1,"key":"Dexterity Potion"},{"floor":5,"key":"Fire Potion"},{"floor":6,"key":"Block Potion"},{"floor":13,"key":"Regen Potion"},{"floor":20,"key":"BlessingOfTheForge"},{"floor":30,"key":"Weak Potion"},{"floor":31,"key":"Fire Potion"}],"is_trial":false,"path_per_floor":["M","?","M","$","M","E","R","E","T","M","R","?","E","$","R","B",null,"M","M","M","$","M","R","$","R","T","?","M","R","E","M","R","B"],"character_chosen":"SHADE","items_purchased":["Shade:AuraOfUnlife","Shade:FleshToFlesh","Regen Potion","Shade:FleshToFlesh","Block Potion"],"campfire_rested":2,"item_purchase_floors":[14,21,21,24,24],"current_hp_per_floor":[57,57,57,57,50,43,43,12,12,14,33,65,59,59,59,24,55,50,9,9,9,52,52,52,52,52,52,51,51,43,30,49,0,0],"gold":118,"neow_bonus":"BOSS_RELIC","is_daily":false,"chose_seed":false,"campfire_upgraded":5,"win_rate":0.0,"timestamp":1614199720,"path_taken":["M","?","M","$","M","E","R","E","T","M","R","?","E","?","R","BOSS","M","M","M","$","?","R","$","R","T","?","M","R","E","M","R","BOSS"],"items_purchased_type":["Card","Card","Potion","Card","Potion"],"build_version":"2020-12-22","purchased_purges":3,"victory":false,"max_hp_per_floor":[65,65,65,65,65,65,65,65,65,65,65,65,65,65,65,65,65,65,65,65,65,65,65,65,65,65,65,65,65,65,65,65,65,65],"card_choices":[{"not_picked":["Shade:SoulToxin","Shade:FuneraryArmor"],"picked":"Shade:AncientSpear","floor":1},{"not_picked":["Shade:PotionOfRestlessness","Shade:Premonition"],"picked":"Shade:Excise","floor":3},{"not_picked":["Shade:GoDigging","Shade:SkeletonArmy"],"picked":"Shade:FreshBones","floor":5},{"not_picked":["Shade:FreshBones","Shade:BoneShards"],"picked":"Shade:Bite_Shade","floor":6},{"not_picked":["Shade:PoundOfFlesh","Shade:FingerOfDeath"],"picked":"Shade:Coordination","floor":8},{"not_picked":["Shade:GraveStillness","Shade:GreyBargain"],"picked":"Shade:PressTheAttack","floor":10},{"not_picked":["Shade:GreyBargain","Shade:RitualOffering","Shade:StitchTogether"],"picked":"SKIP","floor":13},{"not_picked":["Shade:CoffinDance","Shade:SkeletonHug"],"picked":"Shade:CommandSoldier","floor":18},{"not_picked":["Shade:FuneraryJewels","Shade:CallWraith"],"picked":"Shade:AuraOfUnlife","floor":19},{"not_picked":["Shade:DangerousRitual","Shade:Doomsay"],"picked":"Shade:CommandSoldier","floor":20},{"not_picked":["Shade:FingerOfDeath","Shade:SpectralStrikes","Shade:Brains"],"picked":"SKIP","floor":22},{"not_picked":["Shade:BoneShards","Shade:WallOfFlesh+1"],"picked":"Shade:AblativeArmor","floor":28},{"not_picked":["Shade:SpectralStrikes","Shade:CallWraith"],"picked":"Shade:SanguineRitual","floor":30},{"not_picked":["Shade:FleshToFlesh","Shade:FuneraryArmor"],"picked":"Shade:Excise","floor":31}],"player_experience":2589816,"relics_obtained":[{"floor":6,"key":"ReplayTheSpireMod:TigerMarble"},{"floor":8,"key":"Centennial Puzzle"},{"floor":9,"key":"Replay:Baseball"},{"floor":13,"key":"Replay:Wax Seal"},{"floor":26,"key":"Onion Ring"},{"floor":27,"key":"Ring of Fury"},{"floor":30,"key":"Ice Cream"}],"event_choices":[{"damage_healed":0,"gold_gain":0,"player_choice":"Take Wound","damage_taken":0,"relics_obtained":["Golden Idol"],"max_hp_gain":0,"max_hp_loss":0,"event_name":"Golden Idol","floor":2,"gold_loss":0,"cards_obtained":["Injury"]}],"is_beta":false,"boss_relics":[{"not_picked":["hubris:GrandSneckoEye","Ectoplasm"],"picked":"Empty Cage"}],"items_purged_floors":[14,21,24],"is_endless":false,"potions_floor_spawned":[1,5,6,10,13,20,30,31],"killed_by":"Champ","ascension_level":12}}