{"host":"a9gsz7kv8aebwp1f","time":1614156010,"event":{"mods":["AchievementEnabler","BaseMod","Minty Spire (QoL Compilation)"],"gold_per_floor":[110,110,35,50,15,25,50,82,82,82,9,9,24,39,39,141,141,152,251,265,290,301,301,301,301,301,312,312,312,331,91,91,91,91],"floor_reached":33,"language":"KOR","playtime":1032,"items_purged":["Regret"],"score":464,"play_id":"1d4490a5-9bd9-4274-a7f6-b098e4815d8c","local_time":"20210224174010","is_ascension_mode":true,"campfire_choices":[{"floor":10,"key":"REST"},{"data":"Dualcast","floor":12,"key":"SMITH"},{"data":"Hologram","floor":15,"key":"SMITH"},{"floor":23,"key":"REST"},{"floor":29,"key":"REST"},{"floor":32,"key":"REST"}],"circlet_count":0,"master_deck":["AscendersBane","Strike_B","Strike_B","Strike_B","Defend_B","Defend_B","Defend_B","Defend_B","Zap","Dualcast+1","Melter","Glacier","Hologram+1","Sweeping Beam","Lockon","Auto Shields","Streamline","FTL","Rainbow","Turbo","Leap","Steam","Turbo","Loop+1","Trip","Leap","Buffer+1","Hello World+1","Hologram+1","BootSequence"],"relics":["Cracked Core","Question Card","Omamori","Centennial Puzzle","InkBottle","Busted Crown","Red Mask","Frozen Egg 2","Orrery"],"acts_visited":["Exordium","TheCity"],"potions_floor_usage":[16,28],"damage_taken":[{"damage":0,"enemies":"Small Slimes","floor":1,"turns":2},{"damage":12,"enemies":"Jaw Worm","floor":4,"turns":2},{"damage":0,"enemies":"2 Louse","floor":6,"turns":1},{"damage":38,"enemies":"Gremlin Nob","floor":8,"turns":4},{"damage":0,"enemies":"Looter","floor":13,"turns":3},{"damage":0,"enemies":"3 Louse","floor":14,"turns":2},{"damage":48,"enemies":"The Guardian","floor":16,"turns":12},{"damage":7,"enemies":"Chosen","floor":18,"turns":4},{"damage":1,"enemies":"Shell Parasite","floor":20,"turns":3},{"damage":25,"enemies":"Masked Bandits","floor":21,"turns":4},{"damage":9,"enemies":"3 Cultists","floor":22,"turns":6},{"damage":9,"enemies":"Snecko","floor":27,"turns":6},{"damage":0,"enemies":"Gremlin Leader","floor":28,"turns":1},{"damage":29,"enemies":"Snake Plant","floor":30,"turns":4},{"damage":36,"enemies":"Collector","floor":33,"turns":11}],"seed_played":"8022398222106862604","potions_obtained":[{"floor":8,"key":"ColorlessPotion"},{"floor":13,"key":"Strength Potion"},{"floor":18,"key":"SmokeBomb"}],"is_trial":false,"path_per_floor":["M","?","$","M","?","M","T","E","T","R","$","R","M","M","R","B",null,"M","?","M","?","M","R","?","?","T","M","E","R","M","$","R","B"],"character_chosen":"DEFECT","items_purchased":["Auto Shields","Trip","Orrery"],"campfire_rested":4,"item_purchase_floors":[11,31,31],"current_hp_per_floor":[68,68,68,56,74,74,74,36,36,58,58,58,58,58,58,10,59,52,52,51,26,17,39,25,25,25,16,16,40,11,11,35,0,0],"gold":91,"neow_bonus":"TRANSFORM_CARD","is_daily":false,"chose_seed":false,"campfire_upgraded":2,"win_rate":0.0,"timestamp":1614156010,"path_taken":["M","?","?","M","?","M","?","E","T","R","$","R","M","M","R","BOSS","M","?","M","?","M","R","?","?","T","?","E","R","M","$","R","BOSS"],"items_purchased_type":["Card","Card","Relic"],"build_version":"2020-12-22","purchased_purges":1,"victory":false,"max_hp_per_floor":[75,75,75,75,75,75,75,75,75,75,75,75,75,75,75,75,75,75,75,75,75,75,75,80,80,80,80,80,80,80,80,80,80,80],"card_choices":[{"not_picked":["Rebound","Steam"],"picked":"Glacier","floor":1},{"not_picked":["Doom and Gloom","Steam","Redo"],"picked":"Hologram","floor":4},{"not_picked":["Redo","Static Discharge","Compile Driver"],"picked":"Sweeping Beam","floor":6},{"not_picked":["Beam Cell","Reprogram","Sweeping Beam"],"picked":"Lockon","floor":8},{"not_picked":["Turbo","Skim","Fission"],"picked":"Streamline","floor":13},{"not_picked":["Hologram","Turbo","Static Discharge"],"picked":"FTL","floor":14},{"not_picked":["Core Surge","Fission","All For One"],"picked":"Rainbow","floor":16},{"not_picked":["Coolheaded"],"picked":"Turbo","floor":18},{"not_picked":["Compile Driver"],"picked":"Leap","floor":20},{"not_picked":["Coolheaded"],"picked":"Steam","floor":21},{"not_picked":["Consume","Heatsinks+1"],"picked":"SKIP","floor":22},{"not_picked":["Cold Snap"],"picked":"Turbo","floor":27},{"not_picked":["Rebound"],"picked":"Loop+1","floor":30},{"not_picked":["Chaos"],"picked":"Leap","floor":31},{"not_picked":["Steam"],"picked":"Buffer+1","floor":31},{"not_picked":["Aggregate"],"picked":"Hello World+1","floor":31},{"not_picked":["Multi-Cast"],"picked":"Hologram+1","floor":31},{"not_picked":["Rebound"],"picked":"BootSequence","floor":31}],"player_experience":484784,"relics_obtained":[{"floor":7,"key":"Omamori"},{"floor":8,"key":"Centennial Puzzle"},{"floor":9,"key":"InkBottle"},{"floor":21,"key":"Red Mask"},{"floor":26,"key":"Frozen Egg 2"}],"event_choices":[{"damage_healed":0,"gold_gain":0,"player_choice":"Box","damage_taken":0,"relics_obtained":["Question Card"],"max_hp_gain":0,"max_hp_loss":0,"event_name":"Big Fish","floor":2,"gold_loss":0,"cards_obtained":["Regret"]},{"damage_healed":18,"gold_gain":0,"player_choice":"Healed","damage_taken":0,"max_hp_gain":0,"max_hp_loss":0,"event_name":"The Cleric","floor":5,"gold_loss":35},{"damage_healed":0,"gold_gain":99,"player_choice":"Stole From Cult","damage_taken":0,"max_hp_gain":0,"max_hp_loss":0,"event_name":"Nest","floor":19,"gold_loss":0},{"damage_healed":0,"gold_gain":0,"player_choice":"Fought Bandits","damage_taken":0,"max_hp_gain":0,"max_hp_loss":0,"event_name":"Masked Bandits","floor":21,"gold_loss":0},{"damage_healed":0,"gold_gain":0,"player_choice":"Shed Blood","damage_taken":19,"max_hp_gain":5,"max_hp_loss":0,"event_name":"Forgotten Altar","floor":24,"gold_loss":0},{"damage_healed":0,"gold_gain":0,"player_choice":"Ignored","damage_taken":0,"max_hp_gain":0,"max_hp_loss":0,"event_name":"Ghosts","floor":25,"gold_loss":0}],"is_beta":false,"boss_relics":[{"not_picked":["Snecko Eye","Fusion Hammer"],"picked":"Busted Crown"}],"items_purged_floors":[3],"is_endless":false,"potions_floor_spawned":[8,13,18,22],"killed_by":"Collector","ascension_level":12}}