{"host":"bpr07pynnqpe5ded","time":1614178326,"event":{"mods":["2.2 Compatiblity","Aspiration","BaseMod","Better Note","Better Third Choice","BetterRewards","Downfall","Jorbs\u0027s Wanderer Trilogy","Minty Spire (QoL Compilation)","Replay The Spire","Shop Mod","StSLib","The Marked","??????REMEMod"],"gold_per_floor":[116,135,135,150,163,163,189,189,237,255,180,211,234,259,259,373,373,396,396,429,457,493,493,543,543,567,311,367,406,453,513,513,639,639,675,485,675,716,722,722],"floor_reached":39,"language":"ENG","playtime":2945,"items_purged":["Strike_P","Strike_P","Halt"],"score":629,"play_id":"3c1c9c2a-9b99-46ec-9bf8-f665261c605a","local_time":"20210224145206","is_ascension_mode":false,"campfire_choices":[{"data":"Guardian:StasisEngine","floor":6,"key":"SMITH"},{"data":"FlurryOfBlows","floor":8,"key":"SMITH"},{"floor":15,"key":"REST"},{"floor":23,"key":"REST"},{"data":"JustLucky","floor":25,"key":"SMITH"},{"floor":32,"key":"DIG"}],"circlet_count":0,"master_deck":["Strike_P","Defend_P","Defend_P","Eruption","Vigilance","Guardian:StasisEngine+1","Brilliance","FlurryOfBlows+1","MentalFortress","Evaluate","JustLucky+1","Weave","Wireheading","REME_FirmDetermination","JustLucky","Pot Of Greed","Pot Of Greed","Devotion","Nirvana+1","EmptyMind+1"],"relics":["HolyWater","REME_ComplimentaryCards","Damaru","Replay:Bandana","Replay:Drink Me","REME_PuzzleBoxRelic","Smiling Mask","HornCleat","Grinning Jar","MerchantsRug"],"acts_visited":["Exordium","TheCity","TheBeyond"],"potions_floor_usage":[10,16,16,16,22,24,24,38],"damage_taken":[{"damage":0,"enemies":"Small Slimes","floor":1,"turns":4},{"damage":0,"enemies":"Cultist","floor":2,"turns":2},{"damage":0,"enemies":"2 Louse","floor":4,"turns":4},{"damage":5,"enemies":"Looter","floor":5,"turns":5},{"damage":15,"enemies":"Lagavulin","floor":7,"turns":8},{"damage":6,"enemies":"Exordium Wildlife","floor":10,"turns":3},{"damage":4,"enemies":"2 Fungi Beasts","floor":12,"turns":3},{"damage":5,"enemies":"Red Slaver","floor":13,"turns":3},{"damage":9,"enemies":"Exordium Wildlife","floor":14,"turns":4},{"damage":47,"enemies":"The Guardian","floor":16,"turns":13},{"damage":7,"enemies":"Spheric Guardian","floor":18,"turns":4},{"damage":10,"enemies":"Chosen","floor":20,"turns":3},{"damage":6,"enemies":"Snake Plant","floor":21,"turns":4},{"damage":7,"enemies":"Centurion and Healer","floor":22,"turns":4},{"damage":4,"enemies":"Slavers","floor":24,"turns":5},{"damage":0,"enemies":"Gremlin Leader","floor":28,"turns":5},{"damage":0,"enemies":"Snecko","floor":29,"turns":3},{"damage":1,"enemies":"Sentry and Sphere","floor":30,"turns":3},{"damage":0,"enemies":"Snake Plant","floor":31,"turns":5},{"damage":12,"enemies":"Pondfish","floor":33,"turns":6},{"damage":0,"enemies":"Orb Walker","floor":35,"turns":2},{"damage":0,"enemies":"3 Shapes","floor":38,"turns":2},{"damage":0,"enemies":"Maw","floor":39,"turns":2}],"seed_played":"9022293477009922581","potions_obtained":[{"floor":1,"key":"Toxic Potion"},{"floor":5,"key":"Milkshake"},{"floor":7,"key":"LiquidBronze"},{"floor":12,"key":"SneckoOil"},{"floor":16,"key":"Swift Potion"},{"floor":18,"key":"BlessingOfTheForge"},{"floor":21,"key":"Dexterity Potion"},{"floor":22,"key":"Adrenaline Potion"},{"floor":28,"key":"Toxic Potion"},{"floor":35,"key":"PowerPotion"}],"is_trial":false,"path_per_floor":["M","M","?","M","M","R","E","R","T","M","$","M","M","M","R","B",null,"M","?","M","M","M","R","E","R","T","$","E","M","M","M","R","B",null,"M","$","?","M","M"],"character_chosen":"WATCHER","items_purchased":["Wireheading","Halt","REME_FirmDetermination","MerchantsRug"],"campfire_rested":2,"item_purchase_floors":[27,27,27,36],"current_hp_per_floor":[72,72,72,72,67,67,52,52,52,46,46,42,37,28,49,2,54,47,47,37,31,24,40,36,36,36,36,36,54,53,53,53,41,54,54,54,41,41,41,41],"gold":722,"neow_bonus":"ONE_RANDOM_RARE_CARD","is_daily":false,"chose_seed":false,"campfire_upgraded":3,"win_rate":0.0,"timestamp":1614178326,"path_taken":["M","M","?","M","?","R","E","R","T","M","$","M","M","M","R","BOSS","M","?","M","M","M","R","E","R","T","$","E","M","M","M","R","BOSS","M","$","?","M","M"],"items_purchased_type":["Card","Card","Card","Relic"],"build_version":"2020-12-22","purchased_purges":3,"victory":false,"max_hp_per_floor":[72,72,72,72,72,72,72,72,72,72,72,72,72,72,72,72,54,54,54,54,54,54,54,54,54,54,54,54,54,54,54,54,54,54,54,54,54,54,54,54],"card_choices":[{"not_picked":["CutThroughFate","CrushJoints"],"picked":"FlurryOfBlows","floor":1},{"not_picked":["Replay:BluntJabs","CrushJoints"],"picked":"MentalFortress","floor":2},{"not_picked":["SashWhip","Fasting2"],"picked":"Evaluate","floor":4},{"not_picked":["Replay:Cycle","BattleHymn"],"picked":"JustLucky","floor":5},{"not_picked":["MentalFortress","REME_MusicOfDeath","Protect"],"picked":"SKIP","floor":7},{"not_picked":["Protect","ThirdEye","MentalFortress"],"picked":"SKIP","floor":10},{"not_picked":["EmptyBody","Brilliance","SashWhip"],"picked":"SKIP","floor":12},{"not_picked":["Replay:BluntJabs","SashWhip","Consecrate"],"picked":"SKIP","floor":13},{"not_picked":["FlyingSleeves","ThirdEye","Replay:AtTheReady"],"picked":"SKIP","floor":14},{"not_picked":["ClearTheMind","ForeignInfluence+1","Replay:BluntJabs+1"],"picked":"SKIP","floor":18},{"not_picked":["BowlingBash","REME_Repentance","DeceiveReality"],"picked":"SKIP","floor":20},{"not_picked":["BowlingBash","CarveReality+1"],"picked":"Weave","floor":21},{"not_picked":["ForeignInfluence","EmptyFist","DeceiveReality"],"picked":"SKIP","floor":22},{"not_picked":["BowlingBash","Protect+1","CarveReality"],"picked":"SKIP","floor":24},{"not_picked":["ConjureBlade","Replay:Vibes","FollowUp+1"],"picked":"SKIP","floor":28},{"not_picked":["CutThroughFate+1","FlurryOfBlows"],"picked":"JustLucky","floor":29},{"not_picked":["TalkToTheHand","Halt","Protect+1"],"picked":"SKIP","floor":30},{"not_picked":["ThirdEye","Replay:AtTheReady","Perseverance+1"],"picked":"SKIP","floor":31},{"not_picked":["SpiritShield","Ragnarok"],"picked":"Devotion","floor":33},{"not_picked":["ClearTheMind+1","Replay:DivineShield"],"picked":"Nirvana+1","floor":35},{"not_picked":["JustLucky+1","EmptyFist"],"picked":"EmptyMind+1","floor":38}],"player_experience":1236124,"relics_obtained":[{"floor":7,"key":"Damaru"},{"floor":9,"key":"Replay:Bandana"},{"floor":24,"key":"REME_PuzzleBoxRelic"},{"floor":26,"key":"Smiling Mask"},{"floor":28,"key":"HornCleat"},{"floor":32,"key":"Grinning Jar"}],"event_choices":[{"damage_healed":0,"gold_gain":0,"player_choice":"Ignored","damage_taken":0,"max_hp_gain":0,"max_hp_loss":0,"event_name":"betterNote:BetterNote","floor":3,"gold_loss":0,"cards_obtained":["REME_HeartOfCthun"]},{"damage_healed":0,"gold_gain":0,"player_choice":"Ignored","damage_taken":0,"max_hp_gain":0,"max_hp_loss":0,"event_name":"The Mausoleum","floor":19,"gold_loss":0}],"is_beta":false,"boss_relics":[{"not_picked":["Runic Dome","aspiration:RitualDagger"],"picked":"Replay:Drink Me"},{"not_picked":["REME_ChargedStone","Fusion Hammer"],"picked":"HolyWater"}],"items_purged_floors":[11,27,36],"is_endless":false,"potions_floor_spawned":[1,5,7,12,16,18,21,22,28,35],"killed_by":"Maw","ascension_level":0}}