{"host":"gobyjzz6xbwq9f9i","time":1614159932,"event":{"mods":["AchievementEnabler","BaseMod","Bestiary","Colored Map","Minty Spire (QoL Compilation)","Relic Stats","ojb\u0027s Info Mod"],"gold_per_floor":[20,35,49,68,86,86,156,186,209,34,34,67,67,87,87,166,166,178,178,189,207,43,72,72,103,149,183,207,236,236,279,279,362,416,427,444,444,457,457,457,493,35,62,88,88,88,115,134,134,134,134,134,38,38,38],"floor_reached":54,"language":"ENG","playtime":2616,"items_purged":[],"score":1852,"play_id":"40b9d78f-b913-4f49-8e5c-54cac9fefd7e","local_time":"20210224014532","is_ascension_mode":true,"campfire_choices":[{"data":"BowlingBash","floor":6.0,"key":"SMITH"},{"data":"EmptyFist","floor":11.0,"key":"SMITH"},{"data":"Fasting2","floor":13.0,"key":"SMITH"},{"data":"TalkToTheHand","floor":15.0,"key":"SMITH"},{"floor":24.0,"key":"REST"},{"floor":30,"key":"RECALL"},{"floor":32,"key":"REST"},{"floor":40,"key":"REST"},{"floor":46,"key":"REST"},{"floor":49,"key":"REST"},{"floor":52,"key":"REST"}],"circlet_count":0,"master_deck":["AscendersBane","Eruption","Vigilance+1","TalkToTheHand","BowlingBash+1","Protect","Swivel","FlurryOfBlows","Evaluate","Fasting2+1","EmptyFist+1","Indignation","TalkToTheHand+1","FlurryOfBlows","Blasphemy","ThirdEye","FlurryOfBlows+1","LikeWater+1","ClearTheMind","InnerPeace","SandsOfTime+1","WindmillStrike+1","Vengeance+1","Consecrate+1","LessonLearned+1","Conclude","Protect","Vault","Meditate","SandsOfTime","Alpha","CarveReality+1","MentalFortress","Finesse","ThirdEye+1","EmptyMind+1","JustLucky"],"relics":["PureWater","Art of War","Ancient Tea Set","Bag of Marbles","Fusion Hammer","OrangePellets","Bronze Scales","Gambling Chip","CeramicFish","GoldenEye","Vajra","Pandora\u0027s Box","Ornamental Fan","Mummified Hand","Darkstone Periapt","Strawberry"],"acts_visited":["Exordium","TheCity","TheBeyond","TheEnding"],"potions_floor_usage":[36,41,47,54],"damage_taken":[{"damage":0.0,"enemies":"2 Louse","floor":1.0,"turns":2.0},{"damage":2.0,"enemies":"Jaw Worm","floor":2.0,"turns":4.0},{"damage":3.0,"enemies":"Small Slimes","floor":3.0,"turns":3.0},{"damage":0.0,"enemies":"Blue Slaver","floor":4.0,"turns":6.0},{"damage":8.0,"enemies":"2 Fungi Beasts","floor":5.0,"turns":4.0},{"damage":6.0,"enemies":"Lagavulin","floor":8.0,"turns":6.0},{"damage":0.0,"enemies":"Gremlin Nob","floor":12.0,"turns":2.0},{"damage":8.0,"enemies":"Red Slaver","floor":14.0,"turns":2.0},{"damage":0.0,"enemies":"Slime Boss","floor":16.0,"turns":3.0},{"damage":6.0,"enemies":"2 Thieves","floor":18.0,"turns":4.0},{"damage":0.0,"enemies":"Spheric Guardian","floor":20.0,"turns":1.0},{"damage":7.0,"enemies":"Snecko","floor":21.0,"turns":4.0},{"damage":0.0,"enemies":"Gremlin Leader","floor":23.0,"turns":4.0},{"damage":0.0,"enemies":"Slavers","floor":25.0,"turns":3.0},{"damage":0,"enemies":"Gremlin Leader","floor":27,"turns":3},{"damage":0,"enemies":"Snake Plant","floor":28,"turns":2},{"damage":0,"enemies":"Centurion and Healer","floor":29,"turns":2},{"damage":37,"enemies":"Book of Stabbing","floor":31,"turns":3},{"damage":16,"enemies":"Champ","floor":33,"turns":5},{"damage":3,"enemies":"Orb Walker","floor":35,"turns":2},{"damage":15,"enemies":"3 Darklings","floor":36,"turns":4},{"damage":0,"enemies":"Maw","floor":38,"turns":5},{"damage":27,"enemies":"Nemesis","floor":41,"turns":8},{"damage":0,"enemies":"Sphere and 2 Shapes","floor":44,"turns":3},{"damage":31,"enemies":"Giant Head","floor":47,"turns":8},{"damage":1,"enemies":"Jaw Worm Horde","floor":48,"turns":3},{"damage":37,"enemies":"Time Eater","floor":50,"turns":7},{"damage":99,"enemies":"Shield and Spear","floor":54,"turns":5}],"seed_played":"-178538211825428967","potions_obtained":[{"floor":1.0,"key":"Strength Potion"},{"floor":2.0,"key":"SkillPotion"},{"floor":3.0,"key":"ColorlessPotion"},{"floor":8.0,"key":"AttackPotion"},{"floor":12.0,"key":"ColorlessPotion"},{"floor":18.0,"key":"StancePotion"},{"floor":20.0,"key":"Energy Potion"},{"floor":28,"key":"FearPotion"},{"floor":31,"key":"LiquidMemories"},{"floor":36,"key":"SneckoOil"},{"floor":38,"key":"Block Potion"},{"floor":41,"key":"GamblersBrew"}],"is_trial":false,"path_per_floor":["M","M","M","M","M","R","?","E","T","$","R","E","R","M","R","B",null,"M","?","M","M","$","E","R","E","T","E","M","M","R","E","R","B",null,"M","M","?","M","?","R","E","$","T","M","T","R","E","M","R","B",null,"R","$","E"],"character_chosen":"WATCHER","items_purchased":["Fasting2","EmptyFist","Indignation","OrangePellets","Mummified Hand","MentalFortress","Finesse","JustLucky","Weak Potion"],"campfire_rested":6,"item_purchase_floors":[10,10,10,22,42,42,42,53,53],"current_hp_per_floor":[61,59,56,56,48,48,48,42,42,42,42,42,42,34,34,34,60,54,54,54,47,47,47,67,67,67,67,67,67,67,30,50,34,60,57,42,42,42,42,61,34,34,34,34,34,53,29,28,49,12,57,72,72,0,0],"gold":38,"neow_bonus":"REMOVE_TWO","is_daily":false,"chose_seed":false,"campfire_upgraded":4,"win_rate":0.0,"timestamp":1614159932,"path_taken":["M","M","M","M","M","R","?","E","T","$","R","E","R","M","R","BOSS","M","?","M","M","$","E","R","E","T","E","M","M","R","E","R","BOSS","M","M","?","M","?","R","E","$","T","M","?","R","E","M","R","BOSS","R","$","E"],"items_purchased_type":["Card","Card","Card","Relic","Relic","Card","Card","Card","Potion"],"build_version":"2020-12-22","purchased_purges":0,"victory":false,"max_hp_per_floor":[68,68,68,68,68,68,68,68,68,68,68,68,68,68,68,68,68,68,68,68,68,68,68,68,68,68,68,68,68,68,68,68,68,68,68,68,65,65,65,65,65,65,65,65,65,65,72,72,72,72,72,72,72,72,72],"relic_stats":{"Darkstone Periapt":0,"OrangePellets":[19],"counters":[28,108],"Ornamental Fan":[64],"Mummified Hand":[23],"Bronze Scales":[122],"Gambling Chip":[60],"CeramicFish":153,"Pandora\u0027s Box":["Conclude","Protect","Vault","Meditate","SandsOfTime","Alpha"],"Art of War":[4],"GoldenEye":[24],"obtain_stats":[{"Darkstone Periapt":45,"CeramicFish":26,"Vajra":31,"Ancient Tea Set":9,"GoldenEye":27,"OrangePellets":22,"Ornamental Fan":41,"Mummified Hand":42,"Bronze Scales":23,"Gambling Chip":25,"Strawberry":47,"Pandora\u0027s Box":34,"Fusion Hammer":17,"Art of War":8,"Bag of Marbles":12,"PureWater":0},{"Darkstone Periapt":24,"CeramicFish":14,"Vajra":18,"Ancient Tea Set":6,"GoldenEye":15,"OrangePellets":12,"Ornamental Fan":23,"Mummified Hand":23,"Bronze Scales":13,"Gambling Chip":14,"Strawberry":25,"Pandora\u0027s Box":19,"Fusion Hammer":9,"Art of War":6,"Bag of Marbles":7,"PureWater":0},{"Darkstone Periapt":85,"CeramicFish":48,"Vajra":58,"Ancient Tea Set":25,"GoldenEye":51,"OrangePellets":41,"Ornamental Fan":82,"Mummified Hand":82,"Bronze Scales":45,"Gambling Chip":48,"Strawberry":93,"Pandora\u0027s Box":63,"Fusion Hammer":32,"Art of War":25,"Bag of Marbles":27,"PureWater":0}]},"card_choices":[{"not_picked":["Prostrate","CutThroughFate"],"picked":"TalkToTheHand","floor":1.0},{"not_picked":["ClearTheMind","Vengeance"],"picked":"BowlingBash","floor":2.0},{"not_picked":["Wireheading","EmptyBody"],"picked":"Protect","floor":3.0},{"not_picked":["SignatureMove","BowlingBash"],"picked":"Swivel","floor":4.0},{"not_picked":["Evaluate","Consecrate"],"picked":"FlurryOfBlows","floor":5.0},{"not_picked":["EmptyMind","PathToVictory"],"picked":"Evaluate","floor":8.0},{"not_picked":["Meditate","Wallop"],"picked":"TalkToTheHand","floor":12.0},{"not_picked":["Crescendo","Sanctity"],"picked":"FlurryOfBlows","floor":14.0},{"not_picked":["DevaForm","Omniscience"],"picked":"Blasphemy","floor":16.0},{"not_picked":["JustLucky","Crescendo"],"picked":"ThirdEye","floor":18.0},{"not_picked":["Protect","JustLucky"],"picked":"FlurryOfBlows","floor":20.0},{"not_picked":["Establishment","Protect"],"picked":"LikeWater+1","floor":21.0},{"not_picked":["Prostrate","FlurryOfBlows"],"picked":"ClearTheMind","floor":23.0},{"not_picked":["Halt","Consecrate"],"picked":"InnerPeace","floor":25.0},{"not_picked":["MentalFortress","Halt"],"picked":"SandsOfTime","floor":27},{"not_picked":["Indignation","Nirvana"],"picked":"WindmillStrike+1","floor":28},{"not_picked":["Weave+1","CrushJoints"],"picked":"Vengeance","floor":29},{"not_picked":["BattleHymn","Prostrate"],"picked":"Consecrate+1","floor":31},{"not_picked":["Judgement","Scrawl"],"picked":"LessonLearned","floor":33},{"not_picked":["ThirdEye","JustLucky","ClearTheMind"],"picked":"SKIP","floor":35},{"not_picked":["BattleHymn","Evaluate","FollowUp"],"picked":"SKIP","floor":36},{"not_picked":["PathToVictory","ThirdEye","Consecrate"],"picked":"SKIP","floor":38},{"not_picked":["Conclude","Nirvana"],"picked":"CarveReality+1","floor":41},{"not_picked":["Alpha","Prostrate+1"],"picked":"ThirdEye+1","floor":44},{"not_picked":["Meditate","BattleHymn","Protect"],"picked":"SKIP","floor":47},{"not_picked":["EmptyBody","PathToVictory+1"],"picked":"EmptyMind+1","floor":48}],"player_experience":1387715,"relics_obtained":[{"floor":8.0,"key":"Art of War"},{"floor":9.0,"key":"Ancient Tea Set"},{"floor":12.0,"key":"Bag of Marbles"},{"floor":23.0,"key":"Bronze Scales"},{"floor":25.0,"key":"Gambling Chip"},{"floor":26.0,"key":"CeramicFish"},{"floor":27,"key":"GoldenEye"},{"floor":31,"key":"Vajra"},{"floor":41,"key":"Ornamental Fan"},{"floor":45,"key":"Darkstone Periapt"},{"floor":47,"key":"Strawberry"}],"event_choices":[{"damage_healed":0.0,"max_hp_gain":0.0,"max_hp_loss":0.0,"gold_gain":70.0,"event_name":"Golden Wing","player_choice":"Gained Gold","floor":7.0,"gold_loss":0.0,"damage_taken":0.0},{"damage_healed":0.0,"max_hp_gain":0.0,"max_hp_loss":0.0,"gold_gain":0.0,"event_name":"Back to Basics","player_choice":"Simplicity","floor":19.0,"gold_loss":0.0,"damage_taken":0.0,"cards_upgraded":["Strike_P","Strike_P","Strike_P","Strike_P","Defend_P","Defend_P"]},{"damage_healed":0,"gold_gain":0,"player_choice":"Max HP","damage_taken":0,"max_hp_gain":0,"max_hp_loss":3,"event_name":"Winding Halls","floor":37,"gold_loss":0},{"damage_healed":0,"gold_gain":0,"player_choice":"Ignored","damage_taken":0,"max_hp_gain":0,"max_hp_loss":0,"event_name":"Tomb of Lord Red Mask","floor":39,"gold_loss":0}],"is_beta":false,"boss_relics":[{"not_picked":["Calling Bell","SacredBark"],"picked":"Fusion Hammer"},{"not_picked":["Velvet Choker","Snecko Eye"],"picked":"Pandora\u0027s Box"}],"items_purged_floors":[],"is_endless":false,"potions_floor_spawned":[1,2,3,8,12,18,20,28,31,33,36,38,41,44],"killed_by":"Shield and Spear","ascension_level":19}}