{"host":"pqs17sqrgflf4eqa","time":1614129898,"event":{"mods":["AchievementEnabler","BaseMod","Bestiary","Better Altar","Better Match","Better Skull","BetterRewards","Block Reminder","Bossed Relics","Colored Map","Colored Powertips","Curses Come First","Dark Map","DeckTracker","Defective Defect","Displayed Cursed Tome","Emptier Cage","Googly Eyes","Highlight Path","Infinite Spire","Minty Spire (QoL Compilation)","Poor People Problems","Quick Restart","StSLib","SuperFastMode","Transform Curses","everything is the same but u backflip on backflip","slay the spire mod where everything is the same but ironclad has a cowboy hat"],"gold_per_floor":[115,129,129,30,48,79,93,93,166,195,195,195,222,238,238,335,335,345,345,360,34,34,63,63,97,142,169,169,182,194,293,293,293,293],"floor_reached":33,"language":"ENG","playtime":773,"items_purged":["Clumsy"],"score":436,"play_id":"c23e7b2b-f506-4683-9b81-b36457695260","local_time":"20210223202458","is_ascension_mode":true,"campfire_choices":[{"data":"Dualcast","floor":8.0,"key":"SMITH"},{"floor":12.0,"key":"REST"},{"floor":15.0,"key":"REST"},{"floor":28,"key":"REST"},{"floor":32,"key":"REST"}],"circlet_count":0,"master_deck":["Strike_B","Strike_B","Strike_B","Strike_B","Defend_B","Defend_B","Defend_B","Dualcast+1","Redo+1","Sunder","Static Discharge","Hologram","Barrage","Compile Driver","Streamline","Doom and Gloom","Leap","Gash","Conserve Battery+1","Cold Snap","Electrodynamics","Defragment","Cold Snap+1","Apotheosis","Genetic Algorithm","Ball Lightning+1","Core Surge","Defragment+1"],"relics":["Cracked Core","Akabeko","Dead Branch","Vajra","White Beast Statue","Nunchaku","Darkstone Periapt","War Paint","Snecko Eye","Bag of Preparation","infinitespire:BottledMercury","infinitespire:Bottled Soul","Boot","Singing Bowl"],"acts_visited":["Exordium","TheCity"],"potions_floor_usage":[23,23,23,25,29,29,33,33],"damage_taken":[{"damage":3.0,"enemies":"2 Louse","floor":1.0,"turns":2.0},{"damage":4.0,"enemies":"Jaw Worm","floor":2.0,"turns":3.0},{"damage":0.0,"enemies":"Small Slimes","floor":5.0,"turns":2.0},{"damage":16.0,"enemies":"Gremlin Nob","floor":6.0,"turns":3.0},{"damage":0.0,"enemies":"2 Fungi Beasts","floor":7.0,"turns":2.0},{"damage":5.0,"enemies":"3 Sentries","floor":10.0,"turns":3.0},{"damage":11.0,"enemies":"Lagavulin","floor":13.0,"turns":6.0},{"damage":4.0,"enemies":"Exordium Thugs","floor":14.0,"turns":3.0},{"damage":10.0,"enemies":"Hexaghost","floor":16.0,"turns":9.0},{"damage":7.0,"enemies":"2 Thieves","floor":18.0,"turns":3.0},{"damage":8.0,"enemies":"Spheric Guardian","floor":20.0,"turns":3.0},{"damage":22,"enemies":"Slavers","floor":23,"turns":3},{"damage":18,"enemies":"Gremlin Leader","floor":25,"turns":4},{"damage":27,"enemies":"Book of Stabbing","floor":27,"turns":4},{"damage":14,"enemies":"Snake Plant","floor":29,"turns":2},{"damage":23,"enemies":"Centurion and Healer","floor":30,"turns":3},{"damage":45,"enemies":"Champ","floor":33,"turns":6}],"seed_played":"-5751211310607983630","potions_obtained":[{"floor":5.0,"key":"SteroidPotion"},{"floor":6.0,"key":"AttackPotion"},{"floor":10.0,"key":"Strength Potion"},{"floor":13.0,"key":"DistilledChaos"},{"floor":14.0,"key":"Ancient Potion"},{"floor":16.0,"key":"SpeedPotion"},{"floor":18.0,"key":"SteroidPotion"},{"floor":23,"key":"SkillPotion"},{"floor":25,"key":"SpeedPotion"},{"floor":27,"key":"Energy Potion"},{"floor":29,"key":"Ancient Potion"},{"floor":30,"key":"PowerPotion"}],"is_trial":false,"path_per_floor":["M","M","?","$","M","E","M","R","T","E","?","R","E","M","R","B",null,"M","?","M","$","?","E","?","E","T","E","R","M","M","?","R","B"],"character_chosen":"DEFECT","items_purchased":["Redo","Sunder","Akabeko","SkillPotion","Streamline","Apotheosis","Bag of Preparation"],"campfire_rested":4,"item_purchase_floors":[0,0,0,0,4,21,21],"current_hp_per_floor":[30,26,47,47,47,31,31,31,31,26,1,22,11,7,28,18,57,50,50,42,42,25,3,70,52,52,25,46,32,11,11,32,0,0],"gold":293,"neow_bonus":"","is_daily":false,"chose_seed":false,"campfire_upgraded":1,"win_rate":0.0,"timestamp":1614129898,"path_taken":["M","M","?","$","M","E","M","R","T","E","?","R","E","M","R","BOSS","M","?","M","$","?","E","?","E","T","E","R","?","M","?","R","BOSS"],"items_purchased_type":["Card","Card","Relic","Potion","Card","Card","Relic"],"build_version":"2020-12-22","purchased_purges":1,"victory":false,"max_hp_per_floor":[70,70,70,70,70,70,70,70,70,70,70,70,70,70,70,70,70,70,70,70,70,70,70,70,70,70,70,70,70,72,72,72,72,72],"card_choices":[{"not_picked":["Go for the Eyes","Compile Driver"],"picked":"Barrage","floor":1.0},{"not_picked":["Undo","Skim"],"picked":"Compile Driver","floor":2.0},{"not_picked":["Hologram","Cold Snap"],"picked":"Doom and Gloom","floor":5.0},{"not_picked":["Auto Shields","Rebound"],"picked":"Leap","floor":6.0},{"not_picked":["Static Discharge","Coolheaded"],"picked":"Gash","floor":7.0},{"not_picked":["Leap","White Noise"],"picked":"Conserve Battery","floor":10.0},{"not_picked":["Beam Cell","Sunder"],"picked":"Cold Snap","floor":13.0},{"not_picked":["Consume","Hello World","Conserve Battery"],"picked":"SKIP","floor":14.0},{"not_picked":["Reboot","Fission"],"picked":"Electrodynamics","floor":16.0},{"not_picked":["Double Energy+1","Chill"],"picked":"Defragment","floor":18.0},{"not_picked":["Conserve Battery+1","Coolheaded"],"picked":"Cold Snap+1","floor":20.0},{"not_picked":["Gash","Go for the Eyes+1"],"picked":"Genetic Algorithm","floor":23},{"not_picked":["All For One","Reinforced Body"],"picked":"Ball Lightning+1","floor":25},{"not_picked":["Doom and Gloom","Go for the Eyes"],"picked":"Core Surge","floor":27},{"not_picked":["Go for the Eyes","Redo"],"picked":"Defragment+1","floor":29},{"not_picked":["Leap","Blizzard","Static Discharge"],"picked":"Singing Bowl","floor":30}],"player_experience":156205,"relics_obtained":[{"floor":6.0,"key":"Vajra"},{"floor":9.0,"key":"White Beast Statue"},{"floor":10.0,"key":"Nunchaku"},{"floor":13.0,"key":"War Paint"},{"floor":23,"key":"infinitespire:BottledMercury"},{"floor":25,"key":"infinitespire:Bottled Soul"},{"floor":26,"key":"Boot"},{"floor":27,"key":"Singing Bowl"}],"event_choices":[{"damage_healed":0.0,"max_hp_gain":0.0,"max_hp_loss":0.0,"gold_gain":0.0,"event_name":"Scrap Ooze","player_choice":"Success","floor":11.0,"gold_loss":0.0,"damage_taken":25.0,"relics_obtained":["Darkstone Periapt"]},{"damage_healed":0.0,"max_hp_gain":0.0,"max_hp_loss":0.0,"gold_gain":0.0,"event_name":"Beggar","player_choice":"Ignored","floor":19.0,"gold_loss":0.0,"damage_taken":0.0},{"damage_healed":0.0,"max_hp_gain":42.0,"max_hp_loss":25.0,"gold_gain":0.0,"event_name":"betterAltar:BetterAltar","player_choice":" Potion ","floor":22.0,"potions_obtained":["betterAltar:AltarPotion"],"relics_lost":[],"gold_loss":0.0,"damage_taken":17.0,"relics_obtained":[]},{"cards_removed":["Fusion"],"damage_healed":67,"gold_gain":0,"player_choice":"Offered Uncommon","damage_taken":0,"max_hp_gain":0,"max_hp_loss":0,"event_name":"Bonfire Elementals","floor":24,"gold_loss":0},{"damage_healed":0,"gold_gain":99,"player_choice":"Stole From Cult","damage_taken":0,"max_hp_gain":0,"max_hp_loss":0,"event_name":"Nest","floor":31,"gold_loss":0}],"is_beta":false,"boss_relics":[{"not_picked":["Inserter","Tiny House"],"picked":"Snecko Eye"}],"items_purged_floors":[4],"is_endless":false,"potions_floor_spawned":[5,6,10,13,14,16,18,20,23,25,27,29,30],"killed_by":"Champ","ascension_level":7}}