{"host":"75f7vpxw7p171fvt","time":1614142745,"event":{"mods":["100% Spire Juice","Act Like it!","Arknights","Astrologer","Bard","BaseMod","CapriCore","ChefMod","Clockwork Mod","Communication Mod","Downfall","Duelist Mod","Gensokyo","Gremlin Mod","Jorbs\u0027s Wanderer Trilogy","Minty Spire (QoL Compilation)","Potionbrewer","Reliquary","Robot Space Explorer","Shapeshifter Mod","StS++","StSLib","The Administrix","The Animator","The Blackbeard","The Dragon Tamer","The Gatherer","The Immortal","The Mystic","The Poker Player"],"gold_per_floor":[99,118,137,137,163,197,197,275,286,321,39,39,53,65,84,182,182,182,199,215,231,231,62,62,75,87,37,137,150,182,202,221,319,319,119,139,1,15,33,67,114,124,124,124,124,124],"floor_reached":44,"language":"ENG","playtime":8338,"items_purged":["Slimebound:Strike_Slimebound"],"score":600,"play_id":"32a735cf-0785-4f2e-ba36-fba51a191fe6","local_time":"20210223205905","is_ascension_mode":false,"campfire_choices":[{"data":"Slimebound:CorrosiveSpit","floor":1,"key":"SMITH"},{"data":"expansioncontent:StudyTheSpire","floor":18,"key":"SMITH"},{"data":"Slimebound:Overexert","floor":35,"key":"SMITH"},{"data":"Slimebound:Nibble","floor":43,"key":"SMITH"}],"circlet_count":0,"master_deck":["Slimebound:Strike_Slimebound","Slimebound:Strike_Slimebound+1","Slimebound:Tackle","Slimebound:Defend_Slimebound+1","Slimebound:Defend_Slimebound","Slimebound:Defend_Slimebound","Slimebound:Defend_Slimebound","Slimebound:Split","Slimebound:CorrosiveSpit+1","Slimebound:LeechingTouch","Slimebound:SpikyOuterGoop","Slimebound:PrepareCrush+1","Slimebound:SplitMire+1","Slimebound:Prepare+1","Slimebound:GrowthPunch","expansioncontent:StudyTheSpire+1","Slimebound:Teamwork","Slimebound:AcidTongue","Slimebound:Schlurp","Slimebound:OozeBath","Slimebound:LeechEnergy","Slimebound:GrowthPunch","Slimebound:SplitMire","Slimebound:Overexert","Slimebound:Overexert+1","Slimebound:SlimeBarrage+1","Slimebound:PressTheAttack","Slimebound:RainOfGoop+1","Slimebound:Nibble+1","Slimebound:Nibble","Slimebound:Gluttony","Slimebound:Nibble","Slimebound:LeechEnergy","Slimebound:MinionMaster","Slimebound:WasteNot","Slimebound:Prepare+1","Slimebound:Replication+1","Slimebound:HauntingLick","Slimebound:SamplingLick","expansioncontent:StudyTheSpire+1","Slimebound:SpikyOuterGoop","Slimebound:PressTheAttack+1","Slimebound:LeechEnergy+1","Slimebound:SplitAcid","Slimebound:Gluttony+1","Slimebound:MassRepurpose","Slimebound:GoopSpray","Slimebound:ForwardTackle+1","Slimebound:TongueLash+1","Slimebound:Prepare+1"],"relics":["Slimebound:AbsorbEndCombat","reliquary:HotPoker","Boot","Happy Flower","Meat on the Bone","Peace Pipe","potionbrewer:BhaskarasWheel","Spirit Poop","Potion Belt","White Beast Statue","Ginger","StSpp:Magatama","downfall:HeartBlessingGreen","downfall:HeartBlessingBlue","Orrery","Dream Catcher","reliquary:PorcupineQuills"],"acts_visited":["Exordium","TheCity","TheBeyond"],"potions_floor_usage":[6,9,19,21,26,27,29,30,30,31,32,33,40,40,44],"damage_taken":[{"damage":10,"enemies":"ats:Genji","floor":2,"turns":3},{"damage":4,"enemies":"Jaw Worm","floor":3,"turns":4},{"damage":18,"enemies":"3 Sentries","floor":6,"turns":10},{"damage":0,"enemies":"2 Louse","floor":9,"turns":3},{"damage":25,"enemies":"Gremlin Nob","floor":10,"turns":4},{"damage":5,"enemies":"downfall:FleeingMerchant","floor":11,"turns":4},{"damage":3,"enemies":"Exordium Wildlife","floor":13,"turns":5},{"damage":8,"enemies":"3 Louse","floor":14,"turns":5},{"damage":7,"enemies":"downfall:LooterAlt","floor":15,"turns":4},{"damage":11,"enemies":"SI_SHIV_ARCHETYPE","floor":16,"turns":8},{"damage":25,"enemies":"3 Byrds","floor":19,"turns":6},{"damage":6,"enemies":"downfall:LooterAlt2","floor":20,"turns":6},{"damage":26,"enemies":"Snake Plant","floor":21,"turns":4},{"damage":0,"enemies":"downfall:FleeingMerchant","floor":23,"turns":4},{"damage":12,"enemies":"Cultist and Chosen","floor":25,"turns":6},{"damage":0,"enemies":"3 Cultists","floor":26,"turns":3},{"damage":20,"enemies":"downfall:FleeingMerchant","floor":27,"turns":4},{"damage":30,"enemies":"downfall:LadyInBlue","floor":28,"turns":5},{"damage":9,"enemies":"Snake Plant","floor":29,"turns":3},{"damage":0,"enemies":"theDuelist:KaibaA2","floor":30,"turns":3},{"damage":8,"enemies":"Sentry and Sphere","floor":31,"turns":4},{"damage":8,"enemies":"Centurion and Healer","floor":32,"turns":5},{"damage":36,"enemies":"IC_MUSHROOM_ARCHETYPE","floor":33,"turns":7},{"damage":28,"enemies":"3 Darklings","floor":36,"turns":4},{"damage":23,"enemies":"downfall:FleeingMerchant","floor":37,"turns":4},{"damage":20,"enemies":"3 Shapes","floor":38,"turns":4},{"damage":11,"enemies":"Spire Growth","floor":39,"turns":5},{"damage":41,"enemies":"Giant Head","floor":40,"turns":7},{"damage":16,"enemies":"Maw","floor":42,"turns":6},{"damage":33,"enemies":"Transient","floor":44,"turns":2}],"seed_played":"-241267664636385498","potions_obtained":[{"floor":2,"key":"Fire Potion"},{"floor":9,"key":"potionbrewer:BlacksmithPotion"},{"floor":10,"key":"potionbrewer:BlacksmithPotion"},{"floor":15,"key":"Dexterity Potion"},{"floor":16,"key":"Regen Potion"},{"floor":19,"key":"Swift Potion"},{"floor":25,"key":"DistilledChaos"},{"floor":26,"key":"potionbrewer:ToxicPotion"},{"floor":28,"key":"LiquidMemories"},{"floor":28,"key":"potionbrewer:DiscountPotion"},{"floor":28,"key":"StSpp:ScatteredWeakPotion"},{"floor":29,"key":"ColorlessPotion"},{"floor":30,"key":"Block Potion"},{"floor":31,"key":"potionbrewer:StunPotion"},{"floor":32,"key":"SpeedPotion"},{"floor":33,"key":"champ:CounterPotion"},{"floor":36,"key":"Fire Potion"},{"floor":37,"key":"StSpp:SecondWindPotion"},{"floor":39,"key":"potionbrewer:NoxiousPotion"},{"floor":40,"key":"StSpp:SecondWindPotion"},{"floor":42,"key":"BlessingOfTheForge"}],"is_trial":false,"path_per_floor":["R","M","M","?","T","E","T","T","M","E","$","?","M","M","M","B",null,"R","M","M","M","?","$","T","M","M","$","?","M","E","M","M","B",null,"R","M","$","M","M","E","T","M","R","M"],"character_chosen":"SLIMEBOUND","items_purchased":["expansioncontent:StudyTheSpire","Slimebound:Overexert","Slimebound:Nibble","Slimebound:HauntingLick","Slimebound:SamplingLick","expansioncontent:StudyTheSpire+1","Slimebound:SpikyOuterGoop","Orrery"],"campfire_rested":0,"item_purchase_floors":[11,23,27,37,37,37,37,37],"current_hp_per_floor":[59,53,57,54,54,44,44,44,48,41,40,40,43,39,46,43,77,77,60,62,56,56,64,64,60,68,54,42,39,45,43,43,27,77,87,65,50,50,47,26,26,30,30,0,0,0],"gold":124,"neow_bonus":"TWENTY_PERCENT_HP_BONUS","is_daily":false,"chose_seed":false,"campfire_upgraded":4,"win_rate":0.0,"timestamp":1614142745,"path_taken":["R","M","M","?","?","E","T","?","?","E","$","?","M","M","M","BOSS","R","M","M","M","?","$","T","M","?","?","?","?","E","M","M","BOSS","R","M","$","M","M","E","T","M","R","M"],"items_purchased_type":["Card","Card","Card","Card","Card","Card","Card","Relic"],"build_version":"2020-12-22","purchased_purges":1,"victory":false,"max_hp_per_floor":[77,77,77,77,77,77,77,77,77,77,77,77,77,77,77,77,77,77,77,77,77,77,77,77,77,77,77,77,77,77,77,77,77,77,87,87,87,87,87,87,87,87,87,87,87,87],"card_choices":[{"not_picked":["Slimebound:Equalize","Slimebound:ItLooksTasty"],"picked":"Slimebound:LeechingTouch","floor":2},{"not_picked":["Slimebound:Prepare","Slimebound:SplitLeeching"],"picked":"Slimebound:SpikyOuterGoop","floor":3},{"not_picked":["Slimebound:RollThrough","Slimebound:HauntingLick"],"picked":"Slimebound:PrepareCrush","floor":6},{"not_picked":["Slimebound:ItLooksTasty","Slimebound:GoopTackle"],"picked":"Slimebound:SplitMire","floor":9},{"not_picked":["Slimebound:LivingWall","Slimebound:SlimeSpikes"],"picked":"Slimebound:Prepare","floor":10},{"not_picked":["Slimebound:LeechingTouch","Slimebound:SlimeTap"],"picked":"Slimebound:GrowthPunch","floor":11},{"not_picked":["Slimebound:SplitAcid","Slimebound:SplitLeeching"],"picked":"Slimebound:Teamwork","floor":13},{"not_picked":["Slimebound:SplitBruiser","Slimebound:RainOfGoop"],"picked":"Slimebound:AcidTongue","floor":14},{"not_picked":["Slimebound:GoopTackle","Slimebound:LivingWall"],"picked":"Slimebound:Schlurp","floor":15},{"not_picked":["Slimebound:MinionMaster","Slimebound:DouseInSlime"],"picked":"Slimebound:OozeBath","floor":16},{"not_picked":["Slimebound:FinishingTackle","Slimebound:RollThrough"],"picked":"Slimebound:LeechEnergy","floor":19},{"not_picked":["Slimebound:SlimeTap","Slimebound:LeechEnergy"],"picked":"Slimebound:GrowthPunch","floor":20},{"not_picked":["Slimebound:FinishingTackle","Slimebound:SlimeSpikes+1"],"picked":"Slimebound:SplitMire","floor":21},{"not_picked":["Slimebound:GoopSpray","Slimebound:RejuvenatingLick+1"],"picked":"Slimebound:Overexert","floor":23},{"not_picked":["Slimebound:GoopSpray","Slimebound:ViciousTackle+1"],"picked":"Slimebound:SlimeBarrage+1","floor":25},{"not_picked":["Slimebound:FlameTackle+1","Slimebound:SlimeTap"],"picked":"Slimebound:PressTheAttack","floor":26},{"not_picked":["Slimebound:LivingWall","Slimebound:SlimeSpikes+1"],"picked":"Slimebound:RainOfGoop+1","floor":27},{"not_picked":["Slimebound:LevelUp","Slimebound:HauntingLick"],"picked":"Slimebound:Nibble","floor":28},{"not_picked":["Slimebound:Prepare","Slimebound:SplitLeeching"],"picked":"Slimebound:Gluttony","floor":29},{"not_picked":["Slimebound:GoopSpray","Slimebound:RollThrough+1"],"picked":"Slimebound:Nibble","floor":30},{"not_picked":["Slimebound:ItLooksTasty+1","Slimebound:SlimeSpikes+1"],"picked":"Slimebound:LeechEnergy","floor":31},{"not_picked":["Slimebound:SplitAcid","Slimebound:ItLooksTasty+1"],"picked":"Slimebound:MinionMaster","floor":32},{"not_picked":["Slimebound:MassRepurpose","Slimebound:FirmFortitude"],"picked":"Slimebound:WasteNot","floor":33},{"not_picked":["Slimebound:GoopTackle+1","Slimebound:FinishingTackle"],"picked":"Slimebound:Prepare+1","floor":36},{"not_picked":["Slimebound:GrowthPunch","Slimebound:LevelUp"],"picked":"Slimebound:Replication+1","floor":37},{"not_picked":["Slimebound:ForwardTackle","Slimebound:SplitLeeching+1"],"picked":"Slimebound:PressTheAttack+1","floor":37},{"not_picked":["Slimebound:ProtectTheBoss+1","Slimebound:Prepare+1"],"picked":"Slimebound:LeechEnergy+1","floor":37},{"not_picked":["Slimebound:LeechEnergy","Slimebound:LivingWall"],"picked":"Slimebound:SplitAcid","floor":37},{"not_picked":["Slimebound:SamplingLick","Slimebound:SlimeSpikes+1"],"picked":"Slimebound:Gluttony+1","floor":37},{"not_picked":["Slimebound:RollThrough+1","Slimebound:RejuvenatingLick"],"picked":"Slimebound:MassRepurpose","floor":37},{"not_picked":["Slimebound:SlimeSpikes+1","Slimebound:LeechEnergy+1"],"picked":"Slimebound:GoopSpray","floor":38},{"not_picked":["Slimebound:SlimeSpikes+1","Slimebound:LivingWall"],"picked":"Slimebound:ForwardTackle+1","floor":39},{"not_picked":["Slimebound:Repurpose","Slimebound:GoopTackle+1"],"picked":"Slimebound:TongueLash+1","floor":40},{"not_picked":["Slimebound:GoopTackle+1","Slimebound:Grow"],"picked":"Slimebound:Prepare+1","floor":42}],"player_experience":7307,"relics_obtained":[{"floor":5,"key":"Boot"},{"floor":6,"key":"Happy Flower"},{"floor":7,"key":"Meat on the Bone"},{"floor":10,"key":"Peace Pipe"},{"floor":24,"key":"Potion Belt"},{"floor":28,"key":"White Beast Statue"},{"floor":30,"key":"Ginger"},{"floor":40,"key":"Dream Catcher"},{"floor":41,"key":"reliquary:PorcupineQuills"}],"event_choices":[{"damage_healed":0,"gold_gain":0,"player_choice":"Success","damage_taken":3,"relics_obtained":["reliquary:HotPoker"],"max_hp_gain":0,"max_hp_loss":0,"event_name":"Scrap Ooze","floor":4,"gold_loss":0},{"cards_removed":["downfall:Malfunctioning"],"damage_healed":0,"gold_gain":0,"player_choice":"Offered Curse","damage_taken":0,"relics_obtained":["Spirit Poop"],"max_hp_gain":0,"max_hp_loss":0,"event_name":"Bonfire Elementals","floor":22,"gold_loss":0}],"is_beta":false,"boss_relics":[{"not_picked":["SlaversCollar","Empty Cage"],"picked":"potionbrewer:BhaskarasWheel"},{"not_picked":["Runic Pyramid","StSpp:CrystalBall"],"picked":"StSpp:Magatama"}],"items_purged_floors":[11],"is_endless":false,"potions_floor_spawned":[2,9,10,15,16,19,25,26,29,30,31,32,33,36,37,38,39,40,42],"killed_by":"Transient","ascension_level":0}}