{"host":"v6biu77h43umse0l","time":1614173477,"event":{"mods":["BaseMod","DeckTracker","Lobotomy","Minty Spire (QoL Compilation)","StSLib","SuperFastMode"],"gold_per_floor":[110,128,145,157,174,174,174],"floor_reached":6,"language":"KOR","playtime":297,"items_purged":[],"score":48,"play_id":"e57a25e7-b200-4237-9467-8393238d4012","local_time":"20210224223117","is_ascension_mode":true,"campfire_choices":[],"circlet_count":0,"master_deck":["Strike_R","Strike_R","Strike_R","Strike_R","Strike_R","Defend_R","Defend_R","Defend_R","Defend_R","Bash","CrumblingArmor","Combust","FieryBird","Searing Blow","PunishingBird","Wellcheers","Power Through","DespairKnight","Brutality"],"relics":["Burning Blood","CogitoBucket"],"acts_visited":["Exordium"],"potions_floor_usage":[],"damage_taken":[{"damage":6,"enemies":"Cultist","floor":1,"turns":4},{"damage":2,"enemies":"Small Slimes","floor":2,"turns":3},{"damage":17,"enemies":"Jaw Worm","floor":3,"turns":3},{"damage":9,"enemies":"2 Fungi Beasts","floor":4,"turns":2},{"damage":22,"enemies":"Blue Slaver","floor":5,"turns":4},{"damage":67,"enemies":"Lagavulin","floor":6,"turns":5}],"seed_played":"8091983702507381763","potions_obtained":[{"floor":3,"key":"DuplicationPotion"}],"is_trial":false,"path_per_floor":["M","M","M","M","M","E"],"character_chosen":"IRONCLAD","items_purchased":[],"campfire_rested":0,"item_purchase_floors":[],"current_hp_per_floor":[80,80,69,68,56,0,0],"gold":174,"neow_bonus":"","is_daily":false,"chose_seed":false,"campfire_upgraded":0,"win_rate":0.0,"timestamp":1614173477,"path_taken":["M","M","M","M","M","E"],"items_purchased_type":[],"build_version":"2020-12-22","purchased_purges":0,"victory":false,"max_hp_per_floor":[80,80,80,80,80,80,80],"card_choices":[{"not_picked":["VoidDream","BeautyBeast"],"picked":"CrumblingArmor","floor":1},{"not_picked":["Thunderclap","Warcry"],"picked":"Combust","floor":1},{"not_picked":["Murderer","ShyLook"],"picked":"FieryBird","floor":2},{"not_picked":["Twin Strike","Body Slam"],"picked":"Searing Blow","floor":2},{"not_picked":["MHz","Murderer"],"picked":"PunishingBird","floor":3},{"not_picked":["Clash","Perfected Strike","Iron Wave"],"picked":"SKIP","floor":3},{"not_picked":["BeautyBeast","LittleHelper"],"picked":"Wellcheers","floor":4},{"not_picked":["Pummel","Pommel Strike"],"picked":"Power Through","floor":4},{"not_picked":["OSAHOGD","Freischutz"],"picked":"DespairKnight","floor":5},{"not_picked":["Shrug It Off","Uppercut"],"picked":"Brutality","floor":5}],"player_experience":385935,"relics_obtained":[],"event_choices":[],"is_beta":false,"boss_relics":[],"items_purged_floors":[],"is_endless":false,"potions_floor_spawned":[3],"killed_by":"Lagavulin","ascension_level":4}}