{"host":"y76clbnovzmw9ubx","time":1614132333,"event":{"mods":["AchievementEnabler","BaseMod","Minty Spire (QoL Compilation)","Permanent Neow","Relic Stats"],"gold_per_floor":[112,128,128,141,0,0,33,15,15,50,50,77,77,107,107,184,184,194,209,209,14,32,57,74,74,74,87,115,115,115,128,128,203,203,213,231,251,213,41,71,71,103,403,431,449,449,449,463,463,463,463,463,463,49,79,79,79],"floor_reached":56,"language":"ENG","playtime":6141,"items_purged":["Strike_G","Strike_G"],"score":2160,"play_id":"2c5df95b-4d8c-40ae-8498-aef48e4034d8","local_time":"20210223210533","is_ascension_mode":true,"campfire_choices":[{"data":"Dagger Spray","floor":6.0,"key":"SMITH"},{"data":"Predator","floor":11.0,"key":"SMITH"},{"data":"Bandage Up","floor":13.0,"key":"SMITH"},{"data":"Terror","floor":15.0,"key":"SMITH"},{"data":"Noxious Fumes","floor":25.0,"key":"SMITH"},{"data":"Well Laid Plans","floor":30,"key":"SMITH"},{"data":"Footwork","floor":32,"key":"SMITH"},{"floor":41,"key":"RECALL"},{"data":"Leg Sweep","floor":47,"key":"SMITH"},{"data":"Night Terror","floor":49,"key":"SMITH"},{"data":"Dodge and Roll","floor":53,"key":"SMITH"}],"circlet_count":0,"master_deck":["AscendersBane","Strike_G","Defend_G","Defend_G","Defend_G","Defend_G","Defend_G","Survivor","Neutralize","Bandage Up+1","Slice","Sucker Punch","Dagger Spray+1","Predator+1","Venomology","Deflect","Poisoned Stab","Poisoned Stab","Terror+1","After Image","Noxious Fumes+1","Doppelganger","Footwork+1","Crippling Poison","Quick Slash+1","Well Laid Plans+1","Doppelganger","Bouncing Flask+1","Night Terror+1","Backflip","Backstab+1","Blur","Dodge and Roll+1","Cloak And Dagger+1","Leg Sweep+1","Master of Strategy","Catalyst+1"],"relics":["Ring of the Snake","HornCleat","Pear","Happy Flower","Eternal Feather","Omamori","Cursed Key","Membership Card","PreservedInsect","Anchor","Lizard Tail","SlaversCollar","Oddly Smooth Stone","Lantern","Question Card","Tingsha","Old Coin","FossilizedHelix","Snake Skull","Bottled Tornado","StrikeDummy"],"acts_visited":["Exordium","TheCity","TheBeyond","TheEnding"],"potions_floor_usage":[27,28,31,33,35,37,44,51,51,55,55,55,55,56,56],"damage_taken":[{"damage":10.0,"enemies":"Small Slimes","floor":1.0,"turns":4.0},{"damage":3.0,"enemies":"Cultist","floor":2.0,"turns":4.0},{"damage":0.0,"enemies":"2 Louse","floor":4.0,"turns":3.0},{"damage":21.0,"enemies":"Gremlin Nob","floor":7.0,"turns":4.0},{"damage":8.0,"enemies":"Exordium Thugs","floor":8.0,"turns":4.0},{"damage":35.0,"enemies":"Lagavulin","floor":10.0,"turns":7.0},{"damage":22.0,"enemies":"3 Sentries","floor":12.0,"turns":8.0},{"damage":0.0,"enemies":"Gremlin Nob","floor":14.0,"turns":3.0},{"damage":38.0,"enemies":"Slime Boss","floor":16.0,"turns":10.0},{"damage":3.0,"enemies":"Chosen","floor":18.0,"turns":4.0},{"damage":14.0,"enemies":"2 Thieves","floor":19.0,"turns":4.0},{"damage":10.0,"enemies":"Snecko","floor":22.0,"turns":6.0},{"damage":20.0,"enemies":"Book of Stabbing","floor":23.0,"turns":5.0},{"damage":10.0,"enemies":"Sentry and Sphere","floor":24.0,"turns":6.0},{"damage":3,"enemies":"Shelled Parasite and Fungi","floor":27,"turns":5},{"damage":23,"enemies":"Slavers","floor":28,"turns":4},{"damage":0,"enemies":"Centurion and Healer","floor":31,"turns":6},{"damage":11,"enemies":"Champ","floor":33,"turns":8},{"damage":22,"enemies":"3 Darklings","floor":35,"turns":6},{"damage":38,"enemies":"3 Shapes","floor":36,"turns":9},{"damage":51,"enemies":"Transient","floor":37,"turns":6},{"damage":0,"enemies":"Giant Head","floor":40,"turns":8},{"damage":0,"enemies":"Nemesis","floor":42,"turns":5},{"damage":16,"enemies":"Giant Head","floor":44,"turns":7},{"damage":0,"enemies":"Jaw Worm Horde","floor":45,"turns":6},{"damage":17,"enemies":"Spire Growth","floor":48,"turns":6},{"damage":15,"enemies":"Time Eater","floor":50,"turns":17},{"damage":37,"enemies":"Donu and Deca","floor":51,"turns":11},{"damage":62,"enemies":"Shield and Spear","floor":55,"turns":6},{"damage":22,"enemies":"The Heart","floor":56,"turns":5}],"seed_played":"-3919870921692734195","potions_obtained":[{"floor":1.0,"key":"Strength Potion"},{"floor":8.0,"key":"FairyPotion"},{"floor":12.0,"key":"FearPotion"},{"floor":18.0,"key":"Swift Potion"},{"floor":22.0,"key":"LiquidBronze"},{"floor":36,"key":"Strength Potion"},{"floor":44,"key":"Fire Potion"},{"floor":55,"key":"LiquidBronze"}],"is_trial":false,"path_per_floor":["M","M","?","M","$","R","E","M","T","E","R","E","R","E","R","B",null,"M","M","?","$","M","E","M","R","T","M","E","T","R","M","R","B",null,"M","M","M","$","$","E","R","E","T","E","M","?","R","M","R","B","B",null,"R","$","E","B"],"character_chosen":"THE_SILENT","items_purchased":["Predator","Poison Potion","Membership Card","Footwork","Oddly Smooth Stone","Lantern","Snake Skull","Bottled Tornado","Master of Strategy","EntropicBrew"],"campfire_rested":0,"item_purchase_floors":[5,5,21,21,39,39,54,54,54,54],"current_hp_per_floor":[53,54,54,58,58,58,41,37,47,16,16,22,34,40,52,20,62,65,57,57,57,53,39,35,50,50,53,36,36,51,57,75,70,75,59,27,33,33,33,39,57,63,63,53,59,59,76,59,76,67,36,66,76,76,20,0,0],"gold":79,"neow_bonus":"RANDOM_COLORLESS","is_daily":false,"chose_seed":false,"campfire_upgraded":10,"win_rate":0.0,"timestamp":1614132333,"path_taken":["M","M","?","M","$","R","E","M","T","E","R","E","R","E","R","BOSS","M","?","?","?","M","E","M","R","T","?","E","?","R","M","R","BOSS","M","?","?","?","$","E","R","E","T","E","M","?","R","M","R","BOSS","BOSS","R","$","E","BOSS"],"items_purchased_type":["Card","Potion","Relic","Card","Relic","Relic","Relic","Relic","Card","Potion"],"build_version":"2020-12-22","purchased_purges":2,"victory":false,"max_hp_per_floor":[66,66,66,66,66,66,66,66,76,76,76,76,76,76,76,76,76,76,76,76,76,76,76,76,76,76,76,76,76,76,76,76,76,76,76,76,76,76,76,76,76,76,76,76,76,76,76,76,76,76,76,76,76,76,76,76,76],"relic_stats":{"Lizard Tail":38,"Happy Flower":[53],"counters":[30,187],"Eternal Feather":134,"Tingsha":[12],"PreservedInsect":429,"Snake Skull":[30],"Cursed Key":3,"Question Card":5,"obtain_stats":[{"Lantern":39,"Pear":9,"Happy Flower":10,"Oddly Smooth Stone":39,"Eternal Feather":12,"Tingsha":42,"PreservedInsect":23,"Snake Skull":54,"Omamori":14,"Bottled Tornado":54,"Cursed Key":17,"Question Card":40,"Old Coin":43,"SlaversCollar":34,"Anchor":28,"Lizard Tail":29,"HornCleat":7,"Membership Card":21,"StrikeDummy":55,"FossilizedHelix":44,"Ring of the Snake":0},{"Lantern":21,"Pear":5,"Happy Flower":6,"Oddly Smooth Stone":21,"Eternal Feather":7,"Tingsha":23,"PreservedInsect":13,"Snake Skull":28,"Omamori":8,"Bottled Tornado":28,"Cursed Key":9,"Question Card":22,"Old Coin":23,"SlaversCollar":18,"Anchor":16,"Lizard Tail":16,"HornCleat":4,"Membership Card":11,"StrikeDummy":29,"FossilizedHelix":24,"Ring of the Snake":0},{"Lantern":116,"Pear":19,"Happy Flower":26,"Oddly Smooth Stone":116,"Eternal Feather":34,"Tingsha":129,"PreservedInsect":66,"Snake Skull":176,"Omamori":37,"Bottled Tornado":176,"Cursed Key":47,"Question Card":124,"Old Coin":129,"SlaversCollar":95,"Anchor":81,"Lizard Tail":81,"HornCleat":15,"Membership Card":55,"StrikeDummy":182,"FossilizedHelix":136,"Ring of the Snake":0}],"Ring of the Snake":[60]},"card_choices":[{"not_picked":["Impatience","Dark Shackles"],"picked":"Bandage Up","floor":0.0},{"not_picked":["Underhanded Strike","Flying Knee"],"picked":"Slice","floor":1.0},{"not_picked":["Backflip","Outmaneuver"],"picked":"Sucker Punch","floor":2.0},{"not_picked":["Noxious Fumes","Prepared"],"picked":"Dagger Spray","floor":4.0},{"not_picked":["Endless Agony","Eviscerate"],"picked":"Venomology","floor":7.0},{"not_picked":["Acrobatics","Sucker Punch"],"picked":"Deflect","floor":8.0},{"not_picked":["Dagger Throw","Cloak And Dagger"],"picked":"Poisoned Stab","floor":10.0},{"not_picked":["A Thousand Cuts","Bane"],"picked":"Poisoned Stab","floor":12.0},{"not_picked":["Dagger Throw","Caltrops"],"picked":"Terror","floor":14.0},{"not_picked":["Doppelganger","Burst"],"picked":"After Image","floor":16.0},{"not_picked":["Underhanded Strike","Concentrate","Riddle With Holes"],"picked":"SKIP","floor":18.0},{"not_picked":["Finisher","Deflect+1"],"picked":"Noxious Fumes","floor":19.0},{"not_picked":["Deflect","Slice"],"picked":"Crippling Poison","floor":22.0},{"not_picked":["Sucker Punch","Blade Dance"],"picked":"Quick Slash+1","floor":23.0},{"not_picked":["Deflect","Slice","Outmaneuver+1"],"picked":"SKIP","floor":24.0},{"not_picked":["Dagger Spray","Cloak And Dagger"],"picked":"Well Laid Plans","floor":27},{"not_picked":["Flechettes+1","Storm of Steel"],"picked":"Doppelganger","floor":28},{"not_picked":["Sucker Punch","Prepared"],"picked":"Bouncing Flask+1","floor":31},{"not_picked":["Corpse Explosion","Burst"],"picked":"Night Terror","floor":33},{"not_picked":["Deflect+1","Bouncing Flask"],"picked":"Backflip","floor":35},{"not_picked":["Prepared","Underhanded Strike"],"picked":"Backstab+1","floor":36},{"not_picked":["Cloak And Dagger","Backflip"],"picked":"Blur","floor":37},{"not_picked":["Slice","Well Laid Plans+1"],"picked":"Dodge and Roll","floor":40},{"not_picked":["Accuracy","Dagger Throw+1","Bane","Slice"],"picked":"SKIP","floor":42},{"not_picked":["Expertise","Burst","Dagger Spray"],"picked":"Cloak And Dagger+1","floor":44},{"not_picked":["Concentrate+1","Heel Hook","Bouncing Flask"],"picked":"Leg Sweep","floor":45},{"not_picked":["Riddle With Holes","Dagger Spray","Slice","Poisoned Stab"],"picked":"SKIP","floor":48},{"not_picked":["Crippling Poison+1","Outmaneuver+1","Riddle With Holes"],"picked":"Catalyst+1","floor":55}],"player_experience":3285078,"relics_obtained":[{"floor":7.0,"key":"HornCleat"},{"floor":9.0,"key":"Pear"},{"floor":10.0,"key":"Happy Flower"},{"floor":12.0,"key":"Eternal Feather"},{"floor":14.0,"key":"Omamori"},{"floor":23.0,"key":"PreservedInsect"},{"floor":28,"key":"Anchor"},{"floor":29,"key":"Lizard Tail"},{"floor":40,"key":"Question Card"},{"floor":42,"key":"Tingsha"},{"floor":43,"key":"Old Coin"},{"floor":44,"key":"FossilizedHelix"},{"floor":55,"key":"StrikeDummy"}],"event_choices":[{"cards_removed":["Strike_G"],"damage_healed":0.0,"max_hp_gain":0.0,"max_hp_loss":0.0,"gold_gain":0.0,"event_name":"Bonfire Elementals","player_choice":"Offered Basic","floor":3.0,"gold_loss":0.0,"damage_taken":0.0},{"damage_healed":0.0,"max_hp_gain":0.0,"max_hp_loss":0.0,"gold_gain":0.0,"cards_transformed":["Strike_G"],"event_name":"Transmorgrifier","player_choice":"Transformed","floor":20.0,"gold_loss":0.0,"damage_taken":0.0,"cards_obtained":["Doppelganger"]},{"cards_removed":["Decay"],"damage_healed":0,"gold_gain":0,"player_choice":"Card Removal","damage_taken":0,"max_hp_gain":0,"max_hp_loss":0,"event_name":"Wheel of Change","floor":46,"gold_loss":0}],"is_beta":false,"boss_relics":[{"not_picked":["SacredBark","Sozu"],"picked":"Cursed Key"},{"not_picked":["Pandora\u0027s Box","Tiny House"],"picked":"SlaversCollar"}],"items_purged_floors":[38,54],"is_endless":false,"potions_floor_spawned":[1,8,12,14,16,18,19,22,28,36,37,44,45,48,55],"killed_by":"The Heart","ascension_level":20}}