{"host":"birdoosa9v9yfc1w","time":1614138867,"event":{"mods":["2.2 Compatiblity","BaseMod","Bossed Relics","Colored Map","Colored Powertips","Dark Map","Halation","Highlight Path","Minty Spire (QoL Compilation)","Rare Cards Sparkle","Relic Filter","SacredBarkPlus","StSLib","The Jungle","Thrall Mod"],"gold_per_floor":[118,169,19,19,33,33,61,76,76,113,132,165,183,199,199,290,290,302,324,324,324,344,344,377,377,377,402,430,451,551,596,596,680,680,696,723,735,30,48,89,102,139,186,206,224,224,240,275,275,282,282,282,4,4,61],"floor_reached":56,"language":"ENG","playtime":2889,"items_purged":["Defend_Thrall"],"score":2224,"play_id":"78165b07-e08b-4821-9c46-c93a07e0619b","local_time":"20210223225427","is_ascension_mode":true,"campfire_choices":[{"data":"Earthshock","floor":6,"key":"SMITH"},{"data":"Volcano","floor":15,"key":"SMITH"},{"data":"Hallazeal","floor":23,"key":"SMITH"},{"data":"Elementaldestruction","floor":25,"key":"SMITH"},{"floor":32,"key":"DIG"},{"floor":46,"key":"RECALL"},{"data":"Frostshock","floor":49,"key":"SMITH"},{"floor":52,"key":"DIG"},{"data":"Flametonguetotem","floor":54,"key":"SMITH"}],"circlet_count":0,"master_deck":["AscendersBane","Strike_Thrall","Strike_Thrall","Strike_Thrall","Strike_Thrall","Strike_Thrall","Defend_Thrall","Defend_Thrall","Defend_Thrall","Defend_Thrall","Lightningbolt","Thecoin","Tidalsurge+1","Earthshock+1","Zap","Volcano+1","Elementaldestruction+1","Menacingnimbus","Hallazeal+1","Dustdevil","Drakkaridefender+1","Avalanche","Frostshock+1","Avalanche","Avalanche","Thingfrombelow+1","Flametonguetotem+1"],"relics":["Totem","Blood Vial","halation:IllGainedPizza","Tiny Chest","Singing Bowl","Omamori","Busted Crown","theJungle:BirthdayCake","Centennial Puzzle","Shovel","Prayer Wheel","halation:WeightlessCrab","WingedGreaves","Lavashock","PreservedInsect","DollysMirror","Pocketwatch","halation:LoveArrow","halation:VictoryRuler","Pen Nib","Strawberry","HornCleat","halation:Komachan"],"acts_visited":["Exordium","Exordium","TheBeyond","TheEnding"],"potions_floor_usage":[10,44,55,55],"damage_taken":[{"damage":1.0,"enemies":"2 Louse","floor":1.0,"turns":3.0},{"damage":5,"enemies":"Jaw Worm","floor":5,"turns":3},{"damage":33,"enemies":"Gremlin Nob","floor":7,"turns":5},{"damage":1,"enemies":"Cultist","floor":8,"turns":3},{"damage":40,"enemies":"3 Sentries","floor":10,"turns":5},{"damage":2,"enemies":"Large Slime","floor":11,"turns":3},{"damage":0,"enemies":"Gremlin Nob","floor":12,"turns":2},{"damage":0,"enemies":"Looter","floor":13,"turns":1},{"damage":4,"enemies":"2 Fungi Beasts","floor":14,"turns":3},{"damage":43,"enemies":"The Guardian","floor":16,"turns":8},{"damage":13,"enemies":"theJungle:GiantWrat","floor":18,"turns":3},{"damage":32,"enemies":"theJungle:Flameango_and_Byrd","floor":19,"turns":6},{"damage":28,"enemies":"theJungle:SlimyTreeVines","floor":22,"turns":4},{"damage":60,"enemies":"theJungle:Cassacara","floor":24,"turns":6},{"damage":45,"enemies":"theJungle:2_Snecko_Cultists","floor":27,"turns":5},{"damage":0,"enemies":"theJungle:MamaSnecko","floor":28,"turns":5},{"damage":24,"enemies":"Snake Plant","floor":29,"turns":3},{"damage":104,"enemies":"theJungle:2_Phrogs","floor":31,"turns":8},{"damage":66,"enemies":"theJungle:QueenSpyder","floor":33,"turns":13},{"damage":1,"enemies":"3 Shapes","floor":35,"turns":3},{"damage":10,"enemies":"Orb Walker","floor":37,"turns":4},{"damage":14,"enemies":"Spire Growth","floor":39,"turns":4},{"damage":66,"enemies":"Nemesis","floor":40,"turns":5},{"damage":0,"enemies":"4 Shapes","floor":41,"turns":1},{"damage":81,"enemies":"Giant Head","floor":42,"turns":7},{"damage":11,"enemies":"Transient","floor":44,"turns":5},{"damage":9,"enemies":"Maw","floor":45,"turns":6},{"damage":15,"enemies":"Jaw Worm Horde","floor":47,"turns":4},{"damage":13,"enemies":"Nemesis","floor":48,"turns":3},{"damage":32,"enemies":"Time Eater","floor":50,"turns":7},{"damage":97,"enemies":"The Heart","floor":55,"turns":8}],"seed_played":"4679079766567572575","potions_obtained":[{"floor":5,"key":"ColorlessPotion"},{"floor":11,"key":"SneckoOil"},{"floor":12,"key":"Weak Potion"},{"floor":16,"key":"DuplicationPotion"},{"floor":44,"key":"Fruit Juice"}],"is_trial":false,"path_per_floor":["M","?","$","?","M","R","E","M","T","E","M","E","M","M","R","B",null,"M","M","?","?","M","R","E","R","T","M","E","M","?","E","R","B",null,"M","T","M","$","M","E","M","E","T","M","M","R","M","E","R","B",null,"R","$","R","B",null],"character_chosen":"THRALL","items_purchased":["Blood Vial","PreservedInsect","Frostshock","DollysMirror","Pocketwatch","Flametonguetotem","halation:Komachan","Explosive Potion"],"campfire_rested":0,"item_purchase_floors":[3,38,38,38,38,53,53,53],"current_hp_per_floor":[64,64,64,64,67,67,56,66,66,34,34,47,49,49,49,26,65,78,78,78,98,92,92,86,86,86,104,106,95,84,89,89,114,114,116,116,120,120,124,89,95,132,132,141,143,143,147,154,154,154,154,154,154,154,153],"gold":61,"neow_bonus":"TEN_PERCENT_HP_BONUS","is_daily":false,"chose_seed":false,"campfire_upgraded":6,"win_rate":0.0,"timestamp":1614138867,"path_taken":["M","?","$","?","M","R","E","?","T","E","M","E","M","M","R","BOSS","M","M","?","?","M","R","E","R","T","M","E","M","?","E","R","BOSS","M","?","M","$","M","E","M","E","T","M","M","R","M","E","R","BOSS","R","$","R","BOSS"],"items_purchased_type":["Relic","Relic","Card","Relic","Relic","Card","Relic","Potion"],"build_version":"2020-12-22","purchased_purges":1,"victory":true,"max_hp_per_floor":[72,72,72,72,72,72,72,72,72,74,74,76,76,78,78,78,78,78,78,78,98,100,100,102,102,102,104,106,110,110,112,112,114,114,116,116,120,120,124,126,130,132,132,141,143,143,147,154,154,154,154,154,154,154,154],"card_choices":[{"not_picked":["Forkedlightning","Frostshock"],"picked":"Tidalsurge","floor":1},{"not_picked":["Healingrain","Fireguard"],"picked":"Earthshock","floor":5},{"not_picked":["Spiritofthefrog","Frostshock"],"picked":"Zap","floor":7},{"not_picked":["Totemicsmash","Eureka"],"picked":"Volcano","floor":8},{"not_picked":["Jinyu","Wartbringer","Crackle"],"picked":"Singing Bowl","floor":10},{"not_picked":["Totemicsmash","Jinyu"],"picked":"Elementaldestruction","floor":11},{"not_picked":["Spiritofthefrog","Healingrain","Jinyu"],"picked":"Singing Bowl","floor":12},{"not_picked":["Cryostasis","Witchsapprentice"],"picked":"Menacingnimbus","floor":13},{"not_picked":["Lightningstorm","Jadecheiftain","Tidalsurge"],"picked":"Singing Bowl","floor":14},{"not_picked":["Shudderwock","Whiteeyes"],"picked":"Hallazeal","floor":16},{"not_picked":[],"picked":"Dustdevil","floor":18},{"not_picked":[],"picked":"Drakkaridefender+1","floor":19},{"not_picked":["Murksparkeel"],"picked":"Singing Bowl","floor":22},{"not_picked":["Evolve"],"picked":"Singing Bowl","floor":24},{"not_picked":["Eureka"],"picked":"Singing Bowl","floor":27},{"not_picked":["Hagatha"],"picked":"Singing Bowl","floor":28},{"not_picked":["Rockbiter"],"picked":"Singing Bowl","floor":29},{"not_picked":["Murksparkeel"],"picked":"Singing Bowl","floor":29},{"not_picked":["Dustdevil"],"picked":"Singing Bowl","floor":31},{"not_picked":["Unstable"],"picked":"Singing Bowl","floor":33},{"not_picked":[],"picked":"Avalanche","floor":35},{"not_picked":["Fireelemental+1"],"picked":"Singing Bowl","floor":35},{"not_picked":["Lightningbolt"],"picked":"Singing Bowl","floor":37},{"not_picked":["Crackle+1"],"picked":"Singing Bowl","floor":37},{"not_picked":["Lightningbolt"],"picked":"Singing Bowl","floor":39},{"not_picked":["Beakeredlightning"],"picked":"Singing Bowl","floor":39},{"not_picked":["Jadelightning"],"picked":"Singing Bowl","floor":40},{"not_picked":["Lightningstorm+1"],"picked":"Singing Bowl","floor":41},{"not_picked":["Zap"],"picked":"Singing Bowl","floor":41},{"not_picked":["Tunneltrogg"],"picked":"Singing Bowl","floor":42},{"not_picked":["Lightningbolt"],"picked":"Singing Bowl","floor":44},{"not_picked":["Forkedlightning"],"picked":"Singing Bowl","floor":44},{"not_picked":[],"picked":"Avalanche","floor":45},{"not_picked":["Menacingnimbus"],"picked":"Singing Bowl","floor":45},{"not_picked":["Elementaryreaction"],"picked":"Singing Bowl","floor":47},{"not_picked":["Tidalsurge"],"picked":"Singing Bowl","floor":47},{"not_picked":[],"picked":"Thingfrombelow+1","floor":48}],"player_experience":673830,"relics_obtained":[{"floor":7,"key":"halation:IllGainedPizza"},{"floor":9,"key":"Tiny Chest"},{"floor":10,"key":"Singing Bowl"},{"floor":12,"key":"Omamori"},{"floor":24,"key":"Centennial Puzzle"},{"floor":26,"key":"Shovel"},{"floor":28,"key":"Prayer Wheel"},{"floor":31,"key":"halation:WeightlessCrab"},{"floor":32,"key":"WingedGreaves"},{"floor":40,"key":"halation:LoveArrow"},{"floor":42,"key":"halation:VictoryRuler"},{"floor":43,"key":"Pen Nib"},{"floor":48,"key":"Strawberry"},{"floor":52,"key":"HornCleat"}],"event_choices":[{"damage_healed":0,"gold_gain":51,"player_choice":"Gained Gold","damage_taken":0,"max_hp_gain":0,"max_hp_loss":0,"event_name":"Golden Wing","floor":2,"gold_loss":0},{"damage_healed":0,"gold_gain":0,"player_choice":"Upgraded","damage_taken":0,"max_hp_gain":0,"max_hp_loss":0,"event_name":"Upgrade Shrine","floor":4,"gold_loss":0,"cards_upgraded":["Tidalsurge"]}],"is_beta":false,"boss_relics":[{"not_picked":["Totemicslam","Tiny House"],"picked":"Busted Crown"},{"not_picked":["Cursed Key","Empty Cage"],"picked":"Lavashock"}],"items_purged_floors":[38],"is_endless":false,"potions_floor_spawned":[5,11,12,16,27,28,29,31,35,40,41,44],"ascension_level":15}}