{"host":"p1xsuo25udtrkbq2","time":1614154291,"event":{"mods":["BaseMod","Colored Map","Googly Eyes","Highlight Path","Minty Spire (QoL Compilation)","Quick Restart","Rare Cards Sparkle","Slay the Relics Exporter","StSLib","everything is the same but u backflip on backflip"],"gold_per_floor":[113,125,139,69,79,106,106,106,129,129,158,158,184,202,202,277,277,291,307,307,30,42,42,56,56,56],"floor_reached":25,"language":"ENG","playtime":1590,"items_purged":["Strike_R"],"score":390,"play_id":"c6c21152-e3fb-48d7-bf76-ebb4322c9833","local_time":"20210224031131","is_ascension_mode":true,"campfire_choices":[{"data":"Metamorphosis","floor":7.0,"key":"SMITH"},{"data":"Dual Wield","floor":10.0,"key":"SMITH"},{"data":"Fiend Fire","floor":15.0,"key":"SMITH"},{"data":"Barricade","floor":23.0,"key":"SMITH"}],"circlet_count":0,"master_deck":["AscendersBane","Defend_R","Defend_R","Defend_R","Defend_R","Bash","Metamorphosis+1","Iron Wave","Ghostly Armor","Dual Wield+1","Flame Barrier","Corruption","Fiend Fire+1","Battle Trance","Reaper","Body Slam+1","Fire Breathing+1","Thunderclap+1","Shrug It Off","Flame Barrier","Battle Trance","Power Through","Barricade+1","Shrug It Off"],"relics":["Burning Blood","Oddly Smooth Stone","Blood Vial","Orichalcum","Singing Bowl","Astrolabe"],"acts_visited":["Exordium","TheCity"],"potions_floor_usage":[25],"damage_taken":[{"damage":5.0,"enemies":"2 Louse","floor":1.0,"turns":4.0},{"damage":0.0,"enemies":"Cultist","floor":2.0,"turns":3.0},{"damage":2.0,"enemies":"Jaw Worm","floor":3.0,"turns":4.0},{"damage":7.0,"enemies":"Large Slime","floor":5.0,"turns":6.0},{"damage":15.0,"enemies":"3 Sentries","floor":6.0,"turns":7.0},{"damage":17.0,"enemies":"Gremlin Nob","floor":11.0,"turns":4.0},{"damage":14.0,"enemies":"Lagavulin","floor":13.0,"turns":5.0},{"damage":3.0,"enemies":"Red Slaver","floor":14.0,"turns":2.0},{"damage":31.0,"enemies":"Slime Boss","floor":16.0,"turns":5.0},{"damage":24.0,"enemies":"Spheric Guardian","floor":18.0,"turns":5.0},{"damage":3.0,"enemies":"Shell Parasite","floor":19.0,"turns":2.0},{"damage":13.0,"enemies":"Centurion and Healer","floor":22.0,"turns":7.0},{"damage":25.0,"enemies":"Snake Plant","floor":24.0,"turns":6.0},{"damage":47,"enemies":"Gremlin Leader","floor":25,"turns":4}],"seed_played":"-7924573094286559227","potions_obtained":[{"floor":1.0,"key":"ColorlessPotion"},{"floor":2.0,"key":"DistilledChaos"},{"floor":6.0,"key":"DuplicationPotion"},{"floor":13.0,"key":"EssenceOfSteel"},{"floor":22.0,"key":"Regen Potion"}],"is_trial":false,"path_per_floor":["M","M","M","$","M","E","R","?","T","R","E","?","E","M","R","B",null,"M","M","?","$","M","R","M","E"],"character_chosen":"IRONCLAD","items_purchased":["Dual Wield","Power Through","Barricade"],"campfire_rested":0,"item_purchase_floors":[4,21,21],"current_hp_per_floor":[68,68,68,68,67,58,58,51,51,51,42,42,36,43,43,20,58,42,47,47,47,44,44,42,0,0],"gold":56,"neow_bonus":"RANDOM_COLORLESS_2","is_daily":false,"chose_seed":false,"campfire_upgraded":4,"win_rate":0.0,"timestamp":1614154291,"path_taken":["M","M","M","$","M","E","R","?","T","R","E","?","E","M","R","BOSS","M","M","?","?","M","R","M","E"],"items_purchased_type":["Card","Card","Card"],"build_version":"2020-12-22","purchased_purges":1,"victory":false,"max_hp_per_floor":[68,68,68,68,68,68,68,68,68,68,68,68,68,70,70,70,70,70,70,70,70,72,72,72,72,72],"card_choices":[{"not_picked":["Thinking Ahead","Sadistic Nature"],"picked":"Metamorphosis","floor":0.0},{"not_picked":["Shockwave","Infernal Blade"],"picked":"Iron Wave","floor":1.0},{"not_picked":["Headbutt","Flex"],"picked":"Ghostly Armor","floor":2.0},{"not_picked":["Metallicize","Fire Breathing","Iron Wave"],"picked":"SKIP","floor":3.0},{"not_picked":["Sword Boomerang","True Grit","Havoc"],"picked":"SKIP","floor":5.0},{"not_picked":["Thunderclap","Berserk"],"picked":"Flame Barrier","floor":6.0},{"not_picked":["Thunderclap","Berserk"],"picked":"Corruption","floor":11.0},{"not_picked":["Shrug It Off","Thunderclap"],"picked":"Battle Trance","floor":13.0},{"not_picked":["Twin Strike","Power Through","Clothesline"],"picked":"Singing Bowl","floor":14.0},{"not_picked":["Corruption","Double Tap"],"picked":"Reaper","floor":16.0},{"not_picked":["Wild Strike","Clothesline"],"picked":"Shrug It Off","floor":18.0},{"not_picked":["Havoc","Headbutt"],"picked":"Flame Barrier","floor":19.0},{"not_picked":["Cleave","Fire Breathing","Anger"],"picked":"Singing Bowl","floor":22.0},{"not_picked":["Heavy Blade","Armaments"],"picked":"Shrug It Off","floor":24.0}],"player_experience":1150728,"relics_obtained":[{"floor":6.0,"key":"Oddly Smooth Stone"},{"floor":9.0,"key":"Blood Vial"},{"floor":11.0,"key":"Orichalcum"},{"floor":13.0,"key":"Singing Bowl"}],"event_choices":[{"cards_removed":["Strike_R"],"damage_healed":0.0,"max_hp_gain":0.0,"max_hp_loss":0.0,"gold_gain":0.0,"event_name":"Golden Wing","player_choice":"Card Removal","floor":8.0,"gold_loss":0.0,"damage_taken":7.0},{"damage_healed":0.0,"max_hp_gain":0.0,"max_hp_loss":0.0,"gold_gain":0.0,"event_name":"Match and Keep!","player_choice":"1 cards matched","floor":12.0,"gold_loss":0.0,"damage_taken":0.0,"cards_obtained":["Fiend Fire"]},{"damage_healed":0.0,"max_hp_gain":0.0,"max_hp_loss":0.0,"gold_gain":0.0,"event_name":"Match and Keep!","player_choice":"1 cards matched","floor":12.0,"gold_loss":0.0,"damage_taken":0.0,"cards_obtained":["Fiend Fire"]},{"damage_healed":0.0,"max_hp_gain":0.0,"max_hp_loss":0.0,"gold_gain":0.0,"event_name":"Duplicator","player_choice":"Copied","floor":20.0,"gold_loss":0.0,"damage_taken":0.0,"cards_obtained":["Battle Trance"]}],"is_beta":false,"boss_relics":[{"not_picked":["Coffee Dripper","Calling Bell"],"picked":"Astrolabe"}],"items_purged_floors":[21],"is_endless":false,"potions_floor_spawned":[1,2,6,13,22],"killed_by":"Gremlin Leader","ascension_level":15}}