{"host":"c6u7e77myxvw4d0m","time":1614159693,"event":{"mods":["AchievementEnabler","BaseMod","Bestiary","Colored Map","Colored Powertips","Minty Spire (QoL Compilation)","Rare Cards Sparkle","Relic Stats","everything is the same but u backflip on backflip"],"gold_per_floor":[118,118,118,128,145,145,220,3,3,33,33,43,70,90,90,165,165,183,203,16,35,35,35,35,67,93,93,18,18,45,63,63,137,137,147,167,185,185,185,217,217,229,229,258,308,308,323,356,356,356,356,356,356,71,104,104],"floor_reached":57,"language":"ENG","playtime":6611,"items_purged":[],"score":3076,"play_id":"fadc8bbe-6f6d-41b7-b639-aadcb4e1bc31","local_time":"20210224114133","is_ascension_mode":true,"campfire_choices":[{"data":"Footwork","floor":6.0,"key":"SMITH"},{"data":"Crippling Poison","floor":11.0,"key":"SMITH"},{"data":"Burst","floor":15.0,"key":"SMITH"},{"data":"Apotheosis","floor":23.0,"key":"SMITH"},{"floor":27.0,"key":"RECALL"},{"floor":29.0,"key":"REST"},{"floor":32.0,"key":"DIG"},{"floor":41.0,"key":"REST"},{"floor":46.0,"key":"DIG"},{"floor":49.0,"key":"REST"},{"floor":53.0,"key":"DIG"}],"circlet_count":0,"master_deck":["AscendersBane","Defend_G","Defend_G","Defend_G+1","Defend_G","Defend_G","Survivor+1","Cloak And Dagger","Prepared","Footwork+1","Outmaneuver","Concentrate","Noxious Fumes","Crippling Poison+1","PiercingWail","Burst+1","Deadly Poison","Malaise","Deadly Poison+1","Prepared","Apotheosis+1","Reflex","Malaise","PiercingWail+1","Adrenaline","Sucker Punch+1","Dagger Spray+1","Prepared+1","Dodge and Roll","Caltrops","PiercingWail","Flechettes","Footwork","Tactician"],"relics":["Runic Pyramid","Snake Skull","Boot","Darkstone Periapt","Sozu","Pocketwatch","Shovel","Paper Crane","Astrolabe","MealTicket","StrikeDummy","Orichalcum","HornCleat","Happy Flower","Gremlin Horn","TwistedFunnel","Bag of Preparation"],"acts_visited":["Exordium","TheCity","TheBeyond","TheEnding"],"potions_floor_usage":[],"damage_taken":[{"damage":0.0,"enemies":"Jaw Worm","floor":1.0,"turns":6.0},{"damage":0.0,"enemies":"2 Louse","floor":4.0,"turns":3.0},{"damage":0.0,"enemies":"Small Slimes","floor":5.0,"turns":4.0},{"damage":0.0,"enemies":"Lagavulin","floor":10.0,"turns":8.0},{"damage":0.0,"enemies":"3 Louse","floor":12.0,"turns":3.0},{"damage":0.0,"enemies":"3 Sentries","floor":13.0,"turns":5.0},{"damage":1.0,"enemies":"Blue Slaver","floor":14.0,"turns":5.0},{"damage":0.0,"enemies":"The Guardian","floor":16.0,"turns":10.0},{"damage":12.0,"enemies":"Shell Parasite","floor":18.0,"turns":5.0},{"damage":0.0,"enemies":"Chosen","floor":19.0,"turns":7.0},{"damage":0.0,"enemies":"Snake Plant","floor":21.0,"turns":5.0},{"damage":18.0,"enemies":"Gremlin Leader","floor":25.0,"turns":7.0},{"damage":0.0,"enemies":"Book of Stabbing","floor":30.0,"turns":6.0},{"damage":0.0,"enemies":"Chosen and Byrds","floor":31.0,"turns":7.0},{"damage":5.0,"enemies":"Automaton","floor":33.0,"turns":11.0},{"damage":0.0,"enemies":"3 Shapes","floor":35.0,"turns":5.0},{"damage":2.0,"enemies":"Orb Walker","floor":36.0,"turns":4.0},{"damage":52.0,"enemies":"4 Shapes","floor":37.0,"turns":6.0},{"damage":18.0,"enemies":"Reptomancer","floor":40.0,"turns":7.0},{"damage":1.0,"enemies":"Sphere and 2 Shapes","floor":42.0,"turns":5.0},{"damage":0.0,"enemies":"Giant Head","floor":44.0,"turns":8.0},{"damage":23.0,"enemies":"Jaw Worm Horde","floor":47.0,"turns":6.0},{"damage":3.0,"enemies":"Reptomancer","floor":48.0,"turns":10.0},{"damage":4.0,"enemies":"Awakened One","floor":50.0,"turns":13.0},{"damage":24.0,"enemies":"Donu and Deca","floor":51.0,"turns":9.0},{"damage":0,"enemies":"Shield and Spear","floor":55,"turns":8},{"damage":37,"enemies":"The Heart","floor":56,"turns":13}],"seed_played":"-6293473804739133933","potions_obtained":[{"floor":4.0,"key":"ColorlessPotion"},{"floor":10.0,"key":"Strength Potion"},{"floor":13.0,"key":"BlessingOfTheForge"},{"floor":14.0,"key":"Regen Potion"}],"is_trial":false,"path_per_floor":["M","?","?","M","M","R","?","$","T","E","R","M","E","M","R","B",null,"M","M","$","M","?","R","?","E","T","R","?","R","E","M","R","B",null,"M","M","M","?","?","E","R","M","T","E","?","R","M","E","R","B","B",null,"R","$","E","B",null],"character_chosen":"THE_SILENT","items_purchased":["Concentrate","Noxious Fumes","Crippling Poison","Apotheosis","Footwork","Tactician","TwistedFunnel"],"campfire_rested":3,"item_purchase_floors":[8,8,8,20,54,54,54],"current_hp_per_floor":[59,39,39,39,39,39,28,28,28,28,28,28,28,27,27,42,60,48,48,48,48,48,48,48,30,30,30,30,49,49,49,49,44,61,61,59,7,54,54,36,52,51,51,51,51,51,28,25,41,37,13,44,44,54,54,17],"gold":104,"neow_bonus":"BOSS_RELIC","is_daily":false,"chose_seed":false,"campfire_upgraded":4,"win_rate":0.0,"timestamp":1614159693,"path_taken":["M","?","?","M","M","R","?","$","T","E","R","M","E","M","R","BOSS","M","M","$","M","?","R","?","E","T","R","?","R","E","M","R","BOSS","M","M","M","?","?","E","R","M","T","E","?","R","?","E","R","BOSS","BOSS","R","$","E","BOSS"],"items_purchased_type":["Card","Card","Card","Card","Card","Card","Relic"],"build_version":"2020-12-22","purchased_purges":0,"victory":true,"max_hp_per_floor":[66,66,66,66,66,66,66,66,66,66,66,66,66,66,66,66,66,66,66,66,66,66,66,66,66,66,66,66,66,66,66,66,66,66,66,66,66,54,54,54,54,54,54,54,54,54,54,54,54,54,54,54,54,54,54,54],"relic_stats":{"Darkstone Periapt":0,"Happy Flower":[14],"Gremlin Horn":[1,1],"counters":[27,186],"Astrolabe":["Sucker Punch","Dagger Spray","Prepared"],"Snake Skull":[324],"Bag of Preparation":[2],"Orichalcum":[84],"Boot":[111],"Sozu":4,"Shovel":3,"MealTicket":10,"obtain_stats":[{"Darkstone Periapt":13,"TwistedFunnel":54,"Happy Flower":48,"Gremlin Horn":53,"Astrolabe":34,"Snake Skull":9,"Bag of Preparation":55,"Paper Crane":32,"Orichalcum":44,"Boot":10,"Sozu":17,"Shovel":30,"HornCleat":46,"MealTicket":40,"StrikeDummy":43,"Ring of the Snake":0,"Runic Pyramid":0,"Pocketwatch":25},{"Darkstone Periapt":6,"TwistedFunnel":25,"Happy Flower":23,"Gremlin Horn":25,"Astrolabe":15,"Snake Skull":3,"Bag of Preparation":26,"Paper Crane":14,"Orichalcum":21,"Boot":4,"Sozu":8,"Shovel":13,"HornCleat":21,"MealTicket":19,"StrikeDummy":20,"Ring of the Snake":0,"Runic Pyramid":0,"Pocketwatch":12},{"Darkstone Periapt":29,"TwistedFunnel":165,"Happy Flower":143,"Gremlin Horn":165,"Astrolabe":92,"Snake Skull":13,"Bag of Preparation":173,"Paper Crane":81,"Orichalcum":127,"Boot":21,"Sozu":44,"Shovel":74,"HornCleat":127,"MealTicket":114,"StrikeDummy":119,"Ring of the Snake":0,"Runic Pyramid":0,"Pocketwatch":68}],"Pocketwatch":[35]},"card_choices":[{"not_picked":["PiercingWail","Well Laid Plans"],"picked":"Cloak And Dagger","floor":1.0},{"not_picked":["Bane","Prepared"],"picked":"Footwork","floor":4.0},{"not_picked":["Noxious Fumes","Masterful Stab"],"picked":"Outmaneuver","floor":5.0},{"not_picked":["Poisoned Stab","Backflip"],"picked":"PiercingWail","floor":10.0},{"not_picked":["Eviscerate","Well Laid Plans"],"picked":"Burst","floor":12.0},{"not_picked":["Well Laid Plans","Accuracy","Poisoned Stab"],"picked":"SKIP","floor":13.0},{"not_picked":["Flying Knee","Quick Slash"],"picked":"Deadly Poison","floor":14.0},{"not_picked":["Glass Knife","After Image"],"picked":"Malaise","floor":16.0},{"not_picked":["Endless Agony","Blur"],"picked":"Deadly Poison+1","floor":18.0},{"not_picked":["Underhanded Strike","Noxious Fumes"],"picked":"Prepared","floor":19.0},{"not_picked":["Dagger Throw+1","Masterful Stab+1","Quick Slash"],"picked":"SKIP","floor":21.0},{"not_picked":["Prepared","Cloak And Dagger"],"picked":"Reflex","floor":25.0},{"not_picked":["Backflip","Underhanded Strike"],"picked":"Malaise","floor":30.0},{"not_picked":["Poisoned Stab","Slice"],"picked":"PiercingWail+1","floor":31.0},{"not_picked":["Phantasmal Killer","Venomology"],"picked":"Adrenaline","floor":33.0},{"not_picked":["Heel Hook","Slice","Quick Slash+1"],"picked":"SKIP","floor":35.0},{"not_picked":["Blade Dance","Infinite Blades+1"],"picked":"Dodge and Roll","floor":36.0},{"not_picked":["Backstab","Choke","Cloak And Dagger"],"picked":"SKIP","floor":37.0},{"not_picked":["Glass Knife","Well Laid Plans"],"picked":"Caltrops","floor":40.0},{"not_picked":["Heel Hook","Dagger Throw+1"],"picked":"PiercingWail","floor":42.0},{"not_picked":["Quick Slash","Skewer","Terror+1"],"picked":"SKIP","floor":44.0},{"not_picked":["Setup","Well Laid Plans"],"picked":"Flechettes","floor":47.0},{"not_picked":["Blade Dance","Underhanded Strike+1","Bane"],"picked":"SKIP","floor":48.0},{"not_picked":["Dagger Spray","Bullet Time","Unload"],"picked":"SKIP","floor":55}],"player_experience":892296,"relics_obtained":[{"floor":9.0,"key":"Snake Skull"},{"floor":10.0,"key":"Boot"},{"floor":13.0,"key":"Darkstone Periapt"},{"floor":25.0,"key":"Pocketwatch"},{"floor":30.0,"key":"Shovel"},{"floor":32.0,"key":"Paper Crane"},{"floor":40.0,"key":"MealTicket"},{"floor":43.0,"key":"StrikeDummy"},{"floor":44.0,"key":"Orichalcum"},{"floor":46.0,"key":"HornCleat"},{"floor":48.0,"key":"Happy Flower"},{"floor":53.0,"key":"Gremlin Horn"},{"floor":55,"key":"Bag of Preparation"}],"event_choices":[{"damage_healed":0.0,"max_hp_gain":0.0,"max_hp_loss":0.0,"gold_gain":0.0,"event_name":"Shining Light","player_choice":"Entered Light","floor":2.0,"gold_loss":0.0,"damage_taken":20.0,"cards_upgraded":["Survivor","Defend_G"]},{"damage_healed":0.0,"max_hp_gain":0.0,"max_hp_loss":0.0,"gold_gain":0.0,"cards_transformed":["Strike_G"],"event_name":"Living Wall","player_choice":"Change","floor":3.0,"gold_loss":0.0,"damage_taken":0.0,"cards_obtained":["Prepared"]},{"damage_healed":0.0,"max_hp_gain":0.0,"max_hp_loss":0.0,"gold_gain":75.0,"event_name":"World of Goop","player_choice":"Gather Gold","floor":7.0,"gold_loss":0.0,"damage_taken":11.0},{"damage_healed":0.0,"max_hp_gain":0.0,"max_hp_loss":0.0,"gold_gain":0.0,"event_name":"Ghosts","player_choice":"Ignored","floor":22.0,"gold_loss":0.0,"damage_taken":0.0},{"damage_healed":0.0,"max_hp_gain":0.0,"max_hp_loss":0.0,"gold_gain":0.0,"event_name":"The Mausoleum","player_choice":"Ignored","floor":24.0,"gold_loss":0.0,"damage_taken":0.0},{"cards_removed":["Strike_G"],"damage_healed":0.0,"max_hp_gain":0.0,"max_hp_loss":0.0,"gold_gain":0.0,"event_name":"Beggar","player_choice":"Gave Gold","floor":28.0,"gold_loss":75.0,"damage_taken":0.0},{"damage_healed":54.0,"max_hp_gain":0.0,"max_hp_loss":12.0,"gold_gain":0.0,"event_name":"The Moai Head","player_choice":"Heal","floor":38.0,"gold_loss":0.0,"damage_taken":0.0},{"cards_removed":["Neutralize"],"damage_healed":0.0,"max_hp_gain":0.0,"max_hp_loss":0.0,"gold_gain":0.0,"event_name":"Falling","player_choice":"Removed Attack","floor":39.0,"gold_loss":0.0,"damage_taken":0.0},{"damage_healed":0.0,"max_hp_gain":0.0,"max_hp_loss":0.0,"gold_gain":50.0,"event_name":"Golden Shrine","player_choice":"Pray","floor":45.0,"gold_loss":0.0,"damage_taken":0.0}],"is_beta":false,"boss_relics":[{"not_picked":["Busted Crown","Snecko Eye"],"picked":"Sozu"},{"not_picked":["Calling Bell","Runic Dome"],"picked":"Astrolabe"}],"items_purged_floors":[],"is_endless":false,"potions_floor_spawned":[4,10,13,14,19,33,36,44],"ascension_level":20}}