{"host":"h4s2ow0cl6kdwaz8","time":1614198862,"event":{"mods":["AchievementEnabler","BaseMod","Bestiary","Colored Map","Minty Spire (QoL Compilation)","Permanent Neow","Relic Stats"],"gold_per_floor":[16,26,44,58,58,85,85,85,139,172,183,27,55,65,65,167,167,185,185,220,237,237,264,264,264,264,264,278,313,14,49,49,144,144,159,175,185,203,213,213,68,103,103,114,114,144,144,164,164,164,164,164,20,50,50],"floor_reached":56,"language":"ENG","playtime":4999,"items_purged":["Regret"],"score":1468,"play_id":"ae251a8e-43b3-4b1f-9a45-036b1f07cec8","local_time":"20210224203422","is_ascension_mode":true,"campfire_choices":[{"floor":8,"key":"REST"},{"data":"Catalyst","floor":15,"key":"SMITH"},{"data":"Envenom","floor":24,"key":"SMITH"},{"floor":27,"key":"REST"},{"data":"Burst","floor":32,"key":"SMITH"},{"floor":40,"key":"REST"},{"floor":45,"key":"RECALL"},{"data":"Caltrops","floor":49,"key":"SMITH"},{"data":"Tools of the Trade","floor":52,"key":"SMITH"}],"circlet_count":0,"master_deck":["Strike_G+1","Strike_G+1","Defend_G+1","Defend_G+1","Defend_G+1","Survivor","Neutralize","Crippling Poison+1","Catalyst+1","Poisoned Stab","Bouncing Flask","Blur","Dodge and Roll","Poisoned Stab","Noxious Fumes","Crippling Poison","Underhanded Strike","Envenom+1","Slice+1","Necronomicurse","Catalyst","Dodge and Roll+1","Outmaneuver","Footwork","Underhanded Strike","Burst+1","Corpse Explosion+1","After Image+1","Bouncing Flask+1","Tactician+1","Prepared","Caltrops+1","Tools of the Trade+1","Concentrate+1","Tactician+1","Prepared+1","Deflect+1"],"relics":["Ring of the Snake","StrikeDummy","PreservedInsect","Orichalcum","Gambling Chip","Runic Pyramid","Necronomicon","Red Mask","Singing Bowl","Thread and Needle","Gremlin Horn","Paper Crane","Dream Catcher","Astrolabe","Snake Skull","Toxic Egg 2","Omamori","Du-Vu Doll"],"acts_visited":["Exordium","TheCity","TheBeyond","TheEnding"],"potions_floor_usage":[6,16,28,29,55,55,55],"damage_taken":[{"damage":0,"enemies":"2 Louse","floor":1,"turns":3},{"damage":0,"enemies":"Cultist","floor":2,"turns":5},{"damage":3,"enemies":"Small Slimes","floor":3,"turns":4},{"damage":1,"enemies":"Exordium Wildlife","floor":4,"turns":5},{"damage":21,"enemies":"3 Sentries","floor":6,"turns":8},{"damage":15,"enemies":"Lagavulin","floor":10,"turns":4},{"damage":6,"enemies":"3 Louse","floor":11,"turns":2},{"damage":7,"enemies":"Gremlin Nob","floor":13,"turns":3},{"damage":2,"enemies":"Large Slime","floor":14,"turns":5},{"damage":9,"enemies":"Hexaghost","floor":16,"turns":7},{"damage":0,"enemies":"Chosen","floor":18,"turns":3},{"damage":6,"enemies":"Masked Bandits","floor":20,"turns":4},{"damage":0,"enemies":"3 Byrds","floor":21,"turns":3},{"damage":2,"enemies":"Book of Stabbing","floor":23,"turns":3},{"damage":0,"enemies":"Sentry and Sphere","floor":28,"turns":3},{"damage":14,"enemies":"Slavers","floor":29,"turns":3},{"damage":0,"enemies":"Gremlin Leader","floor":31,"turns":3},{"damage":0,"enemies":"Automaton","floor":33,"turns":5},{"damage":7,"enemies":"3 Shapes","floor":35,"turns":3},{"damage":3,"enemies":"Orb Walker","floor":36,"turns":3},{"damage":0,"enemies":"Sphere and 2 Shapes","floor":37,"turns":2},{"damage":0,"enemies":"Transient","floor":38,"turns":5},{"damage":33,"enemies":"Jaw Worm Horde","floor":39,"turns":4},{"damage":0,"enemies":"Giant Head","floor":42,"turns":4},{"damage":0,"enemies":"Sphere and 2 Shapes","floor":44,"turns":3},{"damage":0,"enemies":"Nemesis","floor":46,"turns":3},{"damage":0,"enemies":"Writhing Mass","floor":48,"turns":3},{"damage":33,"enemies":"Awakened One","floor":50,"turns":7},{"damage":31,"enemies":"Shield and Spear","floor":54,"turns":3},{"damage":32,"enemies":"The Heart","floor":55,"turns":5}],"seed_played":"-5026045884729644644","potions_obtained":[{"floor":1,"key":"Dexterity Potion"},{"floor":4,"key":"PowerPotion"},{"floor":6,"key":"BlessingOfTheForge"},{"floor":13,"key":"Explosive Potion"},{"floor":16,"key":"SteroidPotion"},{"floor":23,"key":"Poison Potion"},{"floor":28,"key":"CultistPotion"},{"floor":35,"key":"Explosive Potion"},{"floor":42,"key":"Explosive Potion"},{"floor":48,"key":"LiquidBronze"}],"is_trial":false,"path_per_floor":["M","M","M","M","?","E","?","R","T","E","M","$","E","M","R","B",null,"M","?","?","M","?","E","R","?","T","R","M","E","$","E","R","B",null,"M","M","M","M","M","R","$","E","T","M","R","E","?","M","R","B",null,"R","$","E","B",null],"character_chosen":"THE_SILENT","items_purchased":["Noxious Fumes","Paper Crane","Underhanded Strike","Tools of the Trade","Poison Potion","SkillPotion","Deflect+1"],"campfire_rested":3,"item_purchase_floors":[12,30,30,41,53,53,53],"current_hp_per_floor":[70,70,67,66,66,45,45,66,66,51,45,45,38,36,36,27,70,70,54,48,48,35,33,33,33,33,55,55,43,43,43,43,45,79,74,73,73,73,42,67,67,67,67,67,67,67,85,87,87,54,87,87,87,58,26],"gold":50,"neow_bonus":"REMOVE_TWO","is_daily":false,"chose_seed":false,"campfire_upgraded":5,"win_rate":0.0,"timestamp":1614198862,"path_taken":["M","M","M","M","?","E","?","R","T","E","M","$","E","M","R","BOSS","M","?","?","M","?","E","R","?","T","R","?","E","$","E","R","BOSS","M","M","M","M","M","R","$","E","T","M","R","E","?","M","R","BOSS","R","$","E","BOSS"],"items_purchased_type":["Card","Relic","Card","Card","Potion","Potion","Card"],"build_version":"2020-12-22","purchased_purges":1,"victory":true,"max_hp_per_floor":[70,70,70,70,70,70,70,70,70,70,70,70,70,70,70,70,70,70,70,70,70,75,75,75,75,75,75,75,77,77,77,77,79,79,81,83,83,83,85,85,85,85,85,85,85,85,85,87,87,87,87,87,87,89,89],"relic_stats":{"Dream Catcher":1,"Singing Bowl":14,"Gremlin Horn":[9,9],"counters":[30,118],"Gambling Chip":[79],"Astrolabe":["Corpse Explosion","After Image","Bouncing Flask"],"PreservedInsect":414,"Snake Skull":[89],"Necronomicon":[16],"Orichalcum":[192],"obtain_stats":[{"Singing Bowl":23,"Gremlin Horn":29,"Astrolabe":34,"Thread and Needle":26,"PreservedInsect":6,"Snake Skull":42,"Omamori":46,"Orichalcum":10,"Paper Crane":30,"Du-Vu Doll":54,"Dream Catcher":31,"Gambling Chip":13,"Necronomicon":19,"Red Mask":20,"Toxic Egg 2":43,"StrikeDummy":5,"Ring of the Snake":0,"Runic Pyramid":17},{"Singing Bowl":14,"Gremlin Horn":16,"Astrolabe":18,"Thread and Needle":14,"PreservedInsect":5,"Snake Skull":24,"Omamori":26,"Orichalcum":6,"Paper Crane":16,"Du-Vu Doll":29,"Dream Catcher":17,"Gambling Chip":8,"Necronomicon":11,"Red Mask":12,"Toxic Egg 2":24,"StrikeDummy":4,"Ring of the Snake":0,"Runic Pyramid":10},{"Singing Bowl":59,"Gremlin Horn":65,"Astrolabe":73,"Thread and Needle":59,"PreservedInsect":25,"Snake Skull":94,"Omamori":100,"Orichalcum":29,"Paper Crane":65,"Du-Vu Doll":113,"Dream Catcher":68,"Gambling Chip":34,"Necronomicon":49,"Red Mask":53,"Toxic Egg 2":94,"StrikeDummy":17,"Ring of the Snake":0,"Runic Pyramid":46}],"Ring of the Snake":[60]},"card_choices":[{"not_picked":["Deflect","Quick Slash"],"picked":"Crippling Poison","floor":1},{"not_picked":["Dodge and Roll","Setup"],"picked":"Catalyst","floor":2},{"not_picked":["Predator","Dagger Throw"],"picked":"Poisoned Stab","floor":3},{"not_picked":["Poisoned Stab","Eviscerate"],"picked":"Bouncing Flask","floor":4},{"not_picked":["Flying Knee","Concentrate"],"picked":"Blur","floor":6},{"not_picked":["Setup","Eviscerate"],"picked":"Dodge and Roll","floor":10},{"not_picked":["Crippling Poison","Backstab"],"picked":"Poisoned Stab","floor":11},{"not_picked":["Malaise","Bane"],"picked":"Crippling Poison","floor":13},{"not_picked":["Poisoned Stab","Expertise"],"picked":"Underhanded Strike","floor":14},{"not_picked":["Grand Finale","Tools of the Trade"],"picked":"Envenom","floor":16},{"not_picked":["PiercingWail","Flying Knee"],"picked":"Slice+1","floor":18},{"not_picked":["Blade Dance","Acrobatics+1"],"picked":"Catalyst","floor":20},{"not_picked":["Predator","Well Laid Plans+1"],"picked":"Dodge and Roll+1","floor":21},{"not_picked":["Slice","Deadly Poison"],"picked":"Outmaneuver","floor":23},{"not_picked":["Deadly Poison","Blade Dance+1"],"picked":"Footwork","floor":28},{"not_picked":["Dodge and Roll+1","Blade Dance+1","Poisoned Stab"],"picked":"Singing Bowl","floor":29},{"not_picked":["Venomology","Prepared"],"picked":"Burst","floor":31},{"not_picked":["Envenom","Glass Knife","Wraith Form v2"],"picked":"Singing Bowl","floor":33},{"not_picked":["Flying Knee+1","Dodge and Roll+1","Slice"],"picked":"Singing Bowl","floor":35},{"not_picked":["Finisher","Reflex+1","Masterful Stab"],"picked":"Singing Bowl","floor":36},{"not_picked":["Flying Knee+1","Underhanded Strike+1"],"picked":"Tactician+1","floor":37},{"not_picked":["Dagger Spray+1","Slice"],"picked":"Prepared","floor":38},{"not_picked":["Bane","Acrobatics+1","PiercingWail"],"picked":"Singing Bowl","floor":39},{"not_picked":["Riddle With Holes","Underhanded Strike+1"],"picked":"Caltrops","floor":40},{"not_picked":["Dodge and Roll","PiercingWail+1"],"picked":"Concentrate+1","floor":42},{"not_picked":["Die Die Die","Eviscerate"],"picked":"Tactician+1","floor":44},{"not_picked":["Slice","Infinite Blades"],"picked":"Prepared+1","floor":46},{"not_picked":["Slice+1","Dagger Spray+1","Bane+1"],"picked":"Singing Bowl","floor":48},{"not_picked":["After Image","Deadly Poison+1","Outmaneuver+1"],"picked":"Singing Bowl","floor":54}],"player_experience":221094,"relics_obtained":[{"floor":6,"key":"PreservedInsect"},{"floor":10,"key":"Orichalcum"},{"floor":13,"key":"Gambling Chip"},{"floor":19,"key":"Necronomicon"},{"floor":20,"key":"Red Mask"},{"floor":23,"key":"Singing Bowl"},{"floor":26,"key":"Thread and Needle"},{"floor":29,"key":"Gremlin Horn"},{"floor":31,"key":"Dream Catcher"},{"floor":42,"key":"Snake Skull"},{"floor":43,"key":"Toxic Egg 2"},{"floor":46,"key":"Omamori"},{"floor":54,"key":"Du-Vu Doll"}],"event_choices":[{"damage_healed":0,"gold_gain":0,"player_choice":"Box","damage_taken":0,"relics_obtained":["StrikeDummy"],"max_hp_gain":0,"max_hp_loss":0,"event_name":"Big Fish","floor":5,"gold_loss":0,"cards_obtained":["Regret"]},{"damage_healed":0,"gold_gain":0,"player_choice":"Forge","damage_taken":0,"max_hp_gain":0,"max_hp_loss":0,"event_name":"Accursed Blacksmith","floor":7,"gold_loss":0,"cards_upgraded":["Crippling Poison"]},{"damage_healed":0,"gold_gain":0,"player_choice":"Obtained Book","damage_taken":16,"max_hp_gain":0,"max_hp_loss":0,"event_name":"Cursed Tome","floor":19,"gold_loss":0},{"damage_healed":0,"gold_gain":0,"player_choice":"Fought Bandits","damage_taken":0,"max_hp_gain":0,"max_hp_loss":0,"event_name":"Masked Bandits","floor":20,"gold_loss":0},{"damage_healed":0,"gold_gain":0,"player_choice":"Shed Blood","damage_taken":18,"max_hp_gain":5,"max_hp_loss":0,"event_name":"Forgotten Altar","floor":22,"gold_loss":0},{"damage_healed":0,"gold_gain":0,"player_choice":"Simplicity","damage_taken":0,"max_hp_gain":0,"max_hp_loss":0,"event_name":"Back to Basics","floor":25,"gold_loss":0,"cards_upgraded":["Strike_G","Strike_G","Strike_G","Defend_G","Defend_G","Defend_G","Defend_G","Defend_G"]},{"damage_healed":21,"gold_gain":0,"player_choice":"Writhe","damage_taken":0,"max_hp_gain":0,"max_hp_loss":0,"event_name":"Winding Halls","floor":47,"gold_loss":0,"cards_obtained":["Writhe"]}],"is_beta":false,"boss_relics":[{"not_picked":["Runic Dome","Cursed Key"],"picked":"Runic Pyramid"},{"not_picked":["Coffee Dripper","SacredBark"],"picked":"Astrolabe"}],"items_purged_floors":[12],"is_endless":false,"potions_floor_spawned":[1,4,6,13,16,23,28,35,42,46,48],"ascension_level":1}}