{"host":"lly094a91h6n5nv5","time":1614146392,"event":{"mods":["AchievementEnabler","BaseMod","Block Reminder","Colored Map","Minty Spire (QoL Compilation)","Permanent Neow"],"gold_per_floor":[99,99,99,99,99,99,99,99,99,99,99,99,69,69,69,69,69,0,0,0,0,0,0,0],"floor_reached":23,"language":"ENG","playtime":2095,"items_purged":[],"score":362,"play_id":"3997cd04-5887-485a-8ca9-d6bf7917633f","local_time":"20210223235952","is_ascension_mode":true,"campfire_choices":[{"data":"Masterful Stab","floor":6.0,"key":"SMITH"},{"data":"Acrobatics","floor":8.0,"key":"SMITH"},{"data":"Neutralize","floor":12.0,"key":"SMITH"},{"floor":15.0,"key":"REST"}],"circlet_count":0,"master_deck":["AscendersBane","Strike_G","Strike_G","Strike_G","Strike_G","Strike_G","Defend_G","Defend_G","Defend_G","Defend_G","Defend_G","Survivor","Neutralize+1","Leg Sweep","Acrobatics+1","Masterful Stab+1","Backflip","Blade Dance","Dagger Spray","Envenom","Cloak And Dagger","Backflip"],"relics":["Ectoplasm","Ancient Tea Set","Bottled Lightning","Meat on the Bone","Snecko Eye","Nloth\u0027s Gift"],"acts_visited":["Exordium","TheCity"],"potions_floor_usage":[22],"damage_taken":[{"damage":3.0,"enemies":"Small Slimes","floor":1.0,"turns":4.0},{"damage":0.0,"enemies":"Jaw Worm","floor":2.0,"turns":6.0},{"damage":2.0,"enemies":"Cultist","floor":3.0,"turns":7.0},{"damage":2.0,"enemies":"2 Fungi Beasts","floor":5.0,"turns":5.0},{"damage":10.0,"enemies":"3 Sentries","floor":7.0,"turns":11.0},{"damage":0.0,"enemies":"3 Louse","floor":11.0,"turns":3.0},{"damage":0.0,"enemies":"Exordium Thugs","floor":13.0,"turns":4.0},{"damage":9.0,"enemies":"Gremlin Nob","floor":14.0,"turns":4.0},{"damage":11.0,"enemies":"The Guardian","floor":16.0,"turns":16.0},{"damage":14,"enemies":"2 Thieves","floor":18,"turns":5},{"damage":0,"enemies":"Chosen","floor":19,"turns":5},{"damage":11,"enemies":"Shelled Parasite and Fungi","floor":22,"turns":9},{"damage":78,"enemies":"Gremlin Leader","floor":23,"turns":11}],"seed_played":"6617995463710022689","potions_obtained":[{"floor":2.0,"key":"PowerPotion"},{"floor":3.0,"key":"ColorlessPotion"},{"floor":19,"key":"Weak Potion"},{"floor":22,"key":"FairyPotion"}],"is_trial":false,"path_per_floor":["M","M","M","?","M","R","E","R","T","?","M","R","M","E","R","B",null,"M","M","?","?","M","E"],"character_chosen":"THE_SILENT","items_purchased":[],"campfire_rested":1,"item_purchase_floors":[],"current_hp_per_floor":[56,56,54,36,34,34,24,24,24,24,24,24,24,15,34,35,58,44,44,44,44,45,0,0],"gold":0,"neow_bonus":"BOSS_RELIC","is_daily":false,"chose_seed":false,"campfire_upgraded":3,"win_rate":0.0,"timestamp":1614146392,"path_taken":["M","M","M","?","M","R","E","R","T","?","M","R","?","E","R","BOSS","M","M","?","?","?","E"],"items_purchased_type":[],"build_version":"2020-12-22","purchased_purges":0,"victory":false,"max_hp_per_floor":[66,66,66,66,66,66,66,66,66,66,66,66,66,66,66,66,66,66,66,66,66,66,66,66],"card_choices":[{"not_picked":["Dagger Throw","Reflex"],"picked":"Leg Sweep","floor":1.0},{"not_picked":["Flying Knee","Prepared"],"picked":"Acrobatics","floor":2.0},{"not_picked":["Riddle With Holes","Terror","Poisoned Stab"],"picked":"SKIP","floor":3.0},{"not_picked":["Backflip","Dagger Throw"],"picked":"Masterful Stab","floor":5.0},{"not_picked":["Bane","Grand Finale","Deflect"],"picked":"SKIP","floor":7.0},{"not_picked":["Deflect","Quick Slash"],"picked":"Backflip","floor":11.0},{"not_picked":["Outmaneuver","Bane"],"picked":"Blade Dance","floor":13.0},{"not_picked":["Reflex","Crippling Poison"],"picked":"Dagger Spray","floor":14.0},{"not_picked":["Doppelganger","Burst"],"picked":"Envenom","floor":16.0},{"not_picked":["Quick Slash","Prepared"],"picked":"Cloak And Dagger","floor":18},{"not_picked":["Sucker Punch+1","Dodge and Roll"],"picked":"Backflip","floor":19},{"not_picked":["Dagger Throw+1","Well Laid Plans+1","Sucker Punch+1"],"picked":"SKIP","floor":22}],"player_experience":294675,"relics_obtained":[{"floor":7.0,"key":"Bottled Lightning"},{"floor":9.0,"key":"Pen Nib"},{"floor":14.0,"key":"Meat on the Bone"}],"event_choices":[{"damage_healed":0.0,"max_hp_gain":0.0,"max_hp_loss":0.0,"gold_gain":0.0,"event_name":"Scrap Ooze","player_choice":"Success","floor":4.0,"gold_loss":0.0,"damage_taken":18.0,"relics_obtained":["Ancient Tea Set"]},{"damage_healed":0.0,"max_hp_gain":0.0,"max_hp_loss":0.0,"gold_gain":0.0,"event_name":"Golden Shrine","player_choice":"Ignored","floor":10.0,"gold_loss":0.0,"damage_taken":0.0},{"damage_healed":0,"gold_gain":0,"player_choice":"Ignored","damage_taken":0,"max_hp_gain":0,"max_hp_loss":0,"event_name":"The Mausoleum","floor":20,"gold_loss":0},{"damage_healed":0,"gold_gain":0,"player_choice":"Traded Relic","damage_taken":0,"relics_obtained":["Nloth\u0027s Gift"],"max_hp_gain":0,"max_hp_loss":0,"event_name":"N\u0027loth","floor":21,"relics_lost":["Pen Nib"],"gold_loss":0}],"is_beta":false,"boss_relics":[{"not_picked":["Runic Dome","Philosopher\u0027s Stone"],"picked":"Snecko Eye"}],"items_purged_floors":[],"is_endless":false,"potions_floor_spawned":[2,3,5,19,22],"killed_by":"Gremlin Leader","ascension_level":16}}