{"host":"TheHustler","time":1614181152,"event":{"mods":["BaseMod","Block Reminder","Colored Map","Colored Powertips","Minty Spire (QoL Compilation)","Quick Restart","StSLib","SuperFastMode","Unceasing Turn Reminder"],"gold_per_floor":[114,114,129,129,144,144,174,189,264,264,294,309,339,354,354,454,454,469,469,484,495,525,555,555,570,595,19,34,34,64,79,79,179,179,194,209,209,209,55,55,85,100,150,165,15,45,45,60,60,60],"floor_reached":51,"language":"ENG","playtime":1300,"items_purged":["Strike_R"],"score":837,"play_id":"6312eda4-55ba-4713-ad8e-90d0328f4dbb","local_time":"20210224163912","daily_mods":["Heirloom","Colorless Cards","DeadlyEvents"],"is_ascension_mode":false,"campfire_choices":[{"data":"Body Slam","floor":6.0,"key":"SMITH"},{"data":"Spot Weakness","floor":10.0,"key":"SMITH"},{"data":"Shockwave","floor":15.0,"key":"SMITH"},{"data":"Heavy Blade","floor":24.0,"key":"SMITH"},{"data":"Apotheosis","floor":29.0,"key":"SMITH"},{"data":"Metallicize","floor":32.0,"key":"SMITH"},{"data":"Rage","floor":40.0,"key":"SMITH"},{"data":"Trip","floor":47,"key":"SMITH"},{"floor":49,"key":"REST"}],"circlet_count":0,"master_deck":["Strike_R","Strike_R","Strike_R","Strike_R","Defend_R","Defend_R","Defend_R","Defend_R","Bash+1","Body Slam+1","Flash of Steel","Shockwave+1","Spot Weakness+1","Shrug It Off","Twin Strike+1","Flash of Steel","Pommel Strike","Impervious","Trip+1","Rage+1","Heavy Blade+1","Apotheosis+1","Shrug It Off","Shrug It Off+1","Metallicize+1","Exhume+1","Bandage Up+1","Dual Wield+1","Perfected Strike","Dark Shackles+1"],"relics":["Burning Blood","Magic Flower","Gremlin Horn","Sundial","Bottled Flame","Centennial Puzzle","SlaversCollar","Red Mask","Ice Cream","Toy Ornithopter","Whetstone","Toxic Egg 2","HandDrill","Bronze Scales","Mummified Hand","Runic Cube","Red Skull","Blood Vial","Potion Belt","TheAbacus","Happy Flower"],"acts_visited":["Exordium","TheCity","TheBeyond"],"potions_floor_usage":[50,50],"damage_taken":[{"damage":10.0,"enemies":"Cultist","floor":1.0,"turns":4.0},{"damage":8.0,"enemies":"Jaw Worm","floor":3.0,"turns":4.0},{"damage":0.0,"enemies":"2 Louse","floor":5.0,"turns":2.0},{"damage":34.0,"enemies":"Lagavulin","floor":7.0,"turns":7.0},{"damage":16.0,"enemies":"Blue Slaver","floor":8.0,"turns":4.0},{"damage":22.0,"enemies":"Gremlin Nob","floor":11.0,"turns":4.0},{"damage":15.0,"enemies":"3 Louse","floor":12.0,"turns":3.0},{"damage":5.0,"enemies":"Lagavulin","floor":13.0,"turns":5.0},{"damage":2.0,"enemies":"Looter","floor":14.0,"turns":3.0},{"damage":31.0,"enemies":"The Guardian","floor":16.0,"turns":8.0},{"damage":27.0,"enemies":"Spheric Guardian","floor":18.0,"turns":5.0},{"damage":0.0,"enemies":"2 Thieves","floor":20.0,"turns":2.0},{"damage":18.0,"enemies":"Masked Bandits","floor":21.0,"turns":4.0},{"damage":21.0,"enemies":"Book of Stabbing","floor":22.0,"turns":4.0},{"damage":13.0,"enemies":"Slavers","floor":23.0,"turns":4.0},{"damage":10.0,"enemies":"Snecko","floor":25.0,"turns":5.0},{"damage":11.0,"enemies":"Centurion and Healer","floor":28.0,"turns":4.0},{"damage":0.0,"enemies":"Book of Stabbing","floor":30.0,"turns":5.0},{"damage":18.0,"enemies":"Snake Plant","floor":31.0,"turns":5.0},{"damage":25.0,"enemies":"Automaton","floor":33.0,"turns":9.0},{"damage":24.0,"enemies":"3 Shapes","floor":35.0,"turns":4.0},{"damage":30.0,"enemies":"3 Darklings","floor":36.0,"turns":5.0},{"damage":3.0,"enemies":"Giant Head","floor":41.0,"turns":6.0},{"damage":0,"enemies":"Maw","floor":42,"turns":7},{"damage":26,"enemies":"Jaw Worm Horde","floor":44,"turns":5},{"damage":34,"enemies":"Reptomancer","floor":46,"turns":6},{"damage":11,"enemies":"4 Shapes","floor":48,"turns":4},{"damage":14,"enemies":"Time Eater","floor":50,"turns":12}],"seed_played":"1986488565424594500","potions_obtained":[{"floor":7.0,"key":"DistilledChaos"},{"floor":8.0,"key":"SneckoOil"},{"floor":11.0,"key":"BlessingOfTheForge"},{"floor":16.0,"key":"AttackPotion"},{"floor":20.0,"key":"SmokeBomb"},{"floor":21.0,"key":"DistilledChaos"},{"floor":33.0,"key":"Ancient Potion"},{"floor":46,"key":"FearPotion"},{"floor":48,"key":"EssenceOfSteel"}],"is_trial":false,"path_per_floor":["M","$","M","$","M","R","E","M","T","R","E","M","E","M","R","B",null,"M","?","M","?","E","E","R","M","T","$","M","R","E","M","R","B",null,"M","M","?","T","$","R","E","M","T","M","$","E","R","M","R","B",null],"character_chosen":"IRONCLAD","items_purchased":["Shrug It Off","Toxic Egg 2","HandDrill","Bronze Scales","Dual Wield+1","TheAbacus"],"campfire_rested":1,"item_purchase_floors":[27,27,27,27,39,45],"current_hp_per_floor":[79,79,80,80,80,80,55,48,48,48,35,29,33,40,40,18,80,62,62,71,62,50,46,46,45,45,45,43,43,52,43,43,27,80,65,44,44,44,44,44,59,80,80,72,72,59,59,69,80,80],"gold":60,"neow_bonus":"","is_daily":true,"chose_seed":false,"campfire_upgraded":8,"win_rate":0.0,"timestamp":1614181152,"path_taken":["M","?","M","$","M","R","E","?","T","R","?","M","E","M","R","BOSS","M","?","M","?","?","E","R","M","T","$","M","R","E","M","R","BOSS","M","M","?","?","$","R","E","?","T","M","?","E","R","M","R","BOSS"],"items_purchased_type":["Card","Relic","Relic","Relic","Card","Relic"],"build_version":"2020-12-18","purchased_purges":1,"victory":true,"max_hp_per_floor":[80,80,80,80,80,80,80,80,80,80,80,80,80,80,80,80,80,80,80,80,80,80,80,80,80,80,80,80,80,80,80,80,80,80,80,80,80,80,80,80,80,80,80,80,80,80,80,80,80,80],"card_choices":[{"not_picked":["Flex","Cleave"],"picked":"Body Slam","floor":1.0},{"not_picked":["Inflame","Second Wind"],"picked":"Flash of Steel","floor":3.0},{"not_picked":["Burning Pact","Clash"],"picked":"Shockwave","floor":5.0},{"not_picked":["Impatience","True Grit","Havoc"],"picked":"SKIP","floor":7.0},{"not_picked":["Perfected Strike","Fire Breathing"],"picked":"Spot Weakness","floor":8.0},{"not_picked":["Warcry","Body Slam"],"picked":"Shrug It Off","floor":11.0},{"not_picked":["Clothesline","Feel No Pain"],"picked":"Twin Strike","floor":12.0},{"not_picked":["Sever Soul","Feel No Pain"],"picked":"Flash of Steel","floor":13.0},{"not_picked":["Spot Weakness","Secret Technique"],"picked":"Pommel Strike","floor":14.0},{"not_picked":["Chrysalis","Exhume"],"picked":"Impervious","floor":16.0},{"not_picked":["Pommel Strike","Warcry+1","Feel No Pain"],"picked":"SKIP","floor":18.0},{"not_picked":["Pummel","Sword Boomerang","Wild Strike"],"picked":"SKIP","floor":20.0},{"not_picked":["Sword Boomerang","True Grit+1"],"picked":"Rage","floor":22.0},{"not_picked":["Clothesline","Dark Embrace"],"picked":"Heavy Blade","floor":23.0},{"not_picked":["Jack Of All Trades+1","Armaments+1"],"picked":"Apotheosis","floor":25.0},{"not_picked":["Bloodletting+1","Armaments+1"],"picked":"Shrug It Off+1","floor":28.0},{"not_picked":["Hemokinesis","Power Through+1"],"picked":"Metallicize","floor":30.0},{"not_picked":["Clothesline","Flex+1","Armaments+1"],"picked":"SKIP","floor":31.0},{"not_picked":["HandOfGreed","Bludgeon"],"picked":"Exhume+1","floor":33.0},{"not_picked":["Wild Strike+1","True Grit+1","Anger+1"],"picked":"SKIP","floor":35.0},{"not_picked":["Pommel Strike","Perfected Strike"],"picked":"Bandage Up+1","floor":36.0},{"not_picked":["Ghostly Armor+1","Seeing Red+1","Cleave"],"picked":"SKIP","floor":41.0},{"not_picked":["Perfected Strike","Wild Strike+1","Headbutt+1"],"picked":"SKIP","floor":42},{"not_picked":["Wild Strike+1","Headbutt+1"],"picked":"Perfected Strike","floor":42},{"not_picked":["Headbutt+1","Warcry+1","Power Through+1"],"picked":"SKIP","floor":44},{"not_picked":["Shrug It Off+1","Dark Embrace","Shockwave+1"],"picked":"SKIP","floor":46},{"not_picked":["Pommel Strike+1","Immolate"],"picked":"Dark Shackles+1","floor":48}],"player_experience":686966,"relics_obtained":[{"floor":7.0,"key":"Gremlin Horn"},{"floor":9.0,"key":"Sundial"},{"floor":11.0,"key":"Bottled Flame"},{"floor":13.0,"key":"Centennial Puzzle"},{"floor":21.0,"key":"Red Mask"},{"floor":22.0,"key":"Ice Cream"},{"floor":23.0,"key":"Toy Ornithopter"},{"floor":26.0,"key":"Whetstone"},{"floor":30.0,"key":"Mummified Hand"},{"floor":38.0,"key":"Red Skull"},{"floor":41.0,"key":"Blood Vial"},{"floor":43,"key":"Potion Belt"},{"floor":46,"key":"Happy Flower"}],"event_choices":[{"damage_healed":0.0,"max_hp_gain":0.0,"max_hp_loss":0.0,"gold_gain":0.0,"event_name":"The Library","player_choice":"Read","floor":19.0,"gold_loss":0.0,"damage_taken":0.0,"cards_obtained":["Trip"]},{"damage_healed":0.0,"max_hp_gain":0.0,"max_hp_loss":0.0,"gold_gain":0.0,"event_name":"Masked Bandits","player_choice":"Fought Bandits","floor":21.0,"gold_loss":0.0,"damage_taken":0.0},{"damage_healed":0.0,"max_hp_gain":0.0,"max_hp_loss":0.0,"gold_gain":0.0,"event_name":"Mysterious Sphere","player_choice":"Ignored","floor":37.0,"gold_loss":0.0,"damage_taken":0.0}],"is_beta":true,"boss_relics":[{"not_picked":["Tiny House","Black Star"],"picked":"SlaversCollar"},{"not_picked":["Runic Pyramid","Coffee Dripper"],"picked":"Runic Cube"}],"items_purged_floors":[39],"is_endless":false,"potions_floor_spawned":[7,8,11,16,20,21,23,30,33,42,46,48],"ascension_level":0}}