{"host":"jh7kh5nqtgzr3auj","time":1614171192,"event":{"mods":["AchievementEnabler","Act Like it!","BaseMod","Colored Powertips","Downfall","Good Game Mod","Minty Spire (QoL Compilation)","Quick Restart","Relic Stats","Replay The Spire","StSLib","TestMod","WarShipGirlsR/’ΩΩ¢…Ÿ≈ÆR mod"],"gold_per_floor":[113,133,133,148,158,187,187,187,187,72,104,104,50,120,120,264,264,284,284,340,398,463,463,493,551,551,637,706,706,706,813,813,966,966,1064,463,545,656,691,691,806,854,880,950,1007,1007,1062,1116,1116,1137,1137,1137,461,520,549],"floor_reached":56,"language":"ZHS","playtime":6249,"items_purged":["Strike_B","Defend_B","Dualcast"],"score":1315,"play_id":"caf54f2e-d479-497f-83ed-3be596c3226d","local_time":"20210224205312","is_ascension_mode":true,"campfire_choices":[{"data":"testmod-Reverberation","floor":7.0,"key":"SMITH"},{"data":"Strike_B","floor":15.0,"key":"PURGE"},{"data":"Steam Power","floor":23.0,"key":"SMITH"},{"floor":29.0,"key":"RECALL"},{"data":"Strike_B","floor":32.0,"key":"PURGE"},{"data":"Apotheosis","floor":40.0,"key":"SMITH"},{"data":"Defragment","floor":49.0,"key":"SMITH"},{"data":"Fission","floor":52.0,"key":"SMITH"}],"circlet_count":0,"master_deck":["Defend_B","Defend_B+1","Defend_B+1","Zap","testmod-Reverberation+1","Hologram","Echo Form","Panic Button","Time Bomb","FIFO Queue","Hologram","Amnesia","Heatsinks+1","Self Repair","Steam Power+1","Stack","Steam+1","Echo Form","Gash+1","Fission+1","Coolheaded+1","Leap","Apotheosis+1","Turbo","ReplayTheSpireMod:Calculation Training+1","Glacier","Coolheaded","BootSequence","Defragment+1","Fusion+1","Storm","Aggregate","Consume+1","Blizzard","FIFO Queue","ReplayTheSpireMod:Private Reserves","ReplayTheSpireMod:Private Reserves","testmod-Arrangement","Machine Learning"],"relics":["Cracked Core","REME:ComplimentaryCards","testmod-TestBox","NeowsBlessing","testmod-ChristmasGift","Sundial","Matryoshka","Boot","ReplayTheSpireMod:Ring of Challenge","ReplayTheSpireMod:Ring of Collecting","testmod-Motorcycle","Prayer Wheel","bronze:MakeshiftBattery","Replay:Antivirus Software","Oddly Smooth Stone","CeramicFish","Ring of Fury","Akabeko","testmod-OneHitWonder","testmod-Acrobat","testmod-ArcanaOfDestiny","Coffee Dripper","Toy Ornithopter","ReplayTheSpireMod:TigerMarble","Lee\u0027s Waffle","Prayer Wheel","Cables","DataDisk","Ring of Shattering","Gremlin Food","Replay:Baseball","PreservedInsect","Bronze Scales","Blue Doll","Prayer Wheel","Pen Nib","Simple Rune","Cauldron","Replay:Bottled Steam"],"acts_visited":["Exordium","TheCity","TheBeyond","TheEnding"],"potions_floor_usage":[54,55,55,55,55,55,55,55,55,55,55,55,55],"damage_taken":[{"damage":0.0,"enemies":"Small Slimes","floor":1.0,"turns":1.0},{"damage":0.0,"enemies":"Cultist","floor":2.0,"turns":1.0},{"damage":0.0,"enemies":"Jaw Worm","floor":4.0,"turns":1.0},{"damage":0.0,"enemies":"3 Louse","floor":5.0,"turns":7.0},{"damage":1.0,"enemies":"Lagavulin","floor":6.0,"turns":6.0},{"damage":21.0,"enemies":"Replay:BlueRogue","floor":11.0,"turns":5.0},{"damage":26.0,"enemies":"Gremlin Nob","floor":14.0,"turns":4.0},{"damage":17.0,"enemies":"Hexaghost","floor":16.0,"turns":7.0},{"damage":19.0,"enemies":"3 Byrds","floor":18.0,"turns":3.0},{"damage":16.0,"enemies":"Chosen","floor":20.0,"turns":6.0},{"damage":6.0,"enemies":"Shelled Parasite and Fungi","floor":21.0,"turns":5.0},{"damage":18.0,"enemies":"Snake Plant","floor":22.0,"turns":12.0},{"damage":26.0,"enemies":"Book of Stabbing","floor":24.0,"turns":4.0},{"damage":0.0,"enemies":"Cultist and Chosen","floor":25.0,"turns":4.0},{"damage":56.0,"enemies":"Slavers","floor":27.0,"turns":6.0},{"damage":15.0,"enemies":"Snecko","floor":28.0,"turns":5.0},{"damage":4.0,"enemies":"Gremlin Leader","floor":31.0,"turns":6.0},{"damage":35.0,"enemies":"Collector","floor":33.0,"turns":7.0},{"damage":10.0,"enemies":"Orb Walker","floor":35.0,"turns":4.0},{"damage":3.0,"enemies":"3 Shapes","floor":37.0,"turns":4.0},{"damage":59.0,"enemies":"Sphere and 2 Shapes","floor":38.0,"turns":11.0},{"damage":0.0,"enemies":"3 Darklings","floor":39.0,"turns":5.0},{"damage":9.0,"enemies":"4 Shapes","floor":41.0,"turns":12.0},{"damage":0.0,"enemies":"Reptomancer","floor":42.0,"turns":5.0},{"damage":0.0,"enemies":"R_Hoarder","floor":44.0,"turns":5.0},{"damage":0.0,"enemies":"Transient","floor":45.0,"turns":4.0},{"damage":12.0,"enemies":"Giant Head","floor":47.0,"turns":2.0},{"damage":6.0,"enemies":"Spire Growth","floor":48.0,"turns":3.0},{"damage":22.0,"enemies":"Replay:Hell Engine","floor":50.0,"turns":5.0},{"damage":0,"enemies":"Shield and Spear","floor":54,"turns":2},{"damage":36,"enemies":"The Heart","floor":55,"turns":6}],"seed_played":"-1495807356371338061","potions_obtained":[{"floor":2.0,"key":"GamblersBrew"},{"floor":6.0,"key":"Energy Potion"},{"floor":11.0,"key":"Weak Potion"},{"floor":14.0,"key":"Block Potion"},{"floor":18.0,"key":"Block Potion"},{"floor":20.0,"key":"Block Potion"},{"floor":24.0,"key":"PowerPotion"},{"floor":45.0,"key":"GamblersBrew"},{"floor":53.0,"key":"FocusPotion"},{"floor":53.0,"key":"PowerPotion"},{"floor":54,"key":"Block Potion"}],"is_trial":false,"path_per_floor":["M","M","?","M","M","E","R","?","T","$","E","?","$","E","R","B",null,"M","?","M","M","M","R","E","M","T","E","M","R","?","E","R","B",null,"M","$","M","M","M","R","M","E","T","E","M","T","E","M","R","B",null,"R","$","E","B",null],"character_chosen":"DEFECT","items_purchased":["FIFO Queue","Heatsinks+1","Apotheosis","Turbo","ReplayTheSpireMod:TigerMarble","Lee\u0027s Waffle","ReplayTheSpireMod:Private Reserves","testmod-Arrangement","Pen Nib","Simple Rune","Cauldron"],"campfire_rested":0,"item_purchase_floors":[10,13,36,36,36,36,53,53,53,53,53],"current_hp_per_floor":[75,75,75,75,75,75,75,68,68,68,62,62,62,44,44,67,75,61,61,75,75,75,75,75,75,75,68,68,68,68,75,75,75,75,75,82,82,82,82,82,82,82,82,82,82,82,82,82,82,82,82,82,82,82,82],"gold":549,"neow_bonus":"THREE_ENEMY_KILL","is_daily":false,"chose_seed":false,"campfire_upgraded":5,"win_rate":0.0,"timestamp":1614171192,"path_taken":["M","M","?","?","M","E","R","?","T","$","E","?","$","E","R","BOSS","M","?","M","M","M","R","E","M","T","E","M","R","?","E","R","BOSS","M","$","M","M","M","R","M","E","T","E","M","?","E","M","R","BOSS","R","$","E","BOSS"],"items_purchased_type":["Card","Card","Card","Card","Relic","Relic","Card","Card","Relic","Relic","Relic"],"build_version":"2020-12-22","purchased_purges":3,"victory":true,"max_hp_per_floor":[75,75,75,75,75,75,75,75,75,75,75,75,75,75,75,75,75,75,75,75,75,75,75,75,75,75,75,75,75,75,75,75,75,75,75,82,82,82,82,82,82,82,82,82,82,82,82,82,82,82,82,82,82,82,82],"relic_stats":{"Lee\u0027s Waffle":7,"counters":[31,158],"Sundial":[56],"CeramicFish":198,"Bronze Scales":[13],"Prayer Wheel":13,"PreservedInsect":193,"Pen Nib":[1],"Boot":[27],"obtain_stats":[{"CeramicFish":26,"Blue Doll":48,"Boot":11,"Matryoshka":9,"Sundial":6,"testmod-Motorcycle":14,"Prayer Wheel":16,"Ring of Shattering":43,"Replay:Antivirus Software":21,"Cracked Core":0,"testmod-ChristmasGift":0,"testmod-ArcanaOfDestiny":31,"Replay:Bottled Steam":54,"Gremlin Food":43,"Lee\u0027s Waffle":36,"testmod-TestBox":0,"NeowsBlessing":0,"Oddly Smooth Stone":24,"PreservedInsect":46,"Pen Nib":53,"Akabeko":27,"Cables":42,"Cauldron":53,"REME:ComplimentaryCards":0,"DataDisk":43,"Replay:Baseball":44,"ReplayTheSpireMod:Ring of Collecting":12,"testmod-Acrobat":30,"Bronze Scales":47,"Ring of Fury":26,"Simple Rune":53,"Coffee Dripper":34,"ReplayTheSpireMod:TigerMarble":36,"ReplayTheSpireMod:Ring of Challenge":12,"bronze:MakeshiftBattery":17,"testmod-OneHitWonder":27,"Toy Ornithopter":35},{"CeramicFish":14,"Blue Doll":28,"Boot":6,"Matryoshka":5,"Sundial":5,"testmod-Motorcycle":7,"Prayer Wheel":8,"Ring of Shattering":24,"Replay:Antivirus Software":11,"Cracked Core":0,"testmod-ChristmasGift":0,"testmod-ArcanaOfDestiny":17,"Replay:Bottled Steam":30,"Gremlin Food":24,"Lee\u0027s Waffle":19,"testmod-TestBox":0,"NeowsBlessing":0,"Oddly Smooth Stone":13,"PreservedInsect":26,"Pen Nib":29,"Akabeko":15,"Cables":24,"Cauldron":29,"REME:ComplimentaryCards":0,"DataDisk":24,"Replay:Baseball":25,"ReplayTheSpireMod:Ring of Collecting":6,"testmod-Acrobat":16,"Bronze Scales":27,"Ring of Fury":14,"Simple Rune":29,"Coffee Dripper":18,"ReplayTheSpireMod:TigerMarble":19,"ReplayTheSpireMod:Ring of Challenge":6,"bronze:MakeshiftBattery":8,"testmod-OneHitWonder":15,"Toy Ornithopter":19},{"CeramicFish":66,"Blue Doll":145,"Boot":21,"Matryoshka":16,"Sundial":16,"testmod-Motorcycle":25,"Prayer Wheel":32,"Ring of Shattering":131,"Replay:Antivirus Software":46,"Cracked Core":0,"testmod-ChristmasGift":0,"testmod-ArcanaOfDestiny":83,"Replay:Bottled Steam":152,"Gremlin Food":131,"Lee\u0027s Waffle":94,"testmod-TestBox":0,"NeowsBlessing":0,"Oddly Smooth Stone":62,"PreservedInsect":140,"Pen Nib":150,"Akabeko":72,"Cables":131,"Cauldron":150,"REME:ComplimentaryCards":0,"DataDisk":131,"Replay:Baseball":136,"ReplayTheSpireMod:Ring of Collecting":21,"testmod-Acrobat":77,"Bronze Scales":142,"Ring of Fury":66,"Simple Rune":150,"Coffee Dripper":90,"ReplayTheSpireMod:TigerMarble":94,"ReplayTheSpireMod:Ring of Challenge":21,"bronze:MakeshiftBattery":32,"testmod-OneHitWonder":72,"Toy Ornithopter":94}],"Toy Ornithopter":58,"Cables":[11,3,8,0,0]},"card_choices":[{"not_picked":["Conserve Battery","Barrage","Reprogram"],"picked":"SKIP","floor":1.0},{"not_picked":["Auto Shields","Coolheaded"],"picked":"Hologram","floor":2.0},{"not_picked":["Leap","Doom and Gloom","Crystallizer"],"picked":"SKIP","floor":4.0},{"not_picked":["Barrage","Rebound"],"picked":"Panic Button","floor":5.0},{"not_picked":["Barrage","Consume"],"picked":"Time Bomb","floor":6.0},{"not_picked":["ReplaySort","Cold Snap"],"picked":"Hologram","floor":11.0},{"not_picked":["Compile Driver","Chaos","Sunder"],"picked":"SKIP","floor":14.0},{"not_picked":["Genetic Algorithm+1","Panic Button"],"picked":"Self Repair","floor":18.0},{"not_picked":["Sweeping Beam","Hologram+1","Barrage+1"],"picked":"SKIP","floor":18.0},{"not_picked":["Rebound","Auto Shields"],"picked":"Steam Power","floor":20.0},{"not_picked":["FIFO Queue","Coolheaded","Scrape"],"picked":"SKIP","floor":20.0},{"not_picked":["Beam Cell","Hologram","Meteor Strike"],"picked":"SKIP","floor":21.0},{"not_picked":["ReplayGash","Redo","Beam Cell"],"picked":"SKIP","floor":21.0},{"not_picked":["Compile Driver","Rebound"],"picked":"Stack","floor":22.0},{"not_picked":["Go for the Eyes","FTL+1","Blizzard+1"],"picked":"SKIP","floor":22.0},{"not_picked":["Buffer","ReplaySort"],"picked":"Steam+1","floor":24.0},{"not_picked":["Auto Shields","Compile Driver","Conserve Battery+1"],"picked":"SKIP","floor":25.0},{"not_picked":["Doom and Gloom+1","Beam Cell+1","Gash"],"picked":"SKIP","floor":25.0},{"not_picked":["Steam","Tempest"],"picked":"Echo Form","floor":27.0},{"not_picked":["BasicCrystalCard","Multi-Cast"],"picked":"Gash+1","floor":28.0},{"not_picked":["Sweeping Beam","Streamline+1","Rebound"],"picked":"SKIP","floor":28.0},{"not_picked":["Static Discharge","Hello World","BasicCrystalCard+1"],"picked":"SKIP","floor":31.0},{"not_picked":["Biased Cognition","ReplayRNGCard"],"picked":"Fission","floor":33.0},{"not_picked":["Gash+1","Loop"],"picked":"Coolheaded+1","floor":35.0},{"not_picked":["Self Repair+1","Compile Driver"],"picked":"Leap","floor":35.0},{"not_picked":["Turbo+1","Blizzard"],"picked":"ReplayTheSpireMod:Calculation Training+1","floor":37.0},{"not_picked":["BasicCrystalCard","Cold Snap+1","Auto Shields+1"],"picked":"SKIP","floor":37.0},{"not_picked":["Cold Snap+1","Streamline+1","Redo"],"picked":"SKIP","floor":37.0},{"not_picked":["Redo","Go for the Eyes"],"picked":"Glacier","floor":38.0},{"not_picked":["Crystallizer","Gash+1"],"picked":"Coolheaded","floor":38.0},{"not_picked":["Undo+1","Hyperbeam","Redo+1"],"picked":"SKIP","floor":38.0},{"not_picked":["Go for the Eyes","Streamline+1"],"picked":"BootSequence","floor":39.0},{"not_picked":["ReplayTheSpireMod:Repulse+1","Chill","Stack+1"],"picked":"SKIP","floor":39.0},{"not_picked":["Go for the Eyes+1","Gash+1","Beam Cell"],"picked":"SKIP","floor":39.0},{"not_picked":["Fusion+1","Turbo+1"],"picked":"Defragment","floor":41.0},{"not_picked":["Reprogram","Rebound"],"picked":"Fusion+1","floor":41.0},{"not_picked":["Go for the Eyes+1","Compile Driver+1","Gash+1"],"picked":"SKIP","floor":41.0},{"not_picked":["Compile Driver","BootSequence","Biased Cognition"],"picked":"SKIP","floor":42.0},{"not_picked":["Darkness+1","Capacitor+1"],"picked":"Storm","floor":44.0},{"not_picked":["Turbo","Barrage+1"],"picked":"Aggregate","floor":45.0},{"not_picked":["Hologram","Compile Driver+1","Melter"],"picked":"SKIP","floor":45.0},{"not_picked":["Lockon+1","Streamline+1","Capacitor"],"picked":"SKIP","floor":45.0},{"not_picked":["Glacier+1","Stack+1"],"picked":"Consume+1","floor":47.0},{"not_picked":["Cold Snap+1","Hello World+1"],"picked":"Blizzard","floor":48.0},{"not_picked":["Cold Snap+1","Doom and Gloom+1"],"picked":"FIFO Queue","floor":48.0},{"not_picked":["Hologram","Barrage+1","Go for the Eyes"],"picked":"SKIP","floor":48.0},{"not_picked":["Gash+1","Double Energy+1"],"picked":"Machine Learning","floor":54}],"player_experience":317595,"relics_obtained":[{"floor":6.0,"key":"Sundial"},{"floor":9.0,"key":"Matryoshka"},{"floor":11.0,"key":"Boot"},{"floor":12.0,"key":"ReplayTheSpireMod:Ring of Challenge"},{"floor":12.0,"key":"ReplayTheSpireMod:Ring of Collecting"},{"floor":14.0,"key":"testmod-Motorcycle"},{"floor":21.0,"key":"Replay:Antivirus Software"},{"floor":24.0,"key":"Oddly Smooth Stone"},{"floor":26.0,"key":"CeramicFish"},{"floor":26.0,"key":"Ring of Fury"},{"floor":27.0,"key":"Akabeko"},{"floor":27.0,"key":"testmod-OneHitWonder"},{"floor":30.0,"key":"testmod-Acrobat"},{"floor":31.0,"key":"testmod-ArcanaOfDestiny"},{"floor":35.0,"key":"Toy Ornithopter"},{"floor":42.0,"key":"Cables"},{"floor":43.0,"key":"DataDisk"},{"floor":43.0,"key":"Ring of Shattering"},{"floor":43.0,"key":"Gremlin Food"},{"floor":44.0,"key":"Replay:Baseball"},{"floor":46.0,"key":"PreservedInsect"},{"floor":47.0,"key":"Bronze Scales"},{"floor":48.0,"key":"Blue Doll"},{"floor":54,"key":"Replay:Bottled Steam"}],"event_choices":[{"damage_healed":0.0,"max_hp_gain":0.0,"max_hp_loss":0.0,"gold_gain":0.0,"event_name":"Match and Keep!","player_choice":"1 cards matched","floor":3.0,"gold_loss":0.0,"damage_taken":0.0,"cards_obtained":["Echo Form"]},{"cards_removed":["Strike_B"],"damage_healed":0.0,"max_hp_gain":0.0,"max_hp_loss":0.0,"gold_gain":0.0,"event_name":"Golden Wing","player_choice":"Card Removal","floor":8.0,"gold_loss":0.0,"damage_taken":7.0},{"damage_healed":0.0,"max_hp_gain":0.0,"max_hp_loss":0.0,"gold_gain":0.0,"event_name":"Ghosts","player_choice":"Ignored","floor":19.0,"gold_loss":0.0,"damage_taken":0.0},{"damage_healed":0.0,"max_hp_gain":0.0,"max_hp_loss":0.0,"gold_gain":0.0,"event_name":"Wheel of Change","player_choice":"Relic","floor":30.0,"gold_loss":0.0,"damage_taken":0.0}],"is_beta":false,"boss_relics":[{"not_picked":["Replay:Wanted Poster","testmod-Prudence"],"picked":"bronze:MakeshiftBattery"},{"not_picked":["Busted Crown","Fusion Hammer"],"picked":"Coffee Dripper"}],"items_purged_floors":[10,36,53],"is_endless":false,"potions_floor_spawned":[2,6,11,14,16,18,20,24,31,33,35,45,47,54],"ascension_level":1}}