{"host":"t9zjxed0utvsfjwc","time":1614144299,"event":{"mods":["2.2 Compatiblity","A Penny For Your Troubles","Act Like it!","Aspiration","BaseMod","Bestiary","Better Altar","Better Match","Better Note","Better Sensory Stone","Better Skull","Better Synergies","Better Third Choice","Better Vampires","BetterRewards","Block Reminder","Bossed Relics","Colored Map","Colored Powertips","Conspire","Defuse TimeMaze Blight","Energized Spire","Friendly Minions","GifTheSpireLib","Highlight Path","Hubris","Infinite Spire","Library of Ruina","Library of Ruina Extra","Minty Spire (QoL Compilation)","Quick Restart","Rare Cards Sparkle","Relic Sorter","Relic Stats","Reliquary","Replay The Spire","StS++","StSLib","Stuff the Spire","Unceasing Turn Reminder","everything is the same but u backflip on backflip"],"gold_per_floor":[114,125,23,23,23,51,51,51,51,63,96,111,11,28,28,129,129,145,145,145,165,185,214,214,214],"floor_reached":24,"language":"ENG","playtime":2201,"items_purged":["Defend_R","Strike_R"],"score":237,"play_id":"e9b4ae1c-b4d2-40f3-acf1-b54292335af0","local_time":"20210224052459","is_ascension_mode":true,"campfire_choices":[{"data":"StSpp:Jab","floor":7,"key":"SMITH"},{"floor":15,"key":"REST"}],"circlet_count":0,"master_deck":["Strike_R+1","Strike_R+1","Defend_R","Defend_R","ReplayReversal","Iron Wave","StSpp:Jab+1","Uppercut+1","StSpp:CounterStrike+1"],"relics":["Burning Blood","aspiration:Nostalgia","Sizzling Blood","reliquary:PorcupineQuills","reliquary:Buckler","Dead Branch","reliquary:Boomerang","Empty Cage","hubris:Zylophone"],"acts_visited":["Exordium","TheCity"],"potions_floor_usage":[6,11,16,18],"damage_taken":[{"damage":2,"enemies":"Small Slimes","floor":1,"turns":4},{"damage":16,"enemies":"Jaw Worm","floor":2,"turns":5},{"damage":42,"enemies":"3 Sentries","floor":6,"turns":10},{"damage":7,"enemies":"2 Louse","floor":10,"turns":2},{"damage":25,"enemies":"Lagavulin","floor":11,"turns":4},{"damage":6,"enemies":"2 Fungi Beasts","floor":12,"turns":3},{"damage":6,"enemies":"Exordium Thugs","floor":14,"turns":5},{"damage":27,"enemies":"Hexaghost","floor":16,"turns":9},{"damage":4,"enemies":"Shell Parasite","floor":18,"turns":6},{"damage":6,"enemies":"Chosen","floor":21,"turns":3},{"damage":10,"enemies":"Centurion and Healer","floor":22,"turns":9},{"damage":21,"enemies":"conspire:Head Lice","floor":23,"turns":8},{"damage":0,"enemies":"Snake Plant","floor":24,"turns":1}],"seed_played":"7112889763835202838","potions_obtained":[{"floor":1,"key":"Energy Potion"},{"floor":10,"key":"AttackPotion"},{"floor":12,"key":"CultistPotion"},{"floor":16,"key":"Swift Potion"},{"floor":23,"key":"ColorlessPotion"}],"is_trial":false,"path_per_floor":["M","M","$","?","?","E","R","?","T","M","E","M","$","M","R","B",null,"M","?","?","M","M","E","M"],"character_chosen":"IRONCLAD","items_purchased":["Iron Wave"],"campfire_rested":1,"item_purchase_floors":[3],"current_hp_per_floor":[84,78,78,78,78,46,46,46,46,49,34,38,38,42,67,50,84,84,84,84,84,84,73,73,73],"gold":214,"neow_bonus":"NOSTALGIA","is_daily":false,"chose_seed":false,"campfire_upgraded":1,"win_rate":0.0,"timestamp":1614144299,"path_taken":["M","M","$","?","?","E","R","?","T","M","E","M","$","M","R","BOSS","M","?","?","M","M","E","M"],"items_purchased_type":["Card"],"build_version":"2020-12-22","purchased_purges":2,"victory":false,"max_hp_per_floor":[84,84,84,84,84,84,84,84,84,84,84,84,84,84,84,84,84,84,84,84,84,84,84,84,84],"relic_stats":{"counters":[13,69],"Dead Branch":[43],"obtain_stats":[{"hubris:Zylophone":23,"reliquary:PorcupineQuills":4,"reliquary:Boomerang":11,"aspiration:Nostalgia":0,"Dead Branch":9,"reliquary:Buckler":6,"Sizzling Blood":0,"Empty Cage":17,"Burning Blood":0},{"hubris:Zylophone":12,"reliquary:PorcupineQuills":2,"reliquary:Boomerang":5,"aspiration:Nostalgia":0,"Dead Branch":3,"reliquary:Buckler":3,"Sizzling Blood":0,"Empty Cage":8,"Burning Blood":0},{"hubris:Zylophone":68,"reliquary:PorcupineQuills":9,"reliquary:Boomerang":25,"aspiration:Nostalgia":0,"Dead Branch":19,"reliquary:Buckler":19,"Sizzling Blood":0,"Empty Cage":42,"Burning Blood":0}],"Burning Blood":66},"card_choices":[{"not_picked":["StSpp:Sprint","Sentinel","Havoc"],"picked":"SKIP","floor":1},{"not_picked":["Thunderclap","Sword Boomerang"],"picked":"ReplayReversal","floor":2},{"not_picked":["Hemogenesis","Dark Embrace"],"picked":"StSpp:Jab","floor":6},{"not_picked":["Headbutt","Life Link","Spot Weakness"],"picked":"SKIP","floor":10},{"not_picked":["Power Through","Shockwave","Abandon"],"picked":"SKIP","floor":11},{"not_picked":["Shockwave","Clothesline","Wild Strike"],"picked":"SKIP","floor":12},{"not_picked":["Metallicize","StSpp:TheBiggerTheyAre","StSpp:Sprint"],"picked":"SKIP","floor":14},{"not_picked":["Body Slam","hubris:ReadiedAction","Replay:Undeath\u0027s Touch+1"],"picked":"SKIP","floor":18},{"not_picked":["StuffTheSpire:RockThrow+1","Perfected Strike","StuffTheSpire:Incineration"],"picked":"SKIP","floor":21},{"not_picked":["Twin Strike","StuffTheSpire:Slingshot"],"picked":"StSpp:CounterStrike+1","floor":22},{"not_picked":["StSpp:TheBiggerTheyAre","StuffTheSpire:RockThrow","Replay:Many Hands"],"picked":"SKIP","floor":23}],"player_experience":424148,"relics_obtained":[{"floor":4,"key":"reliquary:PorcupineQuills"},{"floor":6,"key":"reliquary:Buckler"},{"floor":9,"key":"Dead Branch"},{"floor":11,"key":"reliquary:Boomerang"},{"floor":23,"key":"hubris:Zylophone"}],"event_choices":[{"damage_healed":0,"gold_gain":1,"player_choice":"1","damage_taken":0,"max_hp_gain":0,"max_hp_loss":0,"event_name":"betterStone:BetterStone","floor":5,"gold_loss":0},{"cards_removed":["Strike_R"],"damage_healed":0,"gold_gain":0,"player_choice":"Purged","damage_taken":0,"max_hp_gain":0,"max_hp_loss":0,"event_name":"Purifier","floor":19,"gold_loss":0},{"cards_removed":["ReplayReversal"],"damage_healed":0,"gold_gain":0,"player_choice":"Give","damage_taken":0,"max_hp_gain":0,"max_hp_loss":0,"event_name":"betterNote:BetterNote","floor":20,"gold_loss":0,"cards_obtained":["None"]}],"is_beta":false,"boss_relics":[{"not_picked":["reliquary:Craggleroot","Replay:Wanted Poster"],"picked":"Empty Cage"}],"items_purged_floors":[3,13],"is_endless":false,"potions_floor_spawned":[1,10,12,16,23],"killed_by":"Snake Plant","ascension_level":1}}