{"host":"aycnbidq9d24owrh","time":1614136315,"event":{"mods":["Bard","BaseMod","BetterRewards","Colored Map","Downfall","Infinite Spire","Minty Spire (QoL Compilation)","Replay The Spire","Shop Mod","Spire Arcade","StSLib","The Cursed","The Disciple","The Hierophant","The Jungle","The Runesmith","TheBandit"],"gold_per_floor":[216,19,35,54,67,100,100,125,125,145,145,145,166,187,187,310,310,328,369,394,408,0,0,0,17,41,41,41,58,75,26,26,26,26],"floor_reached":33,"language":"ENG","playtime":1313,"items_purged":["Injury"],"score":286,"play_id":"64da3638-10dc-4552-bd24-4f49226a8eb6","local_time":"20210223191155","is_ascension_mode":false,"campfire_choices":[{"floor":12,"key":"REST"},{"data":"Apotheosis","floor":15,"key":"SMITH"},{"floor":23,"key":"REST"},{"floor":32,"key":"REST"}],"circlet_count":0,"master_deck":["Defend_R","Defend_R","Defend_R","Defend_R","Bash","Whirlwind","Sword Boomerang","True Grit","Magnetism","Dark Shackles","Apotheosis+1","Anger","Rage","Spot Weakness","Iron Wave","Anger+1","Cleave","Thunderclap","ReplayTheSpireMod:Strike From Hell","Clash","Replay:Many Hands","Fire Breathing+1","Flex","Clothesline","Fiend Fire","Rampage","Twin Strike+1","Bite","Bite","Bite","Bite","Bite","Reckless Charge","Sever Soul"],"relics":["Burning Blood","ReplayTheSpireMod:ShopPack","Pantograph","infinitespire:PuzzleCube","ReplayFunnel","Bloody Idol","Ring of Chaos","Red Mask","infinitespire:Bottled Soul","PreservedInsect","ReplayTheSpireMod:Ring of Sloth"],"acts_visited":["Exordium","TheCity"],"potions_floor_usage":[8,8,16,19,20,21,29,29,30,33],"damage_taken":[{"damage":2,"enemies":"Small Slimes","floor":1,"turns":3},{"damage":0,"enemies":"2 Louse","floor":3,"turns":1},{"damage":9,"enemies":"Jaw Worm","floor":4,"turns":5},{"damage":5,"enemies":"Large Slime","floor":5,"turns":6},{"damage":11,"enemies":"Replay:BlueRogue","floor":6,"turns":5},{"damage":29,"enemies":"Gremlin Nob","floor":8,"turns":4},{"damage":7,"enemies":"Blue Slaver","floor":10,"turns":3},{"damage":8,"enemies":"2 Fungi Beasts","floor":13,"turns":3},{"damage":6,"enemies":"Red Slaver","floor":14,"turns":3},{"damage":24,"enemies":"Slime Boss","floor":16,"turns":7},{"damage":7,"enemies":"Chosen","floor":18,"turns":6},{"damage":47,"enemies":"Masked Bandits","floor":19,"turns":5},{"damage":22,"enemies":"2 Thieves","floor":20,"turns":3},{"damage":20,"enemies":"Shelled Parasite and Fungi","floor":21,"turns":7},{"damage":26,"enemies":"Sentry and Sphere","floor":25,"turns":7},{"damage":26,"enemies":"Snecko","floor":29,"turns":6},{"damage":24,"enemies":"Centurion and Healer","floor":30,"turns":7},{"damage":76,"enemies":"Automaton","floor":33,"turns":6}],"seed_played":"6852060614064681576","potions_obtained":[{"floor":3,"key":"Fruit Juice"},{"floor":6,"key":"bronze:BurnAndBuffPotion"},{"floor":8,"key":"Fire Potion"},{"floor":14,"key":"champ:CounterPotion"},{"floor":19,"key":"Death Potion"},{"floor":20,"key":"Reflective Coating"},{"floor":25,"key":"LiquidMemories"},{"floor":29,"key":"LiquidMemories"}],"is_trial":false,"path_per_floor":["M","$","M","M","M","E","?","E","T","M","?","R","M","M","R","B",null,"M","?","M","M","$","R","?","M","T","?","?","M","M","$","R","B"],"character_chosen":"IRONCLAD","items_purchased":["ReplayTheSpireMod:ShopPack","Sword Boomerang","True Grit","Rampage","infinitespire:Bottled Soul","Explosive Potion","Energy Potion"],"campfire_rested":3,"item_purchase_floors":[2,2,2,22,22,22,31],"current_hp_per_floor":[80,80,80,77,78,73,73,55,55,54,54,79,77,77,77,67,85,84,43,27,13,13,38,38,23,28,28,28,22,19,19,36,0,0],"gold":26,"neow_bonus":"HUNDRED_GOLD","is_daily":false,"chose_seed":false,"campfire_upgraded":1,"win_rate":0.0,"timestamp":1614136315,"path_taken":["M","$","M","M","M","E","?","E","T","M","?","R","M","M","R","BOSS","M","?","M","M","$","R","?","M","T","?","?","?","M","$","R","BOSS"],"items_purchased_type":["Relic","Card","Card","Card","Relic","Potion","Potion"],"build_version":"2020-12-22","purchased_purges":1,"victory":false,"max_hp_per_floor":[80,80,80,80,80,80,80,85,85,85,85,85,85,85,85,85,85,85,85,85,85,85,85,85,85,85,59,59,59,59,59,59,59,59],"card_choices":[{"not_picked":["Rampage","Clash"],"picked":"Whirlwind","floor":1},{"not_picked":["Transmutation","Chrysalis"],"picked":"Magnetism","floor":2},{"not_picked":["Finesse","Master of Strategy"],"picked":"Dark Shackles","floor":2},{"not_picked":["Dark Shackles","Panache"],"picked":"Apotheosis","floor":2},{"not_picked":["Armaments","ReplayReversal"],"picked":"Anger","floor":3},{"not_picked":["Battle Trance","Whirlwind"],"picked":"Rage","floor":4},{"not_picked":["Replay:Undeath\u0027s Touch","Headbutt"],"picked":"Spot Weakness","floor":5},{"not_picked":["Rampage","Eclipse"],"picked":"Iron Wave","floor":6},{"not_picked":["Armaments","Headbutt"],"picked":"Cleave","floor":8},{"not_picked":["Clash","Twin Strike"],"picked":"Thunderclap","floor":10},{"not_picked":["Warcry","Bloodletting"],"picked":"ReplayTheSpireMod:Strike From Hell","floor":13},{"not_picked":["Pommel Strike","Heavy Blade"],"picked":"Clash","floor":14},{"not_picked":["Hemogenesis","Barricade"],"picked":"Replay:Many Hands","floor":16},{"not_picked":["Anger","ReplayTheSpireMod:Strike From Hell"],"picked":"Fire Breathing+1","floor":18},{"not_picked":["ReplayTheSpireMod:Limb From Limb","ReplayTheSpireMod:Muscle Training"],"picked":"Flex","floor":19},{"not_picked":["Fire Breathing+1","Dual Wield"],"picked":"Clothesline","floor":20},{"not_picked":["Cleave","Run Through"],"picked":"Fiend Fire","floor":21},{"not_picked":["Bloodletting","Body Slam"],"picked":"Twin Strike+1","floor":25},{"not_picked":["Perfected Strike","Body Slam"],"picked":"Reckless Charge","floor":29},{"not_picked":["Warcry","Heavy Blade"],"picked":"Sever Soul","floor":30}],"player_experience":7052,"relics_obtained":[{"floor":6,"key":"Pantograph"},{"floor":8,"key":"infinitespire:PuzzleCube"},{"floor":9,"key":"ReplayFunnel"},{"floor":19,"key":"Red Mask"},{"floor":26,"key":"PreservedInsect"},{"floor":28,"key":"ReplayTheSpireMod:Ring of Sloth"}],"event_choices":[{"damage_healed":0,"gold_gain":0,"player_choice":"Take Wound","damage_taken":0,"relics_obtained":["Golden Idol"],"max_hp_gain":0,"max_hp_loss":0,"event_name":"Golden Idol","floor":11,"gold_loss":0,"cards_obtained":["Injury"]},{"damage_healed":0,"gold_gain":0,"player_choice":"Fought Bandits","damage_taken":0,"max_hp_gain":0,"max_hp_loss":0,"event_name":"Masked Bandits","floor":19,"gold_loss":0},{"damage_healed":0,"gold_gain":0,"player_choice":"Gave Idol","damage_taken":0,"relics_obtained":["Bloody Idol"],"max_hp_gain":0,"max_hp_loss":0,"event_name":"Forgotten Altar","floor":24,"relics_lost":["Golden Idol"],"gold_loss":0},{"damage_healed":0,"gold_gain":0,"player_choice":"Became a vampire","damage_taken":0,"max_hp_gain":0,"max_hp_loss":26,"event_name":"Vampires","floor":27,"gold_loss":0,"cards_obtained":["Bite","Bite","Bite","Bite","Bite"]}],"is_beta":false,"boss_relics":[{"not_picked":["Replay:Grab Bag","Sozu"],"picked":"Ring of Chaos"}],"items_purged_floors":[22],"is_endless":false,"potions_floor_spawned":[3,6,8,14,19,20,25,29],"killed_by":"Automaton","ascension_level":0}}