{"host":"yx5rao87132cy5xq","time":1614184404,"event":{"mods":["2.2 Compatiblity","AchievementEnabler","BaseMod","Bestiary","Colored Map","Colored Powertips","Highlight Path","Minty Spire (QoL Compilation)","Quick Restart","Relic Stats","Slay-I","SuperFastMode"],"gold_per_floor":[18,37,112,123,103,103,52,81,106,139,154,179,191,216,228,319,331,363,404,341,353,365,377,424,446,458,470,512,180,197,197,197,276,276,288,303,303,320,320,96,123,123,204,204,224,224,244,244,244,244,244,244],"floor_reached":51,"language":"ENG","playtime":3725,"items_purged":[],"score":1516,"play_id":"13f67111-9e5b-4c9e-babe-c5cb10f06053","local_time":"20210224173324","is_ascension_mode":true,"campfire_choices":[{"data":"Infernal Blade","floor":6.0,"key":"SMITH"},{"floor":13.0,"key":"REST"},{"data":"Rage","floor":15.0,"key":"SMITH"},{"data":"Barricade","floor":23.0,"key":"SMITH"},{"data":"Shockwave","floor":27.0,"key":"SMITH"},{"data":"Battle Trance","floor":32.0,"key":"SMITH"},{"data":"Apotheosis","floor":42,"key":"SMITH"},{"floor":44,"key":"REST"},{"data":"Bash","floor":46,"key":"SMITH"},{"data":"Corruption","floor":49,"key":"SMITH"}],"circlet_count":0,"master_deck":["AscendersBane","Strike_R+1","Strike_R+1","Strike_R+1","Strike_R+1","Defend_R+1","Defend_R+1","Defend_R+1","Defend_R+1","Bash+1","Sword Boomerang","Infernal Blade+1","Twin Strike","Shrug It Off","Iron Wave","Headbutt","Rage+1","Iron Wave","Barricade+1","Whirlwind+1","Shrug It Off+1","Shockwave+1","Body Slam+1","Bloodletting","Battle Trance+1","Shrug It Off","Corruption+1","Blind","Apotheosis+1","Rupture+1","Spot Weakness+1"],"relics":["Black Blood","Boot","Bronze Scales","HornCleat","MawBank","Red Mask","Ancient Tea Set","Kunai","Akabeko","Bag of Preparation","Busted Crown","Red Skull","Anchor","StrikeDummy","Bottled Tornado"],"acts_visited":["Exordium","TheCity","TheBeyond"],"potions_floor_usage":[41,41,50,51],"damage_taken":[{"damage":13.0,"enemies":"Cultist","floor":1.0,"turns":5.0},{"damage":5.0,"enemies":"Small Slimes","floor":2.0,"turns":4.0},{"damage":14.0,"enemies":"2 Louse","floor":4.0,"turns":3.0},{"damage":34.0,"enemies":"3 Sentries","floor":8.0,"turns":9.0},{"damage":22.0,"enemies":"Lagavulin","floor":10.0,"turns":4.0},{"damage":0.0,"enemies":"Large Slime","floor":11.0,"turns":3.0},{"damage":23.0,"enemies":"Gremlin Nob","floor":12.0,"turns":4.0},{"damage":17.0,"enemies":"Exordium Wildlife","floor":14.0,"turns":3.0},{"damage":46.0,"enemies":"Hexaghost","floor":16.0,"turns":11.0},{"damage":12.0,"enemies":"Spheric Guardian","floor":18.0,"turns":7.0},{"damage":36.0,"enemies":"Masked Bandits","floor":19.0,"turns":4.0},{"damage":18.0,"enemies":"Slavers","floor":24.0,"turns":5.0},{"damage":0.0,"enemies":"3 Byrds","floor":25.0,"turns":3.0},{"damage":25.0,"enemies":"Book of Stabbing","floor":28.0,"turns":6.0},{"damage":13.0,"enemies":"Snecko","floor":30.0,"turns":5.0},{"damage":0.0,"enemies":"Snake Plant","floor":31.0,"turns":1.0},{"damage":3.0,"enemies":"Champ","floor":33.0,"turns":9.0},{"damage":3,"enemies":"Orb Walker","floor":35,"turns":4},{"damage":0,"enemies":"3 Darklings","floor":36,"turns":1},{"damage":12,"enemies":"Jaw Worm Horde","floor":38,"turns":5},{"damage":42,"enemies":"Reptomancer","floor":41,"turns":4},{"damage":3,"enemies":"Transient","floor":45,"turns":6},{"damage":21,"enemies":"Sphere and 2 Shapes","floor":47,"turns":6},{"damage":35,"enemies":"Awakened One","floor":50,"turns":12},{"damage":78,"enemies":"Donu and Deca","floor":51,"turns":6}],"seed_played":"7752417499069277737","potions_obtained":[{"floor":4.0,"key":"Regen Potion"},{"floor":5.0,"key":"SteroidPotion"},{"floor":8.0,"key":"SneckoOil"},{"floor":12.0,"key":"BloodPotion"},{"floor":24.0,"key":"EssenceOfSteel"},{"floor":28.0,"key":"SmokeBomb"},{"floor":38,"key":"Fire Potion"},{"floor":45,"key":"BloodPotion"},{"floor":47,"key":"Weak Potion"}],"is_trial":false,"path_per_floor":["M","M","?","M","?","R","$","E","T","E","M","E","R","M","R","B",null,"M","?","?","$","?","R","E","M","T","R","E","$","M","M","R","B",null,"M","M","?","M","?","$","E","R","T","R","M","R","M","?","R","B","B"],"character_chosen":"IRONCLAD","items_purchased":["Shrug It Off","Bag of Preparation","Battle Trance","PowerPotion","Shrug It Off","Anchor","Swift Potion"],"campfire_rested":2,"item_purchase_floors":[7,29,29,29,29,40,40],"current_hp_per_floor":[75,76,65,57,57,57,57,44,44,28,34,17,43,32,32,9,69,69,45,45,45,45,45,39,51,51,51,38,38,37,49,49,58,81,89,89,89,89,79,79,49,49,49,75,84,84,75,75,75,52,0,0],"gold":244,"neow_bonus":"TWENTY_PERCENT_HP_BONUS","is_daily":false,"chose_seed":false,"campfire_upgraded":8,"win_rate":0.0,"timestamp":1614184404,"path_taken":["M","M","?","M","?","R","$","E","T","E","?","E","R","M","R","BOSS","M","?","?","$","?","R","E","M","T","R","E","?","M","?","R","BOSS","M","M","?","?","?","$","E","R","T","R","M","R","M","?","R","BOSS","BOSS"],"items_purchased_type":["Card","Relic","Card","Potion","Card","Relic","Potion"],"build_version":"2020-12-22","purchased_purges":0,"victory":false,"max_hp_per_floor":[89,89,89,89,89,89,89,89,89,89,89,89,89,89,89,89,89,89,89,89,89,89,89,89,89,89,89,89,89,89,89,89,89,89,89,89,89,89,89,89,89,89,89,89,89,89,89,89,89,89,89,89],"relic_stats":{"Busted Crown":18,"counters":[25,130],"Bronze Scales":[400],"Black Blood":221,"Bag of Preparation":[22],"Kunai":[32],"Boot":[103],"MawBank":204,"obtain_stats":[{"Black Blood":17,"Bag of Preparation":29,"Bottled Tornado":43,"Boot":8,"MawBank":12,"Ancient Tea Set":24,"Burning Blood":0,"Akabeko":28,"Anchor":40,"HornCleat":10,"Busted Crown":34,"Bronze Scales":9,"Red Mask":19,"Kunai":26,"StrikeDummy":41,"Red Skull":37},{"Black Blood":9,"Bag of Preparation":14,"Bottled Tornado":21,"Boot":4,"MawBank":7,"Ancient Tea Set":12,"Burning Blood":0,"Akabeko":14,"Anchor":20,"HornCleat":5,"Busted Crown":17,"Bronze Scales":4,"Red Mask":11,"Kunai":13,"StrikeDummy":21,"Red Skull":19},{"Black Blood":46,"Bag of Preparation":71,"Bottled Tornado":100,"Boot":21,"MawBank":32,"Ancient Tea Set":62,"Burning Blood":0,"Akabeko":71,"Anchor":96,"HornCleat":25,"Busted Crown":86,"Bronze Scales":21,"Red Mask":57,"Kunai":65,"StrikeDummy":100,"Red Skull":91}]},"card_choices":[{"not_picked":["Headbutt","Dropkick"],"picked":"Sword Boomerang","floor":1.0},{"not_picked":["Heavy Blade","Evolve"],"picked":"Infernal Blade","floor":2.0},{"not_picked":["Havoc","Heavy Blade"],"picked":"Twin Strike","floor":4.0},{"not_picked":["Juggernaut","Sword Boomerang"],"picked":"Iron Wave","floor":8.0},{"not_picked":["Havoc","Body Slam"],"picked":"Headbutt","floor":10.0},{"not_picked":["Blood for Blood","Dark Embrace"],"picked":"Rage","floor":11.0},{"not_picked":["Shockwave","Whirlwind"],"picked":"Iron Wave","floor":12.0},{"not_picked":["Body Slam","Dual Wield"],"picked":"Anger","floor":14.0},{"not_picked":["Brutality","Berserk"],"picked":"Barricade","floor":16.0},{"not_picked":["Perfected Strike","Clash"],"picked":"Whirlwind+1","floor":18.0},{"not_picked":["Rupture+1","Sword Boomerang"],"picked":"Shrug It Off+1","floor":19.0},{"not_picked":["Perfected Strike","Dropkick"],"picked":"Shockwave","floor":24.0},{"not_picked":["Perfected Strike+1","Rampage"],"picked":"Body Slam+1","floor":25.0},{"not_picked":["Havoc","Whirlwind"],"picked":"Bloodletting","floor":28.0},{"not_picked":["Pummel","Pommel Strike","Rupture"],"picked":"SKIP","floor":30.0},{"not_picked":["Berserk","Feed"],"picked":"Corruption","floor":33.0},{"not_picked":["Clash+1"],"picked":"SKIP","floor":35},{"not_picked":["Sword Boomerang"],"picked":"SKIP","floor":36},{"not_picked":["Clash+1"],"picked":"SKIP","floor":38},{"not_picked":[],"picked":"Blind","floor":39},{"not_picked":[],"picked":"Apotheosis","floor":39},{"not_picked":[],"picked":"Rupture+1","floor":41},{"not_picked":["Armaments"],"picked":"SKIP","floor":45},{"not_picked":[],"picked":"Spot Weakness+1","floor":47}],"player_experience":1167780,"relics_obtained":[{"floor":8.0,"key":"Boot"},{"floor":9.0,"key":"Bronze Scales"},{"floor":10.0,"key":"HornCleat"},{"floor":12.0,"key":"MawBank"},{"floor":19.0,"key":"Red Mask"},{"floor":24.0,"key":"Ancient Tea Set"},{"floor":26.0,"key":"Kunai"},{"floor":28.0,"key":"Akabeko"},{"floor":41,"key":"StrikeDummy"},{"floor":43,"key":"Bottled Tornado"}],"event_choices":[{"damage_healed":0.0,"max_hp_gain":0.0,"max_hp_loss":0.0,"gold_gain":75.0,"event_name":"World of Goop","player_choice":"Gather Gold","floor":3.0,"gold_loss":0.0,"damage_taken":11.0},{"damage_healed":0.0,"max_hp_gain":0.0,"max_hp_loss":0.0,"gold_gain":0.0,"event_name":"The Woman in Blue","player_choice":"Bought 1 Potion","floor":5.0,"gold_loss":0.0,"damage_taken":0.0},{"damage_healed":0.0,"max_hp_gain":0.0,"max_hp_loss":0.0,"gold_gain":0.0,"event_name":"Masked Bandits","player_choice":"Fought Bandits","floor":19.0,"gold_loss":0.0,"damage_taken":0.0},{"cards_removed":["Strike_R"],"damage_healed":0.0,"max_hp_gain":0.0,"max_hp_loss":0.0,"gold_gain":0.0,"event_name":"Beggar","player_choice":"Gave Gold","floor":20.0,"gold_loss":75.0,"damage_taken":0.0},{"damage_healed":0.0,"max_hp_gain":0.0,"max_hp_loss":0.0,"gold_gain":0.0,"event_name":"Back to Basics","player_choice":"Simplicity","floor":22.0,"gold_loss":0.0,"damage_taken":0.0,"cards_upgraded":["Strike_R","Strike_R","Strike_R","Strike_R","Defend_R","Defend_R","Defend_R","Defend_R"]},{"cards_removed":["Anger"],"damage_healed":0,"gold_gain":0,"player_choice":"Gave Card","damage_taken":0,"relics_obtained":["Red Skull"],"max_hp_gain":0,"max_hp_loss":0,"event_name":"WeMeetAgain","floor":37,"gold_loss":0},{"damage_healed":0,"gold_gain":0,"player_choice":"Memory 3","damage_taken":10,"max_hp_gain":0,"max_hp_loss":0,"event_name":"SensoryStone","floor":39,"gold_loss":0},{"damage_healed":0,"gold_gain":0,"player_choice":"Ignored","damage_taken":0,"max_hp_gain":0,"max_hp_loss":0,"event_name":"Mysterious Sphere","floor":48,"gold_loss":0}],"is_beta":false,"boss_relics":[{"not_picked":["Mark of Pain","Runic Dome"],"picked":"Black Blood"},{"not_picked":["Empty Cage","Runic Cube"],"picked":"Busted Crown"}],"items_purged_floors":[],"is_endless":false,"potions_floor_spawned":[4,8,12,24,28,38,45,47],"killed_by":"Donu and Deca","ascension_level":20}}