{"host":"whe4vf9w0yuhsr02","time":1614192632,"event":{"mods":["AchievementEnabler","Act Like it!","BaseMod","Better Altar","Better Match","Better Note","Better Sensory Stone","Better Skull","Better Third Choice","Colored Map","Dark Map","Friendly Minions","Highlight Path","Hubris","Library of Ruina","Library of Ruina Extra","Minty Spire (QoL Compilation)","Poor People Problems","Quick Restart","Replay The Spire","StSLib","everything is the same but u backflip on backflip"],"gold_per_floor":[119,119,169,179,179,212,238,268,268,297,309,325,335,366,366,439,439,451,466,216,231,265,265,105,116,161,194,212,245,272,301,301,373,373,386,386,386,436,448,476,495,530,530,0,15,15,46,66,66,66,66,66],"floor_reached":53,"language":"ENG","playtime":589,"items_purged":[],"score":3195,"play_id":"4c2acd2a-b7a4-4fd1-934d-7b4273383cb2","local_time":"20210224205032","daily_mods":["DeadlyEvents","Elite Swarm","Binary"],"is_ascension_mode":true,"campfire_choices":[{"data":"DegradedShockwave","floor":15,"key":"SMITH"},{"data":"DegradedPillar","floor":23,"key":"SMITH"},{"floor":32,"key":"DIG"},{"floor":46,"key":"REST"}],"circlet_count":0,"master_deck":["AscendersBane","DegradedFairy","DegradedFairy","DegradedFairy","DegradedChain","DegradedChain","DegradedLock+1","DegradedPillar","DegradedPillar+1","DegradedShockwave+1","GremboGang","CurseOfTheBell"],"relics":["PageOfLibrarian","Busted Crown","Replay:Accelerometer","Chameleon Ring","Smiling Mask","Gremlin Horn","hubris:SphereOfDissonance","Dream Catcher","PageOfLaetitia","hubris:VirtuousBlindfold","ReplayTheSpireMod:Shallot","Blood Vial","Toy Ornithopter","Mummified Hand","Replay:Ringing Soul","StoneCalendar","Question Card","Gremlin Food","Calling Bell","hubris:TenFootPole","Matryoshka","PageOfThreeBirds","hubris:Towel","PageOfQueenBee","ReplayTheSpireMod:Lightbulb","PageOfTheKnightOfDespair","PageOfTheQueenOfHatred","PageOfGreed","PageOfWrath","PageOfWrath","PageOfNosferatu","PageOfNihil","PageOfFairyFestival"],"acts_visited":["Exordium","TheCity","TheBeyond"],"potions_floor_usage":[33,33,35,41,44,45,45,50,50],"damage_taken":[{"damage":0,"enemies":"2 Louse","floor":1,"turns":1},{"damage":3,"enemies":"Jaw Worm","floor":4,"turns":2},{"damage":0,"enemies":"Gremlin Nob","floor":6,"turns":2},{"damage":0,"enemies":"Lagavulin","floor":7,"turns":2},{"damage":0,"enemies":"Gremlin Nob","floor":8,"turns":2},{"damage":0,"enemies":"3 Sentries","floor":10,"turns":2},{"damage":0,"enemies":"Small Slimes","floor":11,"turns":1},{"damage":0,"enemies":"2 Fungi Beasts","floor":12,"turns":1},{"damage":0,"enemies":"Large Slime","floor":13,"turns":1},{"damage":0,"enemies":"Gremlin Nob","floor":14,"turns":2},{"damage":4,"enemies":"Slime Boss","floor":16,"turns":3},{"damage":0,"enemies":"Chosen","floor":18,"turns":1},{"damage":0,"enemies":"2 Thieves","floor":19,"turns":1},{"damage":4,"enemies":"3 Cultists","floor":21,"turns":2},{"damage":4,"enemies":"Book of Stabbing","floor":22,"turns":2},{"damage":4,"enemies":"Chosen and Byrds","floor":25,"turns":2},{"damage":0,"enemies":"Slavers","floor":27,"turns":1},{"damage":0,"enemies":"Snake Plant","floor":28,"turns":1},{"damage":4,"enemies":"Book of Stabbing","floor":29,"turns":2},{"damage":4,"enemies":"Slavers","floor":30,"turns":2},{"damage":4,"enemies":"Gremlin Leader","floor":31,"turns":2},{"damage":8,"enemies":"hubris:MusketHawk","floor":33,"turns":4},{"damage":0,"enemies":"Orb Walker","floor":35,"turns":1},{"damage":4,"enemies":"2 Orb Walkers","floor":38,"turns":2},{"damage":42,"enemies":"3 Shapes","floor":39,"turns":1},{"damage":15,"enemies":"R_Hoarder","floor":40,"turns":3},{"damage":20,"enemies":"Transient","floor":41,"turns":6},{"damage":0,"enemies":"Reptomancer","floor":42,"turns":2},{"damage":27,"enemies":"Nemesis","floor":45,"turns":4},{"damage":8,"enemies":"Nemesis","floor":47,"turns":3},{"damage":5,"enemies":"3 Darklings","floor":48,"turns":1},{"damage":9,"enemies":"Time Eater","floor":50,"turns":2},{"damage":9,"enemies":"hubris:GrandSnecko","floor":51,"turns":3},{"damage":16,"enemies":"hubris:GrandSnecko","floor":52,"turns":3}],"seed_played":"7066819118842808024","potions_obtained":[{"floor":3,"key":"LiquidMemories"},{"floor":6,"key":"Energy Potion"},{"floor":35,"key":"Fruit Juice"},{"floor":40,"key":"Toxic Potion"},{"floor":47,"key":"Strength Potion"},{"floor":48,"key":"Energy Potion"}],"is_trial":true,"path_per_floor":["M","?","?","M","?","E","E","E","T","E","M","M","M","E","R","B",null,"M","M","?","M","E","R","$","M","T","E","M","E","E","E","R_BF","B",null,"M","?","T","?","M","E","M","E","T","$","E","R","E","M","R_BF","B","B",null,null],"character_chosen":"Librarian","items_purchased":["Blood Vial","PageOfNosferatu","Fruit Juice","Swift Potion","Reflective Coating"],"campfire_rested":1,"item_purchase_floors":[24,44,44,44,44],"current_hp_per_floor":[54,54,18,15,45,45,45,45,45,45,45,45,45,45,45,41,78,78,78,78,74,70,70,70,68,68,70,72,70,68,66,66,72,89,100,100,100,96,56,43,30,32,32,18,3,42,36,33,33,36,29,15],"gold":66,"neow_bonus":"","is_daily":false,"chose_seed":false,"campfire_upgraded":2,"win_rate":0.0,"timestamp":1614192632,"path_taken":["M","?","?","M","?","E","?","E","T","E","?","M","M","E","R","BOSS","M","M","?","?","?","R","$","M","T","E","?","E","?","E","R_BF","BOSS","M","?","?","?","M","E","?","E","T","$","?","R","E","M","R_BF","BOSS","BOSS"],"items_purchased_type":["Relic","Relic","Potion","Potion","Potion"],"build_version":"2020-12-22","purchased_purges":0,"victory":true,"max_hp_per_floor":[90,90,90,90,90,90,90,90,90,90,90,90,90,90,90,90,90,90,90,90,90,90,90,90,90,90,90,90,90,90,90,90,90,93,100,100,100,100,100,100,100,100,100,132,132,132,132,132,132,132,132,132],"card_choices":[{"not_picked":["PreemptiveStrike","Faith","BiAn","DefenseOrder","YourShield","DesperateStruggle"],"picked":"SKIP","floor":1},{"not_picked":["SerpentineBarrier","Endure","Overpower","MultiHit","BayonetCombat","EnergyCycle"],"picked":"SKIP","floor":4},{"not_picked":["MirageStorm","EmotionalTurbulence","WillProduceFineSilk","Deflect_lor","SilentNight","Cruelty"],"picked":"SKIP","floor":6},{"not_picked":["SavageMode","RagingStormLove","TieShanKao","MindCrush","Transpierce","Eradication"],"picked":"SKIP","floor":7},{"not_picked":["CrackOfDawn","Decapitation","GroundSmash","Deflect_lor","Cruelty","GutHarvesting"],"picked":"SKIP","floor":8},{"not_picked":["GutHarvesting","Observe","Commandeering","MindCrush","FlamingDragonFist","DaringDecision"],"picked":"SKIP","floor":10},{"not_picked":["BiAn","YoureTooSlow","SpearedSweep","AGoldenOpportunity","Brawl","SinglePointStab"],"picked":"SKIP","floor":11},{"not_picked":["NightInTheBackstreets","SmokingPipe","AlloutWar","Outburst","Eradication","PinpointShot"],"picked":"SKIP","floor":12},{"not_picked":["Thrust","YourShield","Pound","Diversion","GreatSerpentsImpact","Zzzzzap"],"picked":"SKIP","floor":13},{"not_picked":["EmotionalTurbulence","Castigation","Cruelty","MirageStorm","RipSpace","FleshFillet"],"picked":"SKIP","floor":14},{"not_picked":["Pound","StrongStrike","WildCard","Unlock1","BattleCommand+1","Multislash"],"picked":"SKIP","floor":18},{"not_picked":["MindPrepared","PreemptiveStrike","Wallop_lor","BackAttack","CumulusWall","FervidEmotions"],"picked":"SKIP","floor":19},{"not_picked":["HighKick","WillOfThePrescript+1","YoureAHindrance","Standoff","Parry","BulkyImpact"],"picked":"SKIP","floor":21},{"not_picked":["Decapitation","SenseQuarry","Disposal","DaringDecision","GoinFirst","GroundSmash"],"picked":"SKIP","floor":22},{"not_picked":["YoureAHindrance","TasteMyFlamingBat+1","StructuralAnalysis","TendonChords+1","Execute_lor","CoordinatedAssault"],"picked":"SKIP","floor":25},{"not_picked":["CrackOfDawn","GutHarvesting","SilentNight","Punishment","FleshFillet","ChargeUp"],"picked":"SKIP","floor":27},{"not_picked":["NightInTheBackstreets","WillOfThePrescript","MultiBlock","SuanNi","ExtractFuel+1","EnergyStrike"],"picked":"SKIP","floor":28},{"not_picked":["TrashDisposal","FlamingDragonFist","Observe","MindCrush","Suppress","SilentNight"],"picked":"SKIP","floor":29},{"not_picked":["UnforgettableMelody","RagingStormLove","DaringDecision","RepressedFlesh","EnergyBeam","SuanNi"],"picked":"SKIP","floor":30},{"not_picked":["Decapitation","ScratchThat","BoundaryOfDeath","FleshFillet","GutHarvesting","CrackOfDawn"],"picked":"SKIP","floor":31},{"not_picked":["StayCalm+1","Faith","NonstopAssault+1","DesperateStruggle","IllEndYou","Reload","SpearedSweep"],"picked":"SKIP","floor":35},{"not_picked":["MindWhip","ChopItOff","EnergyCycle","StrongStrike","Wallop_lor","SharpenedBlade","StructuralAnalysis"],"picked":"SKIP","floor":39},{"not_picked":["BlazingStrike","BoundaryOfDeath","CleanUp","FlamingDragonFist","LeRegole","Eradication","DaringDecision"],"picked":"SKIP","floor":40},{"not_picked":["SmokingPipe","SnakeSlit","SharpSwipe","Slice_lor","TasteMyFlamingBat","Crush","Multislash+1"],"picked":"SKIP","floor":41},{"not_picked":["Observe","EnergyBeam","WillProduceFineSilk","CleanUp","Punishment","Eradication","SilentNight"],"picked":"SKIP","floor":42},{"not_picked":["Rewind","Wallop_lor","HandleRequest+1","FocusFire","SharpSwipe","TraceOfFumes+1","Parry"],"picked":"SKIP","floor":45},{"not_picked":["Cruelty","ScratchThat","BoundaryOfDeath","Tttonst","TieShanKao","Disposal","FlamingDragonFist"],"picked":"SKIP","floor":47},{"not_picked":["EndlessBattle","StrikeDown","MindPrepared","QuickSuppression","IdentifyWeakpoint","Parry2","MultiHit"],"picked":"SKIP","floor":48}],"player_experience":457021,"relics_obtained":[{"floor":3,"key":"Replay:Accelerometer"},{"floor":6,"key":"Chameleon Ring"},{"floor":7,"key":"Smiling Mask"},{"floor":8,"key":"Gremlin Horn"},{"floor":9,"key":"hubris:SphereOfDissonance"},{"floor":10,"key":"Dream Catcher"},{"floor":14,"key":"PageOfLaetitia"},{"floor":22,"key":"ReplayTheSpireMod:Shallot"},{"floor":26,"key":"Toy Ornithopter"},{"floor":27,"key":"Mummified Hand"},{"floor":29,"key":"Replay:Ringing Soul"},{"floor":30,"key":"StoneCalendar"},{"floor":31,"key":"Question Card"},{"floor":32,"key":"Gremlin Food"},{"floor":34,"key":"hubris:TenFootPole"},{"floor":34,"key":"Matryoshka"},{"floor":34,"key":"PageOfThreeBirds"},{"floor":37,"key":"PageOfQueenBee"},{"floor":37,"key":"ReplayTheSpireMod:Lightbulb"},{"floor":38,"key":"PageOfTheKnightOfDespair"},{"floor":40,"key":"PageOfTheQueenOfHatred"},{"floor":42,"key":"PageOfGreed"},{"floor":43,"key":"PageOfWrath"},{"floor":43,"key":"PageOfWrath"},{"floor":45,"key":"PageOfNihil"},{"floor":47,"key":"PageOfFairyFestival"}],"event_choices":[{"damage_healed":0,"gold_gain":1,"player_choice":"1","damage_taken":0,"max_hp_gain":0,"max_hp_loss":0,"event_name":"betterStone:BetterStone","floor":2,"gold_loss":0},{"damage_healed":30,"gold_gain":0,"player_choice":"Banana","damage_taken":0,"max_hp_gain":0,"max_hp_loss":0,"event_name":"Big Fish","floor":5,"gold_loss":0},{"damage_healed":0,"gold_gain":0,"player_choice":"Fight","damage_taken":0,"max_hp_gain":0,"max_hp_loss":0,"event_name":"Mysterious Sphere","floor":38,"gold_loss":0}],"is_beta":false,"boss_relics":[{"not_picked":["hubris:HollowSoul","Runic Pyramid"],"picked":"hubris:VirtuousBlindfold"},{"not_picked":["Honey Jar","Pandora\u0027s Box"],"picked":"Calling Bell"}],"items_purged_floors":[],"is_endless":false,"potions_floor_spawned":[6,8,10,13,14,19,21,25,27,35,40,47,48],"ascension_level":20}}