{"host":"zdahj580pq9zy75i","time":1614127452,"event":{"mods":["AchievementEnabler","BaseMod","Colored Map","Minty Spire (QoL Compilation)","Relic Stats","StSLib"],"gold_per_floor":[112,129,129,141,141,141,151,185,238,0,29,46,66,95,95,169,169,179,195,211,211,230,230,230],"floor_reached":23,"language":"ENG","playtime":1341,"items_purged":["Strike_R"],"score":430,"play_id":"9a9f30c1-7389-4002-9746-0379efbf9096","local_time":"20210223194412","is_ascension_mode":true,"campfire_choices":[{"data":"Bash","floor":6,"key":"SMITH"},{"data":"Immolate","floor":15,"key":"SMITH"}],"circlet_count":0,"master_deck":["AscendersBane","Strike_R+1","Defend_R","Defend_R","Defend_R","Defend_R","Bash+1","Whirlwind+1","Hemokinesis+1","Immolate+1","Shrug It Off","Feel No Pain","Fiend Fire","Immolate+1","Shrug It Off+1","Ghostly Armor+1","True Grit"],"relics":["Burning Blood","Eternal Feather","Potion Belt","Lee\u0027s Waffle","Whetstone","Omamori","Astrolabe"],"acts_visited":["Exordium","TheCity"],"potions_floor_usage":[8,23,23],"damage_taken":[{"damage":21,"enemies":"Jaw Worm","floor":1,"turns":6},{"damage":0,"enemies":"Small Slimes","floor":2,"turns":2},{"damage":6,"enemies":"Cultist","floor":4,"turns":3},{"damage":6,"enemies":"3 Louse","floor":7,"turns":2},{"damage":34,"enemies":"Gremlin Nob","floor":8,"turns":4},{"damage":37,"enemies":"Lagavulin","floor":11,"turns":6},{"damage":16,"enemies":"Gremlin Gang","floor":12,"turns":3},{"damage":5,"enemies":"Looter","floor":13,"turns":2},{"damage":10,"enemies":"Gremlin Nob","floor":14,"turns":3},{"damage":16,"enemies":"Slime Boss","floor":16,"turns":6},{"damage":4,"enemies":"3 Byrds","floor":18,"turns":3},{"damage":12,"enemies":"Spheric Guardian","floor":19,"turns":4},{"damage":24,"enemies":"Centurion and Healer","floor":20,"turns":6},{"damage":19,"enemies":"3 Cultists","floor":22,"turns":5},{"damage":48,"enemies":"Gremlin Leader","floor":23,"turns":5}],"seed_played":"3589825286744982062","potions_obtained":[{"floor":2,"key":"PowerPotion"},{"floor":8,"key":"GamblersBrew"},{"floor":13,"key":"EssenceOfSteel"},{"floor":14,"key":"Swift Potion"},{"floor":18,"key":"EssenceOfSteel"},{"floor":22,"key":"SkillPotion"}],"is_trial":false,"path_per_floor":["M","M","?","M","?","R","M","E","T","$","E","M","M","E","R","B",null,"M","M","M","?","M","E"],"character_chosen":"IRONCLAD","items_purchased":["Lee\u0027s Waffle"],"campfire_rested":0,"item_purchase_floors":[10],"current_hp_per_floor":[60,66,66,66,66,66,66,38,38,89,58,48,49,45,54,44,78,80,74,56,56,43,0,0],"gold":230,"neow_bonus":"TEN_PERCENT_HP_BONUS","is_daily":false,"chose_seed":false,"campfire_upgraded":2,"win_rate":0.0,"timestamp":1614127452,"path_taken":["M","M","?","M","?","R","M","E","T","$","E","?","M","E","R","BOSS","M","M","M","?","M","E"],"items_purchased_type":["Relic"],"build_version":"2020-12-22","purchased_purges":1,"victory":false,"max_hp_per_floor":[82,82,82,82,82,82,82,82,82,89,89,89,89,89,89,89,89,89,89,89,89,89,89,89],"relic_stats":{"Lee\u0027s Waffle":51,"counters":[15,60],"Astrolabe":["Immolate","Shrug It Off","Ghostly Armor"],"Eternal Feather":9,"Whetstone":["Strike_R","Whirlwind"],"obtain_stats":[{"Potion Belt":9,"Lee\u0027s Waffle":10,"Astrolabe":17,"Eternal Feather":8,"Omamori":14,"Whetstone":11,"Burning Blood":0},{"Potion Belt":5,"Lee\u0027s Waffle":5,"Astrolabe":10,"Eternal Feather":5,"Omamori":9,"Whetstone":6,"Burning Blood":0},{"Potion Belt":17,"Lee\u0027s Waffle":17,"Astrolabe":37,"Eternal Feather":17,"Omamori":31,"Whetstone":23,"Burning Blood":0}],"Burning Blood":84},"card_choices":[{"not_picked":["Clothesline","True Grit"],"picked":"Whirlwind","floor":1},{"not_picked":["Entrench","Rage","Combust"],"picked":"SKIP","floor":2},{"not_picked":["Twin Strike","Cleave"],"picked":"Hemokinesis","floor":4},{"not_picked":["Clash","Havoc","Heavy Blade"],"picked":"SKIP","floor":7},{"not_picked":["Clash","Body Slam","Rage"],"picked":"SKIP","floor":8},{"not_picked":["Heavy Blade","Inflame"],"picked":"Immolate","floor":11},{"not_picked":["Warcry","Seeing Red"],"picked":"Shrug It Off","floor":12},{"not_picked":["Cleave","Wild Strike"],"picked":"Feel No Pain","floor":13},{"not_picked":["Sentinel","Infernal Blade","Cleave"],"picked":"SKIP","floor":14},{"not_picked":["Reaper","Exhume"],"picked":"Fiend Fire","floor":16},{"not_picked":["Clothesline","Armaments","Carnage"],"picked":"SKIP","floor":18},{"not_picked":["Perfected Strike","Armaments","Sword Boomerang"],"picked":"SKIP","floor":19},{"not_picked":["Flex","Rupture"],"picked":"True Grit","floor":20},{"not_picked":["Headbutt","Twin Strike","Armaments+1"],"picked":"SKIP","floor":22}],"player_experience":795657,"relics_obtained":[{"floor":8,"key":"Eternal Feather"},{"floor":9,"key":"Potion Belt"},{"floor":11,"key":"Whetstone"},{"floor":14,"key":"Omamori"}],"event_choices":[{"damage_healed":0,"gold_gain":0,"player_choice":"Ignored","damage_taken":0,"max_hp_gain":0,"max_hp_loss":0,"event_name":"Liars Game","floor":3,"gold_loss":0},{"damage_healed":0,"gold_gain":0,"player_choice":"Upgraded","damage_taken":0,"max_hp_gain":0,"max_hp_loss":0,"event_name":"Upgrade Shrine","floor":5,"gold_loss":0,"cards_upgraded":["Hemokinesis"]},{"damage_healed":0,"gold_gain":0,"player_choice":"Ignored","damage_taken":0,"max_hp_gain":0,"max_hp_loss":0,"event_name":"N\u0027loth","floor":21,"gold_loss":0}],"is_beta":false,"boss_relics":[{"not_picked":["Sozu","Philosopher\u0027s Stone"],"picked":"Astrolabe"}],"items_purged_floors":[10],"is_endless":false,"potions_floor_spawned":[2,8,13,14,18,22],"killed_by":"Gremlin Leader","ascension_level":20}}