{"host":"p0hktren06injwdf","time":1614185997,"event":{"mods":["AchievementEnabler","BaseMod","Colored Map","DeckTracker","Minty Spire (QoL Compilation)","Permanent Neow","StSLib","SuperFastMode"],"gold_per_floor":[118,218,245,266,200,200,216,216,216,228,268,290,290,327,327,327,327],"floor_reached":16,"language":"KOR","playtime":256,"items_purged":[],"score":224,"play_id":"499fb9d7-795f-42c1-a8a6-86c156675fd2","local_time":"20210225015957","is_ascension_mode":true,"campfire_choices":[{"data":"Dash","floor":6,"key":"SMITH"},{"data":"Dagger Spray","floor":8,"key":"SMITH"},{"floor":13,"key":"REST"},{"floor":15,"key":"REST"}],"circlet_count":0,"master_deck":["AscendersBane","Strike_G","Strike_G","Strike_G","Strike_G","Strike_G","Defend_G","Defend_G","Defend_G","Defend_G","Defend_G","Survivor","Neutralize","Dodge and Roll","Dagger Spray+1","Dash+1","Die Die Die","Leg Sweep","Crippling Poison","Dagger Throw"],"relics":["Ring of the Snake","CeramicFish","Peace Pipe","Bird Faced Urn","Smiling Mask"],"acts_visited":["Exordium"],"potions_floor_usage":[11,16,16],"damage_taken":[{"damage":5,"enemies":"Small Slimes","floor":1,"turns":5},{"damage":3,"enemies":"Cultist","floor":3,"turns":4},{"damage":20,"enemies":"Jaw Worm","floor":4,"turns":8},{"damage":0,"enemies":"Looter","floor":7,"turns":3},{"damage":7,"enemies":"Large Slime","floor":10,"turns":5},{"damage":22,"enemies":"Lagavulin","floor":11,"turns":6},{"damage":0,"enemies":"2 Fungi Beasts","floor":12,"turns":2},{"damage":9,"enemies":"3 Sentries","floor":14,"turns":7},{"damage":25,"enemies":"Slime Boss","floor":16,"turns":10}],"seed_played":"1451421092813665508","potions_obtained":[{"floor":4,"key":"Fire Potion"},{"floor":7,"key":"GhostInAJar"},{"floor":11,"key":"SteroidPotion"}],"is_trial":false,"path_per_floor":["M","?","M","M","$","R","M","R","T","M","E","M","R","E","R","B"],"character_chosen":"THE_SILENT","items_purchased":["Die Die Die"],"campfire_rested":2,"item_purchase_floors":[5],"current_hp_per_floor":[54,54,51,31,31,31,31,31,31,24,2,2,21,12,31,6,6],"gold":327,"neow_bonus":"RANDOM_COMMON_RELIC","is_daily":false,"chose_seed":false,"campfire_upgraded":2,"win_rate":0.0,"timestamp":1614185997,"path_taken":["M","?","?","M","$","R","M","R","T","M","E","M","R","E","R","BOSS"],"items_purchased_type":["Card"],"build_version":"2020-12-22","purchased_purges":0,"victory":false,"max_hp_per_floor":[66,66,66,66,66,66,66,66,66,66,66,66,66,66,66,66,66],"card_choices":[{"not_picked":["Underhanded Strike","Sucker Punch"],"picked":"Dodge and Roll","floor":1},{"not_picked":["Deflect","Cloak And Dagger"],"picked":"Dagger Spray","floor":3},{"not_picked":["Deflect","Prepared"],"picked":"Dash","floor":4},{"not_picked":["Catalyst","Underhanded Strike","Predator"],"picked":"SKIP","floor":7},{"not_picked":["Quick Slash","PiercingWail","Underhanded Strike"],"picked":"SKIP","floor":10},{"not_picked":["Acrobatics","Sucker Punch"],"picked":"Leg Sweep","floor":11},{"not_picked":["Quick Slash","Noxious Fumes"],"picked":"Crippling Poison","floor":12},{"not_picked":["Quick Slash","Tools of the Trade"],"picked":"Dagger Throw","floor":14}],"player_experience":1112086,"relics_obtained":[{"floor":9,"key":"Peace Pipe"},{"floor":11,"key":"Bird Faced Urn"},{"floor":14,"key":"Smiling Mask"}],"event_choices":[{"damage_healed":0,"gold_gain":100,"player_choice":"Gold","damage_taken":0,"max_hp_gain":0,"max_hp_loss":0,"event_name":"Wheel of Change","floor":2,"gold_loss":0}],"is_beta":false,"boss_relics":[],"items_purged_floors":[],"is_endless":false,"potions_floor_spawned":[4,7,11,12,14],"killed_by":"Slime Boss","ascension_level":20}}