{"host":"rhwhcpbwk36iao2l","time":1614128023,"event":{"mods":["BaseMod","Downfall","Highlight Path","Minty Spire (QoL Compilation)","Replay The Spire","StSLib","The Senshi"],"gold_per_floor":[116,127,141,161,38,38,51,226,250,352,352,115,147,163,163,259,259,246,246,266,285,301,301,317,317,317,317,317,317,15,43,43,43,43],"floor_reached":33,"language":"ENG","playtime":2459,"items_purged":["downfall:Bewildered"],"score":292,"play_id":"ba9a1b76-6132-42f4-b17e-085c55430cb5","local_time":"20210223195343","is_ascension_mode":false,"campfire_choices":[{"data":"Fire Breathing","floor":6,"key":"SMITH"},{"data":"Seeing Red","floor":11,"key":"SMITH"},{"data":"Magnetism","floor":15,"key":"SMITH"},{"floor":23,"key":"REST"},{"floor":25,"key":"REST"},{"data":"Searing Blow","floor":27,"key":"SMITH"},{"data":"Searing Blow+1","floor":29,"key":"SMITH"},{"floor":32,"key":"REST"}],"circlet_count":0,"master_deck":["Strike_R","Strike_R","Strike_R","Strike_R","Strike_R","Defend_R","Defend_R","Defend_R","Defend_R","Bash","Iron Wave","Anger","Seeing Red+1","Battle Trance","Fire Breathing+1","Reckless Charge","Reckless Charge","Fire Breathing","Doubt","ReplayTheSpireMod:Splinters","Searing Blow+2","Rage","Feed","Magnetism+1","Flex","Dual Wield","Inflame","Impervious","Ghostly Armor+1","Whirlwind+1","Body Slam","Offering","Run Through","Metallicize","The Bomb","Clash+1"],"relics":["Burning Blood","NeowsBlessing","PreservedInsect","Philosopher\u0027s Stone","Nloth\u0027s Gift","Replay:WaspNest","sneckomod:BabySnecko","Blue Doll"],"acts_visited":["Exordium","TheCity"],"potions_floor_usage":[14,16,20,21],"damage_taken":[{"damage":0,"enemies":"Cultist","floor":1,"turns":1},{"damage":0,"enemies":"2 Louse","floor":2,"turns":1},{"damage":0,"enemies":"Small Slimes","floor":3,"turns":1},{"damage":12,"enemies":"Exordium Wildlife","floor":4,"turns":5},{"damage":5,"enemies":"Looter","floor":7,"turns":3},{"damage":18,"enemies":"3 Sentries","floor":13,"turns":5},{"damage":4,"enemies":"Lots of Slimes","floor":14,"turns":2},{"damage":17,"enemies":"Fading Forest","floor":16,"turns":11},{"damage":22,"enemies":"2 Thieves","floor":18,"turns":4},{"damage":12,"enemies":"Chosen","floor":20,"turns":4},{"damage":21,"enemies":"Sentry and Sphere","floor":21,"turns":3},{"damage":43,"enemies":"Snake Plant","floor":22,"turns":5},{"damage":21,"enemies":"Cultist and Chosen","floor":24,"turns":5},{"damage":44,"enemies":"Slavers","floor":31,"turns":3},{"damage":46,"enemies":"Collector","floor":33,"turns":3}],"seed_played":"6355875729679605423","potions_obtained":[{"floor":2,"key":"Swift Potion"},{"floor":3,"key":"Fire Potion"},{"floor":7,"key":"Explosive Potion"},{"floor":20,"key":"champ:CounterPotion"},{"floor":24,"key":"SpeedPotion"}],"is_trial":false,"path_per_floor":["M","M","M","M","$","R","M","?","T","?","R","$","E","M","R","B",null,"M","?","M","M","M","R","M","R","T","R","?","R","$","E","R","B"],"character_chosen":"IRONCLAD","items_purchased":["Fire Breathing","Reckless Charge","Magnetism","Flex","Metallicize","The Bomb"],"campfire_rested":3,"item_purchase_floors":[5,5,12,12,30,30],"current_hp_per_floor":[80,80,80,74,74,74,75,75,75,75,75,75,63,68,68,67,83,67,67,61,46,9,33,18,42,42,42,42,42,42,7,32,0,0],"gold":43,"neow_bonus":"THREE_ENEMY_KILL","is_daily":false,"chose_seed":false,"campfire_upgraded":5,"win_rate":0.0,"timestamp":1614128023,"path_taken":["M","M","M","?","?","R","M","?","T","?","R","$","E","M","R","BOSS","M","?","M","M","?","R","M","R","T","R","?","R","$","E","R","BOSS"],"items_purchased_type":["Card","Card","Card","Card","Card","Card"],"build_version":"2020-12-22","purchased_purges":1,"victory":false,"max_hp_per_floor":[80,80,80,80,80,80,80,80,80,80,80,80,80,83,83,83,83,83,83,83,83,83,83,83,83,83,83,83,83,83,86,86,86,86],"card_choices":[{"not_picked":["Clash","Life Link"],"picked":"Iron Wave","floor":1},{"not_picked":["Sword Boomerang","Thunderclap"],"picked":"Anger","floor":2},{"not_picked":["Carnage","Rage"],"picked":"Seeing Red","floor":3},{"not_picked":["ReplayTheSpireMod:Strike From Hell","Abandon"],"picked":"Battle Trance","floor":4},{"not_picked":["Pummel","Hemokinesis"],"picked":"Fire Breathing","floor":7},{"not_picked":["Flex","Anger"],"picked":"Searing Blow","floor":10},{"not_picked":["Shrug It Off","Twin Strike"],"picked":"Rage","floor":10},{"not_picked":["Rage","Rampage"],"picked":"Feed","floor":10},{"not_picked":["Whirlwind","Bludgeon"],"picked":"Dual Wield","floor":13},{"not_picked":["Run Through","Searing Blow"],"picked":"Inflame","floor":14},{"not_picked":["Eclipse","Reaper"],"picked":"Impervious","floor":16},{"not_picked":["Twin Strike+1","Headbutt"],"picked":"Ghostly Armor+1","floor":18},{"not_picked":["Burning Pact","Pommel Strike"],"picked":"Whirlwind+1","floor":20},{"not_picked":["Abandon","ReplayTheSpireMod:Limb From Limb"],"picked":"Body Slam","floor":21},{"not_picked":["Iron Wave","Searing Blow+1"],"picked":"Offering","floor":22},{"not_picked":["Twin Strike+1","Dropkick"],"picked":"Run Through","floor":24},{"not_picked":["Bludgeon","Feed"],"picked":"Clash+1","floor":31}],"player_experience":40135,"relics_obtained":[{"floor":9,"key":"Orichalcum"},{"floor":13,"key":"PreservedInsect"},{"floor":26,"key":"Replay:WaspNest"},{"floor":31,"key":"Blue Doll"}],"event_choices":[{"damage_healed":0,"gold_gain":175,"player_choice":"AGREE","damage_taken":0,"max_hp_gain":0,"max_hp_loss":0,"event_name":"Liars Game","floor":8,"gold_loss":0,"cards_obtained":["Doubt"]},{"damage_healed":0,"gold_gain":0,"player_choice":"Traded Relic","damage_taken":0,"relics_obtained":["Nloth\u0027s Gift"],"max_hp_gain":0,"max_hp_loss":0,"event_name":"N\u0027loth","floor":19,"relics_lost":["Orichalcum"],"gold_loss":0}],"is_beta":false,"boss_relics":[{"not_picked":["Ectoplasm","Tiny House"],"picked":"Philosopher\u0027s Stone"}],"items_purged_floors":[30],"is_endless":false,"potions_floor_spawned":[2,3,7,20,24],"killed_by":"Collector","ascension_level":0}}