{"host":"2ty4h143nj8vwezc","time":1614144942,"event":{"mods":["BaseMod","Colored Map","Googly Eyes","Highlight Path","Minty Spire (QoL Compilation)","Quick Restart","StSLib"],"gold_per_floor":[109,33,0,0,0,34,34,62,137,153,153,163,163,174,174,245,245,261,296,39,51,68,98,133,133,159,31,31,44,44,72,72,148,148,168,23,41,41,41,41,74,91,91,91,107,121,22,244,244,244],"floor_reached":51,"language":"ENG","playtime":2534,"items_purged":[],"score":1397,"play_id":"5a29fbd5-2857-475f-bbc5-0309aa5d0be8","local_time":"20210224003542","is_ascension_mode":true,"campfire_choices":[{"data":"Rainbow","floor":7.0,"key":"SMITH"},{"data":"Fission","floor":11.0,"key":"SMITH"},{"data":"Self Repair","floor":13.0,"key":"SMITH"},{"data":"Storm","floor":15.0,"key":"SMITH"},{"data":"Glacier","floor":25,"key":"SMITH"},{"floor":30,"key":"REST"},{"floor":32,"key":"REST"},{"data":"Blizzard","floor":40,"key":"SMITH"},{"data":"Dualcast","floor":44,"key":"SMITH"},{"data":"Cold Snap","floor":49,"key":"SMITH"}],"circlet_count":0,"master_deck":["AscendersBane","Strike_B","Strike_B","Strike_B","Strike_B","Defend_B","Defend_B","Defend_B","Zap","Dualcast+1","Storm+1","Self Repair+1","Rainbow+1","Fission+1","Biased Cognition+1","CurseOfTheBell","Go for the Eyes","Defragment+1","Defragment+1","Glacier+1","Self Repair+1","Blizzard+1","Double Energy+1","Defragment+1","Finesse+1","Glacier+1","Conserve Battery+1","Echo Form+1","Chill+1","Fusion+1","Madness+1","Madness+1","Go for the Eyes+1","Parasite","Turbo+1","Defragment+1","Cold Snap+1"],"relics":["Cracked Core","NeowsBlessing","Lantern","Ornamental Fan","Frozen Egg 2","Darkstone Periapt","Calling Bell","Bag of Preparation","Mercury Hourglass","WingedGreaves","Red Mask","DollysMirror","Gremlin Horn","Toxic Egg 2","Toy Ornithopter","NlothsMask","Bottled Lightning","Runic Pyramid","Runic Capacitor","MealTicket"],"acts_visited":["Exordium","TheCity","TheBeyond"],"potions_floor_usage":[16,16,23,29,31,50,50],"damage_taken":[{"damage":0.0,"enemies":"Cultist","floor":1.0,"turns":1.0},{"damage":0.0,"enemies":"3 Sentries","floor":6.0,"turns":2.0},{"damage":0.0,"enemies":"Lagavulin","floor":8.0,"turns":1.0},{"damage":12.0,"enemies":"Small Slimes","floor":10.0,"turns":3.0},{"damage":6.0,"enemies":"Jaw Worm","floor":12.0,"turns":5.0},{"damage":21.0,"enemies":"Exordium Wildlife","floor":14.0,"turns":4.0},{"damage":32,"enemies":"Slime Boss","floor":16,"turns":8},{"damage":0,"enemies":"Spheric Guardian","floor":18,"turns":2},{"damage":26,"enemies":"Masked Bandits","floor":19,"turns":4},{"damage":0,"enemies":"3 Byrds","floor":21,"turns":2},{"damage":0,"enemies":"Centurion and Healer","floor":22,"turns":4},{"damage":42,"enemies":"Gremlin Leader","floor":23,"turns":6},{"damage":33,"enemies":"Book of Stabbing","floor":24,"turns":4},{"damage":23,"enemies":"Snake Plant","floor":29,"turns":4},{"damage":32,"enemies":"Slavers","floor":31,"turns":4},{"damage":25,"enemies":"Automaton","floor":33,"turns":13},{"damage":0,"enemies":"3 Shapes","floor":35,"turns":5},{"damage":0,"enemies":"3 Darklings","floor":37,"turns":3},{"damage":5,"enemies":"Nemesis","floor":41,"turns":7},{"damage":2,"enemies":"Writhing Mass","floor":42,"turns":5},{"damage":30,"enemies":"4 Shapes","floor":45,"turns":4},{"damage":17,"enemies":"Transient","floor":46,"turns":5},{"damage":29,"enemies":"Donu and Deca","floor":50,"turns":7}],"seed_played":"-2457166363521207556","potions_obtained":[{"floor":1.0,"key":"EntropicBrew"},{"floor":6.0,"key":"ColorlessPotion"},{"floor":21,"key":"FearPotion"},{"floor":23,"key":"Energy Potion"},{"floor":29,"key":"Energy Potion"},{"floor":33,"key":"FearPotion"},{"floor":41,"key":"PowerPotion"},{"floor":45,"key":"CultistPotion"}],"is_trial":false,"path_per_floor":["M","$","?","?","$","E","R","E","T","M","R","M","R","M","R","B",null,"M","?","$","M","M","E","E","R","T","$","?","M","R","E","R","B",null,"M","$","M","?","?","R","E","M","T","R","M","M","$","?","R","B",null],"character_chosen":"DEFECT","items_purchased":["Self Repair","Defragment+1","DollysMirror","Glacier","Defragment+1","Finesse+1","Runic Capacitor","Defragment+1","Cold Snap"],"campfire_rested":2,"item_purchase_floors":[2,20,20,20,27,27,36,47,47],"current_hp_per_floor":[64,64,64,53,53,60,60,60,60,55,55,56,56,45,45,23,65,75,59,59,69,77,55,42,42,42,42,42,24,47,20,43,38,67,67,67,77,63,63,63,77,83,83,83,53,66,81,81,81,74],"gold":244,"neow_bonus":"THREE_ENEMY_KILL","is_daily":false,"chose_seed":false,"campfire_upgraded":8,"win_rate":0.0,"timestamp":1614144942,"path_taken":["M","$","?","?","?","E","R","E","T","M","R","?","R","M","R","BOSS","M","?","$","M","M","E","E","R","T","$","?","M","R","E","R","BOSS","M","?","M","?","?","R","E","?","T","R","M","M","$","?","R","BOSS"],"items_purchased_type":["Card","Card","Relic","Card","Card","Card","Relic","Card","Card"],"build_version":"2020-12-22","purchased_purges":0,"victory":true,"max_hp_per_floor":[71,71,71,71,71,71,71,71,71,71,71,71,71,71,71,71,77,77,77,77,77,77,77,77,77,77,77,77,77,77,77,77,77,77,77,77,77,77,77,77,77,83,83,83,83,83,83,83,83,83],"card_choices":[{"not_picked":["Skim","Steam"],"picked":"Storm","floor":1.0},{"not_picked":["Barrage","Doom and Gloom"],"picked":"Rainbow","floor":6.0},{"not_picked":["Stack","Hologram"],"picked":"Fission","floor":8.0},{"not_picked":["Coolheaded","Stack","Steam"],"picked":"SKIP","floor":10.0},{"not_picked":["Steam","Hologram","Barrage"],"picked":"SKIP","floor":12.0},{"not_picked":["Beam Cell","Ball Lightning","Coolheaded"],"picked":"SKIP","floor":14.0},{"not_picked":["All For One","Machine Learning+1"],"picked":"Biased Cognition+1","floor":16},{"not_picked":["Compile Driver","Streamline","Stack"],"picked":"SKIP","floor":18},{"not_picked":["Turbo","Redo"],"picked":"Go for the Eyes","floor":19},{"not_picked":["Sweeping Beam","Go for the Eyes"],"picked":"Self Repair+1","floor":21},{"not_picked":["Fusion","Sweeping Beam"],"picked":"Blizzard","floor":22},{"not_picked":["Steam Power","Leap","Hello World+1"],"picked":"SKIP","floor":23},{"not_picked":["Beam Cell","Ball Lightning"],"picked":"Double Energy+1","floor":24},{"not_picked":["Steam+1","Sweeping Beam"],"picked":"Glacier+1","floor":29},{"not_picked":["Gash","Go for the Eyes"],"picked":"Conserve Battery+1","floor":31},{"not_picked":["Meteor Strike","Thunder Strike"],"picked":"Echo Form+1","floor":33},{"not_picked":["Conserve Battery+1","Cold Snap"],"picked":"Chill+1","floor":35},{"not_picked":["Gash+1","Steam+1"],"picked":"Fusion+1","floor":37},{"not_picked":["Compile Driver+1","BootSequence+1"],"picked":"Go for the Eyes+1","floor":41},{"not_picked":["Multi-Cast+1","Leap+1","Rebound"],"picked":"SKIP","floor":42},{"not_picked":["Hologram+1","Scrape","Sweeping Beam"],"picked":"SKIP","floor":45},{"not_picked":["Hologram+1","Scrape","Sweeping Beam"],"picked":"SKIP","floor":45},{"not_picked":["Hologram+1","Streamline"],"picked":"Turbo+1","floor":46}],"player_experience":481483,"relics_obtained":[{"floor":6.0,"key":"Ornamental Fan"},{"floor":8.0,"key":"Frozen Egg 2"},{"floor":9.0,"key":"Darkstone Periapt"},{"floor":17,"key":"Bag of Preparation"},{"floor":17,"key":"Mercury Hourglass"},{"floor":17,"key":"WingedGreaves"},{"floor":19,"key":"Red Mask"},{"floor":23,"key":"Gremlin Horn"},{"floor":24,"key":"Toxic Egg 2"},{"floor":26,"key":"Toy Ornithopter"},{"floor":31,"key":"Bottled Lightning"},{"floor":41,"key":"MealTicket"}],"event_choices":[{"damage_healed":0.0,"max_hp_gain":0.0,"max_hp_loss":0.0,"gold_gain":0.0,"event_name":"World of Goop","player_choice":"Left Gold","floor":3.0,"gold_loss":33.0,"damage_taken":0.0},{"damage_healed":0.0,"max_hp_gain":0.0,"max_hp_loss":0.0,"gold_gain":0.0,"event_name":"Scrap Ooze","player_choice":"Success","floor":4.0,"gold_loss":0.0,"damage_taken":11.0,"relics_obtained":["Lantern"]},{"damage_healed":0,"gold_gain":0,"player_choice":"Fought Bandits","damage_taken":0,"max_hp_gain":0,"max_hp_loss":0,"event_name":"Masked Bandits","floor":19,"gold_loss":0},{"damage_healed":0,"gold_gain":0,"player_choice":"Trade","damage_taken":0,"relics_obtained":["NlothsMask"],"max_hp_gain":0,"max_hp_loss":0,"event_name":"FaceTrader","floor":28,"gold_loss":0},{"damage_healed":0,"gold_gain":0,"player_choice":"Embrace Madness","damage_taken":14,"max_hp_gain":0,"max_hp_loss":0,"event_name":"Winding Halls","floor":38,"gold_loss":0,"cards_obtained":["Madness","Madness"]},{"cards_removed":["Defend_B"],"damage_healed":0,"gold_gain":0,"player_choice":"Offered Basic","damage_taken":0,"max_hp_gain":0,"max_hp_loss":0,"event_name":"Bonfire Elementals","floor":39,"gold_loss":0},{"damage_healed":0,"gold_gain":222,"player_choice":"Wore Mask","damage_taken":0,"max_hp_gain":0,"max_hp_loss":0,"event_name":"Tomb of Lord Red Mask","floor":48,"gold_loss":0}],"is_beta":false,"boss_relics":[{"not_picked":["Velvet Choker","Philosopher\u0027s Stone"],"picked":"Calling Bell"},{"not_picked":["Coffee Dripper","FrozenCore"],"picked":"Runic Pyramid"}],"items_purged_floors":[],"is_endless":false,"potions_floor_spawned":[1,6,12,21,23,29,33,41,45],"ascension_level":15}}