{"host":"ufhw4cf0hh51lveu","time":1614152089,"event":{"mods":["BaseMod","DeckTracker","Lobotomy","Minty Spire (QoL Compilation)","SuperFastMode"],"gold_per_floor":[111,58,58,78,78,78,107,123,123,133,51,62,62,72,72,177,177,189,1,21,33,51,51,51,51],"floor_reached":24,"language":"KOR","playtime":561,"items_purged":[],"score":200,"play_id":"0d5da6de-a44c-4ea6-abcd-dbc31275c64d","local_time":"20210224163449","is_ascension_mode":false,"campfire_choices":[{"data":"Twin Strike","floor":6,"key":"SMITH"},{"data":"Heavy Blade","floor":13,"key":"SMITH"},{"floor":15,"key":"REST"},{"data":"Inflame","floor":23,"key":"SMITH"}],"circlet_count":0,"master_deck":["Bash","Heavy Blade+1","Twin Strike+1","Feed","Inflame+1","Twin Strike","Pummel","Reaper","Armaments","Intimidate","Thunderclap","Combust","Battle Trance","Flex","Dark Embrace","Sword Boomerang+1","Flex","Offering"],"relics":["Burning Blood","Bottled Flame","Anchor","Pandora\u0027s Box","Omamori"],"acts_visited":["Exordium","TheCity"],"potions_floor_usage":[12,22],"damage_taken":[{"damage":5,"enemies":"Jaw Worm","floor":1,"turns":6},{"damage":0,"enemies":"Small Slimes","floor":4,"turns":3},{"damage":40,"enemies":"3 Sentries","floor":7,"turns":8},{"damage":0,"enemies":"2 Louse","floor":8,"turns":1},{"damage":8,"enemies":"Large Slime","floor":10,"turns":5},{"damage":5,"enemies":"Exordium Wildlife","floor":12,"turns":5},{"damage":0,"enemies":"Looter","floor":14,"turns":3},{"damage":53,"enemies":"The Guardian","floor":16,"turns":10},{"damage":31,"enemies":"Shell Parasite","floor":18,"turns":5},{"damage":12,"enemies":"2 Thieves","floor":20,"turns":3},{"damage":11,"enemies":"Chosen and Byrds","floor":21,"turns":4},{"damage":26,"enemies":"Centurion and Healer","floor":22,"turns":5},{"damage":58,"enemies":"Snecko","floor":24,"turns":4}],"seed_played":"2366938611457186495","potions_obtained":[{"floor":10,"key":"DuplicationPotion"},{"floor":12,"key":"SpeedPotion"},{"floor":16,"key":"ElixirPotion"},{"floor":20,"key":"PowerPotion"}],"is_trial":false,"path_per_floor":["M","$","?","M","?","R","E","M","T","M","$","M","R","M","R","B",null,"M","$","M","M","M","R","M"],"character_chosen":"IRONCLAD","items_purchased":["Heavy Blade","Inflame","Flex","Omamori"],"campfire_rested":1,"item_purchase_floors":[2,11,19,19],"current_hp_per_floor":[72,72,58,64,64,64,30,36,36,37,37,41,41,50,74,27,81,62,62,56,62,54,54,0,0],"gold":51,"neow_bonus":"REMOVE_TWO","is_daily":false,"chose_seed":false,"campfire_upgraded":3,"win_rate":0.0,"timestamp":1614152089,"path_taken":["M","$","?","M","?","R","E","M","T","M","?","M","R","M","R","BOSS","M","$","M","M","M","R","M"],"items_purchased_type":["Card","Card","Card","Relic"],"build_version":"2020-12-22","purchased_purges":0,"victory":false,"max_hp_per_floor":[72,72,72,72,72,72,72,72,72,75,75,78,78,81,81,81,81,81,81,81,84,88,88,88,88],"card_choices":[{"not_picked":["Havoc","Dark Embrace","True Grit"],"picked":"SKIP","floor":1},{"not_picked":["Warcry","Armaments"],"picked":"Twin Strike","floor":4},{"not_picked":["Clothesline","Body Slam","Searing Blow"],"picked":"SKIP","floor":7},{"not_picked":["Headbutt","Clothesline"],"picked":"Feed","floor":8},{"not_picked":["Dark Embrace","Perfected Strike","Feel No Pain"],"picked":"SKIP","floor":10},{"not_picked":["Feel No Pain","Perfected Strike"],"picked":"Twin Strike","floor":12},{"not_picked":["True Grit","Iron Wave"],"picked":"Pummel","floor":14},{"not_picked":["Impervious","Feed"],"picked":"Reaper","floor":16},{"not_picked":["Body Slam","Cleave+1"],"picked":"Sword Boomerang+1","floor":18},{"not_picked":["Intimidate","Pommel Strike","Battle Trance+1"],"picked":"SKIP","floor":20},{"not_picked":["Armaments","Searing Blow"],"picked":"Offering","floor":21},{"not_picked":["Armaments","Second Wind","True Grit"],"picked":"SKIP","floor":22}],"player_experience":81076,"relics_obtained":[{"floor":7,"key":"Bottled Flame"},{"floor":9,"key":"Anchor"}],"event_choices":[{"damage_healed":0,"gold_gain":0,"player_choice":"Entered Light","damage_taken":14,"max_hp_gain":0,"max_hp_loss":0,"event_name":"Shining Light","floor":3,"gold_loss":0,"cards_upgraded":["Defend_R","Strike_R"]},{"damage_healed":0,"gold_gain":0,"player_choice":"Ignored","damage_taken":0,"max_hp_gain":0,"max_hp_loss":0,"event_name":"Liars Game","floor":5,"gold_loss":0}],"is_beta":false,"boss_relics":[{"not_picked":["Fusion Hammer","Tiny House"],"picked":"Pandora\u0027s Box"}],"items_purged_floors":[],"is_endless":false,"potions_floor_spawned":[10,12,16,20,21],"killed_by":"Snecko","ascension_level":0}}