{"host":"ow66nzv2xecjoor3","time":1614154961,"event":{"mods":["BaseMod","Bestiary","Block Reminder","Colored Powertips","Curses Come First","Highlight Path","Keyboard Shortcuts","Minty Spire (QoL Compilation)","Permanent Neow","Relic Stats","StSLib","UnlockEverythingMod"],"gold_per_floor":[119,119,134,148,165,165,179,209,209,222,238,257,10,35,35,106,106,121,139,157,157,157],"floor_reached":21,"language":"ENG","playtime":758,"items_purged":["Strike_P"],"score":594,"play_id":"184e7e91-ee23-4788-ab69-7d89f6b9054f","local_time":"20210224022241","is_ascension_mode":true,"campfire_choices":[{"data":"WheelKick","floor":6.0,"key":"SMITH"},{"data":"Eruption","floor":15.0,"key":"SMITH"}],"circlet_count":0,"master_deck":["AscendersBane","Strike_P","Defend_P","Defend_P","Defend_P","Eruption+1","Vigilance+1","Vengeance+1","BowlingBash","WheelKick+1","CutThroughFate","Scrawl","Wireheading","Consecrate","Halt","Alpha+1","Evaluate+1","Blasphemy+1","Wallop","CutThroughFate","Wallop"],"relics":["Philosopher\u0027s Stone","Eternal Feather","Pen Nib","Nunchaku","Astrolabe"],"acts_visited":["Exordium","TheCity"],"potions_floor_usage":[20],"damage_taken":[{"damage":11.0,"enemies":"2 Louse","floor":1.0,"turns":4.0},{"damage":0.0,"enemies":"Small Slimes","floor":3.0,"turns":2.0},{"damage":0.0,"enemies":"Cultist","floor":4.0,"turns":3.0},{"damage":11.0,"enemies":"Lots of Slimes","floor":5.0,"turns":5.0},{"damage":0.0,"enemies":"2 Fungi Beasts","floor":7.0,"turns":2.0},{"damage":0.0,"enemies":"Gremlin Nob","floor":8.0,"turns":2.0},{"damage":2.0,"enemies":"Looter","floor":10.0,"turns":3.0},{"damage":0.0,"enemies":"Red Slaver","floor":11.0,"turns":2.0},{"damage":1.0,"enemies":"2 Fungi Beasts","floor":12.0,"turns":3.0},{"damage":0.0,"enemies":"Lagavulin","floor":14.0,"turns":4.0},{"damage":0.0,"enemies":"Slime Boss","floor":16.0,"turns":3.0},{"damage":0.0,"enemies":"Spheric Guardian","floor":18.0,"turns":2.0},{"damage":0.0,"enemies":"2 Thieves","floor":19.0,"turns":1.0},{"damage":14,"enemies":"Snecko","floor":20,"turns":4},{"damage":51,"enemies":"Cultist and Chosen","floor":21,"turns":3}],"seed_played":"-7947048681879886838","potions_obtained":[{"floor":4.0,"key":"Dexterity Potion"},{"floor":7.0,"key":"GamblersBrew"},{"floor":10.0,"key":"CultistPotion"},{"floor":12.0,"key":"LiquidMemories"}],"is_trial":false,"path_per_floor":["M","?","M","M","M","R","M","E","T","M","M","M","$","E","R","B",null,"M","M","M","M"],"character_chosen":"WATCHER","items_purchased":["Pen Nib"],"campfire_rested":0,"item_purchase_floors":[13],"current_hp_per_floor":[50,30,30,30,19,19,19,19,19,17,17,16,16,16,25,25,57,57,57,43,0,0],"gold":157,"neow_bonus":"BOSS_RELIC","is_daily":false,"chose_seed":false,"campfire_upgraded":2,"win_rate":0.0,"timestamp":1614154961,"path_taken":["M","?","M","M","M","R","M","E","T","M","M","M","$","E","R","BOSS","M","M","M","M"],"items_purchased_type":["Relic"],"build_version":"2020-12-22","purchased_purges":1,"victory":false,"max_hp_per_floor":[68,68,68,68,68,68,68,68,68,68,68,68,68,68,68,68,68,68,68,68,68,68],"relic_stats":{"Nunchaku":[2],"counters":[15,43],"Astrolabe":["Alpha","Evaluate","Blasphemy"],"Eternal Feather":9,"Pen Nib":[3],"obtain_stats":[{"Nunchaku":14,"Astrolabe":17,"Philosopher\u0027s Stone":0,"Eternal Feather":8,"Pen Nib":13,"PureWater":0},{"Nunchaku":10,"Astrolabe":11,"Philosopher\u0027s Stone":0,"Eternal Feather":6,"Pen Nib":9,"PureWater":0},{"Nunchaku":30,"Astrolabe":33,"Philosopher\u0027s Stone":0,"Eternal Feather":18,"Pen Nib":26,"PureWater":0}]},"card_choices":[{"not_picked":["FollowUp","ClearTheMind"],"picked":"Vengeance","floor":1.0},{"not_picked":["PathToVictory","Worship","Swivel"],"picked":"SKIP","floor":3.0},{"not_picked":["CutThroughFate","SashWhip"],"picked":"BowlingBash","floor":4.0},{"not_picked":["Swivel","BowlingBash"],"picked":"WheelKick","floor":5.0},{"not_picked":["JustLucky","BowlingBash"],"picked":"CutThroughFate","floor":7.0},{"not_picked":["Protect","ThirdEye"],"picked":"Scrawl","floor":8.0},{"not_picked":["JustLucky","Indignation"],"picked":"Wireheading","floor":10.0},{"not_picked":["Evaluate","ThirdEye"],"picked":"Consecrate","floor":11.0},{"not_picked":["Sanctity","Judgement","FlyingSleeves"],"picked":"SKIP","floor":12.0},{"not_picked":["JustLucky","Protect"],"picked":"Halt","floor":14.0},{"not_picked":["FlurryOfBlows","EmptyFist"],"picked":"Wallop","floor":18.0},{"not_picked":["SashWhip","Consecrate"],"picked":"CutThroughFate","floor":19.0},{"not_picked":["Prostrate","Establishment"],"picked":"Wallop","floor":20}],"player_experience":2983091,"relics_obtained":[{"floor":8.0,"key":"Eternal Feather"},{"floor":14.0,"key":"Nunchaku"}],"event_choices":[{"damage_healed":0.0,"max_hp_gain":0.0,"max_hp_loss":0.0,"gold_gain":0.0,"event_name":"Shining Light","player_choice":"Entered Light","floor":2.0,"gold_loss":0.0,"damage_taken":20.0,"cards_upgraded":["Vengeance","Vigilance"]}],"is_beta":false,"boss_relics":[{"not_picked":["VioletLotus","Calling Bell"],"picked":"Astrolabe"}],"items_purged_floors":[13],"is_endless":false,"potions_floor_spawned":[4,7,10,12,16,19],"killed_by":"Cultist and Chosen","ascension_level":20}}