{"host":"qr1bwouox9un7py1","time":1614201681,"event":{"mods":["2.2 Compatiblity","AchievementEnabler","BaseMod","Colored Map","Colored Powertips","Conspire","GifTheSpireLib","Highlight Path","Lobotomy","LobotomyExtend","Minty Spire (QoL Compilation)","Quick Restart","Replay The Spire","StSLib","Stuff the Spire"],"gold_per_floor":[111,111,123,123,135,160,170,170,170,181,195,214,224,224,224,22,22,117,117,117,117],"floor_reached":20,"language":"ENG","playtime":1184,"items_purged":["Alriune"],"score":288,"play_id":"c6d5e050-5665-465c-ad7a-09706d980f0b","local_time":"20210225082121","is_ascension_mode":true,"campfire_choices":[{"floor":8,"key":"REST"}],"circlet_count":0,"master_deck":["conspire:GhostlyStrike","conspire:GhostlyStrike","conspire:GhostlyStrike","conspire:GhostlyStrike","conspire:GhostlyStrike","conspire:GhostlyDefend","conspire:GhostlyDefend","conspire:GhostlyDefend","conspire:GhostlyDefend","Bash","Rage","ShyLook","Clash","Thunderclap","Bash","OSAHOGD","Combust","Cleave","PunishingBird","Wellcheers","Run Through","SpiderBud","Iron Wave","Bloodbath","Ghostly Armor","OldLady","Defy Death+1","CherryBlossoms","Eclipse","Dramatic Entrance","Inflame","SingingMachine","Reaper"],"relics":["Burning Blood","CogitoBucket","Meat on the Bone","LetterFromLob","Garlic","AspirationHeart","BargainBundle","Philosopher\u0027s Stone"],"acts_visited":["Exordium","TheCity"],"potions_floor_usage":[12,18,18],"damage_taken":[{"damage":14,"enemies":"2 Louse","floor":1,"turns":2},{"damage":6,"enemies":"Cultist","floor":3,"turns":3},{"damage":9,"enemies":"conspire:RoseBush","floor":5,"turns":4},{"damage":34,"enemies":"3 Sentries","floor":6,"turns":7},{"damage":28,"enemies":"conspire:2 RoseBushes","floor":7,"turns":4},{"damage":12,"enemies":"2 Fungi Beasts","floor":10,"turns":4},{"damage":17,"enemies":"Blue Slaver","floor":11,"turns":4},{"damage":8,"enemies":"Gremlin Gang","floor":12,"turns":2},{"damage":11,"enemies":"Exordium Wildlife","floor":13,"turns":3},{"damage":62,"enemies":"The Guardian","floor":18,"turns":13},{"damage":86,"enemies":"Shell Parasite","floor":20,"turns":4}],"seed_played":"1353288672920127419","potions_obtained":[{"floor":3,"key":"Languid Potion"},{"floor":11,"key":"AttackPotion"},{"floor":12,"key":"Dexterity Potion"},{"floor":13,"key":"Adrenaline Potion"},{"floor":18,"key":"Ancient Potion"}],"is_trial":false,"path_per_floor":["M","?","M","?","M","E","M","R","T","M","M","M","M","PTL","PTL","$","R_BF","B",null,"M"],"character_chosen":"IRONCLAD","items_purchased":["BargainBundle","Dramatic Entrance","Inflame","Block Potion"],"campfire_rested":1,"item_purchase_floors":[16,16,16,16],"current_hp_per_floor":[64,64,64,64,61,33,23,47,47,66,57,56,52,52,52,52,79,39,77,0,0],"gold":117,"neow_bonus":"","is_daily":false,"chose_seed":false,"campfire_upgraded":0,"win_rate":0.0,"timestamp":1614201681,"path_taken":["M","?","M","?","?","E","M","R","T","M","M","M","M","PTL","PTL","$","R_BF","BOSS","M"],"items_purchased_type":["Relic","Card","Card","Potion"],"build_version":"2020-12-22","purchased_purges":1,"victory":false,"max_hp_per_floor":[80,80,80,80,80,80,80,80,80,90,90,90,90,90,90,90,90,90,90,90,90],"card_choices":[{"not_picked":["BlackSwan","MeatLantern"],"picked":"Alriune","floor":1},{"not_picked":["Juggernaut","Body Slam"],"picked":"Rage","floor":1},{"not_picked":["BeautyBeast","MHz"],"picked":"ShyLook","floor":3},{"not_picked":["Reckless Charge","Shrug It Off"],"picked":"Clash","floor":3},{"not_picked":["BeautyBeast","OldLady"],"picked":"OSAHOGD","floor":5},{"not_picked":["Armaments","Perfected Strike"],"picked":"Combust","floor":5},{"not_picked":["Dual Wield","Hemokinesis"],"picked":"Cleave","floor":6},{"not_picked":["VoidDream","Porccubus"],"picked":"PunishingBird","floor":6},{"not_picked":["Woodsman","OldLady"],"picked":"Wellcheers","floor":7},{"not_picked":["Combust","Headbutt"],"picked":"Run Through","floor":7},{"not_picked":["DreamingCurrent","MHz"],"picked":"SpiderBud","floor":10},{"not_picked":["Havoc","ReplayTheSpireMod:Muscle Training"],"picked":"Iron Wave","floor":10},{"not_picked":["Murderer","UniverseFragment"],"picked":"Bloodbath","floor":11},{"not_picked":["Shrug It Off","Body Slam"],"picked":"Ghostly Armor","floor":11},{"not_picked":["WhitesApple","UniverseFragment","Laetitia"],"picked":"Singing Bowl","floor":12},{"not_picked":["VoidDream","Scorched"],"picked":"OldLady","floor":12},{"not_picked":["Anger","Flame Barrier"],"picked":"Defy Death","floor":12},{"not_picked":["Scarecrow","HeroicMonk"],"picked":"CherryBlossoms","floor":13},{"not_picked":["Cleave","Iron Wave"],"picked":"Eclipse","floor":13},{"not_picked":["GreedKing","VoidDream"],"picked":"SingingMachine","floor":18},{"not_picked":["Eclipse","Demon Form"],"picked":"Reaper","floor":18}],"player_experience":184421,"relics_obtained":[{"floor":6,"key":"Meat on the Bone"},{"floor":6,"key":"LetterFromLob"},{"floor":9,"key":"Garlic"}],"event_choices":[{"damage_healed":0,"gold_gain":0,"player_choice":"Agree","damage_taken":0,"max_hp_gain":0,"max_hp_loss":0,"event_name":"conspire:LoneGhost","floor":2,"gold_loss":0},{"damage_healed":0,"gold_gain":0,"player_choice":"2 cards matched","damage_taken":0,"max_hp_gain":0,"max_hp_loss":0,"event_name":"Match and Keep!","floor":4,"gold_loss":0,"cards_obtained":["Thunderclap","Bash"]}],"is_beta":false,"boss_relics":[{"not_picked":["StuffTheSpire:Kangaroo","Fusion Hammer"],"picked":"Philosopher\u0027s Stone"}],"items_purged_floors":[16],"is_endless":false,"potions_floor_spawned":[3,11,12,13,18],"killed_by":"Shell Parasite","ascension_level":7}}