{"host":"hbrjinenk1akq1dy","time":1614157082,"event":{"mods":["AchievementEnabler","BaseMod","Bestiary","Colored Map","Colored Powertips","Curses Come First","Highlight Path","Minty Spire (QoL Compilation)","Permanent Neow","Quick Restart","StSLib","SuperFastMode"],"gold_per_floor":[119,69,88,88,88,113,130,148,174,174,193,193,253,273,273,374,374,389,389,402,422,422,422,451,464,509,509,434,434,463,480,480,575,575,593,646,658,27,77,102,102,116,116,148,166,166,166,0,0,0,0,0,0,0,0],"floor_reached":54,"language":"ENG","playtime":2178,"items_purged":["Halt"],"score":953,"play_id":"58e1ed31-b14a-4fa3-9c1a-97c43d25e283","local_time":"20210224165802","is_ascension_mode":true,"campfire_choices":[{"data":"CrushJoints","floor":12.0,"key":"SMITH"},{"data":"Omniscience","floor":15.0,"key":"SMITH"},{"floor":23.0,"key":"REST"},{"floor":32.0,"key":"REST"},{"data":"Ragnarok","floor":41.0,"key":"SMITH"},{"data":"TalkToTheHand","floor":47.0,"key":"SMITH"},{"floor":49.0,"key":"RECALL"},{"data":"InnerPeace","floor":52,"key":"SMITH"}],"circlet_count":0,"master_deck":["Defend_P","Eruption","Vigilance","CurseOfTheBell","Wireheading","FlurryOfBlows","Protect","CrushJoints+1","DeceiveReality","Omniscience+1","DevaForm","Protect+1","Wallop","Bite","Bite","Bite","Bite","Bite","InnerPeace+1","Regret","J.A.X.","SashWhip","ClearTheMind+1","Ragnarok+1","EmptyFist+1","TalkToTheHand+1","Meditate+1","CutThroughFate","Writhe"],"relics":["Calling Bell","PreservedInsect","Shuriken","Du-Vu Doll","Anchor","Boot","Cursed Key","Bottled Lightning","Juzu Bracelet","Peace Pipe","Sozu","Thread and Needle","Ginger","Meat on the Bone","Incense Burner","White Beast Statue","Smiling Mask","Question Card","Red Mask"],"acts_visited":["Exordium","TheCity","TheBeyond","TheEnding"],"potions_floor_usage":[50],"damage_taken":[{"damage":2.0,"enemies":"Jaw Worm","floor":1.0,"turns":3.0},{"damage":0.0,"enemies":"Small Slimes","floor":3.0,"turns":2.0},{"damage":22.0,"enemies":"Lagavulin","floor":6.0,"turns":6.0},{"damage":0.0,"enemies":"2 Louse","floor":7.0,"turns":2.0},{"damage":0.0,"enemies":"Exordium Thugs","floor":8.0,"turns":3.0},{"damage":0.0,"enemies":"Looter","floor":11.0,"turns":2.0},{"damage":0.0,"enemies":"Blue Slaver","floor":14.0,"turns":5.0},{"damage":0.0,"enemies":"Slime Boss","floor":16.0,"turns":3.0},{"damage":24.0,"enemies":"Shell Parasite","floor":18.0,"turns":6.0},{"damage":14.0,"enemies":"3 Byrds","floor":20.0,"turns":6.0},{"damage":25.0,"enemies":"3 Cultists","floor":21.0,"turns":7.0},{"damage":41.0,"enemies":"Slavers","floor":24.0,"turns":5.0},{"damage":0.0,"enemies":"Snecko","floor":25.0,"turns":6.0},{"damage":13.0,"enemies":"Book of Stabbing","floor":30.0,"turns":4.0},{"damage":25.0,"enemies":"Shelled Parasite and Fungi","floor":31.0,"turns":5.0},{"damage":21.0,"enemies":"Champ","floor":33.0,"turns":8.0},{"damage":18.0,"enemies":"3 Darklings","floor":35.0,"turns":5.0},{"damage":24.0,"enemies":"2 Orb Walkers","floor":36.0,"turns":5.0},{"damage":6.0,"enemies":"3 Shapes","floor":37.0,"turns":4.0},{"damage":3.0,"enemies":"Mind Bloom Boss Battle","floor":39.0,"turns":3.0},{"damage":4.0,"enemies":"Giant Head","floor":40.0,"turns":5.0},{"damage":6.0,"enemies":"Writhing Mass","floor":42.0,"turns":3.0},{"damage":17.0,"enemies":"Nemesis","floor":44.0,"turns":5.0},{"damage":2.0,"enemies":"Sphere and 2 Shapes","floor":45.0,"turns":2.0},{"damage":64,"enemies":"Time Eater","floor":50,"turns":9},{"damage":104,"enemies":"Shield and Spear","floor":54,"turns":3}],"seed_played":"-7523819848433755058","potions_obtained":[{"floor":3.0,"key":"SneckoOil"},{"floor":7.0,"key":"PowerPotion"},{"floor":16.0,"key":"FairyPotion"},{"floor":20.0,"key":"Fire Potion"},{"floor":24.0,"key":"Block Potion"},{"floor":25.0,"key":"StancePotion"},{"floor":33.0,"key":"Regen Potion"}],"is_trial":false,"path_per_floor":["M","?","M","?","?","E","M","M","T","?","M","R","?","M","R","B",null,"M","?","M","M","?","R","E","M","T","?","?","?","E","M","R","B",null,"M","?","M","$","?","E","R","M","T","E","M","?","R","?","R","B",null,"R","$","E"],"character_chosen":"WATCHER","items_purchased":["Ginger","Meat on the Bone"],"campfire_rested":2,"item_purchase_floors":[38,38],"current_hp_per_floor":[70,70,70,52,52,30,30,30,30,54,54,54,54,54,54,54,72,48,48,34,9,9,24,19,35,35,35,35,35,34,19,34,33,50,42,28,28,28,29,35,35,31,31,36,42,42,42,42,42,16,50,50,50,0,0],"gold":0,"neow_bonus":"BOSS_RELIC","is_daily":false,"chose_seed":false,"campfire_upgraded":5,"win_rate":0.0,"timestamp":1614157082,"path_taken":["M","?","M","?","?","E","M","?","T","?","M","R","?","M","R","BOSS","M","?","M","M","?","R","E","M","T","?","?","?","E","M","R","BOSS","M","?","M","$","?","E","R","M","T","E","M","?","R","?","R","BOSS","R","$","E"],"items_purchased_type":["Relic","Relic"],"build_version":"2020-12-22","purchased_purges":1,"victory":false,"max_hp_per_floor":[72,72,72,72,72,72,72,72,72,72,72,72,72,72,72,72,72,72,72,72,72,50,50,50,50,50,50,50,50,50,50,50,50,50,50,50,50,50,50,50,50,50,50,50,50,50,50,50,50,50,50,50,50,50,50],"card_choices":[{"not_picked":["EmptyBody","Indignation","BowlingBash"],"picked":"SKIP","floor":1.0},{"not_picked":["Evaluate","FlurryOfBlows"],"picked":"Wireheading","floor":3.0},{"not_picked":["Sanctity","BowlingBash"],"picked":"FlurryOfBlows","floor":6.0},{"not_picked":["EmptyBody","Swivel"],"picked":"Protect","floor":7.0},{"not_picked":["ThirdEye","PathToVictory"],"picked":"CrushJoints","floor":8.0},{"not_picked":["WheelKick","FollowUp"],"picked":"DeceiveReality","floor":11.0},{"not_picked":["Perseverance","SashWhip"],"picked":"Omniscience","floor":14.0},{"not_picked":["MasterReality","Ragnarok"],"picked":"DevaForm","floor":16.0},{"not_picked":["Consecrate","ClearTheMind"],"picked":"Protect+1","floor":18.0},{"not_picked":["SashWhip","ClearTheMind"],"picked":"Wallop","floor":20.0},{"not_picked":["Consecrate","Prostrate"],"picked":"Halt","floor":21.0},{"not_picked":["WreathOfFlame+1","WindmillStrike"],"picked":"InnerPeace","floor":24.0},{"not_picked":["Evaluate+1","JustLucky+1","Prostrate"],"picked":"SKIP","floor":25.0},{"not_picked":["Indignation","Perseverance"],"picked":"SashWhip","floor":30.0},{"not_picked":["Protect","Crescendo"],"picked":"ClearTheMind+1","floor":31.0},{"not_picked":["Brilliance","Alpha"],"picked":"Ragnarok","floor":33.0},{"not_picked":["Weave+1","Crescendo"],"picked":"EmptyFist+1","floor":35.0},{"not_picked":["Evaluate","ThirdEye"],"picked":"TalkToTheHand","floor":36.0},{"not_picked":["Protect","PathToVictory+1","Halt+1"],"picked":"SKIP","floor":37.0},{"not_picked":["Swivel","FlurryOfBlows+1"],"picked":"Meditate+1","floor":39.0},{"not_picked":["ReachHeaven","BowlingBash"],"picked":"CutThroughFate","floor":40.0},{"not_picked":["Prostrate","SashWhip","EmptyFist"],"picked":"SKIP","floor":42.0},{"not_picked":["SashWhip+1","Consecrate+1","Protect+1"],"picked":"SKIP","floor":44.0},{"not_picked":["Establishment","SandsOfTime","FollowUp+1","Halt"],"picked":"SKIP","floor":45.0}],"player_experience":258916,"relics_obtained":[{"floor":0.0,"key":"PreservedInsect"},{"floor":0.0,"key":"Shuriken"},{"floor":0.0,"key":"Du-Vu Doll"},{"floor":6.0,"key":"Boot"},{"floor":24.0,"key":"Bottled Lightning"},{"floor":26.0,"key":"Juzu Bracelet"},{"floor":30.0,"key":"Peace Pipe"},{"floor":36.0,"key":"Thread and Needle"},{"floor":39.0,"key":"Incense Burner"},{"floor":40.0,"key":"White Beast Statue"},{"floor":43.0,"key":"Smiling Mask"},{"floor":44.0,"key":"Question Card"}],"event_choices":[{"cards_removed":["Strike_P"],"damage_healed":0.0,"max_hp_gain":0.0,"max_hp_loss":0.0,"gold_gain":0.0,"event_name":"The Cleric","player_choice":"Card Removal","floor":2.0,"gold_loss":50.0,"damage_taken":0.0},{"damage_healed":0.0,"max_hp_gain":0.0,"max_hp_loss":0.0,"gold_gain":0.0,"event_name":"Scrap Ooze","player_choice":"Success","floor":4.0,"gold_loss":0.0,"damage_taken":18.0,"relics_obtained":["Anchor"]},{"cards_removed":["Defend_P"],"damage_healed":0.0,"max_hp_gain":0.0,"max_hp_loss":0.0,"gold_gain":0.0,"event_name":"Purifier","player_choice":"Purged","floor":5.0,"gold_loss":0.0,"damage_taken":0.0},{"damage_healed":24.0,"max_hp_gain":0.0,"max_hp_loss":0.0,"gold_gain":0.0,"event_name":"Big Fish","player_choice":"Banana","floor":10.0,"gold_loss":0.0,"damage_taken":0.0},{"damage_healed":0.0,"max_hp_gain":0.0,"max_hp_loss":0.0,"gold_gain":60.0,"event_name":"Golden Wing","player_choice":"Gained Gold","floor":13.0,"gold_loss":0.0,"damage_taken":0.0},{"damage_healed":0.0,"max_hp_gain":0.0,"max_hp_loss":0.0,"gold_gain":0.0,"event_name":"Ghosts","player_choice":"Ignored","floor":19.0,"gold_loss":0.0,"damage_taken":0.0},{"damage_healed":0.0,"max_hp_gain":0.0,"max_hp_loss":22.0,"gold_gain":0.0,"event_name":"Vampires","player_choice":"Became a vampire","floor":22.0,"gold_loss":0.0,"damage_taken":0.0,"cards_obtained":["Bite","Bite","Bite","Bite","Bite"]},{"damage_healed":0.0,"max_hp_gain":0.0,"max_hp_loss":0.0,"gold_gain":0.0,"event_name":"Drug Dealer","player_choice":"Obtain J.A.X.","floor":27.0,"gold_loss":0.0,"damage_taken":0.0,"cards_obtained":["J.A.X."]},{"cards_removed":["Defend_P"],"damage_healed":0.0,"max_hp_gain":0.0,"max_hp_loss":0.0,"gold_gain":0.0,"event_name":"Beggar","player_choice":"Gave Gold","floor":28.0,"gold_loss":75.0,"damage_taken":0.0},{"cards_removed":["Defend_P"],"damage_healed":0.0,"max_hp_gain":0.0,"max_hp_loss":0.0,"gold_gain":0.0,"event_name":"Back to Basics","player_choice":"Elegance","floor":29.0,"gold_loss":0.0,"damage_taken":0.0},{"damage_healed":0.0,"max_hp_gain":0.0,"max_hp_loss":0.0,"gold_gain":0.0,"event_name":"Mysterious Sphere","player_choice":"Fight","floor":36.0,"gold_loss":0.0,"damage_taken":0.0},{"damage_healed":0.0,"max_hp_gain":0.0,"max_hp_loss":0.0,"gold_gain":0.0,"event_name":"MindBloom","player_choice":"Fight","floor":39.0,"gold_loss":0.0,"damage_taken":0.0},{"damage_healed":0.0,"max_hp_gain":0.0,"max_hp_loss":0.0,"gold_gain":0.0,"event_name":"SensoryStone","player_choice":"Memory 1","floor":46.0,"gold_loss":0.0,"damage_taken":0.0},{"damage_healed":0.0,"max_hp_gain":0.0,"max_hp_loss":0.0,"gold_gain":0.0,"event_name":"Tomb of Lord Red Mask","player_choice":"Paid","floor":48.0,"gold_loss":166.0,"damage_taken":0.0,"relics_obtained":["Red Mask"]}],"is_beta":false,"boss_relics":[{"not_picked":["Pandora\u0027s Box","Empty Cage"],"picked":"Cursed Key"},{"not_picked":["Philosopher\u0027s Stone","SacredBark"],"picked":"Sozu"}],"items_purged_floors":[38],"is_endless":false,"potions_floor_spawned":[3,7,16,20,24,25,33,39,40,42,44,45],"killed_by":"Shield and Spear","ascension_level":3}}