{"host":"z37g2hkgkh2zjyzk","time":1614186983,"event":{"mods":["2.2 Compatiblity","AchievementEnabler","BaseMod","Bestiary","Colored Map","Colored Powertips","Curses Come First","Highlight Path","Keyboard Shortcuts","Minty Spire (QoL Compilation)","Relic Stats","StSLib","SuperFastMode"],"gold_per_floor":[16,16,16,28,44,76,76,87,387,405,405,423,423,454,454,557,557,570,581,425,439,457,457,3,33,85,85,85,99,124,138,138,237,237,247,247,260,277,296,296,296],"floor_reached":40,"language":"ENG","playtime":3427,"items_purged":[],"score":654,"play_id":"1543222e-d558-4ebf-8296-e2ca6a96607c","local_time":"20210224181623","is_ascension_mode":true,"campfire_choices":[{"data":"Go for the Eyes","floor":7,"key":"SMITH"},{"floor":11,"key":"REST"},{"floor":13,"key":"REST"},{"data":"Defragment","floor":15,"key":"SMITH"},{"floor":23,"key":"REST"},{"floor":27,"key":"REST"},{"floor":32,"key":"REST"}],"circlet_count":0,"master_deck":["Zap","Dualcast","Beam Cell+1","Go for the Eyes+1","Turbo","Barrage","Cold Snap","Defragment+1","Auto Shields","Glacier","Seek","Thunder Strike+1","Turbo+1","Reprogram+1","FTL+1","Rebound+1","Hologram","Coolheaded+1","All For One+1","Glacier","Loop","Coolheaded","Redo+1","Self Repair","Seek","Gash","Pain","Coolheaded+1","Hologram+1"],"relics":["Cracked Core","Gremlin Horn","Old Coin","Bird Faced Urn","Astrolabe","Regal Pillow","Ice Cream","Bottled Flame","Whetstone","Dream Catcher","Empty Cage","WarpedTongs"],"acts_visited":["Exordium","TheCity","TheBeyond"],"potions_floor_usage":[12,14,16,30,31,37],"damage_taken":[{"damage":4,"enemies":"Jaw Worm","floor":1,"turns":5},{"damage":3,"enemies":"Small Slimes","floor":4,"turns":4},{"damage":0,"enemies":"Cultist","floor":5,"turns":3},{"damage":18,"enemies":"Gremlin Nob","floor":6,"turns":4},{"damage":15,"enemies":"Lots of Slimes","floor":8,"turns":3},{"damage":0,"enemies":"2 Fungi Beasts","floor":10,"turns":3},{"damage":12,"enemies":"Gremlin Gang","floor":12,"turns":4},{"damage":13,"enemies":"3 Sentries","floor":14,"turns":8},{"damage":18,"enemies":"Hexaghost","floor":16,"turns":11},{"damage":5,"enemies":"3 Byrds","floor":18,"turns":6},{"damage":8,"enemies":"2 Thieves","floor":19,"turns":5},{"damage":6,"enemies":"Sentry and Sphere","floor":21,"turns":5},{"damage":18,"enemies":"Cultist and Chosen","floor":22,"turns":8},{"damage":54,"enemies":"Gremlin Leader","floor":25,"turns":10},{"damage":8,"enemies":"Snake Plant","floor":29,"turns":5},{"damage":29,"enemies":"Slavers","floor":30,"turns":5},{"damage":8,"enemies":"Centurion and Healer","floor":31,"turns":5},{"damage":90,"enemies":"Automaton","floor":33,"turns":19},{"damage":7,"enemies":"3 Shapes","floor":35,"turns":7},{"damage":11,"enemies":"Orb Walker","floor":37,"turns":2},{"damage":10,"enemies":"Sphere and 2 Shapes","floor":38,"turns":8},{"damage":12,"enemies":"3 Darklings","floor":39,"turns":5},{"damage":79,"enemies":"Reptomancer","floor":40,"turns":2}],"seed_played":"4694467528762314188","potions_obtained":[{"floor":6,"key":"FairyPotion"},{"floor":8,"key":"Block Potion"},{"floor":12,"key":"GamblersBrew"},{"floor":14,"key":"DistilledChaos"},{"floor":16,"key":"DuplicationPotion"},{"floor":21,"key":"SmokeBomb"},{"floor":25,"key":"SkillPotion"},{"floor":30,"key":"SkillPotion"},{"floor":33,"key":"SpeedPotion"},{"floor":39,"key":"LiquidMemories"}],"is_trial":false,"path_per_floor":["M","?","?","M","M","E","R","M","T","M","R","M","R","E","R","B",null,"M","M","$","M","M","R","$","E","T","R","?","M","E","M","R","B",null,"M","?","M","M","M","E"],"character_chosen":"DEFECT","items_purchased":["Regal Pillow","All For One","Ice Cream"],"campfire_rested":5,"item_purchase_floors":[20,24,24],"current_hp_per_floor":[64,64,64,61,61,43,43,28,28,28,50,38,60,47,47,31,64,61,55,55,51,35,72,72,20,20,57,57,51,26,22,59,29,64,70,70,75,75,75,0,0],"gold":296,"neow_bonus":"REMOVE_TWO","is_daily":false,"chose_seed":false,"campfire_upgraded":2,"win_rate":0.0,"timestamp":1614186983,"path_taken":["M","?","?","M","?","E","R","M","T","M","R","?","R","E","R","BOSS","M","M","$","M","M","R","$","E","T","R","?","?","E","?","R","BOSS","M","?","M","M","M","E"],"items_purchased_type":["Relic","Card","Relic"],"build_version":"2020-12-22","purchased_purges":0,"victory":false,"max_hp_per_floor":[75,75,75,75,75,75,75,75,75,75,75,75,75,75,75,75,75,75,75,75,75,75,75,75,75,75,75,75,75,75,75,75,75,75,75,75,75,75,75,75,75],"relic_stats":{"Regal Pillow":45,"Dream Catcher":1,"Gremlin Horn":[34,34],"counters":[23,137],"Bird Faced Urn":[48],"Astrolabe":["Thunder Strike","Turbo","Reprogram"],"Whetstone":["Rebound","All For One"],"obtain_stats":[{"Ice Cream":24,"Regal Pillow":20,"Bottled Flame":25,"Dream Catcher":30,"Gremlin Horn":6,"Bird Faced Urn":14,"Astrolabe":17,"Whetstone":26,"Cracked Core":0,"Empty Cage":34,"Old Coin":9,"WarpedTongs":36},{"Ice Cream":13,"Regal Pillow":11,"Bottled Flame":14,"Dream Catcher":16,"Gremlin Horn":4,"Bird Faced Urn":8,"Astrolabe":9,"Whetstone":14,"Cracked Core":0,"Empty Cage":18,"Old Coin":5,"WarpedTongs":19},{"Ice Cream":69,"Regal Pillow":56,"Bottled Flame":79,"Dream Catcher":89,"Gremlin Horn":16,"Bird Faced Urn":34,"Astrolabe":45,"Whetstone":79,"Cracked Core":0,"Empty Cage":113,"Old Coin":19,"WarpedTongs":120}],"WarpedTongs":[17]},"card_choices":[{"not_picked":["Redo","Hologram"],"picked":"Beam Cell","floor":1},{"not_picked":["Consume","Streamline"],"picked":"Go for the Eyes","floor":4},{"not_picked":["Creative AI","Stack"],"picked":"Turbo","floor":5},{"not_picked":["Stack","Genetic Algorithm"],"picked":"Barrage","floor":6},{"not_picked":["Steam","Ball Lightning"],"picked":"Cold Snap","floor":8},{"not_picked":["Conserve Battery","Sweeping Beam"],"picked":"Defragment","floor":10},{"not_picked":["Double Energy","Conserve Battery"],"picked":"Auto Shields","floor":12},{"not_picked":["Electrodynamics","Compile Driver"],"picked":"Glacier","floor":14},{"not_picked":["Meteor Strike","Buffer"],"picked":"Seek","floor":16},{"not_picked":["Redo+1","Streamline"],"picked":"FTL+1","floor":18},{"not_picked":["Double Energy","Redo+1"],"picked":"Rebound","floor":19},{"not_picked":["Turbo+1","Tempest"],"picked":"Hologram","floor":21},{"not_picked":["Turbo","Cold Snap"],"picked":"Coolheaded+1","floor":22},{"not_picked":["Hologram","Hyperbeam"],"picked":"Glacier","floor":25},{"not_picked":["Sweeping Beam+1","Compile Driver"],"picked":"Loop","floor":29},{"not_picked":["Redo","Force Field+1"],"picked":"Coolheaded","floor":30},{"not_picked":["Rip and Tear+1","Sweeping Beam"],"picked":"Redo+1","floor":31},{"not_picked":["Ball Lightning","Steam"],"picked":"Self Repair","floor":32},{"not_picked":["Fission","Multi-Cast"],"picked":"Seek","floor":33},{"not_picked":["Coolheaded+1","Double Energy"],"picked":"Gash","floor":35},{"not_picked":["Hologram","Thunder Strike","Steam+1"],"picked":"SKIP","floor":37},{"not_picked":["Turbo+1","Self Repair"],"picked":"Coolheaded+1","floor":38},{"not_picked":["Streamline","Ball Lightning+1"],"picked":"Hologram+1","floor":39}],"player_experience":247216,"relics_obtained":[{"floor":6,"key":"Gremlin Horn"},{"floor":9,"key":"Old Coin"},{"floor":14,"key":"Bird Faced Urn"},{"floor":25,"key":"Bottled Flame"},{"floor":26,"key":"Whetstone"},{"floor":30,"key":"Dream Catcher"}],"event_choices":[{"damage_healed":0,"gold_gain":0,"player_choice":"Grow","damage_taken":0,"max_hp_gain":0,"max_hp_loss":0,"event_name":"Living Wall","floor":2,"gold_loss":0,"cards_upgraded":["Beam Cell"]},{"cards_removed":["Defend_B"],"damage_healed":0,"gold_gain":0,"player_choice":"Offered Basic","damage_taken":0,"max_hp_gain":0,"max_hp_loss":0,"event_name":"Bonfire Elementals","floor":3,"gold_loss":0},{"damage_healed":0,"gold_gain":0,"player_choice":"Got Potions","damage_taken":0,"max_hp_gain":0,"max_hp_loss":0,"event_name":"Lab","floor":28,"gold_loss":0},{"damage_healed":0,"gold_gain":0,"player_choice":"Rummage","damage_taken":0,"relics_obtained":["WarpedTongs"],"max_hp_gain":0,"max_hp_loss":0,"event_name":"Accursed Blacksmith","floor":36,"gold_loss":0,"cards_obtained":["Pain"]}],"is_beta":false,"boss_relics":[{"not_picked":["Coffee Dripper","Fusion Hammer"],"picked":"Astrolabe"},{"not_picked":["Black Star","SacredBark"],"picked":"Empty Cage"}],"items_purged_floors":[],"is_endless":false,"potions_floor_spawned":[6,8,12,14,16,21,25,30,33,39],"killed_by":"Reptomancer","ascension_level":8}}