{"host":"emzatosnsokm6754","time":1614146804,"event":{"mods":["Act Like it!","BaseMod","Bossed Relics","Colored Powertips","Energized Spire","Minty Spire (QoL Compilation)","Rare Cards Sparkle","Replay The Spire","Ruina","StSLib","The Cursed","The Gatherer","The Hierophant","The Servant 0.9.4"],"gold_per_floor":[212,212,212,97,112,112,37,37,37,55,70,70,88,106,106,205,205,219,219,119,119,119],"floor_reached":21,"language":"ENG","playtime":751,"items_purged":["Strike_S"],"score":169,"play_id":"8089c5b6-5b21-4037-b7a5-c5180a7b47d3","local_time":"20210224190644","is_ascension_mode":false,"campfire_choices":[{"data":"SurpressingFire","floor":6,"key":"SMITH"},{"data":"Inflame","floor":12,"key":"SMITH"},{"data":"BottledTime","floor":15,"key":"SMITH"}],"circlet_count":0,"master_deck":["Strike_S","Strike_S","Strike_S","Defend_S","Defend_S","Defend_S","Defend_S","KidneyShot","Exchange","Starlight","Inflame+1","Starlight+1","SurpressingFire+1","Luminosity","Starlight","BottledTime+1","Demon Form","TheWorld"],"relics":["m_ScarletBlood","Ring of Chaos"],"acts_visited":["Exordium","ruina:Briah"],"potions_floor_usage":[16,16],"damage_taken":[{"damage":0,"enemies":"2 Louse","floor":1,"turns":3},{"damage":7,"enemies":"Small Slimes","floor":5,"turns":3},{"damage":0,"enemies":"Cultist","floor":10,"turns":3},{"damage":8,"enemies":"2 Fungi Beasts","floor":11,"turns":4},{"damage":11,"enemies":"Blue Slaver","floor":13,"turns":4},{"damage":13,"enemies":"Red Slaver","floor":14,"turns":2},{"damage":25,"enemies":"Hexaghost","floor":16,"turns":11},{"damage":42,"enemies":"ruina:3_Bats","floor":18,"turns":5}],"seed_played":"-1516719771766626582","potions_obtained":[{"floor":11,"key":"FearPotion"},{"floor":13,"key":"Reflective Coating"},{"floor":14,"key":"Milkshake"},{"floor":16,"key":"FearPotion"},{"floor":18,"key":"Reflective Coating"}],"is_trial":false,"path_per_floor":["M","?","?","$","M","R","$","?","T","M","M","R","M","M","R","B",null,"M","$","?","M"],"character_chosen":"THE_SERVANT","items_purchased":["Starlight+1","SurpressingFire"],"campfire_rested":0,"item_purchase_floors":[4,4],"current_hp_per_floor":[65,70,70,70,63,63,63,63,63,63,55,55,44,31,31,6,70,28,28,28,0,0],"gold":119,"neow_bonus":"HUNDRED_GOLD","is_daily":false,"chose_seed":false,"campfire_upgraded":3,"win_rate":0.0,"timestamp":1614146804,"path_taken":["M","?","?","$","M","R","$","?","T","M","M","R","M","M","R","BOSS","M","$","?","M"],"items_purchased_type":["Card","Card"],"build_version":"2020-12-22","purchased_purges":1,"victory":false,"max_hp_per_floor":[65,70,70,70,70,70,70,70,70,70,70,70,70,70,70,70,70,70,70,70,70,70],"card_choices":[{"not_picked":["Alleviate","Reset"],"picked":"Starlight","floor":1},{"not_picked":["Revamp","Potential"],"picked":"Luminosity","floor":5},{"not_picked":["Heavy Blade","Spin","ShatteredReality"],"picked":"SKIP","floor":10},{"not_picked":["Advance","SpecialFormula"],"picked":"Starlight","floor":11},{"not_picked":["Shuttle","Spin"],"picked":"BottledTime","floor":13},{"not_picked":["RealityMarble","Shuttle","PendulumOfEternity"],"picked":"SKIP","floor":14},{"not_picked":["Deny","Double Tap"],"picked":"Demon Form","floor":16},{"not_picked":["Alleviate","Spin","BottledTime"],"picked":"SKIP","floor":18},{"not_picked":["Initiator","ForgedInTime"],"picked":"TheWorld","floor":20}],"player_experience":228983,"relics_obtained":[],"event_choices":[{"damage_healed":0,"gold_gain":0,"player_choice":"Donut","damage_taken":0,"max_hp_gain":5,"max_hp_loss":0,"event_name":"Big Fish","floor":2,"gold_loss":0},{"damage_healed":0,"gold_gain":0,"player_choice":"Leave","damage_taken":0,"max_hp_gain":0,"max_hp_loss":0,"event_name":"The Cleric","floor":8,"gold_loss":0}],"is_beta":false,"boss_relics":[{"not_picked":["SacredBark","energizedSpire:NeverEndingSparkler"],"picked":"Ring of Chaos"}],"items_purged_floors":[7],"is_endless":false,"potions_floor_spawned":[11,13,14,16,18],"killed_by":"ruina:BadWolf","ascension_level":0}}