{"host":"prxrhpgaxnj4om9r","time":1614127790,"event":{"mods":["AchievementEnabler","BaseMod","Colored Map","DeckTracker","Minty Spire (QoL Compilation)"],"gold_per_floor":[110,110,62,237,237,237,270,270,350,300,325,36,61,61,61,61,61],"floor_reached":16,"language":"KOR","playtime":328,"items_purged":[],"score":211,"play_id":"dcfab296-e248-4a43-853a-d9dcd503977a","local_time":"20210224094950","is_ascension_mode":true,"campfire_choices":[{"data":"Poisoned Stab","floor":6,"key":"SMITH"},{"data":"Glass Knife","floor":8,"key":"SMITH"},{"floor":15,"key":"REST"}],"circlet_count":0,"master_deck":["Strike_G","Strike_G","Strike_G","Strike_G","Strike_G","Defend_G","Defend_G","Defend_G","Defend_G","Survivor","Neutralize","Cloak And Dagger","Infinite Blades","Poisoned Stab+1","Glass Knife+1","Backstab","Heel Hook"],"relics":["Ring of the Snake","NeowsBlessing","Darkstone Periapt","Gremlin Horn","Potion Belt","Incense Burner","Mummified Hand","Golden Idol"],"acts_visited":["Exordium"],"potions_floor_usage":[13,13],"damage_taken":[{"damage":0,"enemies":"Jaw Worm","floor":1,"turns":1},{"damage":0,"enemies":"Gremlin Nob","floor":7,"turns":1},{"damage":0,"enemies":"3 Sentries","floor":11,"turns":1},{"damage":9,"enemies":"Lagavulin","floor":13,"turns":5},{"damage":68,"enemies":"Slime Boss","floor":16,"turns":10}],"seed_played":"4174858487168279472","potions_obtained":[{"floor":7,"key":"Weak Potion"},{"floor":11,"key":"SkillPotion"}],"is_trial":false,"path_per_floor":["M","?","$","?","?","R","E","R","T","?","E","$","E","?","R","B"],"character_chosen":"THE_SILENT","items_purchased":["Poisoned Stab","Incense Burner"],"campfire_rested":1,"item_purchase_floors":[3,12],"current_hp_per_floor":[63,63,63,63,68,68,68,68,68,68,68,68,59,41,63,0,0],"gold":61,"neow_bonus":"THREE_ENEMY_KILL","is_daily":false,"chose_seed":false,"campfire_upgraded":2,"win_rate":0.0,"timestamp":1614127790,"path_taken":["M","?","$","?","?","R","E","R","T","?","E","$","E","?","R","BOSS"],"items_purchased_type":["Card","Relic"],"build_version":"2020-12-22","purchased_purges":0,"victory":false,"max_hp_per_floor":[70,70,70,70,75,75,75,75,75,75,75,75,75,75,75,75,75],"card_choices":[{"not_picked":["Slice","Underhanded Strike"],"picked":"Cloak And Dagger","floor":1},{"not_picked":["Distraction","Tactician"],"picked":"Glass Knife","floor":7},{"not_picked":["Cloak And Dagger","Acrobatics"],"picked":"Backstab","floor":11},{"not_picked":["Endless Agony","PiercingWail"],"picked":"Heel Hook","floor":13}],"player_experience":616650,"relics_obtained":[{"floor":7,"key":"Darkstone Periapt"},{"floor":9,"key":"Gremlin Horn"},{"floor":11,"key":"Potion Belt"},{"floor":13,"key":"Mummified Hand"}],"event_choices":[{"damage_healed":0,"gold_gain":0,"cards_transformed":["Defend_G"],"player_choice":"Change","damage_taken":0,"max_hp_gain":0,"max_hp_loss":0,"event_name":"Living Wall","floor":2,"gold_loss":0,"cards_obtained":["Infinite Blades"]},{"damage_healed":0,"gold_gain":175,"player_choice":"AGREE","damage_taken":0,"max_hp_gain":0,"max_hp_loss":0,"event_name":"Liars Game","floor":4,"gold_loss":0,"cards_obtained":["Doubt"]},{"damage_healed":0,"gold_gain":0,"player_choice":"Donut","damage_taken":0,"max_hp_gain":5,"max_hp_loss":0,"event_name":"Big Fish","floor":5,"gold_loss":0},{"cards_removed":["Doubt"],"damage_healed":0,"gold_gain":0,"player_choice":"Card Removal","damage_taken":0,"max_hp_gain":0,"max_hp_loss":0,"event_name":"The Cleric","floor":10,"gold_loss":50},{"damage_healed":0,"gold_gain":0,"player_choice":"Take Damage","damage_taken":18,"relics_obtained":["Golden Idol"],"max_hp_gain":0,"max_hp_loss":0,"event_name":"Golden Idol","floor":14,"gold_loss":0}],"is_beta":false,"boss_relics":[],"items_purged_floors":[],"is_endless":false,"potions_floor_spawned":[7,11],"killed_by":"Slime Boss","ascension_level":6}}