{"host":"zlolxa879v8f5dwy","time":1614196750,"event":{"mods":["AchievementEnabler","BaseMod","Downfall","Friendly Minions","Hermit","Hubris","Jorbs\u0027s Wanderer Trilogy","Kiyohime????","Koishi","Marisa????????","Minty Spire (QoL Compilation)","Remilia??????","StSLib","The Animator","The Cursed","The Disciple","The Hierophant","The Servant 0.9.4"],"gold_per_floor":[114,114,214,226,244,276,295,314,338,349,382,382,382,395,395,514,514,533,554,570,570,570,570,586,284,284,307,307,307,331,370,370,370,370],"floor_reached":33,"language":"ENG","playtime":1836,"items_purged":["Strike_B"],"score":306,"play_id":"1767ac17-139b-43cc-b21a-60bc56f8799d","local_time":"20210224205910","is_ascension_mode":false,"campfire_choices":[{"floor":12.0,"key":"REST"},{"floor":15.0,"key":"REST"},{"floor":23,"key":"RECALL"},{"floor":28,"key":"REST"},{"floor":32,"key":"REST"}],"circlet_count":0,"master_deck":["Strike_B","Strike_B","Strike_B","Defend_B","Defend_B","Defend_B","Defend_B","Zap","Dualcast","Dramatic Entrance","Storm","Loop","Consume","Conserve Battery","Ball Lightning","Sweeping Beam","Redo","Tempest","Injury","Auto Shields","Creative AI","Lockon","hubris:Ukulele","Compile Driver+1","Ball Lightning","Chill","Barrage","Sweeping Beam+1"],"relics":["Cracked Core","Oddly Smooth Stone","Blood Vial","Anchor","Golden Idol","Nuclear Battery","Nilry\u0027s Codex","Bag of Preparation","Sundial","MutagenicStrength","hubris:MedicalManual"],"acts_visited":["Exordium","TheCity"],"potions_floor_usage":[24,31],"damage_taken":[{"damage":1.0,"enemies":"Cultist","floor":1.0,"turns":3.0},{"damage":0.0,"enemies":"Small Slimes","floor":4.0,"turns":2.0},{"damage":0.0,"enemies":"2 Louse","floor":5.0,"turns":2.0},{"damage":27.0,"enemies":"Gremlin Nob","floor":6.0,"turns":4.0},{"damage":13.0,"enemies":"Blue Slaver","floor":7.0,"turns":3.0},{"damage":0.0,"enemies":"Large Slime","floor":8.0,"turns":5.0},{"damage":10.0,"enemies":"3 Louse","floor":10.0,"turns":2.0},{"damage":12.0,"enemies":"Lagavulin","floor":11.0,"turns":5.0},{"damage":0.0,"enemies":"2 Fungi Beasts","floor":14.0,"turns":3.0},{"damage":40.0,"enemies":"Slime Boss","floor":16.0,"turns":8.0},{"damage":4.0,"enemies":"Spheric Guardian","floor":18.0,"turns":3.0},{"damage":0.0,"enemies":"Chosen","floor":19.0,"turns":6.0},{"damage":39.0,"enemies":"Shelled Parasite and Fungi","floor":20.0,"turns":5.0},{"damage":4,"enemies":"Centurion and Healer","floor":24,"turns":3},{"damage":5,"enemies":"Chosen and Byrds","floor":27,"turns":4},{"damage":8,"enemies":"Snecko","floor":30,"turns":5},{"damage":0,"enemies":"Slavers","floor":31,"turns":1},{"damage":78,"enemies":"Champ","floor":33,"turns":9}],"seed_played":"3870111211254045878","potions_obtained":[{"floor":6.0,"key":"sneckomod:MuddlingPotion"},{"floor":7.0,"key":"ColorlessPotion"},{"floor":10.0,"key":"LiquidMemories"},{"floor":14.0,"key":"CultistPotion"},{"floor":19.0,"key":"Fruit Juice"},{"floor":20.0,"key":"PowerPotion"},{"floor":27,"key":"PowerPotion"}],"is_trial":false,"path_per_floor":["M","T","?","M","M","E","M","M","T","M","E","R","?","M","R","B",null,"M","M","M","?","?","R","M","$","T","M","R","?","M","E","R","B"],"character_chosen":"DEFECT","items_purchased":["Bag of Preparation","Chill"],"campfire_rested":4,"item_purchase_floors":[25,25],"current_hp_per_floor":[74,74,74,74,74,47,34,34,34,26,16,38,38,40,62,24,75,71,78,41,41,25,25,23,23,23,20,44,44,38,40,64,0,0],"gold":370,"neow_bonus":"RANDOM_COLORLESS","is_daily":false,"chose_seed":false,"campfire_upgraded":0,"win_rate":0.0,"timestamp":1614196750,"path_taken":["M","?","?","M","M","E","M","M","T","?","E","R","?","M","R","BOSS","M","M","M","?","?","R","M","$","T","M","R","?","M","E","R","BOSS"],"items_purchased_type":["Relic","Card"],"build_version":"2020-12-22","purchased_purges":1,"victory":false,"max_hp_per_floor":[75,75,75,75,75,75,75,75,75,75,75,75,75,75,75,75,75,75,80,80,80,80,80,80,80,80,80,80,80,80,80,80,80,80],"card_choices":[{"not_picked":["Purity","Discovery"],"picked":"Dramatic Entrance","floor":0.0},{"not_picked":["Reprogram","Leap"],"picked":"Storm","floor":1.0},{"not_picked":["Reinforced Body","Stack"],"picked":"Loop","floor":4.0},{"not_picked":["Stack","FTL"],"picked":"Consume","floor":5.0},{"not_picked":["Hologram","Fusion"],"picked":"Conserve Battery","floor":6.0},{"not_picked":["Steam","Barrage"],"picked":"Ball Lightning","floor":7.0},{"not_picked":["Aggregate","Steam"],"picked":"Sweeping Beam","floor":8.0},{"not_picked":["Steam","Conserve Battery"],"picked":"Redo","floor":10.0},{"not_picked":["Chaos","Barrage"],"picked":"Tempest","floor":11.0},{"not_picked":["Leap","Seek"],"picked":"Auto Shields","floor":14.0},{"not_picked":["hubris:SpecializedCircuitry","All For One"],"picked":"Creative AI","floor":16.0},{"not_picked":["Go for the Eyes","Redo"],"picked":"Lockon","floor":18.0},{"not_picked":["Chaos","Leap"],"picked":"hubris:Ukulele","floor":19.0},{"not_picked":["Go for the Eyes","Loop+1"],"picked":"Compile Driver+1","floor":20.0},{"not_picked":["Go for the Eyes","Consume"],"picked":"Ball Lightning","floor":24},{"not_picked":["Compile Driver","Cold Snap"],"picked":"Barrage","floor":27},{"not_picked":["Creative AI","Stack"],"picked":"Sweeping Beam+1","floor":30},{"not_picked":["Steam Power","Go for the Eyes","Storm+1"],"picked":"SKIP","floor":31}],"player_experience":189861,"relics_obtained":[{"floor":6.0,"key":"Oddly Smooth Stone"},{"floor":9.0,"key":"Blood Vial"},{"floor":11.0,"key":"Anchor"},{"floor":22.0,"key":"Nilry\u0027s Codex"},{"floor":26,"key":"Sundial"},{"floor":31,"key":"hubris:MedicalManual"}],"event_choices":[{"damage_healed":0.0,"max_hp_gain":0.0,"max_hp_loss":0.0,"gold_gain":100.0,"event_name":"Golden Shrine","player_choice":"Pray","floor":3.0,"gold_loss":0.0,"damage_taken":0.0},{"damage_healed":0.0,"max_hp_gain":0.0,"max_hp_loss":0.0,"gold_gain":0.0,"event_name":"Golden Idol","player_choice":"Take Wound","floor":13.0,"gold_loss":0.0,"damage_taken":0.0,"relics_obtained":["Golden Idol"],"cards_obtained":["Injury"]},{"damage_healed":0.0,"max_hp_gain":0.0,"max_hp_loss":0.0,"gold_gain":0.0,"event_name":"Ghosts","player_choice":"Ignored","floor":21.0,"gold_loss":0.0,"damage_taken":0.0},{"damage_healed":0.0,"max_hp_gain":0.0,"max_hp_loss":0.0,"gold_gain":0.0,"event_name":"Cursed Tome","player_choice":"Obtained Book","floor":22.0,"gold_loss":0.0,"damage_taken":16.0},{"damage_healed":0,"gold_gain":0,"player_choice":"Inject Mutagens","damage_taken":0,"relics_obtained":["MutagenicStrength"],"max_hp_gain":0,"max_hp_loss":0,"event_name":"Drug Dealer","floor":29,"gold_loss":0}],"is_beta":false,"boss_relics":[{"not_picked":["Astrolabe","FrozenCore"],"picked":"Nuclear Battery"}],"items_purged_floors":[25],"is_endless":false,"potions_floor_spawned":[6,7,10,14,19,20,27],"killed_by":"Champ","ascension_level":0}}