{"host":"ydg0vn0pu4pubmdt","time":1614165841,"event":{"mods":["AchievementEnabler","BaseMod","Colored Map","Minty Spire (QoL Compilation)","Quick Restart","SuperFastMode"],"gold_per_floor":[110,110,110,123,123,151,151,162,162,112,140,154,179,189,189,268,268,282,282,300,310,381,381,381],"floor_reached":23,"language":"KOR","playtime":525,"items_purged":["Strike_R"],"score":497,"play_id":"79d6540f-3920-4461-8287-25729f9275e6","local_time":"20210224202401","is_ascension_mode":true,"campfire_choices":[{"data":"Dark Embrace","floor":7,"key":"SMITH"},{"data":"Strike_R","floor":15,"key":"PURGE"}],"circlet_count":0,"master_deck":["AscendersBane","Strike_R","Strike_R","Defend_R","Defend_R","Defend_R","Defend_R","Bash","Dark Embrace+1","Whirlwind","Immolate+1","Battle Trance","Dropkick+1","Seeing Red","Feed+1"],"relics":["Burning Blood","NeowsBlessing","Singing Bowl","Molten Egg 2","Strawberry","Smiling Mask","Pantograph","Peace Pipe","Runic Cube","Shuriken"],"acts_visited":["Exordium","TheCity"],"potions_floor_usage":[20,21,23],"damage_taken":[{"damage":0,"enemies":"Small Slimes","floor":1,"turns":1},{"damage":0,"enemies":"2 Louse","floor":4,"turns":1},{"damage":0,"enemies":"Gremlin Nob","floor":6,"turns":1},{"damage":7,"enemies":"Jaw Worm","floor":8,"turns":2},{"damage":10,"enemies":"3 Sentries","floor":11,"turns":2},{"damage":7,"enemies":"Exordium Thugs","floor":12,"turns":3},{"damage":15,"enemies":"Lagavulin","floor":13,"turns":5},{"damage":6,"enemies":"Blue Slaver","floor":14,"turns":3},{"damage":35,"enemies":"Slime Boss","floor":16,"turns":6},{"damage":20,"enemies":"Chosen","floor":18,"turns":4},{"damage":37,"enemies":"Spheric Guardian","floor":20,"turns":5},{"damage":25,"enemies":"Snake Plant","floor":21,"turns":4},{"damage":48,"enemies":"Book of Stabbing","floor":23,"turns":4}],"seed_played":"-2282246307477779035","potions_obtained":[{"floor":11,"key":"FearPotion"},{"floor":13,"key":"Swift Potion"},{"floor":14,"key":"BloodPotion"},{"floor":20,"key":"SkillPotion"}],"is_trial":false,"path_per_floor":["M","?","?","M","T","E","R","M","T","$","E","M","E","M","R","B",null,"M","?","M","M","T","E"],"character_chosen":"IRONCLAD","items_purchased":[],"campfire_rested":0,"item_purchase_floors":[],"current_hp_per_floor":[74,63,63,69,69,82,82,81,81,81,77,78,71,71,71,57,79,71,71,60,47,47,0,0],"gold":381,"neow_bonus":"THREE_ENEMY_KILL","is_daily":false,"chose_seed":false,"campfire_upgraded":1,"win_rate":0.0,"timestamp":1614165841,"path_taken":["M","?","?","M","?","E","R","?","T","$","E","M","E","M","R","BOSS","M","?","M","M","?","E"],"items_purchased_type":[],"build_version":"2020-12-22","purchased_purges":1,"victory":false,"max_hp_per_floor":[75,75,75,75,75,82,82,82,82,82,82,84,86,86,86,86,86,92,92,94,100,100,100,100],"card_choices":[{"not_picked":["Headbutt","Warcry"],"picked":"Dark Embrace","floor":1},{"not_picked":["Inflame","Cleave"],"picked":"Whirlwind","floor":4},{"not_picked":["Havoc","Metallicize"],"picked":"Immolate+1","floor":6},{"not_picked":["Perfected Strike+1","Havoc"],"picked":"Battle Trance","floor":8},{"not_picked":["Headbutt+1","Intimidate"],"picked":"Dropkick+1","floor":11},{"not_picked":["Rage","Headbutt+1","Combust"],"picked":"Singing Bowl","floor":12},{"not_picked":["Ghostly Armor","Spot Weakness","Wild Strike+1"],"picked":"Singing Bowl","floor":13},{"not_picked":["Thunderclap+1","Burning Pact"],"picked":"Seeing Red","floor":14},{"not_picked":["Juggernaut","Exhume"],"picked":"Feed+1","floor":16},{"not_picked":["Shrug It Off","Thunderclap+1","Warcry"],"picked":"Singing Bowl","floor":18},{"not_picked":["Body Slam+1","Uppercut+1","Wild Strike+1"],"picked":"Singing Bowl","floor":20},{"not_picked":["Anger+1","Dual Wield+1","Carnage+1"],"picked":"Singing Bowl","floor":21}],"player_experience":631651,"relics_obtained":[{"floor":5,"key":"Molten Egg 2"},{"floor":6,"key":"Strawberry"},{"floor":9,"key":"Smiling Mask"},{"floor":11,"key":"Pantograph"},{"floor":13,"key":"Peace Pipe"},{"floor":22,"key":"Shuriken"}],"event_choices":[{"damage_healed":0,"gold_gain":0,"player_choice":"Success","damage_taken":11,"relics_obtained":["Singing Bowl"],"max_hp_gain":0,"max_hp_loss":0,"event_name":"Scrap Ooze","floor":2,"gold_loss":0},{"cards_removed":["Strike_R"],"damage_healed":0,"gold_gain":0,"player_choice":"Forget","damage_taken":0,"max_hp_gain":0,"max_hp_loss":0,"event_name":"Living Wall","floor":3,"gold_loss":0},{"damage_healed":0,"gold_gain":0,"player_choice":"Ignored","damage_taken":0,"max_hp_gain":0,"max_hp_loss":0,"event_name":"Ghosts","floor":19,"gold_loss":0}],"is_beta":false,"boss_relics":[{"not_picked":["Snecko Eye","Philosopher\u0027s Stone"],"picked":"Runic Cube"}],"items_purged_floors":[10],"is_endless":false,"potions_floor_spawned":[11,13,14,20],"killed_by":"Book of Stabbing","ascension_level":20}}