{"host":"zksvs3x2ysy9npnz","time":1614203719,"event":{"mods":["Aspiration","BaseMod","Beaked The Cultist","BetterRewards","Clockwork Mod","Colored Map","Conspire","Downfall","Halation","Highlight Path","Hubris","Infinite Spire","Jedi Mod","Magitek Elite","Minty Spire (QoL Compilation)","Permanent Neow","Quick Restart","Relic Stats","Shop Mod","StSLib","The Runesmith","The Witch"],"gold_per_floor":[118,118,118,134,152,152,171,194,194,194,237,237,237,259,259,259,259,259],"floor_reached":16,"language":"FRA","playtime":1065,"items_purged":[],"score":122,"play_id":"a09f22a0-3898-4d5a-9721-adfa71d1858f","local_time":"20210224225519","is_ascension_mode":true,"campfire_choices":[{"data":"hexamod:SoulSteal","floor":6,"key":"SMITH"},{"data":"hexamod:SpectralAdrenaline","floor":10,"key":"SMITH"},{"data":"hexamod:HexaLevel","floor":15,"key":"SMITH"}],"circlet_count":0,"master_deck":["hexamod:Strike","hexamod:Strike","hexamod:Strike","hexamod:Strike","hexamod:Defend","hexamod:Defend","hexamod:Defend","hexamod:Defend","hexamod:Sear","hexamod:Float","hexamod:ThirdSeal","hexamod:Hexaguard","infinitespire:Starlight","hexamod:SecondSeal","hexamod:GhostShield","hexamod:SoulSteal+1","hexamod:SpectralAdrenaline+1","hexamod:PowerFromBeyond","hexamod:NightmareGuise","hexamod:Hexaguard","hexamod:HexaLevel+1","hexamod:PowerFromBeyond"],"relics":["hexamod:SpiritBrand","halation:StarCompass","infinitespire:ShieldingShard","Strawberry"],"acts_visited":["Exordium"],"potions_floor_usage":[11,11,16],"damage_taken":[{"damage":3,"enemies":"Small Slimes","floor":1,"turns":4},{"damage":3,"enemies":"2 Louse","floor":4,"turns":4},{"damage":1,"enemies":"Cultist","floor":5,"turns":5},{"damage":0,"enemies":"Red Slaver","floor":7,"turns":5},{"damage":16,"enemies":"Exordium Thugs","floor":8,"turns":6},{"damage":3,"enemies":"3 Sentries","floor":11,"turns":9},{"damage":0,"enemies":"Exordium Wildlife","floor":14,"turns":5},{"damage":89,"enemies":"Hexaghost","floor":16,"turns":16}],"seed_played":"7606429968299334785","potions_obtained":[{"floor":1,"key":"EntropicBrew"},{"floor":7,"key":"Ancient Potion"}],"is_trial":false,"path_per_floor":["M","?","?","M","M","R","M","M","T","R","E","?","?","M","R","B"],"character_chosen":"THE_SPIRIT","items_purchased":[],"campfire_rested":0,"item_purchase_floors":[],"current_hp_per_floor":[67,67,51,58,67,67,70,64,64,64,74,74,74,74,74,0,0,0],"gold":259,"neow_bonus":"THREE_CARDS","is_daily":false,"chose_seed":false,"campfire_upgraded":3,"win_rate":0.0,"timestamp":1614203719,"path_taken":["M","?","?","M","M","R","M","M","T","R","E","?","?","?","R","BOSS"],"items_purchased_type":[],"build_version":"2020-12-22","purchased_purges":0,"victory":false,"max_hp_per_floor":[70,70,70,70,70,70,70,70,70,70,77,77,77,77,77,77,77,77],"relic_stats":{"counters":[8,54],"obtain_stats":[{"infinitespire:ShieldingShard":9,"Strawberry":11,"halation:StarCompass":2,"hexamod:SpiritBrand":0},{"infinitespire:ShieldingShard":5,"Strawberry":6,"halation:StarCompass":1,"hexamod:SpiritBrand":0},{"infinitespire:ShieldingShard":24,"Strawberry":33,"halation:StarCompass":4,"hexamod:SpiritBrand":0}]},"card_choices":[{"not_picked":["hexamod:FirstSeal","hexamod:GhostLash"],"picked":"hexamod:ThirdSeal","floor":0},{"not_picked":["hexamod:HeatCrush","hexamod:ThermalTransfer"],"picked":"hexamod:Hexaguard","floor":1},{"not_picked":["hexamod:NightmareStrike","hexamod:RadiantFlame","hexamod:BurningTouch"],"picked":"SKIP","floor":1},{"not_picked":["infinitespire:FutureSight","infinitespire:SevenWalls"],"picked":"infinitespire:Starlight","floor":3},{"not_picked":["hexamod:NightmareStrike","hexamod:SuperheatedStrike"],"picked":"hexamod:SecondSeal","floor":4},{"not_picked":["hexamod:HauntingEcho","hexamod:GhostOfSpireFuture"],"picked":"hexamod:GhostShield","floor":4},{"not_picked":["hexamod:PhantomCloak","hexamod:NightmareStrike"],"picked":"hexamod:SoulSteal","floor":5},{"not_picked":["hexamod:SecondSeal","hexamod:PhantomFireball","hexamod:Firestarter"],"picked":"SKIP","floor":5},{"not_picked":["hexamod:FastForward","hexamod:GhostOfSpireFuture"],"picked":"hexamod:SpectralAdrenaline","floor":7},{"not_picked":["hexamod:SuperheatedStrike","hexamod:HeatCrush","hexamod:SpectralAdrenaline"],"picked":"SKIP","floor":7},{"not_picked":["hexamod:BacktrackSmack","hexamod:TurnItUp"],"picked":"hexamod:PowerFromBeyond","floor":8},{"not_picked":["hexamod:Firestarter","hexamod:Incineration"],"picked":"hexamod:NightmareGuise","floor":8},{"not_picked":["hexamod:HeatCrush","hexamod:GhostLash"],"picked":"hexamod:Hexaguard","floor":11},{"not_picked":["hexamod:SuperheatedStrike","hexamod:FirstSeal"],"picked":"hexamod:HexaLevel","floor":11},{"not_picked":["hexamod:SwordOfDarkness","hexamod:Firestarter"],"picked":"hexamod:PowerFromBeyond","floor":14},{"not_picked":["hexamod:NightmareStrike","hexamod:GhostOfSpireFuture","hexamod:HeatMetal"],"picked":"SKIP","floor":14}],"player_experience":1943514,"relics_obtained":[{"floor":9,"key":"infinitespire:ShieldingShard"},{"floor":11,"key":"Strawberry"}],"event_choices":[{"damage_healed":0,"gold_gain":0,"player_choice":"Leave","damage_taken":0,"max_hp_gain":0,"max_hp_loss":0,"event_name":"conspire:Investor","floor":13,"gold_loss":0}],"is_beta":false,"boss_relics":[],"items_purged_floors":[],"is_endless":false,"potions_floor_spawned":[1,7],"killed_by":"Hexaghost","ascension_level":4}}