{"host":"nn0usk9aafse27ii","time":1614210665,"event":{"mods":["BaseMod","Colored Map","Downfall","Highlight Path","Minty Spire (QoL Compilation)","Shop Mod","StSLib"],"gold_per_floor":[99,117,132,132,151,178,214,226,248,335,364,399,1,1,29,133,133,33,55,71,100,109,103,153,172,166,66,107,107,107,107],"floor_reached":29,"language":"ENG","playtime":2691,"items_purged":[],"score":270,"play_id":"cf9ec645-6a3f-43a1-869e-1f224784e5ac","local_time":"20210224155105","is_ascension_mode":false,"campfire_choices":[{"data":"Slimebound:CorrosiveSpit","floor":1.0,"key":"SMITH"},{"floor":18.0,"key":"RECALL"},{"data":"Apotheosis","floor":27,"key":"SMITH"}],"circlet_count":0,"master_deck":["Slimebound:Strike_Slimebound","Slimebound:Strike_Slimebound","Slimebound:Tackle","Slimebound:Defend_Slimebound","Slimebound:Defend_Slimebound","Slimebound:Defend_Slimebound","Slimebound:Defend_Slimebound","Slimebound:Split","Slimebound:CorrosiveSpit+1","Slimebound:Repurpose","Slimebound:Recollect","Slimebound:SplitAcid","Slimebound:MassFeed","Slimebound:SpikyOuterGoop","Slimebound:HauntingLick","Slimebound:SplitBruiser","Apotheosis+1","Slimebound:SamplingLick","Slimebound:OozeBath","Slimebound:Prepare","Slimebound:Gluttony+1","Pain","Slimebound:HauntingLick","Slimebound:GoopSpray+1","Slimebound:RallyTheTroops","Slimebound:Gluttony+1"],"relics":["Slimebound:AbsorbEndCombat","Potion Belt","Boot","MawBank","CeramicFish","Frozen Egg 2","Black Star","downfall:HeartBlessingGreen","Blue Candle","Tiny Chest","downfall:HeartBlessingBlue","Oddly Smooth Stone","Orichalcum"],"acts_visited":["Exordium","TheCity"],"potions_floor_usage":[21,25,28],"damage_taken":[{"damage":3.0,"enemies":"Jaw Worm","floor":2.0,"turns":4.0},{"damage":0.0,"enemies":"2 Louse","floor":3.0,"turns":2.0},{"damage":2.0,"enemies":"Small Slimes","floor":5.0,"turns":4.0},{"damage":14.0,"enemies":"Gremlin Nob","floor":6.0,"turns":3.0},{"damage":7.0,"enemies":"2 Fungi Beasts","floor":9.0,"turns":4.0},{"damage":20.0,"enemies":"Exordium Thugs","floor":11.0,"turns":6.0},{"damage":5.0,"enemies":"downfall:FleeingMerchant","floor":13.0,"turns":4.0},{"damage":10.0,"enemies":"Exordium Wildlife","floor":15.0,"turns":2.0},{"damage":25.0,"enemies":"DF_ARCHETYPE_STREAMLINE","floor":16.0,"turns":11.0},{"damage":4,"enemies":"Shell Parasite","floor":19,"turns":4},{"damage":10,"enemies":"Cultist and Chosen","floor":20,"turns":4},{"damage":9,"enemies":"Shelled Parasite and Fungi","floor":21,"turns":5},{"damage":11,"enemies":"downfall:FleeingMerchant","floor":23,"turns":4},{"damage":9,"enemies":"Centurion and Healer","floor":25,"turns":7},{"damage":7,"enemies":"downfall:FleeingMerchant","floor":26,"turns":4},{"damage":65,"enemies":"Gremlin Leader","floor":28,"turns":7},{"damage":25,"enemies":"Sentry and Sphere","floor":29,"turns":5}],"seed_played":"-425745911365815527","potions_obtained":[{"floor":2.0,"key":"Strength Potion"},{"floor":3.0,"key":"hexamod:SoulburnPotion"},{"floor":11.0,"key":"Fruit Juice"},{"floor":16.0,"key":"Swift Potion"},{"floor":19,"key":"sneckomod:MuddlingPotion"},{"floor":25,"key":"sneckomod:MuddlingPotion"}],"is_trial":false,"path_per_floor":["R","M","M","?","M","E","T","?","M","?","M","T","$","?","M","B",null,"R","M","M","M","?","$","T","M","$","R","E","M"],"character_chosen":"SLIMEBOUND","items_purchased":["Apotheosis","Frozen Egg 2"],"campfire_rested":0,"item_purchase_floors":[13,13],"current_hp_per_floor":[65,64,65,65,65,53,53,53,50,50,39,39,42,42,40,23,76,76,75,69,68,68,61,61,60,59,69,12,0,0,0],"gold":107,"neow_bonus":"RANDOM_COMMON_RELIC","is_daily":false,"chose_seed":false,"campfire_upgraded":2,"win_rate":0.0,"timestamp":1614210665,"path_taken":["R","M","M","?","M","E","T","?","M","?","M","?","$","?","M","BOSS","R","M","M","M","?","$","T","M","?","R","E","M"],"items_purchased_type":["Card","Relic"],"build_version":"2020-12-22","purchased_purges":0,"victory":false,"max_hp_per_floor":[65,65,65,65,65,65,65,65,65,65,70,70,70,70,76,76,76,76,76,76,80,80,80,80,80,80,90,90,90,90,90],"card_choices":[{"not_picked":["Slimebound:SplitMire","Slimebound:FlameTackle"],"picked":"Slimebound:Repurpose","floor":2.0},{"not_picked":["Slimebound:ItLooksTasty","Slimebound:SplitAcid"],"picked":"Slimebound:Recollect","floor":3.0},{"not_picked":["Slimebound:LeechEnergy","Slimebound:Chomp"],"picked":"Slimebound:SplitAcid","floor":5.0},{"not_picked":["Slimebound:SplitAcid","Slimebound:MassRepurpose"],"picked":"Slimebound:MassFeed","floor":6.0},{"not_picked":["Slimebound:SplitMire","Slimebound:LeechingTouch"],"picked":"Slimebound:SpikyOuterGoop","floor":9.0},{"not_picked":["Slimebound:SplitLeeching","Slimebound:DisruptingSlam"],"picked":"Slimebound:HauntingLick","floor":11.0},{"not_picked":["Slimebound:DisruptingSlam","Slimebound:DivideAndConquer"],"picked":"Slimebound:SplitBruiser","floor":13.0},{"not_picked":["Slimebound:FinishingTackle","Slimebound:SplitBruiser"],"picked":"Slimebound:SamplingLick","floor":15.0},{"not_picked":["Slimebound:LeechLife","Slimebound:Overexert+1"],"picked":"Slimebound:OozeBath","floor":16.0},{"not_picked":["Slimebound:SlimeBarrage+1","Slimebound:ProtectTheBoss+1"],"picked":"Slimebound:Prepare","floor":19},{"not_picked":["Slimebound:BestDefense+1","Slimebound:ServeAndProtect","Slimebound:TongueLash"],"picked":"SKIP","floor":20},{"not_picked":["Slimebound:SplitBruiser+1","Slimebound:SlimeTap"],"picked":"Slimebound:Gluttony+1","floor":21},{"not_picked":["Slimebound:ProtectTheBoss+1","Slimebound:LivingWall"],"picked":"Slimebound:HauntingLick","floor":23},{"not_picked":["Slimebound:SplitAcid","Slimebound:LivingWall"],"picked":"Slimebound:GoopSpray+1","floor":25},{"not_picked":["Slimebound:GoopTackle","Slimebound:ServeAndProtect+1"],"picked":"Slimebound:RallyTheTroops","floor":26},{"not_picked":["Slimebound:ComboTackle+1","Slimebound:SplitLeeching"],"picked":"Slimebound:Gluttony+1","floor":28}],"player_experience":809155,"relics_obtained":[{"floor":6.0,"key":"MawBank"},{"floor":12.0,"key":"CeramicFish"},{"floor":24,"key":"Tiny Chest"},{"floor":28,"key":"Oddly Smooth Stone"},{"floor":28,"key":"Orichalcum"}],"event_choices":[{"cards_removed":["Slimebound:Strike_Slimebound"],"damage_healed":0.0,"max_hp_gain":0.0,"max_hp_loss":0.0,"gold_gain":0.0,"event_name":"The Cleric","player_choice":"Card Removal","floor":8.0,"gold_loss":0.0,"damage_taken":0.0}],"is_beta":false,"boss_relics":[{"not_picked":["Pandora\u0027s Box","Fusion Hammer"],"picked":"Black Star"}],"items_purged_floors":[],"is_endless":false,"potions_floor_spawned":[2,3,11,16,19,25],"killed_by":"Sentry and Sphere","ascension_level":0}}