{"host":"hqxy2g3i5ker09hc","time":1614124956,"event":{"mods":["2.2 Compatiblity","AlwaysNeverKeys","Aspiration","BaseMod","Beaked The Cultist","Better Match","Better Note","Better Sensory Stone","Better Silent Start","Better Third Choice","Better-Laid Plans","Conspire","Downfall","GifTheSpireLib","Gold Saver","Hubris","Ironclad Rager","Kalas","Marked Mod","Melee Mod","Minty Spire (QoL Compilation)","MostiFishMod","Nova Terra(??·??)","Permanent Neow","Pikachu Mod","Quarter Circle Forward PUNCH!","Quick Restart","Railgun Mod","Replay The Spire","SIMod","SOS???????","Shop Mod","Small Relic Pack","Spikes Relics","StSLib","Stuff the Spire","The Animator","The Bug Knight","The Forsaken","The Wild Card"],"gold_per_floor":[113,113,65,75,155,155,172,172,172,185,185,198,198,209,209,309,309,324,25,25,25,25,25,40,40,40,40,40,51,106,126,126,226,226,238,287,48,59,59,59,95,95,119,119,119,150,150,150,175,195,195,195,195,195,59,89,95],"floor_reached":58,"language":"ENG","playtime":4040,"items_purged":["Pikachu:Flash","TheRailgun:Rewiring"],"score":1456,"play_id":"d300e631-c350-40ec-81c1-07195b2f0a6a","local_time":"20210224010236","is_ascension_mode":false,"campfire_choices":[{"data":"TheRailgun:Positive_Field","floor":6.0,"key":"SMITH"},{"data":"TheRailgun:Thunder","floor":8.0,"key":"SMITH"},{"data":"TheRailgun:Heroinism","floor":11.0,"key":"SMITH"},{"data":"TheRailgun:Biribiri","floor":15.0,"key":"SMITH"},{"data":"TheRailgun:Judgement_Officer","floor":27.0,"key":"SMITH"},{"data":"TheRailgun:Level_6","floor":40,"key":"SMITH"},{"data":"BlessedFruit","floor":42,"key":"SMITH"},{"data":"BlessedFruit","floor":48,"key":"SMITH"},{"floor":51,"key":"DIG"},{"data":"hubris:DuctTapeCard","floor":54,"key":"SMITH"}],"circlet_count":0,"master_deck":["Pikachu:Growl","Pikachu:ElectroBall","Pikachu:QuickAttack+1","Pikachu:ThunderShock","Pikachu:Defend_Yellow","Pikachu:Defend_Yellow","Pikachu:Attract","TheRailgun:Positive_Field+1","TheRailgun:Taser","TheRailgun:Thunder+1","TheRailgun:Heroinism+1","TheRailgun:Judgement_Officer+1","TheRailgun:Biribiri+1","TheRailgun:Magnetic_Movement","TheRailgun:Heroinism","TheRailgun:Electrical_Fire+1","TheRailgun:Lightning_Speed+1","TheRailgun:Magnetic_Flight","TheRailgun:Level_6+1","BlessedFruit+1","BlessedFruit+1","TheRailgun:Sister_Noise+1","hubris:DuctTapeCard+2","TheRailgun:Mental_Out+1","TheRailgun:Token_Collection+1","TheRailgun:Iron_Dust_Field"],"relics":["DaveBox","RhineCircuit","SynthV:TestCard","ChiXiaoBlade","StuffTheSpire:ForceGauntlet","qcfpunch:Dark_Gi","aspiration:ArtOfWarUpgrade","StuffTheSpire:Experiment12","StuffTheSpire:RubySignet","PreservedInsect","FeatherPendant","HeavenlyBonsai","aspiration:FetidBarrel","hubris:DuctTape","Anchor","Pen Nib","Akabeko","StuffTheSpire:CocoNut","qcfpunch:Red_Headband"],"acts_visited":["Exordium","TheCity","TheBeyond","TheEnding"],"potions_floor_usage":[57],"damage_taken":[{"damage":0.0,"enemies":"2 Louse","floor":1.0,"turns":3.0},{"damage":0.0,"enemies":"Cultist","floor":4.0,"turns":5.0},{"damage":11.0,"enemies":"Jaw Worm","floor":7.0,"turns":3.0},{"damage":13.0,"enemies":"Exordium Wildlife","floor":10.0,"turns":5.0},{"damage":2.0,"enemies":"Blue Slaver","floor":12.0,"turns":2.0},{"damage":0.0,"enemies":"3 Louse","floor":14.0,"turns":3.0},{"damage":28.0,"enemies":"The Guardian","floor":16.0,"turns":7.0},{"damage":3.0,"enemies":"Chosen","floor":18.0,"turns":3.0},{"damage":10.0,"enemies":"3 Byrds","floor":24.0,"turns":3.0},{"damage":0.0,"enemies":"Sentry and Sphere","floor":29.0,"turns":3.0},{"damage":21.0,"enemies":"Snake Plant","floor":31.0,"turns":3.0},{"damage":11.0,"enemies":"Collector","floor":33.0,"turns":8.0},{"damage":0.0,"enemies":"Orb Walker","floor":35.0,"turns":2.0},{"damage":0.0,"enemies":"2 Orb Walkers","floor":36.0,"turns":3.0},{"damage":0,"enemies":"3 Shapes","floor":38,"turns":2},{"damage":0,"enemies":"Nemesis","floor":41,"turns":3},{"damage":0,"enemies":"R_Hoarder","floor":46,"turns":2},{"damage":0,"enemies":"Giant Head","floor":49,"turns":2},{"damage":0,"enemies":"Transient","floor":50,"turns":3},{"damage":0,"enemies":"Awakened One","floor":52,"turns":2},{"damage":0,"enemies":"Shield and Spear","floor":56,"turns":1},{"damage":0,"enemies":"The Heart","floor":57,"turns":4}],"seed_played":"-2251324636285912124","potions_obtained":[{"floor":4.0,"key":"SteroidPotion"},{"floor":7.0,"key":"hexamod:SoulburnPotion"},{"floor":10.0,"key":"champ:CounterPotion"},{"floor":24.0,"key":"AttackPotion"},{"floor":30.0,"key":"Toxic Potion"},{"floor":33.0,"key":"AttackPotion"},{"floor":36.0,"key":"SteroidPotion"},{"floor":46,"key":"Strength Potion"},{"floor":49,"key":"DuplicationPotion"},{"floor":50,"key":"Languid Potion"}],"is_trial":false,"path_per_floor":["M","?","$","M","?","R","M","R","T","M","R","M","?","M","R","B",null,"M","$","?","?","?","R","M","R","T","R","?","M","?","M","R","B",null,"M","?","$","M","$","R","E","R","T","PTL","PTL","E","?","R","E","M","R","B",null,"R","$","E","B",null],"character_chosen":"THE_DEFAULT","items_purchased":["TheRailgun:Positive_Field","TheRailgun:Magnetic_Movement","Art of War","aspiration:FetidBarrel","TheRailgun:Iron_Dust_Field"],"campfire_rested":0,"item_purchase_floors":[3,19,19,37,55],"current_hp_per_floor":[70,70,70,70,70,70,59,59,59,46,46,44,44,44,44,16,46,43,43,43,43,43,43,33,33,33,33,33,33,22,1,14,5,46,46,46,46,50,50,50,54,54,54,54,54,60,60,60,68,76,83,91,91,91,91,99,107],"gold":95,"neow_bonus":"BOSS_RELIC","is_daily":false,"chose_seed":false,"campfire_upgraded":9,"win_rate":0.0,"timestamp":1614124956,"path_taken":["M","?","$","?","?","R","M","R","T","M","R","M","?","M","R","BOSS","M","$","?","?","?","R","M","R","T","R","?","?","?","M","R","BOSS","M","?","$","M","$","R","E","R","T","PTL","PTL","E","?","R","E","M","R","BOSS","R","$","E","BOSS"],"items_purchased_type":["Card","Card","Relic","Relic","Card"],"build_version":"2020-12-22","purchased_purges":2,"victory":true,"max_hp_per_floor":[70,70,70,70,70,70,70,70,70,70,70,70,70,70,70,70,46,46,46,46,46,46,46,46,46,46,46,46,46,46,46,46,46,46,46,46,46,50,50,50,54,54,54,54,54,60,60,60,68,76,83,91,91,91,91,99,107],"card_choices":[{"not_picked":["Pikachu:Feint","Pikachu:QuickAttack"],"picked":"Pikachu:Attract","floor":1.0},{"not_picked":["TheRailgun:Push","TheRailgun:Electrical_Fire","TheRailgun:Iron_Dust_Shield","TheRailgun:Hypercharge"],"picked":"TheRailgun:Taser","floor":4.0},{"not_picked":["TheRailgun:Spark","TheRailgun:Electrical_Fire","TheRailgun:Crack","TheRailgun:Token_Collection"],"picked":"TheRailgun:Thunder","floor":7.0},{"not_picked":["TheRailgun:Iron_Dust_Vial","TheRailgun:Teleporter","TheRailgun:Aerial_Shot","TheRailgun:Lightning_Speed"],"picked":"TheRailgun:Heroinism","floor":10.0},{"not_picked":["TheRailgun:Thunderbolt","TheRailgun:Positive_Field","TheRailgun:Thundershock","TheRailgun:Iron_Dust_Vial"],"picked":"TheRailgun:Judgement_Officer","floor":12.0},{"not_picked":["TheRailgun:Spark","TheRailgun:Push","TheRailgun:Taser","TheRailgun:Negative_Field"],"picked":"TheRailgun:Biribiri","floor":14.0},{"not_picked":["TheRailgun:Railgun","TheRailgun:Judgement_Officer","TheRailgun:Circuitous","TheRailgun:Magnetic_Flight"],"picked":"TheRailgun:Rewiring","floor":16.0},{"not_picked":["TheRailgun:Positive_Field","TheRailgun:Taser","TheRailgun:Electrical_Fire","TheRailgun:Iron_Dust_Sword","TheRailgun:Teleporter+1"],"picked":"SKIP","floor":18.0},{"not_picked":["TheRailgun:Sister_Network","TheRailgun:Teleporter+1","TheRailgun:Push","TheRailgun:Scatter_Railgun"],"picked":"TheRailgun:Heroinism","floor":24.0},{"not_picked":["TheRailgun:Oneesama","TheRailgun:Hypercharge+1","TheRailgun:Biribiri+1","TheRailgun:Thundershock"],"picked":"TheRailgun:Electrical_Fire+1","floor":29.0},{"not_picked":["TheRailgun:Circuit_Breaker","TheRailgun:Thundershock","TheRailgun:Crack+1","TheRailgun:Iron_Dust_Shield"],"picked":"TheRailgun:Lightning_Speed+1","floor":30.0},{"not_picked":["TheRailgun:Positive_Field","TheRailgun:Static","TheRailgun:Iron_Dust_Field+1","TheRailgun:Negative_Field"],"picked":"TheRailgun:Magnetic_Flight","floor":30.0},{"not_picked":["TheRailgun:Thunderbolt","TheRailgun:Electric_Fence","TheRailgun:Scatter_Railgun","TheRailgun:Push","TheRailgun:Sister_Network"],"picked":"SKIP","floor":31.0},{"not_picked":["TheRailgun:Overload","TheRailgun:Thundervolt","TheRailgun:Magnetic_Flight","TheRailgun:Supercharge"],"picked":"TheRailgun:Level_6","floor":33.0},{"not_picked":["TheRailgun:Circuit_Breaker","TheRailgun:Iron_Dust_Sword","TheRailgun:Negative_Field+1","TheRailgun:Electrical_Fire+1","TheRailgun:Positive_Field"],"picked":"SKIP","floor":35.0},{"not_picked":["TheRailgun:Iron_Dust_Vial","TheRailgun:Sister_Network","TheRailgun:Static+1","TheRailgun:Pull+1"],"picked":"TheRailgun:Sister_Noise+1","floor":38},{"not_picked":["TheRailgun:Negative_Field","TheRailgun:Stun_Shock+1","TheRailgun:Discharge+1","TheRailgun:Heroinism+1"],"picked":"TheRailgun:Mental_Out+1","floor":41},{"not_picked":["TheRailgun:Negative_Field","TheRailgun:Lightning_Speed","TheRailgun:Spark+1","TheRailgun:Crack","TheRailgun:Push+1"],"picked":"SKIP","floor":46},{"not_picked":["TheRailgun:Gekotamania","TheRailgun:Thunderjolt+1","TheRailgun:Spark+1","TheRailgun:Teleporter","TheRailgun:Crackle+1"],"picked":"SKIP","floor":49},{"not_picked":["TheRailgun:Magnetic_Flight","TheRailgun:Zip","TheRailgun:Pull+1","TheRailgun:Recharge"],"picked":"TheRailgun:Token_Collection+1","floor":50},{"not_picked":["TheRailgun:Thundervolt","TheRailgun:Spark","TheRailgun:Pull+1","TheRailgun:Electrical_Storm","TheRailgun:Coin_Flip+1"],"picked":"SKIP","floor":56}],"player_experience":698623,"relics_obtained":[{"floor":1.0,"key":"SynthV:TestCard"},{"floor":9.0,"key":"StuffTheSpire:ForceGauntlet"},{"floor":26.0,"key":"StuffTheSpire:RubySignet"},{"floor":30.0,"key":"PreservedInsect"},{"floor":36.0,"key":"HeavenlyBonsai"},{"floor":41,"key":"hubris:DuctTape"},{"floor":43,"key":"Anchor"},{"floor":46,"key":"Pen Nib"},{"floor":49,"key":"Akabeko"},{"floor":51,"key":"StuffTheSpire:CocoNut"},{"floor":56,"key":"qcfpunch:Red_Headband"}],"event_choices":[{"damage_healed":0.0,"max_hp_gain":0.0,"max_hp_loss":0.0,"gold_gain":0.0,"event_name":"WeMeetAgain","player_choice":"Gave Potion","floor":20.0,"gold_loss":0.0,"damage_taken":0.0,"relics_obtained":["StuffTheSpire:Experiment12"]},{"damage_healed":0.0,"max_hp_gain":0.0,"max_hp_loss":0.0,"gold_gain":0.0,"event_name":"N\u0027loth","player_choice":"Ignored","floor":21.0,"gold_loss":0.0,"damage_taken":0.0},{"damage_healed":0.0,"max_hp_gain":0.0,"max_hp_loss":0.0,"gold_gain":0.0,"event_name":"betterNote:BetterNote","player_choice":"Ignored","floor":22.0,"gold_loss":0.0,"damage_taken":0.0,"cards_obtained":["Shoot"]},{"cards_removed":["Pikachu:ThunderShock"],"damage_healed":0.0,"max_hp_gain":0.0,"max_hp_loss":0.0,"gold_gain":0.0,"event_name":"betterThird:BetterWriting","player_choice":"Elegance","floor":28.0,"gold_loss":0.0,"damage_taken":0.0},{"damage_healed":0.0,"max_hp_gain":0.0,"max_hp_loss":0.0,"gold_gain":0.0,"event_name":"Mysterious Sphere","player_choice":"Fight","floor":36.0,"gold_loss":0.0,"damage_taken":0.0},{"damage_healed":0,"gold_gain":0,"player_choice":"Full Heal","damage_taken":0,"max_hp_gain":0,"max_hp_loss":0,"event_name":"Wheel of Change","floor":47,"gold_loss":0}],"is_beta":false,"boss_relics":[{"not_picked":["MoonlightInvasionPlan","Runic Dome"],"picked":"qcfpunch:Dark_Gi"},{"not_picked":["hubris:Backtick","xbg"],"picked":"FeatherPendant"}],"items_purged_floors":[19,55],"is_endless":false,"potions_floor_spawned":[4,7,10,24,31,33,36,41,46,49,50],"ascension_level":0}}