{"host":"ox77rn1xcurm2t5a","time":1614198506,"event":{"mods":["2.2 Compatiblity","AchievementEnabler","Act Like it!","Aspiration","BaseMod","Best Route Mod","Better Match","Better Note","Better Sensory Stone","Block Reminder","Colored Map","Colored Powertips","Conjunction","Conspire","Custom Start","Energized Spire","GifTheSpireLib","Gold Saver","Gremlin Skip","Halation","Highlight Path","Hubris","Infinite Spire","Minty Spire (QoL Compilation)","Pale of the Ancients","Quick Restart","Reliquary","Replay The Spire","Reworked Bosses","ShortenTheSpire","Spire Exporter","StSLib","Stuff the Spire","Wandering Minibosses"],"gold_per_floor":[561,561,561,35,35,35,64,64,89,146,46,46,79,99,99,195,195,175,21,21,35,49,49,79,79,79,79,94,110,110,110,110,110,110],"floor_reached":33,"language":"ENG","playtime":657,"items_purged":["Clumsy","Injury"],"score":494,"play_id":"df9a5624-ab00-472e-8818-63c1b4de7aaa","local_time":"20210224222826","is_ascension_mode":true,"campfire_choices":[{"floor":6.0,"key":"RECALL"},{"data":"Bash","floor":8.0,"key":"SMITH"},{"data":"Reaper","floor":15.0,"key":"SMITH"},{"data":"Defend_R","floor":23.0,"key":"SMITH"},{"data":"Defend_R","floor":27.0,"key":"SMITH"},{"data":"Defend_R","floor":30.0,"key":"SMITH"},{"floor":32.0,"key":"DIG"}],"circlet_count":0,"master_deck":["Strike_R","Strike_R","Strike_R","Strike_R","Strike_R","Defend_R+1","Defend_R+1","Defend_R+1","Defend_R+1","Bash+1","Reaper+1","Clash+1","Perfected Strike+1","Anger+1","Shockwave+1","Seeing Red+1","Twin Strike+1","Shrug It Off+1"],"relics":["Burning Blood","NeowsBlessing","reliquary:PorcupineQuills","MealTicket","Molten Egg 2","Centennial Puzzle","StuffTheSpire:HeavyRock","Oddly Smooth Stone","Omamori","infinitespire:WardingShard","aspiration:HiddenCompartment"],"acts_visited":["Exordium","TheCity"],"potions_floor_usage":[33],"damage_taken":[{"damage":0.0,"enemies":"2 Louse","floor":1.0,"turns":1.0},{"damage":0.0,"enemies":"Gremlin Nob","floor":7.0,"turns":1.0},{"damage":0.0,"enemies":"Lagavulin","floor":13.0,"turns":1.0},{"damage":4.0,"enemies":"Small Slimes","floor":14.0,"turns":3.0},{"damage":29.0,"enemies":"Fading Forest","floor":16.0,"turns":11.0},{"damage":14.0,"enemies":"2 Thieves","floor":18.0,"turns":4.0},{"damage":24.0,"enemies":"Spheric Guardian","floor":21.0,"turns":4.0},{"damage":20.0,"enemies":"Cultist and Chosen","floor":22.0,"turns":5.0},{"damage":19.0,"enemies":"Book of Stabbing","floor":24.0,"turns":5.0},{"damage":20.0,"enemies":"Shelled Parasite and Fungi","floor":28.0,"turns":5.0},{"damage":1.0,"enemies":"3 Cultists","floor":29.0,"turns":4.0},{"damage":95,"enemies":"bossMod:newCollector","floor":33,"turns":7}],"seed_played":"-6667775361136575266","potions_obtained":[{"floor":7.0,"key":"HeartOfIron"},{"floor":13.0,"key":"Swift Potion"},{"floor":16.0,"key":"Weak Potion"},{"floor":21.0,"key":"SkillPotion"},{"floor":24.0,"key":"GamblersBrew"},{"floor":29.0,"key":"BlessingOfTheForge"}],"is_trial":false,"path_per_floor":["M","?","?","$","?","R","E","R","T","?","$","?","E","M","R","B",null,"M","$","?","M","M","R","E","?","T","R","M","M","R","?","R_BF","B"],"character_chosen":"IRONCLAD","items_purchased":["reliquary:PorcupineQuills","MealTicket","Reaper","Oddly Smooth Stone"],"campfire_rested":0,"item_purchase_floors":[4,4,4,19],"current_hp_per_floor":[78,78,78,78,78,78,80,80,80,80,80,80,80,80,80,68,77,74,80,80,65,65,65,59,59,59,59,50,72,72,72,72,0,0],"gold":110,"neow_bonus":"THREE_ENEMY_KILL","is_daily":false,"chose_seed":false,"campfire_upgraded":5,"win_rate":0.0,"timestamp":1614198506,"path_taken":["M","?","?","$","?","R","E","R","T","?","?","?","E","M","R","BOSS","M","$","?","M","?","R","E","?","T","R","M","M","R","?","R_BF","BOSS"],"items_purchased_type":["Relic","Relic","Card","Relic"],"build_version":"2020-12-22","purchased_purges":2,"victory":false,"max_hp_per_floor":[80,80,80,80,80,80,80,80,80,80,80,80,80,80,80,80,80,80,80,80,80,80,80,80,80,80,80,80,80,80,80,80,80,80],"card_choices":[{"not_picked":["Power Through","ReplayTheSpireMod:Muscle Training","Wild Strike"],"picked":"SKIP","floor":1.0},{"not_picked":["Shrug It Off","StuffTheSpire:RockThrow+1","ReplayTheSpireMod:Strike From Hell+1"],"picked":"SKIP","floor":7.0},{"not_picked":["Anger+1","Flex"],"picked":"Clash+1","floor":13.0},{"not_picked":["Sword Boomerang+1","ReplayTheSpireMod:Strike From Hell+1"],"picked":"Perfected Strike+1","floor":14.0},{"not_picked":["StuffTheSpire:Slingshot+1","Metallicize"],"picked":"Anger+1","floor":18.0},{"not_picked":["Heavy Blade+1","hubris:ReadiedAction+1"],"picked":"Shockwave+1","floor":21.0},{"not_picked":["Wild Strike+1","Heavy Blade+1"],"picked":"Seeing Red+1","floor":22.0},{"not_picked":["Fire Breathing","Whirlwind+1","Run Through+1"],"picked":"SKIP","floor":24.0},{"not_picked":["True Grit","Replay:Undeath\u0027s Touch+1"],"picked":"Twin Strike+1","floor":28.0},{"not_picked":["Iron Wave+1","Armaments"],"picked":"Shrug It Off+1","floor":29.0}],"player_experience":3240418,"relics_obtained":[{"floor":7.0,"key":"Centennial Puzzle"},{"floor":13.0,"key":"StuffTheSpire:HeavyRock"},{"floor":24.0,"key":"Omamori"},{"floor":26.0,"key":"infinitespire:WardingShard"},{"floor":32.0,"key":"aspiration:HiddenCompartment"}],"event_choices":[{"damage_healed":0.0,"max_hp_gain":0.0,"max_hp_loss":0.0,"gold_gain":57.0,"event_name":"Golden Wing","player_choice":"Gained Gold","floor":10.0,"gold_loss":0.0,"damage_taken":0.0},{"damage_healed":0.0,"max_hp_gain":0.0,"max_hp_loss":0.0,"gold_gain":0.0,"event_name":"conspire:LoneGhost","player_choice":"Disagree","floor":12.0,"gold_loss":0.0,"damage_taken":0.0},{"damage_healed":0.0,"max_hp_gain":0.0,"max_hp_loss":0.0,"gold_gain":0.0,"event_name":"betterNote:BetterNote","player_choice":"Ignored","floor":20.0,"gold_loss":0.0,"damage_taken":0.0,"cards_obtained":["Strike_P"]}],"is_beta":false,"boss_relics":[{"not_picked":["Busted Crown","Mark of Pain","Ooze Armor"]}],"items_purged_floors":[4,11],"is_endless":false,"potions_floor_spawned":[7,13,14,16,21,24,29],"killed_by":"bossMod:newCollector","ascension_level":11}}