{"host":"dpbezu80jg8zk7un","time":1614185551,"event":{"mods":["BaseMod","Colored Map","Colored Powertips","Custom Start","DeckTracker","Minty Spire (QoL Compilation)","Quick Restart","StSLib","SuperFastMode"],"gold_per_floor":[110,124,135,135,60,60,71,102,102,119,146,159,159,173,173,245,245,258,258,183,183,195,226,151,179,252,271,298,309,179,198,198,270,270,290,165,184,204,253,253,203,234,261,290,306,306,333,333,333,333,333,333,333,115,150,150],"floor_reached":57,"language":"KOR","playtime":2011,"items_purged":["Defend_P","Defend_P","Strike_P","Defend_P","Strike_P"],"score":3074,"play_id":"eb9d5b1c-abe5-4763-a0eb-b803a0d215e0","local_time":"20210225015231","is_ascension_mode":true,"campfire_choices":[{"data":"Conclude","floor":6.0,"key":"SMITH"},{"data":"WheelKick","floor":13.0,"key":"SMITH"},{"data":"Vault","floor":15.0,"key":"SMITH"},{"floor":32.0,"key":"REST"},{"data":"MentalFortress","floor":40.0,"key":"SMITH"},{"data":"Adaptation","floor":46.0,"key":"SMITH"},{"floor":49.0,"key":"RECALL"},{"floor":53,"key":"REST"}],"circlet_count":0,"master_deck":["AscendersBane","Defend_P","Eruption+1","Vigilance","EmptyFist","Conclude+1","Vault+1","FlurryOfBlows","WheelKick+1","Scrawl+1","MentalFortress+1","Adaptation+1","Adaptation"],"relics":["HolyWater","Mercury Hourglass","Blue Candle","Sundial","Mummified Hand","SacredBark","Ancient Tea Set","Smiling Mask","Molten Egg 2","Regal Pillow","Pocketwatch","TeardropLocket","White Beast Statue","Lantern"],"acts_visited":["Exordium","TheCity","TheBeyond","TheEnding"],"potions_floor_usage":[51,56,56],"damage_taken":[{"damage":0.0,"enemies":"2 Louse","floor":1.0,"turns":4.0},{"damage":0.0,"enemies":"Small Slimes","floor":2.0,"turns":3.0},{"damage":3.0,"enemies":"Cultist","floor":3.0,"turns":5.0},{"damage":0.0,"enemies":"Gremlin Gang","floor":7.0,"turns":2.0},{"damage":2.0,"enemies":"3 Sentries","floor":8.0,"turns":3.0},{"damage":0.0,"enemies":"Large Slime","floor":10.0,"turns":3.0},{"damage":8.0,"enemies":"Gremlin Nob","floor":11.0,"turns":3.0},{"damage":3.0,"enemies":"Blue Slaver","floor":12.0,"turns":5.0},{"damage":0.0,"enemies":"Lots of Slimes","floor":14.0,"turns":1.0},{"damage":16.0,"enemies":"The Guardian","floor":16.0,"turns":10.0},{"damage":0.0,"enemies":"3 Byrds","floor":18.0,"turns":5.0},{"damage":3.0,"enemies":"Spheric Guardian","floor":22.0,"turns":3.0},{"damage":0.0,"enemies":"Gremlin Leader","floor":23.0,"turns":4.0},{"damage":9.0,"enemies":"Slavers","floor":25.0,"turns":4.0},{"damage":0.0,"enemies":"Snake Plant","floor":27.0,"turns":3.0},{"damage":49.0,"enemies":"Book of Stabbing","floor":28.0,"turns":6.0},{"damage":3.0,"enemies":"Snecko","floor":29.0,"turns":4.0},{"damage":0.0,"enemies":"Chosen and Byrds","floor":31.0,"turns":2.0},{"damage":48.0,"enemies":"Automaton","floor":33.0,"turns":6.0},{"damage":0.0,"enemies":"Orb Walker","floor":35.0,"turns":2.0},{"damage":0.0,"enemies":"3 Shapes","floor":37.0,"turns":2.0},{"damage":4.0,"enemies":"3 Darklings","floor":38.0,"turns":2.0},{"damage":7.0,"enemies":"2 Orb Walkers","floor":39.0,"turns":3.0},{"damage":0.0,"enemies":"Reptomancer","floor":42.0,"turns":4.0},{"damage":1.0,"enemies":"Giant Head","floor":44.0,"turns":5.0},{"damage":0.0,"enemies":"Transient","floor":45.0,"turns":7.0},{"damage":0.0,"enemies":"Nemesis","floor":47.0,"turns":2.0},{"damage":0.0,"enemies":"Donu and Deca","floor":50.0,"turns":5.0},{"damage":44,"enemies":"Awakened One","floor":51,"turns":9},{"damage":4,"enemies":"Shield and Spear","floor":55,"turns":3},{"damage":67,"enemies":"The Heart","floor":56,"turns":6}],"seed_played":"-1535665588726778204","potions_obtained":[{"floor":1.0,"key":"Explosive Potion"},{"floor":8.0,"key":"ColorlessPotion"},{"floor":14.0,"key":"Fruit Juice"},{"floor":16.0,"key":"EssenceOfSteel"},{"floor":23.0,"key":"SkillPotion"},{"floor":27.0,"key":"Regen Potion"},{"floor":29.0,"key":"LiquidBronze"},{"floor":39.0,"key":"LiquidMemories"},{"floor":45.0,"key":"FearPotion"},{"floor":47.0,"key":"Strength Potion"},{"floor":55,"key":"Regen Potion"}],"is_trial":false,"path_per_floor":["M","M","M","?","?","R","M","E","T","M","E","M","R","M","R","B",null,"M","?","?","?","M","E","$","E","T","M","E","M","$","M","R","B",null,"M","$","M","M","?","R","$","E","T","E","M","R","E","?","R","B","B",null,"R","$","E","B",null],"character_chosen":"WATCHER","items_purchased":["StancePotion","Adaptation","Adaptation","GamblersBrew"],"campfire_rested":2,"item_purchase_floors":[30,36,54,54],"current_hp_per_floor":[61,61,58,40,40,40,40,38,38,38,30,27,27,27,27,16,59,59,59,59,59,56,56,56,47,47,47,38,35,35,35,71,23,61,61,61,61,57,50,50,50,50,50,49,49,49,49,49,49,49,5,56,73,73,69,29],"gold":150,"neow_bonus":"UPGRADE_CARD","is_daily":false,"chose_seed":false,"campfire_upgraded":5,"win_rate":0.0,"timestamp":1614185551,"path_taken":["M","M","M","?","?","R","M","E","T","M","E","M","R","M","R","BOSS","M","?","?","?","M","E","$","E","T","?","E","M","$","M","R","BOSS","M","$","M","?","?","R","$","E","T","E","M","R","E","?","R","BOSS","BOSS","R","$","E","BOSS"],"items_purchased_type":["Potion","Card","Card","Potion"],"build_version":"2020-12-22","purchased_purges":5,"victory":true,"max_hp_per_floor":[68,68,68,68,68,68,68,68,68,68,68,68,68,68,68,73,73,73,73,73,73,73,73,73,73,73,73,73,73,73,73,73,73,73,73,73,73,73,73,73,73,73,73,73,73,73,73,73,73,73,73,73,73,73,73,73],"card_choices":[{"not_picked":["PathToVictory","Crescendo","BowlingBash"],"picked":"SKIP","floor":1.0},{"not_picked":["LikeWater","FollowUp"],"picked":"EmptyFist","floor":2.0},{"not_picked":["ClearTheMind","Halt"],"picked":"Conclude","floor":3.0},{"not_picked":["LikeWater","Crescendo","SashWhip"],"picked":"SKIP","floor":7.0},{"not_picked":["Halt","Fasting2"],"picked":"Vault","floor":8.0},{"not_picked":["Consecrate","FollowUp"],"picked":"FlurryOfBlows","floor":10.0},{"not_picked":["LikeWater","FollowUp","FlurryOfBlows"],"picked":"SKIP","floor":11.0},{"not_picked":["FlurryOfBlows","WreathOfFlame"],"picked":"WheelKick","floor":12.0},{"not_picked":["WindmillStrike","Halt","FlurryOfBlows"],"picked":"SKIP","floor":14.0},{"not_picked":["Omniscience","DeusExMachina"],"picked":"Scrawl","floor":16.0},{"not_picked":["ThirdEye","ReachHeaven","Crescendo"],"picked":"SKIP","floor":18.0},{"not_picked":["Swivel","Nirvana","Consecrate+1"],"picked":"SKIP","floor":22.0},{"not_picked":["Perseverance","FollowUp"],"picked":"MentalFortress","floor":23.0},{"not_picked":["ClearTheMind","EmptyFist","Pray"],"picked":"SKIP","floor":25.0},{"not_picked":["JustLucky+1","Perseverance","DeceiveReality"],"picked":"SKIP","floor":27.0},{"not_picked":["FlyingSleeves+1","SashWhip+1","CutThroughFate+1"],"picked":"SKIP","floor":28.0},{"not_picked":["Halt","CutThroughFate+1","PathToVictory"],"picked":"SKIP","floor":29.0},{"not_picked":["Sanctity","TalkToTheHand+1","Study"],"picked":"SKIP","floor":31.0},{"not_picked":["DeceiveReality","EmptyFist+1","WindmillStrike+1"],"picked":"SKIP","floor":35.0},{"not_picked":["Evaluate","EmptyFist+1","BattleHymn"],"picked":"SKIP","floor":37.0},{"not_picked":["ThirdEye","CarveReality+1","Sanctity"],"picked":"SKIP","floor":38.0},{"not_picked":["Fasting2","InnerPeace","Brilliance+1"],"picked":"SKIP","floor":42.0},{"not_picked":["Protect","FollowUp+1","EmptyMind"],"picked":"SKIP","floor":44.0},{"not_picked":["FlurryOfBlows+1","FlyingSleeves+1","CrushJoints+1"],"picked":"SKIP","floor":45.0},{"not_picked":["Wallop+1","ClearTheMind","FollowUp+1"],"picked":"SKIP","floor":47.0},{"not_picked":["Study+1","CarveReality+1","Wireheading+1"],"picked":"SKIP","floor":55}],"player_experience":2991809,"relics_obtained":[{"floor":8.0,"key":"Blue Candle"},{"floor":9.0,"key":"Sundial"},{"floor":11.0,"key":"Mummified Hand"},{"floor":23.0,"key":"Ancient Tea Set"},{"floor":25.0,"key":"Smiling Mask"},{"floor":26.0,"key":"Molten Egg 2"},{"floor":28.0,"key":"Regal Pillow"},{"floor":39.0,"key":"Pocketwatch"},{"floor":42.0,"key":"TeardropLocket"},{"floor":47.0,"key":"White Beast Statue"},{"floor":55,"key":"Lantern"}],"event_choices":[{"damage_healed":0.0,"max_hp_gain":0.0,"max_hp_loss":0.0,"gold_gain":0.0,"event_name":"Scrap Ooze","player_choice":"Success","floor":4.0,"gold_loss":0.0,"damage_taken":18.0,"relics_obtained":["Mercury Hourglass"]},{"cards_removed":["Strike_P"],"damage_healed":0.0,"max_hp_gain":0.0,"max_hp_loss":0.0,"gold_gain":0.0,"event_name":"The Cleric","player_choice":"Card Removal","floor":5.0,"gold_loss":75.0,"damage_taken":0.0},{"damage_healed":0.0,"max_hp_gain":0.0,"max_hp_loss":0.0,"gold_gain":0.0,"event_name":"Ghosts","player_choice":"Ignored","floor":19.0,"gold_loss":0.0,"damage_taken":0.0},{"cards_removed":["Strike_P"],"damage_healed":0.0,"max_hp_gain":0.0,"max_hp_loss":0.0,"gold_gain":0.0,"event_name":"Beggar","player_choice":"Gave Gold","floor":20.0,"gold_loss":75.0,"damage_taken":0.0},{"damage_healed":0.0,"max_hp_gain":0.0,"max_hp_loss":0.0,"gold_gain":0.0,"event_name":"Upgrade Shrine","player_choice":"Upgraded","floor":21.0,"gold_loss":0.0,"damage_taken":0.0,"cards_upgraded":["Scrawl"]},{"damage_healed":0.0,"max_hp_gain":0.0,"max_hp_loss":0.0,"gold_gain":0.0,"event_name":"Mysterious Sphere","player_choice":"Fight","floor":39.0,"gold_loss":0.0,"damage_taken":0.0},{"damage_healed":0.0,"max_hp_gain":0.0,"max_hp_loss":0.0,"gold_gain":0.0,"event_name":"Tomb of Lord Red Mask","player_choice":"Ignored","floor":48.0,"gold_loss":0.0,"damage_taken":0.0}],"is_beta":false,"boss_relics":[{"not_picked":["Tiny House","SlaversCollar"],"picked":"SacredBark"},{"not_picked":["Runic Dome","Black Star"],"picked":"HolyWater"}],"items_purged_floors":[24,30,36,41,54],"is_endless":false,"potions_floor_spawned":[1,8,14,16,18,23,27,29,33,37,39,45,47,55],"ascension_level":20}}