{"host":"hfxahm4y1ssattqc","time":1614150331,"event":{"mods":["2.2 Compatiblity","Act Like it!","Aspiration","BaseMod","Beaked The Cultist","Better Third Choice","BetterRewards","Colored Map","Colored Powertips","Custom Start","Downfall","Googly Eyes","Halation","Hallownest","Hermit","Highlight Path","Hubris","Infinite Spire","Mimic Mod","Minty Spire (QoL Compilation)","Reorder Act Four","Replay The Spire","Shop Mod","Spikes Relics","StSLib","The Bug Knight","The IronCluck","The Jungle","Unknown Chances","slay the spire mod where everything is the same but ironclad has a cowboy hat"],"gold_per_floor":[135,135,135,172,210,210,251,270,270,270,304,284,284,295,295,399,399,384,384,403,423,423,423],"floor_reached":22,"language":"ENG","playtime":945,"items_purged":[],"score":311,"play_id":"65628f47-2fa4-4379-9429-f03382ce6568","local_time":"20210223230531","is_ascension_mode":false,"campfire_choices":[{"data":"Wish","floor":6,"key":"SMITH"},{"data":"Midas Touch","floor":10,"key":"SMITH"},{"floor":13,"key":"REST"},{"floor":15,"key":"REST"}],"circlet_count":0,"master_deck":["Strike_P","Strike_P","Strike_P","Strike_P","Defend_P","Defend_P","Defend_P","Defend_P","Eruption+1","Vigilance","Midas Touch+1","Wish+1","InnerPeace","BattleHymn","TalkToTheHand","DevaForm","Decay"],"relics":["PureWater","infinitespire:EmpoweringShard","halation:VictoryRuler","hubris:VirtuousBlindfold"],"acts_visited":["Exordium","TheCity"],"potions_floor_usage":[14,16],"damage_taken":[{"damage":10,"enemies":"2 Louse","floor":1,"turns":4},{"damage":1,"enemies":"Jaw Worm","floor":4,"turns":4},{"damage":6,"enemies":"Cultist","floor":5,"turns":3},{"damage":14,"enemies":"Large Slime","floor":7,"turns":6},{"damage":11,"enemies":"Blue Slaver","floor":8,"turns":4},{"damage":0,"enemies":"Lagavulin","floor":11,"turns":6},{"damage":34,"enemies":"Lots of Slimes","floor":14,"turns":6},{"damage":30,"enemies":"Fading Forest","floor":16,"turns":11},{"damage":28,"enemies":"2 Thieves","floor":18,"turns":5},{"damage":10,"enemies":"Shell Parasite","floor":20,"turns":7},{"damage":17,"enemies":"3 Cultists","floor":21,"turns":6},{"damage":18,"enemies":"Centurion and Healer","floor":22,"turns":1}],"seed_played":"4900075382365282736","potions_obtained":[{"floor":5,"key":"BottledMiracle"},{"floor":11,"key":"BlessingOfTheForge"},{"floor":12,"key":"EssenceOfSteel"},{"floor":14,"key":"DistilledChaos"},{"floor":16,"key":"Weak Potion"}],"is_trial":false,"path_per_floor":["M","?","$","M","M","R","M","M","T","R","E","?","R","M","R","B",null,"M","?","M","M","M"],"character_chosen":"WATCHER","items_purchased":["Midas Touch","Wish","infinitespire:EmpoweringShard"],"campfire_rested":2,"item_purchase_floors":[0,0,0],"current_hp_per_floor":[62,62,62,61,55,55,41,30,30,30,30,30,51,17,38,18,72,44,44,34,17,0,0],"gold":423,"neow_bonus":"","is_daily":false,"chose_seed":false,"campfire_upgraded":2,"win_rate":0.0,"timestamp":1614150331,"path_taken":["M","?","$","M","M","R","M","M","T","R","E","?","R","?","R","BOSS","M","?","M","M","M"],"items_purchased_type":["Card","Card","Relic"],"build_version":"2020-12-22","purchased_purges":0,"victory":false,"max_hp_per_floor":[72,72,72,72,72,72,72,72,72,72,72,72,72,72,72,72,72,72,72,72,72,72,72],"card_choices":[{"not_picked":["FollowUp","EmptyBody"],"picked":"InnerPeace","floor":1},{"not_picked":["Replay:AtTheReady","Replay:Anticipation","EmptyFist"],"picked":"SKIP","floor":4},{"not_picked":["SandsOfTime","Halt"],"picked":"BattleHymn","floor":5},{"not_picked":["CutThroughFate","SashWhip","Halt"],"picked":"SKIP","floor":7},{"not_picked":["MentalFortress","ThirdEye","FlyingSleeves"],"picked":"SKIP","floor":8},{"not_picked":["Vault","DeceiveReality","FollowUp"],"picked":"SKIP","floor":11},{"not_picked":["JustLucky","Vengeance"],"picked":"TalkToTheHand","floor":14},{"not_picked":["Alpha","Judgement"],"picked":"DevaForm","floor":16},{"not_picked":["Crescendo","FlyingSleeves","Perseverance"],"picked":"SKIP","floor":18},{"not_picked":["Consecrate","Replay:BluntJabs","ClearTheMind"],"picked":"SKIP","floor":20},{"not_picked":["JustLucky+1","FlurryOfBlows","CrushJoints+1"],"picked":"SKIP","floor":21}],"player_experience":996319,"relics_obtained":[{"floor":11,"key":"halation:VictoryRuler"}],"event_choices":[{"damage_healed":0,"gold_gain":0,"player_choice":"Bought 1 Potion","damage_taken":0,"max_hp_gain":0,"max_hp_loss":0,"event_name":"The Woman in Blue","floor":12,"gold_loss":0},{"damage_healed":0,"gold_gain":0,"player_choice":"Smashed Altar","damage_taken":0,"max_hp_gain":0,"max_hp_loss":0,"event_name":"Forgotten Altar","floor":19,"gold_loss":0,"cards_obtained":["Decay"]}],"is_beta":false,"boss_relics":[{"not_picked":["Ectoplasm","aspiration:RitualDagger"],"picked":"hubris:VirtuousBlindfold"}],"items_purged_floors":[],"is_endless":false,"potions_floor_spawned":[5,11,14,16,21],"killed_by":"Centurion and Healer","ascension_level":0}}