{"host":"z37g2hkgkh2zjyzk","time":1614197849,"event":{"mods":["2.2 Compatiblity","AchievementEnabler","BaseMod","Bestiary","Colored Map","Colored Powertips","Curses Come First","Highlight Path","Keyboard Shortcuts","Minty Spire (QoL Compilation)","Relic Stats","StSLib","SuperFastMode"],"gold_per_floor":[113,126,144,25,25,58,68,68,121,151,171,184,184,198,198,303,303,322,338,358,18,52,52,107,107,182,237,277,336,336,31,31,134,134,147,96,107,119,119,119,119],"floor_reached":40,"language":"ENG","playtime":3874,"items_purged":["Normality"],"score":644,"play_id":"13d81d96-eb6a-414d-9dc6-ceec595742c4","local_time":"20210224211729","is_ascension_mode":true,"campfire_choices":[{"data":"Rupture","floor":8.0,"key":"SMITH"},{"data":"Bash","floor":13.0,"key":"SMITH"},{"data":"Whirlwind","floor":15.0,"key":"SMITH"},{"data":"HandOfGreed","floor":23.0,"key":"SMITH"},{"floor":25.0,"key":"REST"},{"data":"Power Through","floor":30.0,"key":"SMITH"},{"floor":32.0,"key":"REST"}],"circlet_count":0,"master_deck":["Strike_R","Strike_R","Strike_R","Defend_R","Defend_R","Defend_R","Bash+1","Body Slam","Hemokinesis","Disarm","Whirlwind+1","Rupture+1","Thunderclap","Evolve","Carnage","Power Through+1","Reaper","Warcry+1","Clothesline","Battle Trance","HandOfGreed+1","Demon Form","Metallicize","Spot Weakness+1","Sentinel+1","Impervious","Brutality","Bloodletting+1","Shrug It Off","Warcry+1"],"relics":["Burning Blood","StoneCalendar","Singing Bowl","Red Skull","Potion Belt","Velvet Choker","Tiny Chest","Letter Opener","Orichalcum","Incense Burner","MealTicket","Empty Cage"],"acts_visited":["Exordium","TheCity","TheBeyond"],"potions_floor_usage":[],"damage_taken":[{"damage":2.0,"enemies":"Small Slimes","floor":1.0,"turns":5.0},{"damage":1.0,"enemies":"Cultist","floor":2.0,"turns":4.0},{"damage":2.0,"enemies":"2 Louse","floor":3.0,"turns":2.0},{"damage":34.0,"enemies":"Lagavulin","floor":6.0,"turns":7.0},{"damage":9.0,"enemies":"2 Fungi Beasts","floor":7.0,"turns":3.0},{"damage":32.0,"enemies":"Gremlin Nob","floor":10.0,"turns":4.0},{"damage":3.0,"enemies":"3 Louse","floor":11.0,"turns":2.0},{"damage":0.0,"enemies":"Gremlin Gang","floor":12.0,"turns":2.0},{"damage":7.0,"enemies":"Exordium Thugs","floor":14.0,"turns":3.0},{"damage":11.0,"enemies":"Slime Boss","floor":16.0,"turns":6.0},{"damage":39.0,"enemies":"Shell Parasite","floor":18.0,"turns":7.0},{"damage":23.0,"enemies":"2 Thieves","floor":19.0,"turns":3.0},{"damage":12.0,"enemies":"3 Cultists","floor":20.0,"turns":5.0},{"damage":28.0,"enemies":"Snecko","floor":22.0,"turns":4.0},{"damage":38.0,"enemies":"Book of Stabbing","floor":24.0,"turns":6.0},{"damage":20.0,"enemies":"Gremlin Leader","floor":27.0,"turns":5.0},{"damage":17.0,"enemies":"Shelled Parasite and Fungi","floor":28.0,"turns":4.0},{"damage":27.0,"enemies":"Slavers","floor":29.0,"turns":6.0},{"damage":41.0,"enemies":"Automaton","floor":33.0,"turns":10.0},{"damage":23.0,"enemies":"Orb Walker","floor":35.0,"turns":5.0},{"damage":35,"enemies":"3 Darklings","floor":37,"turns":7},{"damage":45,"enemies":"Spire Growth","floor":38,"turns":6},{"damage":56,"enemies":"Giant Head","floor":40,"turns":8}],"seed_played":"-6306223537853250964","potions_obtained":[{"floor":2.0,"key":"Regen Potion"},{"floor":3.0,"key":"DistilledChaos"},{"floor":5.0,"key":"CultistPotion"},{"floor":5.0,"key":"SteroidPotion"},{"floor":10.0,"key":"SkillPotion"},{"floor":12.0,"key":"ColorlessPotion"},{"floor":14.0,"key":"SpeedPotion"},{"floor":19.0,"key":"Weak Potion"},{"floor":20.0,"key":"BlessingOfTheForge"},{"floor":27.0,"key":"Ancient Potion"},{"floor":29.0,"key":"GamblersBrew"},{"floor":37,"key":"DistilledChaos"},{"floor":38,"key":"Explosive Potion"}],"is_trial":false,"path_per_floor":["M","M","M","$","?","E","M","R","T","E","M","M","R","M","R","B",null,"M","M","M","$","M","R","E","R","T","E","M","E","R","$","R","B",null,"M","$","M","M","?","E"],"character_chosen":"IRONCLAD","items_purchased":["Whirlwind","Rupture","Battle Trance","HandOfGreed","Impervious","MealTicket","Shrug It Off"],"campfire_rested":2,"item_purchase_floors":[4,4,21,21,31,31,36],"current_hp_per_floor":[76,80,80,80,80,52,51,51,51,25,28,36,36,35,35,30,71,38,38,53,53,39,39,17,43,43,36,35,41,41,41,67,32,74,84,88,61,56,56,0,0],"gold":119,"neow_bonus":"ONE_RARE_RELIC","is_daily":false,"chose_seed":false,"campfire_upgraded":5,"win_rate":0.0,"timestamp":1614197849,"path_taken":["M","M","M","$","?","E","M","R","T","E","M","M","R","M","R","BOSS","M","M","M","$","?","R","E","R","T","E","M","E","R","$","R","BOSS","M","?","M","M","?","E"],"items_purchased_type":["Card","Card","Card","Card","Card","Relic","Card"],"build_version":"2020-12-22","purchased_purges":1,"victory":false,"max_hp_per_floor":[80,80,80,80,80,80,82,82,82,82,82,84,84,84,84,84,84,84,84,86,86,88,88,88,88,88,88,88,88,88,88,88,88,88,88,88,90,90,90,90,90],"relic_stats":{"Singing Bowl":10,"counters":[23,113],"StoneCalendar":[141],"Tiny Chest":0,"MealTicket":4,"Letter Opener":[70],"Orichalcum":[102],"obtain_stats":[{"Potion Belt":10,"Singing Bowl":6,"Velvet Choker":17,"StoneCalendar":0,"Tiny Chest":24,"MealTicket":31,"Incense Burner":29,"Letter Opener":26,"Orichalcum":27,"Empty Cage":34,"Burning Blood":0,"Red Skull":9},{"Potion Belt":6,"Singing Bowl":4,"Velvet Choker":10,"StoneCalendar":0,"Tiny Chest":15,"MealTicket":18,"Incense Burner":18,"Letter Opener":15,"Orichalcum":16,"Empty Cage":19,"Burning Blood":0,"Red Skull":5},{"Potion Belt":25,"Singing Bowl":18,"Velvet Choker":38,"StoneCalendar":0,"Tiny Chest":63,"MealTicket":78,"Incense Burner":78,"Letter Opener":63,"Orichalcum":68,"Empty Cage":88,"Burning Blood":0,"Red Skull":21}],"Burning Blood":127},"card_choices":[{"not_picked":["Warcry","Havoc"],"picked":"Body Slam","floor":1.0},{"not_picked":["Evolve","Carnage"],"picked":"Hemokinesis","floor":2.0},{"not_picked":["Shrug It Off","Pommel Strike"],"picked":"Disarm","floor":3.0},{"not_picked":["Rage","Blood for Blood"],"picked":"Thunderclap","floor":6.0},{"not_picked":["Pommel Strike","Warcry","Feel No Pain"],"picked":"Singing Bowl","floor":7.0},{"not_picked":["Clash","Sword Boomerang"],"picked":"Evolve","floor":10.0},{"not_picked":["Wild Strike","Sentinel"],"picked":"Carnage","floor":11.0},{"not_picked":["Juggernaut","Cleave","Body Slam"],"picked":"Singing Bowl","floor":12.0},{"not_picked":["Anger","Clash"],"picked":"Power Through","floor":14.0},{"not_picked":["Double Tap","Berserk"],"picked":"Reaper","floor":16.0},{"not_picked":["Sentinel","Intimidate"],"picked":"Warcry+1","floor":18.0},{"not_picked":["Clash","Wild Strike"],"picked":"Clothesline","floor":19.0},{"not_picked":["Armaments","Twin Strike","Wild Strike+1"],"picked":"Singing Bowl","floor":20.0},{"not_picked":["Dropkick","Flex","Twin Strike"],"picked":"Singing Bowl","floor":22.0},{"not_picked":["Body Slam","Havoc+1"],"picked":"Demon Form","floor":24.0},{"not_picked":["Sword Boomerang","Anger+1"],"picked":"Metallicize","floor":27.0},{"not_picked":["Warcry","Sentinel"],"picked":"Spot Weakness+1","floor":28.0},{"not_picked":["Rupture","Uppercut"],"picked":"Sentinel+1","floor":29.0},{"not_picked":["Fiend Fire","Demon Form"],"picked":"Brutality","floor":33.0},{"not_picked":["Cleave","Iron Wave+1"],"picked":"Bloodletting+1","floor":35.0},{"not_picked":["True Grit","Body Slam+1","Ghostly Armor"],"picked":"Singing Bowl","floor":37},{"not_picked":["Rupture","Perfected Strike+1"],"picked":"Warcry+1","floor":38}],"player_experience":250643,"relics_obtained":[{"floor":6.0,"key":"Singing Bowl"},{"floor":9.0,"key":"Red Skull"},{"floor":10.0,"key":"Potion Belt"},{"floor":24.0,"key":"Tiny Chest"},{"floor":26.0,"key":"Letter Opener"},{"floor":27.0,"key":"Orichalcum"},{"floor":29.0,"key":"Incense Burner"}],"event_choices":[{"damage_healed":0.0,"max_hp_gain":0.0,"max_hp_loss":0.0,"gold_gain":0.0,"event_name":"Lab","player_choice":"Got Potions","floor":5.0,"gold_loss":0.0,"damage_taken":0.0},{"cards_removed":["Defend_R"],"damage_healed":0,"gold_gain":0,"player_choice":"Removed Skill","damage_taken":0,"max_hp_gain":0,"max_hp_loss":0,"event_name":"Falling","floor":39,"gold_loss":0}],"is_beta":false,"boss_relics":[{"not_picked":["Tiny House","Snecko Eye"],"picked":"Velvet Choker"},{"not_picked":["Fusion Hammer","Coffee Dripper"],"picked":"Empty Cage"}],"items_purged_floors":[21],"is_endless":false,"potions_floor_spawned":[2,3,10,12,14,19,20,27,29,37,38],"killed_by":"Giant Head","ascension_level":8}}