{"host":"mwb0clku6crgv6yl","time":1614161560,"event":{"mods":["AchievementEnabler","BaseMod","Highlight Path","Minty Spire (QoL Compilation)","StSLib","The Cursed"],"gold_per_floor":[111,111,286,35,35,35,35],"floor_reached":6,"language":"ZHS","playtime":152,"items_purged":[],"score":50,"play_id":"5d91466f-c87e-45c6-9f04-c05314fdc0a1","local_time":"20210224181240","is_ascension_mode":true,"campfire_choices":[],"circlet_count":0,"master_deck":["AscendersBane","TheCursedMod:Strike_TheCursed","TheCursedMod:Strike_TheCursed","TheCursedMod:Strike_TheCursed","TheCursedMod:Defend_TheCursed","TheCursedMod:Defend_TheCursed","TheCursedMod:Defend_TheCursed","TheCursedMod:Defend_TheCursed","TheCursedMod:CursedWand","TheCursedMod:CleanUpWorkshop+1","TheCursedMod:Dregs","TheCursedMod:SpitefulPray","Doubt"],"relics":["Velvet Choker","Frozen Egg 2"],"acts_visited":["Exordium"],"potions_floor_usage":[],"damage_taken":[{"damage":3.0,"enemies":"Jaw Worm","floor":1.0,"turns":5.0},{"damage":61,"enemies":"Gremlin Nob","floor":6,"turns":5}],"seed_played":"5260997184053123814","potions_obtained":[{"floor":1.0,"key":"Energy Potion"}],"is_trial":false,"path_per_floor":["M","?","?","$","?","E"],"character_chosen":"THE_CURSED","items_purchased":["Frozen Egg 2"],"campfire_rested":0,"item_purchase_floors":[4],"current_hp_per_floor":[65,58,58,58,58,0,0],"gold":35,"neow_bonus":"BOSS_RELIC","is_daily":false,"chose_seed":false,"campfire_upgraded":0,"win_rate":0.0,"timestamp":1614161560,"path_taken":["M","?","?","$","?","E"],"items_purchased_type":["Relic"],"build_version":"2020-12-22","purchased_purges":0,"victory":false,"max_hp_per_floor":[75,75,75,75,75,75,75],"card_choices":[{"not_picked":["TheCursedMod:ReleasedKnowledge","TheCursedMod:CursedShiv"],"picked":"TheCursedMod:SpitefulPray","floor":1.0}],"player_experience":386576,"relics_obtained":[],"event_choices":[{"cards_removed":["TheCursedMod:Strike_TheCursed"],"damage_healed":0.0,"max_hp_gain":0.0,"max_hp_loss":0.0,"gold_gain":0.0,"event_name":"Golden Wing","player_choice":"Card Removal","floor":2.0,"gold_loss":0.0,"damage_taken":7.0},{"damage_healed":0.0,"max_hp_gain":0.0,"max_hp_loss":0.0,"gold_gain":175.0,"event_name":"Liars Game","player_choice":"AGREE","floor":3.0,"gold_loss":0.0,"damage_taken":0.0,"cards_obtained":["Doubt"]},{"damage_healed":0.0,"max_hp_gain":0.0,"max_hp_loss":0.0,"gold_gain":0.0,"event_name":"Living Wall","player_choice":"Grow","floor":5.0,"gold_loss":0.0,"damage_taken":0.0,"cards_upgraded":["TheCursedMod:CleanUpWorkshop"]}],"is_beta":false,"boss_relics":[],"items_purged_floors":[],"is_endless":false,"potions_floor_spawned":[1],"killed_by":"Gremlin Nob","ascension_level":11}}