{"host":"4kmvpqjeiacgn1pr","time":1614179452,"event":{"mods":["A Penny For Your Troubles","AchievementEnabler","AlwaysNeverKeys","Aspiration","BaseMod","Bestiary","Better Altar","Better Match","Better Note","Better Sensory Stone","Better Skull","Better Third Choice","Better Vampires","BetterRewards","Colored Map","Colored Powertips","Conspire","Curses Come First","Downfall","Halation","Highlight Path","Infinite Spire","Minty Spire (QoL Compilation)","Permanent Neow","Quick Restart","Rare Cards Sparkle","Relic Sorter","Relic Stats","Replay The Spire","Reworked Bosses","Shop Mod","Smile Girya","Spicy Shops","Spikes Relics","StSLib","Waifu the Spire"],"gold_per_floor":[112,8,8,8,23,53,53,53,80,97,116,128,154,154,154,249,249,260,260,260,260,279,279,310,310,357,357,367,367,66,91,91,204,204,232,232,253,253,277,319,319,342,366,366,366,366,391,433,433,442],"floor_reached":51,"language":"ENG","playtime":2696,"items_purged":["downfall:Aged","hexamod:Strike"],"score":703,"play_id":"34cac539-8afb-4f32-b198-3d65c04deeae","local_time":"20210224101052","is_ascension_mode":false,"campfire_choices":[{"data":"hexamod:UnlimitedPower","floor":7,"key":"SMITH"},{"data":"Replay:Fractal Strike","floor":23,"key":"SMITH"},{"data":"Pot Of Greed","floor":25,"key":"SMITH"},{"data":"hexamod:TimeWarp","floor":27,"key":"SMITH"},{"data":"Pot Of Greed","floor":32,"key":"SMITH"},{"floor":41,"key":"RECALL"},{"floor":46,"key":"REST"},{"floor":49,"key":"REST"}],"circlet_count":0,"master_deck":["hexamod:Strike+1","hexamod:Strike+1","hexamod:Strike+1","hexamod:Defend+1","hexamod:Defend+1","hexamod:Defend+1","hexamod:Defend+1","hexamod:Sear+1","hexamod:Float+1","champ:Defend+1","hexamod:SixthSeal","hexamod:FourthSeal","hexamod:RadiantFlame+1","hexamod:CatchUp+1","Pot Of Greed+1","Pot Of Greed+1","hexamod:UnlimitedPower+1","hexamod:RadiantFlame+1","hexamod:NightmareStrike+1","hexamod:AdvancingGuard+1","hexamod:SearingWound+1","hexamod:TimeWarp+1","hexamod:NightmareGuise+1","Replay:Fractal Strike+1","Pot Of Greed+1","hexamod:BurningTouch+1","hexamod:DynamicBlow+1","hexamod:RecurringNightmare+1","hexamod:SecondSeal","hexamod:SpectersWail+1","hexamod:GhostLash+1","hexamod:ParanormalForm+1","hexamod:BacktrackSmack+1","infinitespire:FutureSight+1","ReplayTheSpireMod:Chaos Vortex+1","hexamod:HeatShield+1","hexamod:RetreatToShadows+1","Pot Of Greed+1","hexamod:Haunt+1","hexamod:ThermalTransfer+1","infinitespire:FutureSight+1","hexamod:RainOfEmbers+1","hexamod:SwordOfDarkness+1"],"relics":["hexamod:SpiritBrand","halation:PinkSoulGem","halation:LoveArrow","ReplayTheSpireMod:CursedCoin","SnailShell","Replay:Towering Pillar of Hats","Grinning Jar","Omamori","MiniBlackHole","Frozen Egg 2","Replay:Lucky Slots","Onion Ring","Bronze Scales","aspiration:TomeofQuesting","Guide Book","halation:MonkeysPaw","SlaversCollar","ClockworkSouvenir","halation:PapillonHeart","halation:LettersToHer","Orichalcum","GiantMaggot"],"acts_visited":["Exordium","TheCity","TheBeyond"],"potions_floor_usage":[5,6,6,10,16,16,16,18,22,24,24,24,24,31,31,31,33,33,37,42,42,50,50],"damage_taken":[{"damage":0,"enemies":"Cultist","floor":1,"turns":4},{"damage":6,"enemies":"2 Louse","floor":5,"turns":4},{"damage":9,"enemies":"3 Sentries","floor":6,"turns":6},{"damage":0,"enemies":"Jaw Worm","floor":10,"turns":3},{"damage":2,"enemies":"Blue Slaver","floor":11,"turns":6},{"damage":6,"enemies":"3 Louse","floor":12,"turns":4},{"damage":18,"enemies":"Lagavulin","floor":13,"turns":6},{"damage":32,"enemies":"Fading Forest","floor":16,"turns":11},{"damage":15,"enemies":"2 Thieves","floor":18,"turns":5},{"damage":0,"enemies":"Chosen","floor":22,"turns":4},{"damage":4,"enemies":"Replay:Snechameleon","floor":24,"turns":5},{"damage":0,"enemies":"Snake Plant","floor":28,"turns":3},{"damage":2,"enemies":"Centurion and Healer","floor":31,"turns":5},{"damage":0,"enemies":"Automaton","floor":33,"turns":6},{"damage":0,"enemies":"Orb Walker","floor":35,"turns":3},{"damage":23,"enemies":"3 Shapes","floor":37,"turns":4},{"damage":14,"enemies":"Jaw Worm Horde","floor":39,"turns":5},{"damage":0,"enemies":"R_Hoarder","floor":40,"turns":6},{"damage":9,"enemies":"Spire Growth","floor":42,"turns":4},{"damage":14,"enemies":"Sphere and 2 Shapes","floor":47,"turns":4},{"damage":20,"enemies":"conspire:MimicChest","floor":48,"turns":5},{"damage":0,"enemies":"Replay:Hell Engine","floor":50,"turns":6}],"seed_played":"-8119337315203029248","potions_obtained":[{"floor":1,"key":"Weak Potion"},{"floor":5,"key":"hexamod:DoubleChargePotion"},{"floor":5,"key":"SkillPotion"},{"floor":6,"key":"SneckoOil"},{"floor":6,"key":"Elixir"},{"floor":10,"key":"Death Potion"},{"floor":11,"key":"Energy Potion"},{"floor":12,"key":"Fire Potion"},{"floor":16,"key":"Toxic Potion"},{"floor":16,"key":"Guardian:BlockOnCardUsePotion"},{"floor":18,"key":"sneckomod:MuddlingPotion"},{"floor":22,"key":"EntropicBrew"},{"floor":24,"key":"hexamod:DoubleChargePotion"},{"floor":28,"key":"Weak Potion"},{"floor":28,"key":"hexamod:EctoCoolerPotion"},{"floor":31,"key":"hexamod:EctoCoolerPotion"},{"floor":31,"key":"hexamod:EctoCoolerPotion"},{"floor":33,"key":"Toxic Potion"},{"floor":39,"key":"FairyPotion"},{"floor":40,"key":"Toxic Potion"},{"floor":40,"key":"sneckomod:MuddlingPotion"},{"floor":42,"key":"Flashbang"},{"floor":42,"key":"DistilledChaos"},{"floor":50,"key":"hexamod:SoulburnPotion"}],"is_trial":false,"path_per_floor":["M","$","?","?","M","E","R","?","T","M","M","M","E","?","R_BF","B",null,"M","?","AVR","?","M","R","E","R","T","R","M","T","$","M","R","B",null,"M","AVR","M","?","M","E","R","M","T","?","?","R","M","?","R","B",null],"character_chosen":"THE_SPIRIT","items_purchased":["ReplayTheSpireMod:CursedCoin","hexamod:RadiantFlame","SnailShell","hexamod:SecondSeal","Guide Book","hexamod:SpectersWail"],"campfire_rested":2,"item_purchase_floors":[2,2,2,30,30,30],"current_hp_per_floor":[70,70,70,63,57,48,48,48,48,48,46,40,22,22,43,25,70,55,55,55,55,55,55,51,51,51,51,51,51,51,49,49,49,70,70,70,47,47,33,33,33,24,24,58,58,58,44,24,41,41],"gold":442,"neow_bonus":"THREE_RARE_CARDS","is_daily":false,"chose_seed":false,"campfire_upgraded":5,"win_rate":0.0,"timestamp":1614179452,"path_taken":["M","$","?","?","M","E","R","?","T","M","M","?","E","?","R_BF","BOSS","M","?","AVR","?","?","R","E","R","T","R","M","?","?","M","R","BOSS","M","AVR","M","?","M","E","R","M","T","?","?","R","?","?","R","BOSS"],"items_purchased_type":["Relic","Card","Relic","Card","Relic","Card"],"build_version":"2020-12-22","purchased_purges":2,"victory":true,"max_hp_per_floor":[70,70,70,70,70,70,70,70,70,70,70,70,70,70,70,70,70,70,70,70,70,70,70,70,70,70,70,70,70,70,70,70,70,70,70,70,70,66,66,66,66,66,66,58,58,58,58,58,58,58],"relic_stats":{"counters":[22,109],"Bronze Scales":[109],"Orichalcum":[0],"obtain_stats":[{"SnailShell":2,"halation:PapillonHeart":38,"halation:MonkeysPaw":34,"Replay:Towering Pillar of Hats":4,"ReplayTheSpireMod:CursedCoin":2,"GiantMaggot":48,"Guide Book":30,"aspiration:TomeofQuesting":29,"Omamori":9,"Frozen Egg 2":14,"Orichalcum":43,"ClockworkSouvenir":36,"halation:LoveArrow":17,"SlaversCollar":36,"Bronze Scales":26,"MiniBlackHole":13,"Onion Ring":24,"Replay:Lucky Slots":20,"Grinning Jar":6,"halation:PinkSoulGem":3,"halation:LettersToHer":40,"hexamod:SpiritBrand":0},{"SnailShell":1,"halation:PapillonHeart":16,"halation:MonkeysPaw":14,"Replay:Towering Pillar of Hats":1,"ReplayTheSpireMod:CursedCoin":1,"GiantMaggot":21,"Guide Book":12,"aspiration:TomeofQuesting":12,"Omamori":3,"Frozen Egg 2":7,"Orichalcum":19,"ClockworkSouvenir":15,"halation:LoveArrow":8,"SlaversCollar":15,"Bronze Scales":11,"MiniBlackHole":7,"Onion Ring":11,"Replay:Lucky Slots":9,"Grinning Jar":3,"halation:PinkSoulGem":1,"halation:LettersToHer":18,"hexamod:SpiritBrand":0},{"SnailShell":4,"halation:PapillonHeart":79,"halation:MonkeysPaw":72,"Replay:Towering Pillar of Hats":4,"ReplayTheSpireMod:CursedCoin":4,"GiantMaggot":103,"Guide Book":61,"aspiration:TomeofQuesting":61,"Omamori":14,"Frozen Egg 2":33,"Orichalcum":94,"ClockworkSouvenir":75,"halation:LoveArrow":44,"SlaversCollar":75,"Bronze Scales":58,"MiniBlackHole":33,"Onion Ring":58,"Replay:Lucky Slots":49,"Grinning Jar":14,"halation:PinkSoulGem":4,"halation:LettersToHer":90,"hexamod:SpiritBrand":0}]},"card_choices":[{"not_picked":["hexamod:VolcanoVisage","hexamod:HexaLevel"],"picked":"hexamod:SixthSeal","floor":0},{"not_picked":["hexamod:GhostShield","hexamod:NecessarySacrifice"],"picked":"hexamod:FourthSeal","floor":1},{"not_picked":["hexamod:RainOfEmbers","hexamod:Haunt"],"picked":"hexamod:CatchUp","floor":5},{"not_picked":["hexamod:NightmareStrike","hexamod:ShieldOfDarkness"],"picked":"hexamod:UnlimitedPower","floor":6},{"not_picked":["hexamod:ShieldOfDarkness","hexamod:InspiringFlames"],"picked":"hexamod:RadiantFlame","floor":10},{"not_picked":["hexamod:StepThrough","hexamod:FourthSeal"],"picked":"hexamod:NightmareStrike","floor":11},{"not_picked":["hexamod:BacktrackSmack","hexamod:SwordOfDarkness"],"picked":"hexamod:AdvancingGuard","floor":12},{"not_picked":["hexamod:AdvancingGuard","hexamod:HeatMetal"],"picked":"hexamod:SearingWound","floor":13},{"not_picked":["hexamod:UnlimitedPower","hexamod:TurnItUp"],"picked":"hexamod:TimeWarp","floor":16},{"not_picked":["hexamod:GhostLash+1","hexamod:Firestarter"],"picked":"hexamod:NightmareGuise+1","floor":18},{"not_picked":["hexamod:Firestarter","hexamod:ShieldOfDarkness+1"],"picked":"hexamod:BurningTouch+1","floor":22},{"not_picked":["hexamod:Again","hexamod:GhostLash"],"picked":"hexamod:DynamicBlow+1","floor":24},{"not_picked":["hexamod:DynamicBlow","hexamod:PhantomFireball"],"picked":"hexamod:RecurringNightmare+1","floor":28},{"not_picked":["hexamod:HeatMetal","hexamod:GhostflameBarrier"],"picked":"hexamod:GhostLash+1","floor":31},{"not_picked":["hexamod:GhostOfSpirePresent+1","hexamod:TimeWarp"],"picked":"hexamod:ParanormalForm+1","floor":33},{"not_picked":["hexamod:ShieldOfDarkness","hexamod:Firestarter"],"picked":"hexamod:BacktrackSmack+1","floor":35},{"not_picked":["hexamod:Firestarter+1","hexamod:Hexaguard+1"],"picked":"hexamod:HeatShield+1","floor":37},{"not_picked":["hexamod:SpectersWail","hexamod:ShieldOfDarkness"],"picked":"hexamod:RetreatToShadows+1","floor":39},{"not_picked":["hexamod:SpectersWail","hexamod:HauntingEcho"],"picked":"hexamod:Haunt","floor":40},{"not_picked":["hexamod:AdvancingGuard","hexamod:BacktrackSmack+1"],"picked":"hexamod:ThermalTransfer+1","floor":42},{"not_picked":["hexamod:TimeWarp","hexamod:NightmareStrike+1"],"picked":"hexamod:RainOfEmbers+1","floor":47},{"not_picked":["hexamod:BacktrackSmack","hexamod:ShieldOfDarkness"],"picked":"hexamod:SwordOfDarkness+1","floor":48}],"player_experience":519458,"relics_obtained":[{"floor":6,"key":"Grinning Jar"},{"floor":9,"key":"Omamori"},{"floor":13,"key":"MiniBlackHole"},{"floor":24,"key":"Onion Ring"},{"floor":26,"key":"Bronze Scales"},{"floor":29,"key":"aspiration:TomeofQuesting"},{"floor":40,"key":"halation:LettersToHer"},{"floor":43,"key":"halation:LettersToHer"},{"floor":43,"key":"Orichalcum"},{"floor":48,"key":"GiantMaggot"}],"event_choices":[{"damage_healed":0,"gold_gain":0,"player_choice":"Relic ","damage_taken":7,"max_hp_gain":0,"max_hp_loss":0,"event_name":"betterThird:BetterScrap","floor":4,"gold_loss":0,"cards_obtained":["Finisher"]},{"damage_healed":0,"gold_gain":0,"player_choice":"Leave","damage_taken":0,"max_hp_gain":0,"max_hp_loss":0,"event_name":"conspire:Investor","floor":8,"gold_loss":0},{"cards_removed":["champ:Defend"],"damage_healed":0,"gold_gain":0,"player_choice":"Purged","damage_taken":0,"max_hp_gain":0,"max_hp_loss":0,"event_name":"Purifier","floor":19,"gold_loss":0},{"cards_removed":["hexamod:SixthSeal"],"damage_healed":0,"gold_gain":0,"player_choice":"Give","damage_taken":0,"max_hp_gain":0,"max_hp_loss":0,"event_name":"betterNote:BetterNote","floor":21,"gold_loss":0,"cards_obtained":["Slimebound:Split"]},{"damage_healed":58,"gold_gain":0,"player_choice":"Heal","damage_taken":0,"max_hp_gain":0,"max_hp_loss":8,"event_name":"The Moai Head","floor":44,"gold_loss":0},{"damage_healed":0,"gold_gain":0,"player_choice":"Copied","damage_taken":0,"max_hp_gain":0,"max_hp_loss":0,"event_name":"Duplicator","floor":45,"gold_loss":0,"cards_obtained":["infinitespire:FutureSight"]}],"is_beta":false,"boss_relics":[{"not_picked":["CosmicIsotope","aspiration:IroncladSkillbook"],"picked":"halation:LoveArrow"},{"not_picked":["halation:CatFaceCupcake","aspiration:FutureDiary"],"picked":"halation:MonkeysPaw"}],"items_purged_floors":[2,20],"is_endless":false,"potions_floor_spawned":[1,5,6,13,16,28,31,40,42,47,48],"ascension_level":0}}