{"host":"08z5bj28eube4vug","time":1614133172,"event":{"mods":["100% Spire Juice","2.2 Compatiblity","Abigail Mod","Act Like it!","BaseMod","Beaked The Cultist","Bestiary","Friendly Minions","Gensokyo","GungeonMod","Hallownest","Kiyohime????","Koishi","Lobotomy","Marisa????????","Minty Spire (QoL Compilation)","Prisma Mod","Remilia??????","Replay The Spire","Spire Arcade","StSLib","Td1madao Mod","The Alterego","The Bug Knight","The Jungle","The Sage","The Senshi","The Servant 0.9.4","Waifu the Spire","WarShipGirlsR/????R mod","Yuri Mod"],"gold_per_floor":[112,76,90,105,255,255,283,283,283,309,309,299,299,313,313,408,408,428,353,373,390,390,390,400,400,400,400,99,99,130,130,130,234,234,246,446,446,465,479,514,514,29,83,113,113,113,113,130,130,130],"floor_reached":51,"language":"ENG","playtime":3360,"items_purged":[],"score":1422,"play_id":"32f548f6-79f7-4d54-8fd6-8edddbe0a5f2","local_time":"20210224051932","is_ascension_mode":true,"campfire_choices":[{"data":"BlazeAway","floor":6.0,"key":"SMITH"},{"data":"OortCloud","floor":8.0,"key":"SMITH"},{"data":"DoubleSpark","floor":11.0,"key":"SMITH"},{"data":"TreasureHunter","floor":13.0,"key":"SMITH"},{"data":"UpSweep","floor":15.0,"key":"SMITH"},{"data":"MillisecondPulsars","floor":23,"key":"SMITH"},{"floor":25,"key":"REST"},{"floor":32,"key":"REST"},{"floor":41,"key":"REST"},{"data":"OortCloud","floor":45,"key":"SMITH"},{"floor":47,"key":"REST"},{"floor":49,"key":"DIG"}],"circlet_count":0,"master_deck":["Strike_MRS","Strike_MRS","Strike_MRS","Defend_MRS+1","Defend_MRS+1","Defend_MRS+1","Defend_MRS+1","MasterSpark+1","UpSweep+1","DoubleSpark+1","BlazeAway+1","OortCloud+1","EarthLightRay+1","Singularity","TreasureHunter+1","SporeBomb","MillisecondPulsars+1","FairyDestructionRay","Acceleration+1","6A","AlicesGift","OortCloud+1","StarBarrage+1","MagicAbsorber+1","BinaryStars","PrismaMod:IllyaInstallRuler","BlazeAway+1","MysteriousBeam+1","DeepEcoloBomb+1","Pot Of Greed","Pot Of Greed","Pot Of Greed","MysteriousBeam+1","OortCloud+1","AsteroidBelt","MilkyWay","6A+1"],"relics":["BewitchedHakkero","War Paint","Chameleon Ring","ReplayTheSpireMod:Lightbulb","Bird Faced Urn","DollysMirror","Dream Catcher","MagicBroom","Replay:Bottled Eggs","beaked:SacredDeck","Grinning Jar","PreservedInsect","ClockworkSouvenir","Strawberry","Omamori","Sundial","Counterbalance"],"acts_visited":["Exordium","TheCity","TheBeyond"],"potions_floor_usage":[30,38,39,44,50,50],"damage_taken":[{"damage":1.0,"enemies":"Cultist","floor":1.0,"turns":3.0},{"damage":4.0,"enemies":"Jaw Worm","floor":3.0,"turns":3.0},{"damage":1.0,"enemies":"2 Louse","floor":4.0,"turns":2.0},{"damage":4.0,"enemies":"HollowMod:MossKnight","floor":7.0,"turns":9.0},{"damage":11.0,"enemies":"Lagavulin","floor":10.0,"turns":5.0},{"damage":0.0,"enemies":"Blue Slaver","floor":14.0,"turns":3.0},{"damage":18.0,"enemies":"Hexaghost","floor":16.0,"turns":8.0},{"damage":39.0,"enemies":"2 Thieves","floor":18.0,"turns":3.0},{"damage":3,"enemies":"3 Byrds","floor":20,"turns":5},{"damage":5,"enemies":"3 Cultists","floor":21,"turns":4},{"damage":39,"enemies":"Snake Plant","floor":24,"turns":4},{"damage":0,"enemies":"Gremlin Leader","floor":30,"turns":4},{"damage":9,"enemies":"Pondfish","floor":33,"turns":11},{"damage":31,"enemies":"3 Darklings","floor":35,"turns":7},{"damage":10,"enemies":"Orb Walker","floor":38,"turns":2},{"damage":24,"enemies":"Maw","floor":39,"turns":6},{"damage":28,"enemies":"Giant Head","floor":40,"turns":6},{"damage":41,"enemies":"Reptomancer","floor":44,"turns":5},{"damage":12,"enemies":"Sphere and 2 Shapes","floor":48,"turns":6},{"damage":16,"enemies":"Donu and Deca","floor":50,"turns":7}],"seed_played":"5628116528516261888","potions_obtained":[{"floor":3.0,"key":"EssenceOfSteel"},{"floor":14.0,"key":"Ancient Potion"},{"floor":24,"key":"Adrenaline Potion"},{"floor":35,"key":"Flashbang"},{"floor":39,"key":"SpeedPotion"},{"floor":40,"key":"Reflective Coating"},{"floor":44,"key":"PowerPotion"}],"is_trial":false,"path_per_floor":["M","$","M","M","?","R","E","R","T","E","R","?","R","M","R","B",null,"M","?","M","M","?","R","M","R","T","?","$","?","E","T","R","B",null,"M","?","?","M","M","E","R","$","T","E","R","?","R","M","R","B",null],"character_chosen":"MARISA","items_purchased":["BlazeAway","DollysMirror","Dream Catcher","PreservedInsect","ClockworkSouvenir","OortCloud","AsteroidBelt","MilkyWay"],"campfire_rested":4,"item_purchase_floors":[2,28,28,42,42,42,42,42],"current_hp_per_floor":[67,67,63,62,62,62,58,58,58,53,53,53,53,59,59,47,68,35,35,38,39,39,39,6,28,28,28,28,14,26,26,50,55,74,59,59,59,51,43,31,55,55,62,35,35,35,61,65,65,69],"gold":130,"neow_bonus":"RANDOM_EVENT","is_daily":false,"chose_seed":false,"campfire_upgraded":7,"win_rate":0.0,"timestamp":1614133172,"path_taken":["M","?","M","M","?","R","E","R","T","E","R","?","R","M","R","BOSS","M","?","M","M","?","R","?","R","T","?","$","?","E","?","R","BOSS","M","?","?","?","M","E","R","?","T","E","R","?","R","M","R","BOSS"],"items_purchased_type":["Card","Relic","Relic","Relic","Relic","Card","Card","Card"],"build_version":"2020-12-22","purchased_purges":0,"victory":true,"max_hp_per_floor":[75,75,75,75,75,75,75,75,75,75,75,75,75,75,75,75,75,75,75,75,75,75,75,75,75,75,75,75,80,80,80,80,80,80,80,80,80,80,80,80,80,80,87,87,87,87,87,87,87,87],"card_choices":[{"not_picked":["UnstableBomb","DC"],"picked":"DoubleSpark","floor":1.0},{"not_picked":["MilkyWay","PowerUp"],"picked":"OortCloud","floor":3.0},{"not_picked":["Orbital","NonDirectionalLaser","Acceleration"],"picked":"SKIP","floor":4.0},{"not_picked":["Singularity","PulseMagic"],"picked":"EarthLightRay","floor":7.0},{"not_picked":["JA","GrandCross"],"picked":"Singularity","floor":10.0},{"not_picked":[],"picked":"TreasureHunter","floor":12.0},{"not_picked":["LuminesStrike","OneTimeOff"],"picked":"SporeBomb","floor":14.0},{"not_picked":["ManaRampage","EscapeVelocity"],"picked":"MillisecondPulsars","floor":16.0},{"not_picked":["SuperPerseids","EnergyRecoil"],"picked":"FairyDestructionRay","floor":18.0},{"not_picked":["DC","Singularity+1"],"picked":"Acceleration+1","floor":20},{"not_picked":["DragonMeteor","GalacticHalo"],"picked":"6A","floor":21},{"not_picked":["DarkSpark","GrandCross+1"],"picked":"AlicesGift","floor":24},{"not_picked":["GravityBeat+1","NonDirectionalLaser"],"picked":"StarBarrage+1","floor":30},{"not_picked":["AsteroidBelt","GalacticHalo"],"picked":"MagicAbsorber+1","floor":32},{"not_picked":["StarDustReverie","ManaRampage"],"picked":"BinaryStars","floor":33},{"not_picked":["DC+1","GrandCross"],"picked":"BlazeAway+1","floor":35},{"not_picked":["StarBarrage","BinaryStars"],"picked":"MysteriousBeam","floor":36},{"not_picked":["GravityBeat","GrandCross","MysteriousBeam"],"picked":"SKIP","floor":38},{"not_picked":["IllusionStar","6A"],"picked":"DeepEcoloBomb+1","floor":39},{"not_picked":["GrandCross","ManaConvection","PowerUp"],"picked":"SKIP","floor":40},{"not_picked":["ShootingEcho+1","GasGiant"],"picked":"MysteriousBeam+1","floor":41},{"not_picked":["SporeBomb","OneTimeOff","DC"],"picked":"SKIP","floor":44},{"not_picked":["GrandCross","MysteriousBeam+1"],"picked":"6A+1","floor":47},{"not_picked":["MagicChant","WitchLeyline","GravityBeat"],"picked":"SKIP","floor":48}],"player_experience":948759,"relics_obtained":[{"floor":7.0,"key":"War Paint"},{"floor":9.0,"key":"Chameleon Ring"},{"floor":10.0,"key":"ReplayTheSpireMod:Lightbulb"},{"floor":26,"key":"Bird Faced Urn"},{"floor":30,"key":"MagicBroom"},{"floor":31,"key":"Replay:Bottled Eggs"},{"floor":40,"key":"Grinning Jar"},{"floor":43,"key":"Strawberry"},{"floor":44,"key":"Omamori"},{"floor":44,"key":"Sundial"},{"floor":49,"key":"Counterbalance"}],"event_choices":[{"damage_healed":0.0,"max_hp_gain":0.0,"max_hp_loss":0.0,"gold_gain":0.0,"event_name":"Living Wall","player_choice":"Grow","floor":0.0,"gold_loss":0.0,"damage_taken":0.0,"cards_upgraded":["MasterSpark"]},{"cards_removed":["Strike_MRS"],"damage_healed":0.0,"max_hp_gain":0.0,"max_hp_loss":0.0,"gold_gain":0.0,"event_name":"Beggar","player_choice":"Gave Gold","floor":19.0,"gold_loss":75.0,"damage_taken":0.0},{"damage_healed":0,"gold_gain":0,"player_choice":"Ignored","damage_taken":0,"max_hp_gain":0,"max_hp_loss":0,"event_name":"Ghosts","floor":22,"gold_loss":0},{"damage_healed":0,"gold_gain":0,"player_choice":"Shed Blood","damage_taken":19,"max_hp_gain":5,"max_hp_loss":0,"event_name":"Forgotten Altar","floor":29,"gold_loss":0},{"damage_healed":0,"gold_gain":0,"player_choice":"Upgraded","damage_taken":0,"max_hp_gain":0,"max_hp_loss":0,"event_name":"Upgrade Shrine","floor":37,"gold_loss":0,"cards_upgraded":["MysteriousBeam"]},{"damage_healed":0,"gold_gain":0,"player_choice":"Ignored","damage_taken":0,"max_hp_gain":0,"max_hp_loss":0,"event_name":"The Moai Head","floor":46,"gold_loss":0}],"is_beta":false,"boss_relics":[{"not_picked":["Velvet Choker","Replay:Drink Me"],"picked":"BewitchedHakkero"},{"not_picked":["Sozu","Snecko Eye"],"picked":"beaked:SacredDeck"}],"items_purged_floors":[],"is_endless":false,"potions_floor_spawned":[3,14,24,35,39,40,44],"ascension_level":9}}