{"host":"qwp6882a7gaon7u5","time":1614181575,"event":{"mods":["ATMod(阿瑾Mod)","Act Like it!","BaseMod","BetterRewards","CapriCore","Library of Ruina","Library of Ruina Extra","Minty Spire (QoL Compilation)","Red Circlet Mod","Relic Filter Mod","Replay The Spire","RumiaBox-露米娅的神秘盒子","Spicy Shops","StSLib","【功能Mod】混沌之环修复补丁","【遗物卡牌】REMEMod","篝火指南"],"gold_per_floor":[127,136,59,107,107,142,180,219,245,297,337,359,386,411,45,146,155,188,115,136,170,209,264,300,346,358,381,422,467,508,543,555,675,687,720,732,768,802,834,884,915,970,982,994,98,164,220,251,263,275,287,299,311,6,40,40],"floor_reached":57,"language":"ZHS","playtime":3259,"items_purged":["CommonCold"],"score":1739,"play_id":"15dad0e5-3699-4818-befc-b7a3ec7554af","local_time":"20210224234615","is_ascension_mode":true,"campfire_choices":[{"floor":32,"key":"RECALL"},{"data":"FrontalAssault","floor":49,"key":"SMITH"},{"data":"LightAttack","floor":53,"key":"SMITH"}],"circlet_count":0,"master_deck":["Dodge+1","LightDefense","LightAttack","LightAttack","LightAttack+1","LightDefense","LightDefense","LightDefense","ChargeAndCover","FocusedStrikes","Apotheosis+1","AT_FamilyPortrait+1","SilentMist","Unlock1","Deflect_lor","BackstreetsDash+1","BattleCommand+1","Parry2","SinglePointStab+1","HandleRequest+1","FrontalAssault+1","CurseOfTheBell","DarkCloud+1","Writhe","TendonChords+1","Parry+1","PinpointShot+1","FrontalAssault","Thirst+1","UnforgettableMelody","FlamingDragonFist+1","GreatSerpentsImpact+1","SinglePointStab+1","EnergyCycle+1","SilentMist+1","Gigigig+1","StructuralAnalysis","ToOvercomeCrisis+1","BurningFlash+1","UpbeatPerformance+1","EmotionalTurbulence+1","Reload"],"relics":["PageOfLibrarian","REME_ComplimentaryCards","AT_ATBox","ReplayTheSpireMod:TigerMarble","Replay:Ringing Soul","Guide Book","AT_SilvercatRing","Sling","Tiny Chest","CeramicFish","ReplayTheSpireMod:CursedCoin","Molten Egg 2","Bag of Preparation","WingedGreaves","Ring of Fangs","PreservedInsect","Spirit Poop","Simple Rune","War Paint","PageOfSpiderBud","Vajra","Singing Bowl","Lantern","PageOfScarecrow","ClockworkSouvenir","Juzu Bracelet","Calling Bell","MawBank","AT_Manta","PageOfNothingThere","LastBattle","Chameleon Ring","AT_ChloranthyRing","Mango","Garlic","The Courier","Ice Cream","Honey Jar","Regal Pillow","SSSystem","ReplayFunnel","Happy Flower","Chemical X","Replay:Wax Seal","Ancient Tea Set","Bag of Marbles","CaptainsWheel","Oddly Smooth Stone","Strawberry","PageOfTheSilentOrchestra","AT_ArchangelStaff","PageOfLumberjack","Replay:Rubber Ducky","Replay:PocketPolymizer"],"acts_visited":["Exordium","TheCity","TheBeyond","TheEnding"],"potions_floor_usage":[16,24,38,40,40,56,56],"damage_taken":[{"damage":5,"enemies":"Jaw Worm","floor":1,"turns":3},{"damage":10,"enemies":"2 Louse","floor":4,"turns":4},{"damage":1,"enemies":"Lagavulin","floor":6,"turns":3},{"damage":10,"enemies":"Gremlin Nob","floor":7,"turns":4},{"damage":1,"enemies":"3 Sentries","floor":8,"turns":4},{"damage":0,"enemies":"Gremlin Nob","floor":11,"turns":2},{"damage":0,"enemies":"Cultist","floor":12,"turns":3},{"damage":8,"enemies":"Lagavulin","floor":13,"turns":3},{"damage":9,"enemies":"3 Sentries","floor":14,"turns":3},{"damage":0,"enemies":"Fading Forest","floor":16,"turns":11},{"damage":0,"enemies":"3 Byrds","floor":18,"turns":3},{"damage":0,"enemies":"2 Thieves","floor":21,"turns":3},{"damage":0,"enemies":"Gremlin Leader","floor":23,"turns":3},{"damage":0,"enemies":"Centurion and Healer","floor":24,"turns":2},{"damage":0,"enemies":"Book of Stabbing","floor":25,"turns":3},{"damage":0,"enemies":"Snake Plant","floor":27,"turns":4},{"damage":0,"enemies":"Cultist and Chosen","floor":28,"turns":3},{"damage":0,"enemies":"REME_1_Revenger","floor":29,"turns":1},{"damage":0,"enemies":"Chosen and Byrds","floor":30,"turns":4},{"damage":0,"enemies":"Centurion and Healer","floor":31,"turns":2},{"damage":6,"enemies":"Automaton","floor":33,"turns":5},{"damage":0,"enemies":"Orb Walker","floor":35,"turns":1},{"damage":0,"enemies":"3 Darklings","floor":37,"turns":4},{"damage":0,"enemies":"Transient","floor":38,"turns":5},{"damage":0,"enemies":"Sphere and 2 Shapes","floor":39,"turns":4},{"damage":7,"enemies":"R_Hoarder","floor":40,"turns":3},{"damage":0,"enemies":"Spire Growth","floor":41,"turns":2},{"damage":4,"enemies":"Reptomancer","floor":42,"turns":2},{"damage":0,"enemies":"Giant Head","floor":47,"turns":2},{"damage":0,"enemies":"4 Shapes","floor":48,"turns":3},{"damage":16,"enemies":"Awakened One","floor":50,"turns":6},{"damage":0,"enemies":"Awakened One","floor":51,"turns":4},{"damage":0,"enemies":"Shield and Spear","floor":55,"turns":1},{"damage":16,"enemies":"The Heart","floor":56,"turns":5}],"seed_played":"-8788880805034043075","potions_obtained":[{"floor":6,"key":"CultistPotion"},{"floor":7,"key":"Elixir"},{"floor":8,"key":"Reflective Coating"},{"floor":18,"key":"Milkshake"},{"floor":25,"key":"BlessingOfTheForge"},{"floor":28,"key":"Dexterity Potion"},{"floor":35,"key":"BlessingOfTheForge"},{"floor":39,"key":"Doom Potion"},{"floor":46,"key":"SteroidPotion"},{"floor":46,"key":"Milkshake"},{"floor":46,"key":"SteroidPotion"},{"floor":47,"key":"EssenceOfSteel"},{"floor":55,"key":"SkillPotion"}],"is_trial":false,"path_per_floor":["M","?","$","M","?","E","E","E","T","T","E","M","E","E","R","B",null,"M","?","?","M","T","E","M","E","T","M","M","E","M","M","R","B",null,"M","$","M","M","M","E","M","E","T","?","R","?","E","M","R","B",null,null,"R","$","E","B",null],"character_chosen":"Librarian","items_purchased":["ReplayTheSpireMod:TigerMarble","Replay:Ringing Soul","Guide Book","AT_SilvercatRing","Sling","Tiny Chest","CeramicFish","ReplayTheSpireMod:CursedCoin","SilentMist","Unlock1","Molten Egg 2","Bag of Preparation","WingedGreaves","PreservedInsect","ClockworkSouvenir","Juzu Bracelet","Chemical X","Replay:Wax Seal","Ancient Tea Set","Bag of Marbles","CaptainsWheel","Oddly Smooth Stone","Strawberry","PageOfTheSilentOrchestra","PageOfLumberjack","Replay:Rubber Ducky"],"campfire_rested":0,"item_purchase_floors":[0,0,0,0,0,0,0,0,0,0,0,0,0,3,15,15,45,45,45,45,45,45,45,45,54,54],"current_hp_per_floor":[61,64,64,57,57,59,52,54,54,54,60,66,63,65,65,105,108,103,103,106,109,109,125,128,131,131,133,138,140,140,143,143,147,162,165,165,171,133,145,151,162,172,172,172,179,106,126,141,141,163,182,196,196,196,198,198],"gold":40,"neow_bonus":"","is_daily":false,"chose_seed":false,"campfire_upgraded":2,"win_rate":0.0,"timestamp":1614181575,"path_taken":["M","?","?","M","?","E","E","E","T","?","E","?","E","E","R","BOSS","M","?","?","M","?","E","M","E","T","M","M","E","M","M","R","BOSS","M","?","M","M","M","E","M","E","T","?","R","?","E","M","R","BOSS","R","$","E","BOSS"],"items_purchased_type":["Relic","Relic","Relic","Relic","Relic","Relic","Relic","Relic","Card","Card","Relic","Relic","Relic","Relic","Relic","Relic","Relic","Relic","Relic","Relic","Relic","Relic","Relic","Relic","Relic","Relic"],"build_version":"2020-12-22","purchased_purges":1,"victory":true,"max_hp_per_floor":[84,87,87,80,80,82,81,87,87,87,93,106,100,103,103,105,108,103,103,106,116,116,125,145,131,131,135,150,140,140,144,144,162,162,168,168,334,157,160,173,186,188,188,188,195,200,214,196,196,196,196,196,196,196,198,198],"card_choices":[{"not_picked":["QuickAttack+1","VioletBlade+1","WillOfThePrescript","StructuralAnalysis","SnakesPrey","TrimTheIngredients+1","SinglePointStab+1","EnergyCycle+1"],"picked":"Deflect_lor","floor":1},{"not_picked":["SetFire+1","Diversion+1","OpportunitySpotted+1","SpearedSweep+1","UnforgettableMelody","StrikeDown+1","HighKick+1","Wallop_lor+1"],"picked":"BackstreetsDash+1","floor":4},{"not_picked":["MultiBlock","Quickness","HighKick+1","SuppressingShot+1","UnforgettableMelody","Thirst+1","SpearedSweep+1","OpportunitySpotted+1"],"picked":"BattleCommand","floor":6},{"not_picked":["SinglePointStab+1","FleetEdge+1","HandlingWork+1","DestructiveImpact+1","SharpSwipe+1","AGoldenOpportunity","LossOfSenses+1","StayCalm"],"picked":"Parry2","floor":7},{"not_picked":["EndlessBattle+1","PinpointShot+1","CoordinatedAssault","EnergyStrike+1","Decapitation+1","NonstopAssault+1","FlashingStrike+1","StrongStrike+1"],"picked":"SinglePointStab+1","floor":8},{"not_picked":["BizarreAttack+1","SharpNails+1","CombatPreparation","MultiHit+1","SenseQuarry","SkitterAway","BackstreetsDash+1","StructuralAnalysis"],"picked":"HandleRequest+1","floor":11},{"not_picked":["Wallop_lor+1","SteelKnuckles+1","Rewind","SharpSwipe+1","Feast+1","DefenseOrder","StrongStrike+1","Faith"],"picked":"FrontalAssault","floor":12},{"not_picked":["InkOver+1","HardRehearsal+1","Overpower+1","ButterflySlash+1","Rewind","NightInTheBackstreets+1","DesperateStruggle+1","DimensionalRift+1","BackAttack"],"picked":"Singing Bowl","floor":13},{"not_picked":["OpportunitySpotted+1","ForcefulGesture+1","UndertakePrescript","EndlessBattle+1","GrazeTheGrass+1","PreemptiveStrike+1","GuardingStance","DesperateStruggle+1","AsThePrescriptOrders"],"picked":"Singing Bowl","floor":14},{"not_picked":["DaringDecision+1","SenseQuarry","RepressedFlesh+1"],"picked":"Singing Bowl","floor":16},{"not_picked":["ConcentratedFire+1","EnergyStrike+1","Rampage_lor+1","DaringDecision+1","BackAttack","Diversion+1","SpearedSweep+1","TrimTheIngredients+1"],"picked":"DarkCloud+1","floor":18},{"not_picked":["AssaultOrder+1","CumulusWall","FleetEdge+1","FierceOnslaught+1","UnavoidableGaze","SunsetBlade","HighKick+1","Zzzzzap+1"],"picked":"TendonChords+1","floor":21},{"not_picked":["SetFire+1","Overpower+1","Gigigig+1","StartinOutLightly","PreemptiveStrike+1","FieryWaltz+1","EnergyStrike+1","YouOnlyLiveOnce+1"],"picked":"Parry+1","floor":23},{"not_picked":["Thrust+1","Parry2","NightInTheBackstreets+1","DirtyBlow+1","FierceCharge","GreatSerpentsImpact+1","EnergyCycle+1","BackstreetsDash+1"],"picked":"PinpointShot+1","floor":24},{"not_picked":["BayonetCombat+1","TraceOfFumes+1","StartinOutLightly+1","AutonomousRush+1","Gamble+1","GuidanceOfTheGears","EnergyStrike+1","SenseQuarry","TasteMyFlamingBat+1"],"picked":"Singing Bowl","floor":25},{"not_picked":["BiAn","ShrineToMusic","MindWhip+1","Wallop_lor+1","SteelKnuckles+1","FierceCharge","EndlessBattle+1","BizarreAttack+1","FleetFootsteps+1"],"picked":"Singing Bowl","floor":27},{"not_picked":["FleetFootsteps","UpbeatPerformance+1","SearingSword+1","Leap_lor+1","FaintMemories+1","MindPrepared+1","RushDown+1","TimeForALittleTest+1"],"picked":"FrontalAssault","floor":28},{"not_picked":["SteelKnuckles+1","CircusKnives+1","SnakeSlit+1","HighKick+1","SinglePointStab+1","TimeForALittleTest+1","Outburst+1","VioletBlade+1","QuickSuppression+1"],"picked":"Singing Bowl","floor":29},{"not_picked":["PuppetBlockade+1","PinpointShot+1","LawAndOrder+1","Pound+1","Struggle","Unlock1+1","TrimTheIngredients+1","GuardingStance"],"picked":"Thirst+1","floor":30},{"not_picked":["CircusKnives+1","SmokingPipe","MultiBlock","HardRehearsal+1","EnergyCycle+1","EnergyConversion+1","MultiHit+1","ChopItOff+1"],"picked":"UnforgettableMelody","floor":31},{"not_picked":["RagingStormLove+1","Castigation+1"],"picked":"FlamingDragonFist+1","floor":33},{"not_picked":["UpbeatPerformance+1","ClassAndRespect+1","Multislash+1","ChopItOff+1","PinpointShot+1","DarkCloud+1","Cruelty+1","RushDown+1","Standoff+1"],"picked":"GreatSerpentsImpact+1","floor":35},{"not_picked":["ConcentratedFire+1","ClassAndRespect+1","PinpointShot+1","WrathOfTorment+1","Gamble+1","MultiBlock+1","FleetEdge+1","QuickSuppression+1","FierceCharge"],"picked":"SinglePointStab+1","floor":37},{"not_picked":["GatherIntel","Rewind","FlyingSword+1","HandleRequest+1","RepressedFlesh+1","StructuralAnalysis+1","SharpNails+1","YouOnlyLiveOnce+1","GreatSerpentsImpact+1","EnergyCycle+1"],"picked":"Singing Bowl","floor":38},{"not_picked":["DesperateStruggle+1","Tailoring+1","ElectricShock+1","Rewind+1","Thrust+1","GuardingStance+1","SturdyDefense","SpearedSweep+1","SmokingPipe"],"picked":"SilentMist+1","floor":39},{"not_picked":["Quickness","HandlingWork+1","Struggle","CombatPreparation","Reload+1","DaringDecision+1","EnergyCycle+1","Gigigig+1","StayCalm","EnergyStrike+1"],"picked":"Singing Bowl","floor":40},{"not_picked":["Track+1","ScatteringSlash+1","EnergyShield","StructuralAnalysis","MindWhip+1","GrazeTheGrass+1","SinglePointStab+1","YourShield+1","EnergyStrike+1","Parry2"],"picked":"Singing Bowl","floor":41},{"not_picked":["Slice_lor+1","Standoff+1","Mutilate+1","ToOvercomeCrisis+1","SuppressingShot+1","FlamingDragonFist+1","TendonChords+1","ProselytesBlade+1","Struggle","SmokingPipe"],"picked":"Singing Bowl","floor":42},{"not_picked":["KeepItFresh+1","BurningFlash+1","RulesOfTheBackstreets+1","Parry+1","DarkCloud+1","NightInTheBackstreets+1","StrongStrike+1","Thrust+1","GuardingStance+1","YouOnlyLiveOnce+1"],"picked":"Singing Bowl","floor":46},{"not_picked":["SmokingPipe","UpbeatPerformance+1","FierceCharge","Unlock1+1","ViolentFlame","SinglePointStab+1","Pound+1","MultiHit+1","FleetFootsteps","YoureAHindrance+1"],"picked":"Singing Bowl","floor":47},{"not_picked":["RatsGuideToSurvival+1","SharpSwipe+1","FleetEdge+1","PreemptiveStrike+1","Eject+1","SparkingSpear+1","IngredientHunt+1","Outburst+1","Standoff+1"],"picked":"EmotionalTurbulence+1","floor":48},{"not_picked":["FaintMemories+1","Eliminate+1","Leap_lor+1","Diversion+1","ICanCookAnything+1","BlowItUp+1","PreemptiveStrike+1","FleshFillet+1","DefenseOrder+1"],"picked":"Reload","floor":55}],"player_experience":188963,"relics_obtained":[{"floor":2,"key":"Ring of Fangs"},{"floor":6,"key":"Simple Rune"},{"floor":7,"key":"War Paint"},{"floor":8,"key":"PageOfSpiderBud"},{"floor":9,"key":"Vajra"},{"floor":11,"key":"Singing Bowl"},{"floor":13,"key":"Lantern"},{"floor":14,"key":"PageOfScarecrow"},{"floor":17,"key":"MawBank"},{"floor":17,"key":"AT_Manta"},{"floor":17,"key":"PageOfNothingThere"},{"floor":22,"key":"AT_ChloranthyRing"},{"floor":23,"key":"Mango"},{"floor":25,"key":"Garlic"},{"floor":26,"key":"The Courier"},{"floor":29,"key":"Ice Cream"},{"floor":40,"key":"Regal Pillow"},{"floor":42,"key":"SSSystem"},{"floor":43,"key":"ReplayFunnel"},{"floor":47,"key":"AT_ArchangelStaff"},{"floor":55,"key":"Replay:PocketPolymizer"}],"event_choices":[{"cards_removed":["Sickly"],"damage_healed":0,"gold_gain":0,"player_choice":"Offered Curse","damage_taken":0,"relics_obtained":["Spirit Poop"],"max_hp_gain":0,"max_hp_loss":0,"event_name":"Bonfire Elementals","floor":5,"gold_loss":0},{"damage_healed":0,"gold_gain":0,"player_choice":"Obtained Relic","damage_taken":0,"relics_obtained":["LastBattle"],"max_hp_gain":0,"max_hp_loss":0,"event_name":"Addict","floor":19,"gold_loss":85},{"damage_healed":0,"gold_gain":0,"player_choice":"Opened","damage_taken":0,"relics_obtained":["Chameleon Ring"],"max_hp_gain":0,"max_hp_loss":0,"event_name":"The Mausoleum","floor":20,"gold_loss":0,"cards_obtained":["Writhe"]},{"damage_healed":0,"gold_gain":0,"player_choice":"Gave Potion","damage_taken":0,"relics_obtained":["Happy Flower"],"max_hp_gain":0,"max_hp_loss":0,"event_name":"WeMeetAgain","floor":44,"gold_loss":0}],"is_beta":false,"boss_relics":[{"not_picked":["SlaversCollar","Abe\u0027s Treasure"],"picked":"Calling Bell"},{"not_picked":["AddBug","Ring of Chaos"],"picked":"Honey Jar"}],"items_purged_floors":[15],"is_endless":false,"potions_floor_spawned":[6,7,8,11,18,25,27,28,35,39,47,55],"ascension_level":1}}