{"host":"czen9m7c7ttmirt2","time":1614153804,"event":{"mods":["AchievementEnabler","Aspiration","BaseMod","Better Third Choice","Colored Map","Colored Powertips","Conspire","Hubris","Minty Spire (QoL Compilation)","Replay The Spire","StSLib"],"gold_per_floor":[114,128,144,156,231,231,256,256,310,310,310,328,328,346,346,346,346],"floor_reached":16,"language":"ENG","playtime":847,"items_purged":[],"score":122,"play_id":"47dc39a0-f5c0-43ea-bc98-a2bfd1b4a0f4","local_time":"20210224020324","is_ascension_mode":true,"campfire_choices":[{"floor":6,"key":"REST"},{"floor":8,"key":"REST"},{"floor":13,"key":"REST"},{"floor":15,"key":"REST"}],"circlet_count":0,"master_deck":["Strike_B+1","Strike_B","Strike_B","Strike_B","Defend_B","Defend_B","Defend_B+1","Defend_B","Zap","Dualcast","Core Surge","hubris:PowerSurge","Redo","Hologram","FIFO Queue","Melter","Conserve Battery","Ball Lightning"],"relics":["Cracked Core","Kunai"],"acts_visited":["Exordium"],"potions_floor_usage":[4,14,16,16],"damage_taken":[{"damage":0,"enemies":"2 Louse","floor":1,"turns":2},{"damage":0,"enemies":"conspire:RoseBush","floor":2,"turns":2},{"damage":2,"enemies":"Jaw Worm","floor":3,"turns":2},{"damage":27,"enemies":"Gremlin Gang","floor":4,"turns":4},{"damage":52,"enemies":"3 Sentries","floor":7,"turns":9},{"damage":11,"enemies":"Exordium Thugs","floor":12,"turns":5},{"damage":0,"enemies":"Large Slime","floor":14,"turns":3},{"damage":57,"enemies":"Fading Forest","floor":16,"turns":11}],"seed_played":"-6627449951848280052","potions_obtained":[{"floor":3,"key":"Block Potion"},{"floor":7,"key":"Languid Potion"},{"floor":12,"key":"Fire Potion"},{"floor":14,"key":"Adrenaline Potion"}],"is_trial":false,"path_per_floor":["M","M","M","M","?","R","E","R","T","?","$","M","R","M","R","B"],"character_chosen":"DEFECT","items_purchased":[],"campfire_rested":4,"item_purchase_floors":[],"current_hp_per_floor":[75,75,73,46,35,57,5,27,27,12,12,1,23,23,45,0,0],"gold":346,"neow_bonus":"ONE_RANDOM_RARE_CARD","is_daily":false,"chose_seed":false,"campfire_upgraded":0,"win_rate":0.0,"timestamp":1614153804,"path_taken":["M","M","M","M","?","R","E","R","T","?","?","?","R","M","R","BOSS"],"items_purchased_type":[],"build_version":"2020-12-22","purchased_purges":0,"victory":false,"max_hp_per_floor":[75,75,75,75,75,75,75,75,75,75,75,75,75,75,75,75,75],"card_choices":[{"not_picked":["Sweeping Beam","Static Discharge"],"picked":"hubris:PowerSurge","floor":1},{"not_picked":["Turbo","Cold Snap"],"picked":"Redo","floor":2},{"not_picked":["Streamline","Sweeping Beam"],"picked":"Hologram","floor":3},{"not_picked":["Heatsinks","Redo"],"picked":"FIFO Queue","floor":4},{"not_picked":["Meteor Strike","Compile Driver"],"picked":"Melter","floor":7},{"not_picked":["Redo","Leap"],"picked":"Conserve Battery","floor":12},{"not_picked":["Conserve Battery","Barrage"],"picked":"Ball Lightning","floor":14}],"player_experience":224701,"relics_obtained":[{"floor":7,"key":"Kunai"}],"event_choices":[{"damage_healed":0,"gold_gain":75,"player_choice":"Gold","damage_taken":11,"max_hp_gain":0,"max_hp_loss":0,"event_name":"betterThird:BetterGoop","floor":5,"gold_loss":0},{"damage_healed":27,"gold_gain":0,"player_choice":"Upgrade","damage_taken":15,"max_hp_gain":0,"max_hp_loss":75,"event_name":"betterThird:BetterShining","floor":10,"gold_loss":0,"cards_upgraded":["Defend_B","Strike_B"]}],"is_beta":false,"boss_relics":[],"items_purged_floors":[],"is_endless":false,"potions_floor_spawned":[3,7,12,14],"killed_by":"Fading Forest","ascension_level":4}}