{"host":"z8n47vy4vaymw9pl","time":1614172488,"event":{"mods":["2.2 Compatiblity","Act Like it!","Always Whale","BaseMod","Better Altar","Better Match","Better Note","Better Sensory Stone","Better Skull","Better Third Choice","Colored Map","Colored Powertips","Defuse TimeMaze Blight","Downfall","Energized Spire","Hubris","Lobotomy","LobotomyExtend","Minty Spire (QoL Compilation)","Reliquary","Replay The Spire","Robot Space Explorer","Shapeshifter Mod","Spire Arcade","StSLib","The Blue Laboratory","The Construct","TheSurvivalist","Unceasing Turn Reminder","Wandering Minibosses"],"gold_per_floor":[110,110,110,165,83,83,138,138,138,138,138,149,167,167],"floor_reached":13,"language":"ENG","playtime":389,"items_purged":[],"score":79,"play_id":"c3c7b88d-1f3e-4496-a0ed-840296a63eeb","local_time":"20210224051448","is_ascension_mode":false,"campfire_choices":[{"data":"StSShapeShifter:FoxForm","floor":6,"key":"SMITH"},{"data":"StSShapeShifter:Ensconce","floor":8,"key":"SMITH"},{"data":"StSShapeShifter:Lynx_Form","floor":10,"key":"SMITH"}],"circlet_count":0,"master_deck":["StSShapeShifter:ShapeShifter_Strike+1","StSShapeShifter:ShapeShifter_Strike","StSShapeShifter:ShapeShifter_Strike","StSShapeShifter:ShapeShifter_Strike","StSShapeShifter:ShapeShifter_Strike","StSShapeShifter:ShapeShifter_Defend","StSShapeShifter:ShapeShifter_Defend+1","StSShapeShifter:ShapeShifter_Defend","StSShapeShifter:ShapeShifter_Defend","StSShapeShifter:Tortoise_Form","StSShapeShifter:Lynx_Form+1","StSShapeShifter:FoxForm+1","StSShapeShifter:Ensconce+1","StSShapeShifter:BurstingSpore"],"relics":["StSShapeShifter:AnimalHeart","StSShapeShifter:TheShapeShiftersMagnolia","LetterFromLob","Boot","StSShapeShifter:PetrifiedLog","Centennial Puzzle"],"acts_visited":["Exordium"],"potions_floor_usage":[7],"damage_taken":[{"damage":1,"enemies":"2 Louse","floor":1,"turns":2},{"damage":48,"enemies":"Lagavulin","floor":7,"turns":13},{"damage":0,"enemies":"Small Slimes","floor":12,"turns":1},{"damage":20,"enemies":"Gremlin Nob","floor":13,"turns":3}],"seed_played":"117008742421564094","potions_obtained":[{"floor":1,"key":"blueLaboratory:TrueEctoplasm"}],"is_trial":false,"path_per_floor":["M","?","?","T","$","R","E","R","T","R","M","M","E"],"character_chosen":"SHAPESHIFTER","items_purchased":["StSShapeShifter:Ensconce"],"campfire_rested":0,"item_purchase_floors":[5],"current_hp_per_floor":[77,77,61,61,61,61,13,13,13,13,13,13,0,0],"gold":167,"neow_bonus":"REMOVE_CARD","is_daily":false,"chose_seed":false,"campfire_upgraded":3,"win_rate":0.0,"timestamp":1614172488,"path_taken":["M","?","?","?","$","R","E","R","T","R","M","M","E"],"items_purchased_type":["Card"],"build_version":"2020-12-22","purchased_purges":0,"victory":false,"max_hp_per_floor":[78,78,78,78,78,78,78,78,78,78,78,78,78,78],"card_choices":[{"not_picked":["StSShapeShifter:VineHandcuffs","StSShapeShifter:CosmicShifter"],"picked":"StSShapeShifter:FoxForm","floor":1},{"not_picked":["StSShapeShifter:BloomingSlash","StSShapeShifter:TopazSkin"],"picked":"StSShapeShifter:BurstingSpore","floor":7},{"not_picked":["StSShapeShifter:FallingLeaves","StSShapeShifter:OakBlade","StSShapeShifter:DeepWound"],"picked":"SKIP","floor":12}],"player_experience":707430,"relics_obtained":[{"floor":1,"key":"LetterFromLob"},{"floor":4,"key":"Boot"},{"floor":7,"key":"StSShapeShifter:PetrifiedLog"},{"floor":9,"key":"Centennial Puzzle"}],"event_choices":[{"damage_healed":77,"gold_gain":0,"player_choice":"Upgrade","damage_taken":16,"max_hp_gain":0,"max_hp_loss":78,"event_name":"betterThird:BetterShining","floor":3,"gold_loss":0,"cards_upgraded":["StSShapeShifter:ShapeShifter_Defend","StSShapeShifter:ShapeShifter_Strike"]}],"is_beta":false,"boss_relics":[],"items_purged_floors":[],"is_endless":false,"potions_floor_spawned":[1],"killed_by":"Gremlin Nob","ascension_level":0}}