{"host":"pcv3ln7w6288nxz4","time":1614156741,"event":{"mods":["AchievementEnabler","Act Like it!","Aspiration","BaseMod","Better Third Choice","Clockwork Mod","Colored Map","Colored Powertips","Downfall","Energized Spire","Hallownest","Hermit","Hubris","Infinite Spire","Jorbs\u0027s Wanderer Trilogy","Library of Ruina","Library of Ruina Extra","Lobotomy","LobotomyExtend","Minty Spire (QoL Compilation)","Replay The Spire","Ruina","Shade Mod","StSLib","The Bug Knight","The Construct","The Cursed","The Disciple","The Forsaken","The Hierophant","The Judge","The Jungle","The Necromancer"],"gold_per_floor":[114,132,143,153,168,168,195,213,213,225,253,253,253,183,183,279,279,297,297,297,314,326,326,360,360,413,413,426,426,455,25,25,129,129,148,167,167,177,195,195,224,224,224,224,258,281,281,281,281,287,297,297,297,33,97,111],"floor_reached":57,"language":"ENG","playtime":5613,"items_purged":["LightAttack"],"score":1387,"play_id":"4e8533ec-f7c7-4b1e-b310-efc2c193b49e","local_time":"20210224005221","is_ascension_mode":false,"campfire_choices":[{"data":"FleetFootsteps","floor":6,"key":"SMITH"},{"data":"Laceration","floor":12,"key":"SMITH"},{"floor":15,"key":"REST"},{"data":"ForTheFamily","floor":23,"key":"SMITH"},{"data":"CrackOfDawn","floor":25,"key":"SMITH"},{"data":"infinitespire:SevenWalls","floor":32,"key":"SMITH"},{"floor":40,"key":"RECALL"},{"data":"hubris:InfiniteBlow","floor":42,"key":"SMITH"},{"data":"hubris:InfiniteBlow+1","floor":47,"key":"SMITH"},{"data":"hubris:InfiniteBlow+2","floor":49,"key":"SMITH"},{"data":"hubris:InfiniteBlow+3","floor":53,"key":"SMITH"}],"circlet_count":0,"master_deck":["Dodge","LightAttack","LightAttack","LightDefense","LightDefense","LightDefense","ChargeAndCover","FocusedStrikes","CoordinatedAssault","Faith","Parry2","CircusKnives","FleetFootsteps+1","Laceration+1","Multislash","BiAn","Parry2","Tttonst","CurseOfTheBell","EmotionalTurbulence","SharpNails","SilentNight","ForTheFamily+1","CrackOfDawn+1","Quickness","infinitespire:NeuralNetwork","infinitespire:SevenWalls+1","BlazingStrike","SuanNi","Observe","InkOver+1","hubris:InfiniteBlow+4","StrikeDown+1","HardRehearsal","AlloutWar","SunsetBlade+1","Hallownest:curseDreamersLament","Replay:Bootleg Shield Generator","Metallicize","Inflame+1","hubris:NaturalOne"],"relics":["PageOfLibrarian","LetterFromLob","hubris:ToyBattleship","PageOfBigBadWolf","PageOfSpiderBud","PageOfAlriune","aspiration:HummingbirdHeart","Hallownest:StagBellRelic1","Calling Bell","aspiration:ChemicalBlood","PageOfScorchedGirl","PageOfMountain","hubris:Towel","Lantern","theJungle:BirthdayCakeSlice","Counterbalance","ReplayTheSpireMod:Shallot","Membership Card","hubris:BundleOfHerbs","infinitespire:Bottled Soul","aspiration:IroncladSkillbook","infinitespire:Beetle Shell","PageOfWizard","hubris:Icosahedron","Replay:Bandana","Hallownest:BeastSealRelic","hubris:SlimyHat","Medical Kit","Lizard Tail"],"acts_visited":["Hallownest:Greenpath","Hallownest:Greenpath","Hallownest:KingdomsEdge","TheEnding"],"potions_floor_usage":[5,10,11,22,24,35,36,39,45,50,50,50,51,51,55,56,56,56,56],"damage_taken":[{"damage":2,"enemies":"Hallownest:2_Baldur","floor":1,"turns":4},{"damage":8,"enemies":"Hallownest:monsterHuskWarrior","floor":2,"turns":3},{"damage":0,"enemies":"2_ Uuma","floor":3,"turns":4},{"damage":4,"enemies":"Hallownest:2_Tiktiks_1_Baldur_1_Crawlid","floor":4,"turns":6},{"damage":0,"enemies":"Hallownest:Wandering_and_Horned","floor":5,"turns":3},{"damage":6,"enemies":"Hallownest:eliteMossKnight","floor":7,"turns":21},{"damage":0,"enemies":"Hallownest:monsterMossCharger","floor":8,"turns":4},{"damage":22,"enemies":"Hallownest:Guard_and_Warrior","floor":10,"turns":5},{"damage":18,"enemies":"Hallownest:eliteCrystalGuardian","floor":11,"turns":7},{"damage":19,"enemies":"Hallownest:BossBrokenVessel","floor":16,"turns":10},{"damage":0,"enemies":"theJungle:MUSHROOMGANG","floor":18,"turns":5},{"damage":14,"enemies":"theJungle:Flameango_and_Byrd","floor":21,"turns":4},{"damage":14,"enemies":"theJungle:2_Flameangoes","floor":22,"turns":7},{"damage":15,"enemies":"theJungle:Cassacara","floor":24,"turns":5},{"damage":8,"enemies":"theJungle:2_Snecko_Cultists","floor":28,"turns":3},{"damage":11,"enemies":"Nightmare","floor":30,"turns":8},{"damage":0,"enemies":"theJungle:FunGuy","floor":33,"turns":11},{"damage":10,"enemies":"Hallownest:3_Siblings","floor":35,"turns":5},{"damage":4,"enemies":"Hallownest:2_Littles","floor":36,"turns":5},{"damage":0,"enemies":"Hallownest:2_Soldiers_and_1_Guardian","floor":38,"turns":5},{"damage":12,"enemies":"Hallownest:Slobbering_and_Violent","floor":39,"turns":7},{"damage":0,"enemies":"Hallownest:StalkingDevout","floor":41,"turns":4},{"damage":0,"enemies":"Hallownest:eliteHiveKnight","floor":45,"turns":7},{"damage":0,"enemies":"Hallownest:monsterPrimalAspid","floor":46,"turns":4},{"damage":10,"enemies":"Hallownest:BossGreyPrinceZote","floor":50,"turns":13},{"damage":79,"enemies":"Hallownest:BossGreyPrinceZote","floor":51,"turns":9},{"damage":4,"enemies":"Shield and Spear","floor":55,"turns":5},{"damage":60,"enemies":"The Heart","floor":56,"turns":7}],"seed_played":"-1291883597340282019","potions_obtained":[{"floor":1,"key":"LiquidMemories"},{"floor":2,"key":"Explosive Potion"},{"floor":3,"key":"SkillPotion"},{"floor":16,"key":"PowerPotion"},{"floor":21,"key":"sneckomod:MuddlingPotion"},{"floor":30,"key":"Cursed Concoction"},{"floor":33,"key":"Elixir"},{"floor":35,"key":"Explosive Potion"},{"floor":39,"key":"sneckomod:MuddlingPotion"},{"floor":41,"key":"Regen Potion"},{"floor":45,"key":"Explosive Potion"},{"floor":46,"key":"Energy Potion"},{"floor":51,"key":"AttackPotion"},{"floor":55,"key":"Dexterity Potion"}],"is_trial":false,"path_per_floor":["M","M","M","M","M","R","E","M","T","M","E","R","?","?","R","B",null,"M","?","?","M","M","R","E","R","T","?","M","AVR","NM","$","R","B",null,"M","M","?","M","M","R","E","R","T","?","E","M","R","?","R","B",null,null,"R","$","E","B",null],"character_chosen":"Librarian","items_purchased":["Membership Card","hubris:BundleOfHerbs","infinitespire:Bottled Soul","hubris:SlimyHat","Medical Kit","Replay:Bootleg Shield Generator","Metallicize"],"campfire_rested":1,"item_purchase_floors":[31,31,31,54,54,54,54],"current_hp_per_floor":[58,50,50,60,60,60,76,62,62,42,26,26,8,8,30,34,79,70,70,70,59,38,38,31,31,31,36,33,33,25,25,25,35,84,83,83,62,66,65,65,69,69,69,69,73,77,77,77,77,71,32,82,82,82,82,33],"gold":111,"neow_bonus":"","is_daily":false,"chose_seed":false,"campfire_upgraded":9,"win_rate":0.0,"timestamp":1614156741,"path_taken":["M","M","M","M","M","R","E","M","T","M","E","R","?","?","R","BOSS","M","?","?","M","?","R","E","R","T","?","M","AVR","NM","?","R","BOSS","M","M","?","M","M","R","E","R","T","?","E","M","R","?","R","BOSS","R","$","E","BOSS"],"items_purchased_type":["Relic","Relic","Relic","Relic","Relic","Card","Card"],"build_version":"2020-12-22","purchased_purges":1,"victory":true,"max_hp_per_floor":[75,84,76,70,62,76,77,62,62,70,71,76,76,76,76,79,79,70,70,70,201,63,79,62,79,79,84,84,84,84,84,84,84,84,84,84,84,84,84,84,82,82,82,82,82,82,82,82,82,82,82,82,82,82,82,82],"card_choices":[{"not_picked":["EnergyConversion","EnergyStrike","StartinOutLightly","ClassAndRespect","Diversion","Execute_lor","DefenseOrder","SpearedSweep"],"picked":"CoordinatedAssault","floor":1},{"not_picked":["EnergyStrike","BoundaryOfDeath","EnergyCycle","FlyingSword","Creak","GatherIntel","MultiBlock","Outburst"],"picked":"Faith","floor":2},{"not_picked":["SpearedSweep","QuickAttack","BladeWhirl","FlashingStrike","FleetFootsteps","Feast","BayonetCombat","Leap_lor"],"picked":"Parry2","floor":3},{"not_picked":["SmokingPipe","ProselytesBlade","SteelKnuckles","SnakeSlit","SpearedSweep","TendonChords","SkyClearingCut","Faith"],"picked":"CircusKnives","floor":4},{"not_picked":["SpearedSweep","SomberProcuration","Crush","InhaleSmoke","BiAn","Castigation","OpportunitySpotted","QuickAttack"],"picked":"FleetFootsteps","floor":5},{"not_picked":["Multislash","SnakesPrey","SilentMist","SerpentSwordTechnique","GreatSerpentsImpact","CrackOfDawn","ICanCookAnything","TasteMyFlamingBat"],"picked":"Laceration","floor":7},{"not_picked":["StructuralAnalysis","EnergyStrike","SpearedSweep","DesperateStruggle","Fence","HandleRequest","MultiBlock","StrongStrike"],"picked":"Multislash","floor":8},{"not_picked":["DefenseOrder","FleetFootsteps","SinglePointStab","ChiWen","Standoff","SerpentSwordTechnique","Quickness","GaleKick"],"picked":"BiAn","floor":10},{"not_picked":["QuickSuppression","Deflect_lor","HighSpeedStabbing","QuickAttack","DriedUp","AutonomousRush","SinglePointStab","Leap_lor"],"picked":"Parry2","floor":11},{"not_picked":["SavageMode","Punishment"],"picked":"Tttonst","floor":16},{"not_picked":["NightInTheBackstreets+1","Multislash","Rewind","UpbeatPerformance","FleetEdge","HighKick","AsThePrescriptOrders+1","Execute_lor+1"],"picked":"EmotionalTurbulence","floor":18},{"not_picked":["Reload","UnavoidableGaze","BayonetCombat","SerpentSwordTechnique","DefenseOrder","Endure+1","Wallop_lor","IdentifyWeakpoint"],"picked":"SilentNight","floor":21},{"not_picked":["SuppressingShot","DeepDrag","YourShield","JiaoTu+1","Wallop_lor","ClassAndRespect","MultiBlock","Guardian_lor"],"picked":"ForTheFamily","floor":22},{"not_picked":["HandleRequest","SummaryJudgment+1","GrazeTheGrass","HighKick","Pound","FierceOnslaught","SunsetBlade+1","Riposte"],"picked":"CrackOfDawn","floor":24},{"not_picked":["FlashOfSunup","FierceCharge+1","Outburst","DarkCloud","FrontalAssault","RatsGuideToSurvival","MindCrush","Diversion"],"picked":"Quickness","floor":28},{"not_picked":["infinitespire:Gouge","ReplayTheSpireMod:Echoes of Time"],"picked":"infinitespire:SevenWalls","floor":30},{"not_picked":["LeRegole","Unlock1","TheRedNotes","ToWhereThePrescriptPoints","Thirst","Parry","BackAttack","SomberProcuration+1"],"picked":"BlazingStrike","floor":30},{"not_picked":["Punishment","GroundSmash"],"picked":"SuanNi","floor":33},{"not_picked":["Metallicize+1","Diversion+1","TendonChords","Replay:Undeath\u0027s Touch","DestructiveImpact","BattleCommand","TrimTheIngredients+1","EnergyCycle","Slice_lor+1"],"picked":"Observe","floor":35},{"not_picked":["Heavy Blade","ClassAndRespect","AGoldenOpportunity+1","Massacre","RatsGuideToSurvival","DefenseOrder","Slice_lor","FleetFootsteps+1","Perfected Strike+1"],"picked":"InkOver+1","floor":36},{"not_picked":["infinitespire:FinalStrike","infinitespire:Execution"],"picked":"hubris:InfiniteBlow","floor":37},{"not_picked":["Parry+1","Havoc","HiddenBlade","EnergyBeam","SmokingPipe","Creak+1","SpearedSweep+1","TheRedNotes","Pound+1","SteelKnuckles"],"picked":"SKIP","floor":38},{"not_picked":["StrongStrike","Brawl+1","FierceCharge+1","SnakesPrey","UnavoidableGaze","BiAn+1","Pommel Strike","EndlessBattle","Standoff"],"picked":"StrikeDown+1","floor":39},{"not_picked":["Outburst+1","Juggling+1","BurningFlash+1","SparkingSpear+1","Standoff+1","Thunderclap","SkitterAway+1","UpbeatPerformance","EnergyStrike"],"picked":"HardRehearsal","floor":41},{"not_picked":["SpearedSweep","BlazingStrike","InkOver","SnakesPrey+1","CoordinatedAssault","ViolentFlame+1","UpbeatPerformance+1","GoinFirst","Endure"],"picked":"AlloutWar","floor":45},{"not_picked":["Parry2","Battle Trance+1","FervidEmotions","ButterflySlash","SharpNails+1","StrikeDown+1","GuidanceOfTheGears+1","SteelKnuckles+1","Faith+1"],"picked":"SunsetBlade+1","floor":46},{"not_picked":["EnergyCycle","Standoff","QuickSuppression","Commandeering","WillOfThePrescript","ButterflySlash","HighKick","ExtractFuel+1","HiddenBlade"],"picked":"Inflame+1","floor":55}],"player_experience":451799,"relics_obtained":[{"floor":1,"key":"LetterFromLob"},{"floor":7,"key":"hubris:ToyBattleship"},{"floor":9,"key":"PageOfBigBadWolf"},{"floor":11,"key":"PageOfSpiderBud"},{"floor":17,"key":"aspiration:ChemicalBlood"},{"floor":17,"key":"PageOfScorchedGirl"},{"floor":17,"key":"PageOfMountain"},{"floor":24,"key":"Lantern"},{"floor":30,"key":"ReplayTheSpireMod:Shallot"},{"floor":41,"key":"infinitespire:Beetle Shell"},{"floor":43,"key":"PageOfWizard"},{"floor":45,"key":"Replay:Bandana"},{"floor":55,"key":"Lizard Tail"}],"event_choices":[{"damage_healed":0,"gold_gain":0,"cards_transformed":["LightDefense"],"player_choice":"Transformed","damage_taken":0,"max_hp_gain":0,"max_hp_loss":0,"event_name":"Transmorgrifier","floor":20,"gold_loss":0,"cards_obtained":["SharpNails"]}],"is_beta":false,"boss_relics":[{"not_picked":["hubris:BlackHole","Painkiller Herb"],"picked":"Calling Bell"},{"not_picked":["energizedSpire:NeverEndingSparkler","ReplayTheSpireMod:SealedPack"],"picked":"aspiration:IroncladSkillbook"}],"items_purged_floors":[54],"is_endless":false,"potions_floor_spawned":[1,2,3,16,21,30,33,39,41,45,46,55],"ascension_level":0}}