{"host":"zomvc55eewbqxhwb","time":1614186031,"event":{"mods":["ATMod(阿瑾Mod)","Act Like it!","BaseMod","Conspire","Minty Spire (QoL Compilation)","MostiFishMod","Pale of the Ancients","Relic Stats","Replay The Spire","RumiaBox-露米娅的神秘盒子","Shop Mod","StSLib","TestMod","[IsaacMod]以撒尖塔","【功能Mod】混沌之环修复补丁","【遗物卡牌】REMEMod"],"gold_per_floor":[126,126,151,151,242,253,20,52,52,93,126,171,171,171,200,200,63,108,108,149,160,85,100,100,100,172,172,190,201,220,9,9,25,25,58,90,134,163,190,224,224,259,2,37,44,44,44,144,144,225,245,245,245,1244,528,605,642,684,139,139,170,211,249,301,333,373,392,431,431,431,445,445,479,496,512,512,282,282,302,333,333,78,78,176],"floor_reached":85,"language":"ZHS","playtime":4543,"items_purged":["Strike_R","Strike_R","Bash"],"score":4454,"play_id":"9cce000a-a78f-44e0-8f8d-b6d09345b0e2","local_time":"20210225010031","daily_mods":["Heirloom","Flight"],"is_ascension_mode":true,"campfire_choices":[{"data":"Armaments","floor":9.0,"key":"SMITH"},{"data":"AT_FamilyPortrait","floor":16.0,"key":"SMITH"},{"data":"ReplayReversal","floor":19.0,"key":"SMITH"},{"data":"Strike_R","floor":24.0,"key":"PURGE"},{"data":"Burning Pact","floor":25.0,"key":"SMITH"},{"data":"Burning Pact","floor":41.0,"key":"SMITH"},{"data":"Limit Break","floor":46.0,"key":"SMITH"},{"floor":47.0,"key":"RECALL"},{"data":"Barricade","floor":69,"key":"SMITH"},{"data":"AT_DiedThrough","floor":70,"key":"SMITH"},{"data":"Body Slam","floor":78,"key":"SMITH"},{"data":"MostiFishMod:UltimateDefense","floor":81,"key":"SMITH"}],"circlet_count":0,"master_deck":["AscendersBane","AT_FamilyPortrait+1","Armaments+1","REME_ACTH","Burning Pact+1","Limit Break+1","Burning Pact+1","Body Slam+1","MostiFishMod:UltimateDefense+1","Power Through+1","Barricade+1","AT_DiedThrough+1","Sword Boomerang+2"],"relics":["Burning Blood","HushsDoor","Void","testmod-NegativeEmotionEnhancer","Chemical X","SecretRecord","SynthV:TestCard","The Courier","testmod-ArcanaOfDestiny","BookofShadows","InkBottle","AT_SeraphEmbrace","Baka2","GuppysPaw","GuppysHairball","testmod-Register","Anchor","testmod-LifeArmor","Replay:Baseball","testmod-CyclicPeriapt","Habit","SalivaCoin","Pen Nib","Runic Dome","BelialBook","GuppysHead","Bag of Marbles","MetatronsCube","ReplayTheSpireMod:Ninjato","LastBattle","Replay:Rubber Ducky","ReplayTheSpireMod:Lightbulb","AT_ChloranthyRing","AT_BellDemon","MagicDraw2","War Paint","AT_RedTearstoneRing","Strawberry","MagicDraw4","SSSystem","conspire:InfiniteJournal","Incense Burner","testmod-ConstraintPeriapt","Orichalcum","Champion Belt","AT_BellDemon","Akabeko","ReplayFunnel","paleoftheancients:Timepiece","paleoftheancients:KeyRelic","Gremlin Horn","CultistMask","D6","Lantern","paleoftheancients:SoulOfTheWatcher","REME_HourglassOfDeath","Nunchaku","Vajra","ZombieArmy","AT_BellowingDragoncrestRing","REME_IWantAll","Replay:Bandana","Ice Cream","testmod-Fortitude","Happy Flower","testmod-OneHitWonder"],"acts_visited":["Exordium","TheCity","TheBeyond","paleoftheancients:PaleOfTheAncients"],"potions_floor_usage":[66,80,84],"damage_taken":[{"damage":4.0,"enemies":"conspire:RoseBush","floor":1.0,"turns":3.0},{"damage":0.0,"enemies":"Cultist","floor":3.0,"turns":3.0},{"damage":0.0,"enemies":"Jaw Worm","floor":6.0,"turns":3.0},{"damage":0.0,"enemies":"Lagavulin","floor":8.0,"turns":5.0},{"damage":38.0,"enemies":"Gremlin Nob","floor":10.0,"turns":5.0},{"damage":0.0,"enemies":"Lagavulin","floor":11.0,"turns":6.0},{"damage":23.0,"enemies":"Gremlin Nob","floor":12.0,"turns":5.0},{"damage":0.0,"enemies":"Replay:BlueRogue","floor":15.0,"turns":3.0},{"damage":2.0,"enemies":"3 Sentries","floor":18.0,"turns":4.0},{"damage":0.0,"enemies":"Exordium Wildlife","floor":20.0,"turns":3.0},{"damage":0.0,"enemies":"3 Louse","floor":21.0,"turns":3.0},{"damage":0.0,"enemies":"Lots of Slimes","floor":23.0,"turns":1.0},{"damage":0.0,"enemies":"Hexaghost","floor":26.0,"turns":2.0},{"damage":0.0,"enemies":"Spheric Guardian","floor":28.0,"turns":2.0},{"damage":0.0,"enemies":"2 Thieves","floor":29.0,"turns":1.0},{"damage":0.0,"enemies":"conspire:HollyBat","floor":30.0,"turns":3.0},{"damage":0.0,"enemies":"Snake Plant","floor":33.0,"turns":2.0},{"damage":0.0,"enemies":"REME_1_Revenger","floor":35.0,"turns":2.0},{"damage":0.0,"enemies":"conspire:Head Lice","floor":36.0,"turns":1.0},{"damage":0.0,"enemies":"Gremlin Leader","floor":37.0,"turns":2.0},{"damage":0.0,"enemies":"conspire:Head Lice","floor":38.0,"turns":3.0},{"damage":3.0,"enemies":"REME_1_Revenger","floor":40.0,"turns":2.0},{"damage":6.0,"enemies":"conspire:Head Lice","floor":42.0,"turns":3.0},{"damage":3.0,"enemies":"Book of Stabbing","floor":44.0,"turns":2.0},{"damage":0.0,"enemies":"Collector","floor":48.0,"turns":1.0},{"damage":14.0,"enemies":"Orb Walker","floor":50.0,"turns":1.0},{"damage":0.0,"enemies":"3 Darklings","floor":51.0,"turns":1.0},{"damage":9,"enemies":"Nemesis","floor":56,"turns":1},{"damage":3,"enemies":"Giant Head","floor":57,"turns":1},{"damage":0,"enemies":"R_Hoarder","floor":58,"turns":2},{"damage":5,"enemies":"Writhing Mass","floor":61,"turns":2},{"damage":0,"enemies":"Jaw Worm Horde","floor":62,"turns":2},{"damage":0,"enemies":"Reptomancer","floor":63,"turns":1},{"damage":0,"enemies":"Giant Head","floor":64,"turns":3},{"damage":0,"enemies":"Transient","floor":65,"turns":2},{"damage":0,"enemies":"R_Hoarder","floor":66,"turns":2},{"damage":0,"enemies":"Spire Growth","floor":67,"turns":1},{"damage":0,"enemies":"Reptomancer","floor":68,"turns":1},{"damage":0,"enemies":"conspire:OrnateMirror","floor":71,"turns":1},{"damage":0,"enemies":"Replay:Hell Engine","floor":72,"turns":1},{"damage":0,"enemies":"Replay:Hell Engine","floor":73,"turns":2},{"damage":0,"enemies":"Replay:Hell Engine","floor":74,"turns":1},{"damage":0,"enemies":"Replay:Hell Engine","floor":75,"turns":1},{"damage":0,"enemies":"Replay:Hell Engine","floor":79,"turns":1},{"damage":0,"enemies":"Replay:Hell Engine","floor":80,"turns":1},{"damage":0,"enemies":"Delirium","floor":84,"turns":2}],"seed_played":"9177336888536647259","potions_obtained":[{"floor":1.0,"key":"Milkshake"},{"floor":6.0,"key":"Languid Potion"},{"floor":10.0,"key":"DistilledChaos"},{"floor":15.0,"key":"Doom Potion"},{"floor":26.0,"key":"ColorlessPotion"},{"floor":30.0,"key":"Reflective Coating"},{"floor":36.0,"key":"EssenceOfSteel"},{"floor":40.0,"key":"BloodPotion"},{"floor":66,"key":"REME_GoldPotion"},{"floor":67,"key":"SpeedPotion"},{"floor":80,"key":"GamblersBrew"}],"is_trial":true,"path_per_floor":["M","?","M","?","?","M","$","E","R","E","E","E","T","T","E","R","$","E","R","M","M","?","M","R","R","B",null,"M","M","M","$","?","M","?","E","E","E","E","T","E","R","E","$","E","?","R","R","B",null,"M","M","?","?","?","$","E","E","E","$","T","M","M","E","E","M","E","M","E","R","R","B","B","M","M","M","?","$","R","M","M","R","$","?","B",null],"character_chosen":"IRONCLAD","items_purchased":["Second Wind","REME_FearOfPain","AT_ArchangelStaff","GuppysPaw","GuppysHairball","testmod-Register","Habit","SalivaCoin","BelialBook","GuppysHead","MetatronsCube","Replay:Rubber Ducky","ReplayTheSpireMod:Lightbulb","AT_ChloranthyRing","AT_BellDemon","AT_BellowingDragoncrestRing","Happy Flower","testmod-OneHitWonder"],"campfire_rested":0,"item_purchase_floors":[7,7,17,27,27,31,43,43,49,49,55,59,59,59,59,77,82,82],"current_hp_per_floor":[72,72,77,70,55,78,78,79,79,49,67,52,52,52,60,60,60,68,68,77,92,92,97,97,97,98,73,74,75,76,76,76,77,77,78,79,80,81,81,82,82,83,83,84,79,79,79,85,65,64,64,64,64,64,64,63,68,70,70,70,71,79,80,81,82,90,91,92,92,92,93,94,95,96,97,73,73,73,74,76,76,76,76,84],"gold":176,"neow_bonus":"","is_daily":false,"chose_seed":false,"campfire_upgraded":10,"win_rate":0.0,"timestamp":1614186031,"path_taken":["M","?","?","?","?","M","?","E","R","E","E","E","T","T","E","R","$","E","R","M","?","?","M","R","R","BOSS","M","M","M","$","?","M","?","E","E","E","E","T","E","R","E","$","E","?","R","R","BOSS","M","M","?","?","?","$","E","E","E","$","T","M","M","E","E","M","E","M","E","R","R","BOSS","BOSS","M","M","M","?","$","R","M","M","R","$","?","BOSS"],"items_purchased_type":["Card","Card","Relic","Relic","Relic","Relic","Relic","Relic","Relic","Relic","Relic","Relic","Relic","Relic","Relic","Relic","Relic","Relic"],"build_version":"2020-12-22","purchased_purges":3,"victory":true,"max_hp_per_floor":[76,76,77,77,77,78,78,79,79,80,91,92,92,92,93,93,93,94,94,95,96,96,97,97,97,98,73,74,75,76,76,76,77,77,78,79,80,81,81,82,82,83,83,84,84,84,84,85,65,66,67,67,67,67,67,68,69,70,70,70,71,79,80,81,82,90,91,92,92,92,93,94,95,96,97,73,73,73,74,83,83,83,83,84],"relic_stats":{"Nunchaku":[0],"Gremlin Horn":[1,1],"Happy Flower":[0],"counters":[46,100],"Pen Nib":[4],"Chemical X":[24],"Champion Belt":[21],"War Paint":["Impervious","BettingIsNotGood"],"Orichalcum":[0],"obtain_stats":[{"Ice Cream":80,"AT_ATBox":0,"Gremlin Horn":72,"SSSystem":63,"Vajra":75,"testmod-LifeArmor":37,"testmod-NegativeEmotionEnhancer":0,"MagicDraw4":63,"AT_ArchangelStaff":17,"REME_IWantAll":79,"MagicDraw2":60,"SatanicBible":0,"Baka2":20,"Strawberry":62,"Fusion Hammer":27,"paleoftheancients:SoulOfTheWatcher":73,"Void":0,"KeepersGift":0,"BookofShadows":14,"AT_RedTearstoneRing":62,"paleoftheancients:KeyRelic":72,"testmod-TestBox":0,"Pear":11,"Happy Flower":82,"testmod-Register":31,"BookOfRevelations":10,"Oddly Smooth Stone":38,"BelialBook":49,"AddBug":1,"Pen Nib":44,"War Paint":61,"Akabeko":68,"paleoftheancients:Timepiece":72,"testmod-Fortitude":80,"Runic Dome":49,"Replay:Baseball":39,"REME_HourglassOfDeath":74,"CultistMask":72,"HushsDoor":0,"Unceasing Top":56,"testmod-OneHitWonder":82,"MetatronsCube":55,"AT_SeraphEmbrace":38,"AT_BellDemon":59,"ReplayFunnel":68,"Lantern":73,"DaveBox":0,"GuppysPaw":27,"SecretRecord":1,"Incense Burner":64,"Replay:Mystery Machine":18,"Burning Blood":0,"Replay:Rubber Ducky":59,"conspire:InfiniteJournal":64,"Nunchaku":74,"Replay:Bandana":79,"Chemical X":0,"Replay:Drink Me":76,"testmod-ArcanaOfDestiny":12,"InkBottle":15,"ZombieArmy":75,"AT_ChloranthyRing":59,"ReplayTheSpireMod:Ninjato":57,"The Courier":8,"testmod-CyclicPeriapt":40,"Baka":1,"LastBattle":58,"testmod-ConstraintPeriapt":65,"Orichalcum":66,"Habit":43,"Anchor":35,"D6":73,"SynthV:TestCard":1,"AT_BellowingDragoncrestRing":77,"Snack Pack":42,"SalivaCoin":43,"Bag of Marbles":53,"GuppysHairball":27,"GuppysHead":49,"Champion Belt":67,"ReplayTheSpireMod:Lightbulb":59,"REME_ComplimentaryCards":0},{"Ice Cream":45,"AT_ATBox":0,"Gremlin Horn":40,"SSSystem":33,"Vajra":43,"testmod-LifeArmor":20,"testmod-NegativeEmotionEnhancer":0,"MagicDraw4":33,"AT_ArchangelStaff":8,"REME_IWantAll":44,"MagicDraw2":30,"SatanicBible":0,"Baka2":10,"Strawberry":32,"Fusion Hammer":13,"paleoftheancients:SoulOfTheWatcher":41,"Void":0,"KeepersGift":0,"BookofShadows":7,"AT_RedTearstoneRing":32,"paleoftheancients:KeyRelic":40,"testmod-TestBox":0,"Pear":6,"Happy Flower":45,"testmod-Register":16,"BookOfRevelations":5,"Oddly Smooth Stone":21,"BelialBook":25,"AddBug":1,"Pen Nib":24,"War Paint":31,"Akabeko":38,"paleoftheancients:Timepiece":40,"testmod-Fortitude":45,"Runic Dome":25,"Replay:Baseball":21,"REME_HourglassOfDeath":42,"CultistMask":40,"HushsDoor":0,"Unceasing Top":28,"testmod-OneHitWonder":45,"MetatronsCube":27,"AT_SeraphEmbrace":21,"AT_BellDemon":30,"ReplayFunnel":38,"Lantern":41,"DaveBox":0,"GuppysPaw":13,"SecretRecord":1,"Incense Burner":34,"Replay:Mystery Machine":9,"Burning Blood":0,"Replay:Rubber Ducky":30,"conspire:InfiniteJournal":34,"Nunchaku":42,"Replay:Bandana":44,"Chemical X":0,"Replay:Drink Me":43,"testmod-ArcanaOfDestiny":7,"InkBottle":8,"ZombieArmy":43,"AT_ChloranthyRing":30,"ReplayTheSpireMod:Ninjato":29,"The Courier":4,"testmod-CyclicPeriapt":22,"Baka":1,"LastBattle":30,"testmod-ConstraintPeriapt":35,"Orichalcum":36,"Habit":23,"Anchor":18,"D6":41,"SynthV:TestCard":1,"AT_BellowingDragoncrestRing":43,"Snack Pack":23,"SalivaCoin":23,"Bag of Marbles":27,"GuppysHairball":13,"GuppysHead":25,"Champion Belt":37,"ReplayTheSpireMod:Lightbulb":30,"REME_ComplimentaryCards":0},{"Ice Cream":98,"AT_ATBox":0,"Gremlin Horn":92,"SSSystem":81,"Vajra":96,"testmod-LifeArmor":59,"testmod-NegativeEmotionEnhancer":0,"MagicDraw4":81,"AT_ArchangelStaff":33,"REME_IWantAll":97,"MagicDraw2":76,"SatanicBible":0,"Baka2":40,"Strawberry":80,"Fusion Hammer":46,"paleoftheancients:SoulOfTheWatcher":94,"Void":0,"KeepersGift":0,"BookofShadows":30,"AT_RedTearstoneRing":80,"paleoftheancients:KeyRelic":92,"testmod-TestBox":0,"Pear":25,"Happy Flower":98,"testmod-Register":52,"BookOfRevelations":19,"Oddly Smooth Stone":62,"BelialBook":70,"AddBug":3,"Pen Nib":69,"War Paint":78,"Akabeko":90,"paleoftheancients:Timepiece":92,"testmod-Fortitude":98,"Runic Dome":70,"Replay:Baseball":62,"REME_HourglassOfDeath":95,"CultistMask":92,"HushsDoor":0,"Unceasing Top":73,"testmod-OneHitWonder":98,"MetatronsCube":72,"AT_SeraphEmbrace":60,"AT_BellDemon":76,"ReplayFunnel":90,"Lantern":94,"DaveBox":0,"GuppysPaw":46,"SecretRecord":3,"Incense Burner":84,"Replay:Mystery Machine":37,"Burning Blood":0,"Replay:Rubber Ducky":76,"conspire:InfiniteJournal":84,"Nunchaku":95,"Replay:Bandana":97,"Chemical X":0,"Replay:Drink Me":96,"testmod-ArcanaOfDestiny":30,"InkBottle":33,"ZombieArmy":96,"AT_ChloranthyRing":76,"ReplayTheSpireMod:Ninjato":74,"The Courier":14,"testmod-CyclicPeriapt":64,"Baka":3,"LastBattle":76,"testmod-ConstraintPeriapt":86,"Orichalcum":88,"Habit":67,"Anchor":56,"D6":94,"SynthV:TestCard":3,"AT_BellowingDragoncrestRing":96,"Snack Pack":67,"SalivaCoin":67,"Bag of Marbles":72,"GuppysHairball":46,"GuppysHead":70,"Champion Belt":89,"ReplayTheSpireMod:Lightbulb":76,"REME_ComplimentaryCards":0}],"Burning Blood":97,"InkBottle":[67]},"card_choices":[{"not_picked":[],"picked":"BettingIsNotGood","floor":0.0},{"not_picked":["Anger","Havoc","Rupture"],"picked":"SKIP","floor":1.0},{"not_picked":["AT_DrawKnifeCut","Sever Soul","Cleave","Reckless Charge"],"picked":"Feel No Pain","floor":3.0},{"not_picked":["Dropkick","Searing Blow","Hemokinesis","MostiFishMod:BrandingRite"],"picked":"Shrug It Off","floor":6.0},{"not_picked":["Massacre","MostiFishMod:BrandingRite","Heavy Blade","Headbutt"],"picked":"Armaments","floor":8.0},{"not_picked":["REME_Cut","Double Tap","Replay:Undeath\u0027s Touch","Infernal Blade"],"picked":"Sword Boomerang","floor":10.0},{"not_picked":["Havoc","Reckless Charge","Seeing Red","ReplayTheSpireMod:Strike From Hell","Iron Wave"],"picked":"SKIP","floor":11.0},{"not_picked":["Heavy Blade","Run Through","AT_ManFootWork","MostiFishMod:404NotFound"],"picked":"Spot Weakness","floor":12.0},{"not_picked":["REME_FearOfPain","Seeing Red","Dual Wield","Searing Blow","Thunderclap"],"picked":"SKIP","floor":15.0},{"not_picked":["Seeing Red","Shrug It Off","Anger","Twin Strike"],"picked":"ReplayReversal","floor":18.0},{"not_picked":["Thunderclap","Pommel Strike","Warcry","Blood for Blood"],"picked":"REME_ACTH","floor":20.0},{"not_picked":["Body Slam","REME_SingleHolding","Spot Weakness","Replay:Undeath\u0027s Touch"],"picked":"Burning Pact","floor":21.0},{"not_picked":["Havoc","ReplayTheSpireMod:Strike From Hell","Flex","REME_FearOfPain","Iron Wave"],"picked":"SKIP","floor":23.0},{"not_picked":["Reaper","Feed","MostiFishMod:HellRitual","Fiend Fire"],"picked":"Limit Break","floor":26.0},{"not_picked":["Havoc","Carnage","Headbutt","Anger","Shrug It Off"],"picked":"SKIP","floor":28.0},{"not_picked":["Iron Wave","Massacre","AT_GerminateFire","Headbutt","conspire:Charge"],"picked":"SKIP","floor":29.0},{"not_picked":["Clash","Sword Boomerang","Rupture","Clothesline","Anger"],"picked":"SKIP","floor":30.0},{"not_picked":["MostiFishMod:NewArrival","Warcry","conspire:Charge","MostiFishMod:#F4004+1","True Grit"],"picked":"SKIP","floor":33.0},{"not_picked":["ReplayTheSpireMod:LeadingStrike","Heavy Blade","AT_GerminateFire","AT_IchimonjiDouble","Carnage+1"],"picked":"SKIP","floor":35.0},{"not_picked":["Warcry","Whirlwind","Life Link","Cleave","Thunderclap"],"picked":"SKIP","floor":36.0},{"not_picked":["Seeing Red","Twin Strike+1","Metallicize","Clothesline","Anger"],"picked":"SKIP","floor":37.0},{"not_picked":["MostiFishMod:Mania","MostiFishMod:#F4004","REME_FearOfPain+1","MostiFishMod:ChineseTea"],"picked":"Burning Pact","floor":38.0},{"not_picked":["Clothesline","Havoc","Shockwave","Sever Soul+1"],"picked":"Body Slam","floor":40.0},{"not_picked":["Replay:Undeath\u0027s Touch","Warcry","Iron Wave","Rampage+1","Clothesline"],"picked":"SKIP","floor":42.0},{"not_picked":["Rampage","Power Through","ReplayTheSpireMod:Muscle Training","Heavy Blade"],"picked":"conspire:Purge","floor":44.0},{"not_picked":["MostiFishMod:CullingBlade","MostiFishMod:404NotFound","MostiFishMod:NewArrival","MostiFishMod:DoubleSword"],"picked":"MostiFishMod:FireWorks","floor":48.0},{"not_picked":["AT_BodySlamDance","Run Through","Flame Barrier","Wild Strike","Havoc"],"picked":"SKIP","floor":50.0},{"not_picked":["Hemokinesis+1","Anger+1","Run Through","Shrug It Off+1","Havoc"],"picked":"SKIP","floor":51.0},{"not_picked":["MostiFishMod:TemporaryOutbreak","Cleave","Armaments","AT_BodySlamDance+1","Life Link"],"picked":"SKIP","floor":56},{"not_picked":["Pommel Strike+1","ReplayTheSpireMod:Stacked","Iron Wave","AT_IchimonjiDouble","Armaments"],"picked":"SKIP","floor":57},{"not_picked":["Run Through","True Grit","Defy Death","Warcry+1"],"picked":"MostiFishMod:UltimateDefense","floor":58},{"not_picked":["Run Through","AT_CaressingTears","Pummel","ReplayTheSpireMod:Limb From Limb","Shrug It Off"],"picked":"SKIP","floor":61},{"not_picked":["ReplayTheSpireMod:Strike From Hell","Cleave+1","Anger","Defy Death","AT_CaressingTears","Second Wind+1"],"picked":"Power Through+1","floor":62},{"not_picked":["Twin Strike","ReplayTheSpireMod:Stacked","MostiFishMod:#F4004+1","Clothesline","Pommel Strike+1"],"picked":"Barricade","floor":63},{"not_picked":["Rampage","Entrench+1","Thunderclap","ReplayTheSpireMod:Strike From Hell"],"picked":"AT_DiedThrough","floor":64},{"not_picked":["Thunderclap","Sever Soul+1","Run Through","Disarm+1","Clothesline"],"picked":"SKIP","floor":65},{"not_picked":["Entrench","Pommel Strike","Anger","Flex","AT_ShrugMaster"],"picked":"SKIP","floor":66},{"not_picked":["Flex","AT_ShrugMaster","Wild Strike+1","Iron Wave"],"picked":"MostiFishMod:RacingGame","floor":67},{"not_picked":["Perfected Strike+1","Twin Strike+1","MostiFishMod:RainCloud","True Grit","Armaments+1"],"picked":"SKIP","floor":68},{"not_picked":["Fire Breathing+1","Wild Strike+1","Iron Wave","Replay:Undeath\u0027s Touch+1","MostiFishMod:UltimateDefense"],"picked":"SKIP","floor":73},{"not_picked":["Rampage","Sword Boomerang+1","Clash+1","Flame Barrier+1","Sentinel+1"],"picked":"SKIP","floor":74},{"not_picked":["Pommel Strike","Flex","Inflame+1","Perfected Strike","Hemokinesis"],"picked":"SKIP","floor":75},{"not_picked":["MostiFishMod:#F4004","Ghostly Armor+1","Shrug It Off+1","Cleave+1","Rampage"],"picked":"SKIP","floor":79},{"not_picked":["Reaper","Rage","Evolve+1","Wild Strike","Warcry"],"picked":"SKIP","floor":80}],"player_experience":2642240,"relics_obtained":[{"floor":1.0,"key":"AddBug"},{"floor":1.0,"key":"Baka"},{"floor":1.0,"key":"SynthV:TestCard"},{"floor":8.0,"key":"The Courier"},{"floor":10.0,"key":"BookOfRevelations"},{"floor":11.0,"key":"Pear"},{"floor":12.0,"key":"testmod-ArcanaOfDestiny"},{"floor":14.0,"key":"BookofShadows"},{"floor":15.0,"key":"InkBottle"},{"floor":18.0,"key":"Replay:Mystery Machine"},{"floor":20.0,"key":"Baka2"},{"floor":35.0,"key":"Anchor"},{"floor":37.0,"key":"testmod-LifeArmor"},{"floor":38.0,"key":"Oddly Smooth Stone"},{"floor":39.0,"key":"Replay:Baseball"},{"floor":40.0,"key":"testmod-CyclicPeriapt"},{"floor":42.0,"key":"Snack Pack"},{"floor":44.0,"key":"Pen Nib"},{"floor":56,"key":"Unceasing Top"},{"floor":57,"key":"ReplayTheSpireMod:Ninjato"},{"floor":58,"key":"LastBattle"},{"floor":60,"key":"MagicDraw2"},{"floor":61,"key":"War Paint"},{"floor":62,"key":"AT_RedTearstoneRing"},{"floor":62,"key":"Strawberry"},{"floor":63,"key":"MagicDraw4"},{"floor":63,"key":"SSSystem"},{"floor":64,"key":"conspire:InfiniteJournal"},{"floor":64,"key":"Incense Burner"},{"floor":65,"key":"testmod-ConstraintPeriapt"},{"floor":66,"key":"Orichalcum"},{"floor":66,"key":"Strawberry"},{"floor":67,"key":"Champion Belt"},{"floor":68,"key":"AT_BellDemon"},{"floor":68,"key":"Akabeko"},{"floor":68,"key":"ReplayFunnel"},{"floor":73,"key":"D6"},{"floor":73,"key":"Lantern"},{"floor":73,"key":"paleoftheancients:SoulOfTheWatcher"},{"floor":74,"key":"REME_HourglassOfDeath"},{"floor":74,"key":"Nunchaku"},{"floor":74,"key":"paleoftheancients:SoulOfTheGuardian"},{"floor":75,"key":"Vajra"},{"floor":75,"key":"ZombieArmy"},{"floor":75,"key":"paleoftheancients:SoulOfTheShowman"},{"floor":79,"key":"REME_IWantAll"},{"floor":79,"key":"Replay:Bandana"},{"floor":79,"key":"paleoftheancients:SoulOfTheHexaghost"},{"floor":80,"key":"Ice Cream"},{"floor":80,"key":"testmod-Fortitude"},{"floor":80,"key":"paleoftheancients:SoulOfTheVixen"}],"event_choices":[{"damage_healed":0.0,"max_hp_gain":0.0,"max_hp_loss":0.0,"gold_gain":0.0,"event_name":"Scrap Ooze","player_choice":"Fled","floor":2.0,"gold_loss":0.0,"damage_taken":0.0},{"cards_removed":["Strike_R"],"damage_healed":0.0,"max_hp_gain":0.0,"max_hp_loss":0.0,"gold_gain":0.0,"event_name":"Golden Wing","player_choice":"Card Removal","floor":4.0,"gold_loss":0.0,"damage_taken":7.0},{"cards_removed":["Strike_R"],"damage_healed":0.0,"max_hp_gain":0.0,"max_hp_loss":0.0,"gold_gain":0.0,"event_name":"The Cleric","player_choice":"Card Removal","floor":22.0,"gold_loss":75.0,"damage_taken":0.0},{"damage_healed":0.0,"max_hp_gain":0.0,"max_hp_loss":0.0,"gold_gain":0.0,"event_name":"Vampires","player_choice":"Ignored","floor":32.0,"gold_loss":0.0,"damage_taken":0.0},{"cards_removed":["Strike_R"],"damage_healed":0.0,"max_hp_gain":0.0,"max_hp_loss":0.0,"gold_gain":0.0,"event_name":"Back to Basics","player_choice":"Elegance","floor":34.0,"gold_loss":0.0,"damage_taken":0.0},{"damage_healed":0.0,"max_hp_gain":0.0,"max_hp_loss":0.0,"gold_gain":0.0,"event_name":"conspire:Investor","player_choice":"Leave","floor":45.0,"gold_loss":0.0,"damage_taken":0.0},{"damage_healed":0.0,"max_hp_gain":0.0,"max_hp_loss":0.0,"gold_gain":0.0,"event_name":"Tomb of Lord Red Mask","player_choice":"Ignored","floor":52.0,"gold_loss":0.0,"damage_taken":0.0},{"cards_removed":["Body Slam"],"damage_healed":0,"gold_gain":0,"player_choice":"Gave Card","damage_taken":0,"relics_obtained":["Bag of Marbles"],"max_hp_gain":0,"max_hp_loss":0,"event_name":"WeMeetAgain","floor":53,"gold_loss":0},{"damage_healed":0,"gold_gain":999,"player_choice":"Gold","damage_taken":0,"max_hp_gain":0,"max_hp_loss":0,"event_name":"MindBloom","floor":54,"gold_loss":0,"cards_obtained":["Normality","Normality"]},{"damage_healed":0,"gold_gain":0,"player_choice":"Swap Relic","damage_taken":0,"relics_obtained":["Replay:Drink Me"],"max_hp_gain":0,"max_hp_loss":0,"event_name":"给自己的盒子","floor":76,"relics_lost":["Replay:Drink Me"],"gold_loss":0}],"is_beta":false,"boss_relics":[{"not_picked":["Ectoplasm","OneHitWonderSystem"],"picked":"Fusion Hammer"},{"not_picked":[]},{"not_picked":["Honey Jar","REME_DuelDisc"],"picked":"Runic Dome"},{"not_picked":[]}],"items_purged_floors":[7,27,31],"is_endless":false,"potions_floor_spawned":[1,6,10,15,18,26,30,36,37,40,42,48,51,56,57,64,66,67,79,80],"ascension_level":20}}