{"host":"d02vqrhhew441p6s","time":1614200090,"event":{"mods":["BaseMod","Duelist Mod","Hubris","Infinite Spire","Minty Spire (QoL Compilation)","StSLib"],"gold_per_floor":[139,139,139,139,158,191,209,209,209,243,258,287,307,336,336,437,437,453,473,473,485,505,535,535,546,623,752,771,786,786,798,798,798,798],"floor_reached":33,"language":"ENG","playtime":1510,"items_purged":[],"score":649,"play_id":"1eec3c30-15d3-474a-a66b-853542df6304","local_time":"20210224215450","is_ascension_mode":true,"campfire_choices":[{"data":"theDuelist:HarpieFeather","floor":8,"key":"SMITH"},{"floor":15,"key":"REST"},{"data":"theDuelist:DragonMastery","floor":30,"key":"SMITH"},{"data":"theDuelist:FluteSummoning","floor":32,"key":"SMITH"}],"circlet_count":0,"master_deck":["AscendersBane","theDuelist:BabyDragon+1","theDuelist:CastleWalls","theDuelist:CaveDragon","theDuelist:CaveDragon","theDuelist:LesserDragon","theDuelist:LesserDragon+1","theDuelist:Sparks","theDuelist:Sparks","theDuelist:YamataDragon","theDuelist:RainbowOverdragon","theDuelist:HarpieFeather+1","theDuelist:MirageDragon","hubris:NaturalOne","theDuelist:MetalDragon","theDuelist:WhiteNightDragon","theDuelist:DarkHorus","theDuelist:MegafleetDragon","theDuelist:BoosterDragon","theDuelist:Lancephorhynchus","theDuelist:CyberValley+1","theDuelist:DarkHorus","theDuelist:DragonMastery+1","theDuelist:FrostflameDragon+1","theDuelist:TwinHeadedFire","theDuelist:FluteSummoning+1","theDuelist:Pyrorex+1","theDuelist:CyberDragon"],"relics":["theDuelist:MillenniumPuzzle","theDuelist:CardPoolRelic","theDuelist:CardPoolBasicRelic","theDuelist:BoosterPackPoolRelic","theDuelist:CardPoolAddRelic","theDuelist:CardPoolMinusRelic","theDuelist:CardPoolSaveRelic","theDuelist:CardPoolOptionsRelic","NeowsBlessing","hubris:Icosahedron","hubris:Towel","hubris:64BitClover","theDuelist:BoosterPackTrapEgg","Smiling Mask","hubris:PeanutButter","Red Skull","hubris:ScarierMask","hubris:TinFlute","theDuelist:MillenniumPrayerbook","hubris:BottledHeart","hubris:MobiusCoin","theDuelist:SpellMaxHPRelic"],"acts_visited":["Exordium","TheCity"],"potions_floor_usage":[10,11,16,23,23,33],"damage_taken":[{"damage":0,"enemies":"Small Slimes","floor":1,"turns":1},{"damage":0,"enemies":"2 Louse","floor":5,"turns":2},{"damage":0,"enemies":"Gremlin Nob","floor":6,"turns":1},{"damage":12,"enemies":"Jaw Worm","floor":7,"turns":2},{"damage":16,"enemies":"Lagavulin","floor":10,"turns":4},{"damage":7,"enemies":"Looter","floor":11,"turns":2},{"damage":6,"enemies":"Gremlin Nob","floor":12,"turns":3},{"damage":4,"enemies":"3 Sentries","floor":14,"turns":6},{"damage":0,"enemies":"Slime Boss","floor":16,"turns":6},{"damage":13,"enemies":"Shell Parasite","floor":18,"turns":4},{"damage":3,"enemies":"2 Thieves","floor":19,"turns":2},{"damage":6,"enemies":"Centurion and Healer","floor":21,"turns":3},{"damage":0,"enemies":"3 Cultists","floor":22,"turns":4},{"damage":29,"enemies":"Gremlin Leader","floor":23,"turns":4},{"damage":0,"enemies":"Sentry and Sphere","floor":25,"turns":3},{"damage":0,"enemies":"Nightmare","floor":27,"turns":6},{"damage":0,"enemies":"Snake Plant","floor":28,"turns":4},{"damage":0,"enemies":"Centurion and Healer","floor":29,"turns":4},{"damage":0,"enemies":"Cultist and Chosen","floor":31,"turns":3},{"damage":8,"enemies":"Champ","floor":33,"turns":8}],"seed_played":"1447751466450789951","potions_obtained":[{"floor":1,"key":"theDuelist:CoolBottle"},{"floor":5,"key":"Weak Potion"},{"floor":12,"key":"theDuelist:DragonOrbPlusBottle"},{"floor":19,"key":"AttackPotion"},{"floor":22,"key":"theDuelist:DragonfirePotion"},{"floor":27,"key":"HeartOfIron"},{"floor":28,"key":"theDuelist:LavaBottle"}],"is_trial":false,"path_per_floor":["M","?","?","?","M","E","M","R","T","E","M","E","?","E","R","B",null,"M","M","?","M","M","E","?","M","T","NM","M","M","R","M","R","B"],"character_chosen":"THE_DUELIST","items_purchased":[],"campfire_rested":1,"item_purchase_floors":[],"current_hp_per_floor":[72,72,56,56,56,56,44,44,44,28,21,15,15,11,35,35,69,56,53,53,60,60,31,1,1,1,1,1,1,1,1,1,0,0],"gold":798,"neow_bonus":"THREE_ENEMY_KILL","is_daily":false,"chose_seed":false,"campfire_upgraded":3,"win_rate":0.0,"timestamp":1614200090,"path_taken":["M","?","?","?","M","E","M","R","T","E","M","E","?","E","R","BOSS","M","M","?","M","M","E","?","M","T","NM","M","M","R","?","R","BOSS"],"items_purchased_type":[],"build_version":"2020-12-22","purchased_purges":0,"victory":false,"max_hp_per_floor":[80,80,80,80,80,80,80,80,80,80,80,80,80,80,80,80,80,80,80,80,80,80,80,1,1,1,1,1,1,1,1,1,1,1],"card_choices":[{"not_picked":["theDuelist:BigFire","theDuelist:Hinotama","theDuelist:LightningDarts","theDuelist:SmashingGround"],"picked":"theDuelist:RainbowOverdragon","floor":1},{"not_picked":["theDuelist:BattleguardKing","theDuelist:RainbowBridge","theDuelist:GreenGraveOni","theDuelist:Terraforming"],"picked":"theDuelist:HarpieFeather","floor":5},{"not_picked":["theDuelist:DefenseZone","theDuelist:BabyDragon","theDuelist:LavaDragon","theDuelist:BackgroundDragon"],"picked":"theDuelist:MirageDragon","floor":6},{"not_picked":["theDuelist:MirageDragon","theDuelist:LavaDragon","theDuelist:DarkfireDragon","theDuelist:FiendSkull"],"picked":"theDuelist:MetalDragon","floor":7},{"not_picked":["theDuelist:BeserkDragon","theDuelist:LeviaDragon","theDuelist:Anthrosaurus","theDuelist:MythicWaterDragon"],"picked":"theDuelist:WhiteNightDragon","floor":10},{"not_picked":["theDuelist:RedHeadedOni","theDuelist:DragonZombie","theDuelist:DarkfireDragon","theDuelist:BusterDrake"],"picked":"theDuelist:DarkHorus","floor":11},{"not_picked":["theDuelist:CurseDragon","theDuelist:HazyFlameHydra","theDuelist:MoltenDestruction","theDuelist:LavaDragon"],"picked":"theDuelist:MegafleetDragon","floor":12},{"not_picked":["theDuelist:CyberEndDragon","theDuelist:CoralDragon","theDuelist:BlueEyes","theDuelist:BlacklandFireDragon"],"picked":"theDuelist:BoosterDragon","floor":14},{"not_picked":["theDuelist:DragonMastery","theDuelist:BlueDuston","theDuelist:BlasterDragonInfernos","theDuelist:ArmageddonDragonEmp"],"picked":"theDuelist:Lancephorhynchus","floor":16},{"not_picked":["theDuelist:RainbowOverdragon","theDuelist:BlackPendant","theDuelist:PreventRat","theDuelist:BattleguardKing"],"picked":"theDuelist:DianKeto+1","floor":18},{"not_picked":["theDuelist:ViceDragon+1","theDuelist:SnowDragon","theDuelist:RedRisingDragon+1","theDuelist:BlueEyes"],"picked":"theDuelist:CyberValley+1","floor":19},{"not_picked":["theDuelist:SuperancientDinobeast","theDuelist:MadSwordBeast","theDuelist:Frostosaurus","theDuelist:DarkDriceratops","theDuelist:BlackPtera"],"picked":"SKIP","floor":21},{"not_picked":["theDuelist:TrihornedDragon+1","theDuelist:EvilMind","theDuelist:VeilDarkness+1","theDuelist:BlackVeloci"],"picked":"theDuelist:DarkHorus","floor":22},{"not_picked":["theDuelist:LostWorld","theDuelist:DoomkaiserDragon","theDuelist:BusterBladerDDS","theDuelist:BSkullDragon"],"picked":"theDuelist:DragonMastery","floor":23},{"not_picked":["theDuelist:BlackPtera","theDuelist:RedRisingDragon","theDuelist:Anthrosaurus","theDuelist:DefenseZone+1"],"picked":"theDuelist:FrostflameDragon+1","floor":25},{"not_picked":["theDuelist:LesserDragon","theDuelist:Hydrogeddon","theDuelist:BlackBrutdrago","theDuelist:AtomicScrapDragon"],"picked":"theDuelist:TwinHeadedFire","floor":27},{"not_picked":["theDuelist:BeserkDragon","theDuelist:AtomicScrapDragon","theDuelist:DefenseDraw+1","theDuelist:Carboneddon"],"picked":"theDuelist:FluteSummoning","floor":28},{"not_picked":["theDuelist:HazyFlameHydra+1","theDuelist:GalaxyTyranno","theDuelist:Duoterion","theDuelist:BlackStego"],"picked":"theDuelist:Pyrorex+1","floor":29},{"not_picked":["theDuelist:Kabazauls","theDuelist:Earthquake","theDuelist:BusterBlader","theDuelist:BlackPtera"],"picked":"theDuelist:CyberDragon","floor":31}],"player_experience":573877,"relics_obtained":[{"floor":6,"key":"hubris:64BitClover"},{"floor":9,"key":"theDuelist:BoosterPackTrapEgg"},{"floor":10,"key":"Smiling Mask"},{"floor":12,"key":"hubris:PeanutButter"},{"floor":14,"key":"Red Skull"},{"floor":22,"key":"hubris:TinFlute"},{"floor":23,"key":"theDuelist:MillenniumPrayerbook"},{"floor":26,"key":"hubris:MobiusCoin"},{"floor":27,"key":"theDuelist:SpellMaxHPRelic"}],"event_choices":[{"damage_healed":0,"gold_gain":0,"player_choice":"Entered Light","damage_taken":16,"max_hp_gain":0,"max_hp_loss":0,"event_name":"Shining Light","floor":3,"gold_loss":0,"cards_upgraded":["theDuelist:BabyDragon","theDuelist:LesserDragon"]},{"damage_healed":0,"gold_gain":0,"player_choice":"Sold Castle Walls for 20 Gold.","duelist":true,"damage_taken":0,"max_hp_gain":0,"max_hp_loss":0,"event_name":"Card Trader","floor":13,"gold_loss":0},{"damage_healed":0,"gold_gain":0,"player_choice":"Leave","duelist":true,"damage_taken":0,"max_hp_gain":0,"max_hp_loss":0,"event_name":"Tomb of the Nameless","floor":20,"gold_loss":0}],"is_beta":false,"boss_relics":[{"not_picked":["Mark of Pain","Coffee Dripper"],"picked":"hubris:ScarierMask"}],"items_purged_floors":[],"is_endless":true,"potions_floor_spawned":[1,5,7,12,19,22,27,28,29,31],"killed_by":"Champ","ascension_level":11}}