{"host":"dwyzfvnzfcqffr30","time":1614153536,"event":{"mods":["2.2 Compatiblity","Act Like it!","Aspiration","BaseMod","Beaked The Cultist","Better Altar","Better Match","Better Note","Better Sensory Stone","Better Skull","Better Third Choice","Clockwork Mod","Colored Map","Colored Powertips","Conspire","Downfall","Elementarium","GifTheSpireLib","Halation","Hermit","Hubris","Infinite Spire","Ironclad Rager","Jedi Mod","Menagerie","Mimic Mod","Minty Spire (QoL Compilation)","Permanent Neow","Random Character Button","Relic Filter Mod","Reliquary","Replay The Spire","Shapeshifter Mod","Spicy Shops","Spikes Relics","StSLib","Stuff the Spire","The Construct","The Disciple","The Druid","The Marked","TheFirefly","Trackpad","Wandering Minibosses"],"gold_per_floor":[119,145,145,145,171,171,208,208,208,133,133,123,146,99,99,201,201,231,131,131,151,180,217,217,262,262,262,262,314,354,396,396,396,396],"floor_reached":33,"language":"ENG","playtime":4595,"items_purged":["StSShapeShifter:Tortoise_Form+1","StSShapeShifter:Lynx_Form+1"],"score":574,"play_id":"3b21e5c8-6342-4b84-b0b8-738ba1ebf610","local_time":"20210223235856","is_ascension_mode":true,"campfire_choices":[{"floor":6,"key":"RECALL"},{"data":"StSShapeShifter:BarkSkin+1","floor":11,"key":"SMITH"},{"data":"StSShapeShifter:BarkSkin+2","floor":15,"key":"SMITH"},{"floor":24,"key":"REST"},{"data":"StSShapeShifter:BarkSkin+2","floor":27,"key":"SMITH"},{"floor":32,"key":"REST"}],"circlet_count":0,"master_deck":["Blade Dance+1","StSShapeShifter:ShapeShifter_Strike+1","StSShapeShifter:ShapeShifter_Strike+1","StSShapeShifter:ShapeShifter_Strike+1","StSShapeShifter:ShapeShifter_Strike+1","StSShapeShifter:ShapeShifter_Strike+1","StSShapeShifter:ShapeShifter_Defend+1","StSShapeShifter:ShapeShifter_Defend+1","StSShapeShifter:ShapeShifter_Defend+1","StSShapeShifter:ShapeShifter_Defend+1","StSShapeShifter:ShapeShifter_Defend+1","Apotheosis+1","MasterReality+1","StSShapeShifter:BaskInBloom+1","StSShapeShifter:BarkSkin+3","StSShapeShifter:VineHandcuffs+1","StSShapeShifter:FesteringBite+1","StSShapeShifter:MysticalSeed+1","StSShapeShifter:BarkSkin+3","StSShapeShifter:Efflorescence+1"],"relics":["StSShapeShifter:AnimalHeart","StSShapeShifter:TheShapeShiftersMagnolia","StSShapeShifter:EmeraldPantherFigurine","Frozen Egg 2","Toxic Egg 2","Molten Egg 2","Quantum Egg","SacredBark","conspire:InfiniteJournal","infinitespire:EvilPickle","halation:Prosthetics","hubris:TinFlute","Bottled Tornado","hubris:Icosahedron","conspire:DeflatedDodgeball","White Beast Statue","StuffTheSpire:ForceGauntlet","halation:LoveArrow","conspire:Dentures","StoneCalendar","reliquary:WeakTea","reliquary:PorcupineQuills"],"acts_visited":["Menagerie:Menagerie","TheCity"],"potions_floor_usage":[12,16,16,29,33,33],"damage_taken":[{"damage":0,"enemies":"Menagerie:WhisperingWraith","floor":1,"turns":4},{"damage":0,"enemies":"Menagerie:StygianBoar","floor":2,"turns":2},{"damage":0,"enemies":"Menagerie:2_RABBITS","floor":5,"turns":4},{"damage":1,"enemies":"Menagerie:VoidReaper","floor":7,"turns":7},{"damage":2,"enemies":"Menagerie:Hydra","floor":12,"turns":4},{"damage":0,"enemies":"Menagerie:KEEPER_AND_YOUNG_SUNEATER","floor":13,"turns":2},{"damage":0,"enemies":"Menagerie:AVATARS","floor":16,"turns":4},{"damage":9,"enemies":"3 Byrds","floor":18,"turns":5},{"damage":4,"enemies":"Shell Parasite","floor":21,"turns":4},{"damage":6,"enemies":"conspire:HollyBat","floor":22,"turns":5},{"damage":0,"enemies":"Book of Stabbing","floor":23,"turns":5},{"damage":0,"enemies":"conspire:Head Lice","floor":25,"turns":7},{"damage":0,"enemies":"Slavers","floor":29,"turns":6},{"damage":0,"enemies":"Centurion and Healer","floor":30,"turns":5},{"damage":10,"enemies":"3 Cultists","floor":31,"turns":5},{"damage":39,"enemies":"conspire:MysteriousRune","floor":33,"turns":6}],"seed_played":"-5945458484198195668","potions_obtained":[{"floor":12,"key":"Dexterity Potion"},{"floor":13,"key":"Explosive Potion"},{"floor":16,"key":"Strength Potion"},{"floor":21,"key":"FearPotion"},{"floor":22,"key":"SkillPotion"},{"floor":29,"key":"Cursed Concoction"}],"is_trial":false,"path_per_floor":["M","M","?","?","M","R","E","?","T","$","R","E","M","$","R","B",null,"M","$","?","M","M","E","R","E","T","R","?","E","M","M","R","B"],"character_chosen":"SHAPESHIFTER","items_purchased":["StSShapeShifter:FesteringBite+1"],"campfire_rested":2,"item_purchase_floors":[14],"current_hp_per_floor":[43,43,43,43,43,43,42,47,47,47,47,45,45,45,45,45,47,38,38,38,34,28,28,42,42,42,42,27,27,27,17,31,0,0],"gold":396,"neow_bonus":"RANDOM_COMMON_RELIC","is_daily":false,"chose_seed":false,"campfire_upgraded":3,"win_rate":0.0,"timestamp":1614153536,"path_taken":["M","M","?","?","M","R","E","?","T","$","R","E","M","$","R","BOSS","M","$","?","M","?","E","R","E","T","R","?","E","?","M","R","BOSS"],"items_purchased_type":["Card"],"build_version":"2020-12-22","purchased_purges":2,"victory":false,"max_hp_per_floor":[43,43,43,43,43,43,43,48,48,48,48,48,48,48,48,48,48,48,48,48,48,48,48,48,48,48,48,48,48,48,48,48,48,48],"card_choices":[{"not_picked":["StSShapeShifter:HippoForm+1","StSShapeShifter:OakBlade+1","StSShapeShifter:SunflowerShuriken+1"],"picked":"SKIP","floor":1},{"not_picked":["StSShapeShifter:Rest+1","StSShapeShifter:MonkeyForm+1"],"picked":"StSShapeShifter:BaskInBloom+1","floor":2},{"not_picked":["StSShapeShifter:RatForm+1","StSShapeShifter:AdaptiveStrikes+1"],"picked":"StSShapeShifter:BarkSkin+1","floor":5},{"not_picked":["StSShapeShifter:MultiSpiritedStrike+1","StSShapeShifter:SunflowerShuriken+1"],"picked":"StSShapeShifter:VineHandcuffs+1","floor":7},{"not_picked":["StSShapeShifter:SunflowerShuriken+1","StSShapeShifter:DiverseSpirit+1","StSShapeShifter:OakBlade+1"],"picked":"SKIP","floor":12},{"not_picked":["StSShapeShifter:BarkSkin+1","StSShapeShifter:SquirrelForm+1","StSShapeShifter:EagleForm+1"],"picked":"SKIP","floor":13},{"not_picked":["StSShapeShifter:Summon_Mountains+1","StSShapeShifter:Tornado+1"],"picked":"StSShapeShifter:MysticalSeed+1","floor":16},{"not_picked":["StSShapeShifter:Guard+1","StSShapeShifter:OwlForm+1"],"picked":"StSShapeShifter:BarkSkin+1","floor":18},{"not_picked":["StSShapeShifter:Sapling+1","StSShapeShifter:EagleForm+1","StSShapeShifter:Wildfire2+1"],"picked":"SKIP","floor":21},{"not_picked":["StSShapeShifter:SunflowerShuriken+1","StSShapeShifter:WiltingWrath+1","StSShapeShifter:FallingLeaves+1"],"picked":"SKIP","floor":22},{"not_picked":["StSShapeShifter:ShiftingStrike+1","StSShapeShifter:BarkSkin+1","StSShapeShifter:BurrBomb+1"],"picked":"SKIP","floor":23},{"not_picked":["StSShapeShifter:Hunt+1","StSShapeShifter:Sapling+1","StSShapeShifter:Wildfire2+1"],"picked":"SKIP","floor":25},{"not_picked":["StSShapeShifter:Sapling+1","StSShapeShifter:IntimidatingAura+1","StSShapeShifter:MonkeyForm+1"],"picked":"SKIP","floor":29},{"not_picked":["StSShapeShifter:BaskInBloom+1","StSShapeShifter:Rest+1"],"picked":"StSShapeShifter:Efflorescence+1","floor":30},{"not_picked":["StSShapeShifter:OakBlade+1","StSShapeShifter:Roar+1","StSShapeShifter:OpportuneSwoop+1"],"picked":"SKIP","floor":31}],"player_experience":3536648,"relics_obtained":[{"floor":7,"key":"conspire:DeflatedDodgeball"},{"floor":9,"key":"White Beast Statue"},{"floor":12,"key":"StuffTheSpire:ForceGauntlet"},{"floor":23,"key":"conspire:Dentures"},{"floor":25,"key":"StoneCalendar"},{"floor":29,"key":"reliquary:PorcupineQuills"}],"event_choices":[{"damage_healed":0,"gold_gain":0,"player_choice":"Simplicity","damage_taken":0,"max_hp_gain":0,"max_hp_loss":10,"event_name":"betterThird:BetterWriting","floor":0,"gold_loss":0},{"damage_healed":0,"gold_gain":0,"player_choice":"Shield","damage_taken":0,"max_hp_gain":5,"max_hp_loss":0,"event_name":"Menagerie:HarrowingRitual","floor":8,"gold_loss":0},{"damage_healed":0,"gold_gain":0,"player_choice":"Upgraded","damage_taken":0,"max_hp_gain":0,"max_hp_loss":0,"event_name":"Upgrade Shrine","floor":20,"gold_loss":0,"cards_upgraded":["StSShapeShifter:BarkSkin"]}],"is_beta":false,"boss_relics":[{"not_picked":["Busted Crown","trackpad:StolenKidneys"],"picked":"halation:LoveArrow"}],"items_purged_floors":[10,19],"is_endless":false,"potions_floor_spawned":[12,13,16,18,21,22,23,25,29,30,31],"killed_by":"conspire:MysteriousRune","ascension_level":5}}