{"host":"kj5ejyofr70ax6r3","time":1614146875,"event":{"mods":["BaseMod","BetterRewards","Colored Map","Downfall","GifTheSpireLib","Minty Spire (QoL Compilation)","Replay The Spire","Shop Mod","StSLib"],"gold_per_floor":[99,117,127,127,188,188,211,241,241,0,0,17,37,22,42,140,140,40,40,40,58,58,69,69,81,81,91,107,7,19,33,45,147,147,147,159,173,173,187,214,214,247,57,68,81,113,13,33,45,45,45,75,61,61,61,61],"floor_reached":57,"language":"ENG","playtime":5167,"items_purged":[],"score":1694,"play_id":"4835797f-204f-4f59-9259-167fcbfc7934","local_time":"20210224000755","is_ascension_mode":true,"campfire_choices":[{"floor":1,"key":"RECALL"},{"data":"bronze:Terminator","floor":6,"key":"SMITH"},{"floor":11,"key":"REST"},{"data":"bronze:InfiniteLoop","floor":18,"key":"SMITH"},{"data":"bronze:GetLatest","floor":26,"key":"SMITH"},{"data":"bronze:ClassDefault","floor":29,"key":"SMITH"},{"data":"bronze:ItsAFeature","floor":35,"key":"SMITH"},{"floor":47,"key":"REST"},{"floor":54,"key":"REST"}],"circlet_count":0,"master_deck":["bronze:Defend","bronze:Defend","bronze:Defend","bronze:Defend","bronze:Replicate","bronze:Goto","bronze:WhirlingStrike","bronze:Iterate","bronze:Terminator+1","bronze:Deprecate+1","bronze:MaxOutput","bronze:FollowUp","bronze:Separator","bronze:GetLatest+1","bronze:Frontload+1","Panache","Panache","Replay:Sssssssssshield","bronze:OilSpill","bronze:DelayedGuard","bronze:Constructor","bronze:OilSpill","bronze:InfiniteLoop+1","CurseOfTheBell","Bite","Bite","Bite","Bite","Bite","bronze:FollowUp+1","bronze:Shell+1","bronze:Repair+1","bronze:Boost+1","bronze:ClassDefault+1","bronze:Turbo+1","bronze:ItsAFeature+1","bronze:Iterate+1","bronze:HardenedForm","bronze:BuggyMess+1","bronze:DigitalCarnage+1","bronze:DelayedGuard+1","bronze:SpaghettiCode+1","bronze:FindAndReplace+1","bronze:Allocate+1","expansioncontent:Chronoboost+1","bronze:MaxOutput+1","bronze:GetLatest+1","bronze:DelayedSlice+1","bronze:BronzeOrb+1","bronze:Turbo+1","bronze:Return+1","bronze:ItsAFeature+1","Replay:SS_forest_2"],"relics":["bronze:BronzeCore","Blood Vial","Replay:Rubber Ducky","Ring of Fury","Ring of Peace","Pen Nib","Gambling Chip","downfall:HeartBlessingRed","downfall:HeartBlessingBlue","Replay:Bronze Core","Ancient Tea Set","PreservedInsect","MerchantsRug","Happy Flower","downfall:HeartBlessingGreen","Shuriken","Strawberry"],"acts_visited":["Exordium","TheCity","TheBeyond","TheEnding"],"potions_floor_usage":[5,15,23,28,30,33,33,39,42,43,45,46,50,50],"damage_taken":[{"damage":7,"enemies":"Small Slimes","floor":2,"turns":4},{"damage":1,"enemies":"2 Louse","floor":3,"turns":2},{"damage":9,"enemies":"3 Sentries","floor":5,"turns":5},{"damage":17,"enemies":"3 Sentries","floor":8,"turns":7},{"damage":0,"enemies":"downfall:FleeingMerchant","floor":10,"turns":4},{"damage":0,"enemies":"Jaw Worm","floor":12,"turns":2},{"damage":0,"enemies":"Lots of Slimes","floor":13,"turns":1},{"damage":0,"enemies":"downfall:FleeingMerchant","floor":14,"turns":4},{"damage":0,"enemies":"Red Slaver","floor":15,"turns":3},{"damage":0,"enemies":"IC_STATUS_ARCHETYPE","floor":16,"turns":9},{"damage":9,"enemies":"Shell Parasite","floor":21,"turns":4},{"damage":8,"enemies":"downfall:LooterAlt2","floor":23,"turns":4},{"damage":0,"enemies":"3 Cultists","floor":25,"turns":3},{"damage":12,"enemies":"Snake Plant","floor":27,"turns":4},{"damage":11,"enemies":"Centurion and Healer","floor":28,"turns":5},{"damage":15,"enemies":"3 Cultists","floor":30,"turns":5},{"damage":0,"enemies":"Snecko","floor":31,"turns":5},{"damage":12,"enemies":"Snake Plant","floor":32,"turns":3},{"damage":0,"enemies":"SI_MIRROR_ARCHETYPE","floor":33,"turns":10},{"damage":0,"enemies":"Orb Walker","floor":36,"turns":3},{"damage":0,"enemies":"3 Darklings","floor":37,"turns":5},{"damage":0,"enemies":"Writhing Mass","floor":39,"turns":6},{"damage":0,"enemies":"Giant Head","floor":42,"turns":9},{"damage":6,"enemies":"downfall:FleeingMerchant","floor":43,"turns":4},{"damage":4,"enemies":"Spire Growth","floor":44,"turns":5},{"damage":0,"enemies":"Jaw Worm Horde","floor":45,"turns":4},{"damage":47,"enemies":"Reptomancer","floor":46,"turns":4},{"damage":0,"enemies":"3 Darklings","floor":48,"turns":6},{"damage":0,"enemies":"Spire Growth","floor":49,"turns":3},{"damage":91,"enemies":"WA_ARCHETYPE_DIVINITY","floor":50,"turns":9},{"damage":56,"enemies":"downfall:CharBossMerchant","floor":52,"turns":8},{"damage":39,"enemies":"downfall:NeowBoss","floor":55,"turns":17},{"damage":0,"enemies":"downfall:NeowBossFinal","floor":56,"turns":11}],"seed_played":"4917991714220706904","potions_obtained":[{"floor":3,"key":"BlessingOfTheForge"},{"floor":8,"key":"Weak Potion"},{"floor":13,"key":"Explosive Potion"},{"floor":16,"key":"hexamod:SoulburnPotion"},{"floor":25,"key":"Elixir"},{"floor":27,"key":"hexamod:SoulburnPotion"},{"floor":30,"key":"Adrenaline Potion"},{"floor":32,"key":"SkillPotion"},{"floor":33,"key":"Reflective Coating"},{"floor":37,"key":"hexamod:SoulburnPotion"},{"floor":42,"key":"LiquidMemories"},{"floor":45,"key":"AttackPotion"},{"floor":46,"key":"EssenceOfSteel"},{"floor":48,"key":"FairyPotion"},{"floor":49,"key":"Swift Potion"}],"is_trial":false,"path_per_floor":["R","M","M","?","?","R","T","E","?","$","R","M","M","$","M","B",null,"R","T","?","M","?","M","T","M","R","M","M","R","M","M","M","B",null,"R","M","M","?","M","?","T","E","$","M","M","E","R","M","M","B",null,"E","$","R","B","B",null],"character_chosen":"THE_AUTOMATON","items_purchased":["bronze:GetLatest","bronze:Frontload+1","ReplayTheSpireMod:ShopPack","MerchantsRug","bronze:Allocate+1","Frozen Egg 2","expansioncontent:Chronoboost+1","bronze:MaxOutput+1","Strawberry","Replay:SS_forest_2"],"campfire_rested":3,"item_purchase_floors":[10,10,10,43,43,43,43,43,53,53],"current_hp_per_floor":[70,63,62,62,53,53,53,38,38,40,61,63,65,67,69,70,70,70,70,49,40,40,40,40,42,42,38,42,52,44,48,52,59,59,59,59,59,59,59,59,59,59,55,55,59,24,41,59,59,5,59,5,12,31,18,38],"gold":61,"neow_bonus":"THREE_CARDS","is_daily":false,"chose_seed":false,"campfire_upgraded":5,"win_rate":0.0,"timestamp":1614146875,"path_taken":["R","M","M","?","?","R","T","E","?","$","R","M","?","?","M","BOSS","R","?","?","M","?","M","T","M","R","M","?","R","M","M","M","BOSS","R","M","M","?","?","?","T","E","$","M","M","E","R","M","M","BOSS","E","$","R","BOSS","BOSS"],"items_purchased_type":["Card","Card","Relic","Relic","Card","Relic","Card","Card","Relic","Card"],"build_version":"2020-12-22","purchased_purges":0,"victory":true,"max_hp_per_floor":[70,70,70,70,70,70,70,70,70,70,70,70,70,70,70,70,70,70,70,49,49,49,49,49,49,49,49,49,59,59,59,59,59,59,59,59,59,59,59,59,59,59,59,59,59,59,59,59,59,59,59,59,66,66,66,66],"card_choices":[{"not_picked":["bronze:Terminator","bronze:Invalidate"],"picked":"bronze:WhirlingStrike","floor":0},{"not_picked":["bronze:Safeguard","bronze:Invalidate"],"picked":"bronze:Iterate","floor":2},{"not_picked":["bronze:Invalidate","bronze:FineTuning"],"picked":"bronze:Terminator","floor":3},{"not_picked":["bronze:BitShift","bronze:FineTuning"],"picked":"bronze:MaxOutput","floor":5},{"not_picked":["bronze:HyperBeam","bronze:Mutator"],"picked":"bronze:FollowUp","floor":8},{"not_picked":["bronze:DigitalCarnage","bronze:Frontload","bronze:Fortify"],"picked":"bronze:Separator","floor":10},{"not_picked":["Master of Strategy","ReplayTheSpireMod:Necrogeddon","Midas Touch"],"picked":"Panache","floor":10},{"not_picked":["Thinking Ahead","Replay:BasicMightCard","HandOfGreed"],"picked":"Panache","floor":10},{"not_picked":["Blind","Purity","Thinking Ahead"],"picked":"Replay:Sssssssssshield","floor":10},{"not_picked":["bronze:Separator","bronze:Shell","bronze:Terminator"],"picked":"bronze:OilSpill","floor":12},{"not_picked":["bronze:Fortify","bronze:CutThrough","bronze:ForLoop"],"picked":"bronze:DelayedGuard","floor":13},{"not_picked":["bronze:BuggyMess","bronze:Deprecate","bronze:Optimize"],"picked":"bronze:Constructor","floor":14},{"not_picked":["bronze:Iterate","bronze:Verify","bronze:Constructor"],"picked":"bronze:OilSpill","floor":15},{"not_picked":["bronze:HardenedForm","bronze:Virus","bronze:HyperBeam"],"picked":"bronze:InfiniteLoop","floor":16},{"not_picked":["bronze:Frontload+1","bronze:WildBeam","bronze:BuggyMess+1"],"picked":"bronze:FollowUp+1","floor":21},{"not_picked":["bronze:Frontload+1","bronze:Constructor+1","bronze:WildBeam"],"picked":"bronze:Shell+1","floor":23},{"not_picked":["bronze:CutThrough","bronze:Separator","bronze:WhirlingStrike"],"picked":"bronze:Repair+1","floor":25},{"not_picked":["bronze:BuggyMess+1","bronze:Separator+1","bronze:BronzeArmor+1"],"picked":"bronze:Boost+1","floor":27},{"not_picked":["bronze:Optimize","bronze:Iterate","bronze:ForLoop+1"],"picked":"bronze:ClassDefault","floor":28},{"not_picked":["bronze:OilSpill","bronze:Constructor+1","bronze:DelayedSlice"],"picked":"bronze:Turbo+1","floor":30},{"not_picked":["bronze:Philosophize+1","bronze:OilSpill","bronze:Virus"],"picked":"bronze:ItsAFeature","floor":31},{"not_picked":["bronze:Turbo+1","bronze:Optimize","bronze:Invalidate+1"],"picked":"bronze:Iterate+1","floor":32},{"not_picked":["bronze:ThunderWave","bronze:TinkerersToolbox+1","bronze:Hardcode"],"picked":"bronze:HardenedForm","floor":33},{"not_picked":["bronze:NullPointer","bronze:Constructor+1","bronze:Separator+1"],"picked":"bronze:BuggyMess+1","floor":36},{"not_picked":["bronze:Branch","bronze:Terminator+1","bronze:CutThrough+1"],"picked":"bronze:DigitalCarnage+1","floor":37},{"not_picked":["bronze:NullPointer+1","bronze:DarkDash","bronze:Return+1"],"picked":"bronze:DelayedGuard+1","floor":39},{"not_picked":["bronze:Verify","bronze:BuggyMess+1","bronze:WhirlingStrike+1"],"picked":"bronze:SpaghettiCode+1","floor":42},{"not_picked":["bronze:DelayedGuard+1","bronze:ForceShield+1","bronze:Overheat+1"],"picked":"bronze:FindAndReplace+1","floor":43},{"not_picked":["bronze:Return+1","bronze:BitShift+1","bronze:Refactor+1"],"picked":"bronze:GetLatest+1","floor":44},{"not_picked":["bronze:Boost+1","bronze:DarkDash+1","bronze:Optimize+1"],"picked":"bronze:DelayedSlice+1","floor":45},{"not_picked":["bronze:WildBeam+1","bronze:MaxOutput+1","bronze:Shell+1"],"picked":"bronze:BronzeOrb+1","floor":46},{"not_picked":["bronze:Deprecate+1","bronze:Iterate","bronze:FineTuning+1"],"picked":"bronze:Turbo+1","floor":48},{"not_picked":["bronze:Separator+1","bronze:Terminator+1","bronze:Constructor+1"],"picked":"bronze:Return+1","floor":49},{"not_picked":["bronze:OilSpill+1","bronze:Terminator+1","bronze:Separator"],"picked":"bronze:ItsAFeature+1","floor":52}],"player_experience":209981,"relics_obtained":[{"floor":5,"key":"Blood Vial"},{"floor":7,"key":"Replay:Rubber Ducky"},{"floor":8,"key":"Question Card"},{"floor":9,"key":"Ring of Fury"},{"floor":9,"key":"Ring of Peace"},{"floor":17,"key":"Pen Nib"},{"floor":17,"key":"Toxic Egg 2"},{"floor":17,"key":"Gambling Chip"},{"floor":24,"key":"Dream Catcher"},{"floor":40,"key":"Ancient Tea Set"},{"floor":41,"key":"Art of War"},{"floor":42,"key":"PreservedInsect"},{"floor":46,"key":"Happy Flower"},{"floor":52,"key":"Shuriken"}],"event_choices":[{"damage_healed":0,"gold_gain":0,"player_choice":"Became a vampire","damage_taken":0,"max_hp_gain":0,"max_hp_loss":21,"event_name":"Vampires","floor":20,"gold_loss":0,"cards_obtained":["Bite","Bite","Bite","Bite","Bite"]},{"damage_healed":0,"gold_gain":0,"player_choice":"Ignored","damage_taken":0,"max_hp_gain":0,"max_hp_loss":0,"event_name":"Ghosts","floor":22,"gold_loss":0}],"is_beta":false,"boss_relics":[{"not_picked":["Busted Crown","Painkiller Herb"],"picked":"Calling Bell"},{"not_picked":["Black Star","Snecko Eye"],"picked":"Replay:Bronze Core"}],"items_purged_floors":[],"is_endless":false,"potions_floor_spawned":[3,8,13,16,25,27,30,32,33,37,42,45,46,48,49],"ascension_level":4}}