{"host":"tlbbab9afexrkdtf","time":1614202927,"event":{"mods":["2.2 Compatiblity","AchievementEnabler","BaseMod","Colored Map","Colored Powertips","Minty Spire (QoL Compilation)","Rare Cards Sparkle","StSLib"],"gold_per_floor":[360,377,327,22,37,37,37,47,47,60,76,76,76,94,94,195,195,213,213,213,165,181,181,196,196,196,216,216,240,250,261,261,261,261],"floor_reached":33,"language":"ENG","playtime":890,"items_purged":[],"score":349,"play_id":"693beab5-b864-4c19-91c4-26fc1b6d6fef","local_time":"20210224164207","is_ascension_mode":true,"campfire_choices":[{"floor":6,"key":"REST"},{"floor":13,"key":"REST"},{"data":"Scrape","floor":15,"key":"SMITH"},{"data":"Go for the Eyes","floor":23,"key":"SMITH"},{"floor":25,"key":"REST"},{"floor":28,"key":"REST"},{"floor":32,"key":"REST"}],"circlet_count":0,"master_deck":["Strike_B","Strike_B","Strike_B","Defend_B+1","Defend_B","Defend_B","Defend_B+1","Zap","Dualcast","Gash","Go for the Eyes","Conserve Battery","Gash","Scrape+1","Streamline","Go for the Eyes+1","Hologram+1","Conserve Battery+1","Doubt","Coolheaded+1","Regret","Sweeping Beam+1","Gash+1"],"relics":["Cracked Core","Ginger","Singing Bowl","Cursed Key","Enchiridion","TungstenRod","Lantern"],"acts_visited":["Exordium","TheCity"],"potions_floor_usage":[14,14,16,16,24,33,33,33],"damage_taken":[{"damage":2,"enemies":"Jaw Worm","floor":1,"turns":4},{"damage":8,"enemies":"2 Louse","floor":2,"turns":3},{"damage":1,"enemies":"Cultist","floor":5,"turns":4},{"damage":5,"enemies":"Blue Slaver","floor":8,"turns":4},{"damage":2,"enemies":"Large Slime","floor":10,"turns":7},{"damage":9,"enemies":"Looter","floor":11,"turns":3},{"damage":7,"enemies":"Exordium Thugs","floor":14,"turns":5},{"damage":47,"enemies":"The Guardian","floor":16,"turns":9},{"damage":16,"enemies":"Spheric Guardian","floor":18,"turns":4},{"damage":0,"enemies":"Chosen","floor":22,"turns":3},{"damage":28,"enemies":"3 Cultists","floor":24,"turns":6},{"damage":8,"enemies":"Snecko","floor":27,"turns":4},{"damage":13,"enemies":"Chosen and Byrds","floor":30,"turns":6},{"damage":26,"enemies":"Snake Plant","floor":31,"turns":5},{"damage":70,"enemies":"Champ","floor":33,"turns":11}],"seed_played":"-7495240129684780826","potions_obtained":[{"floor":1,"key":"Regen Potion"},{"floor":2,"key":"AttackPotion"},{"floor":5,"key":"Explosive Potion"},{"floor":14,"key":"FocusPotion"},{"floor":16,"key":"GamblersBrew"},{"floor":18,"key":"FocusPotion"},{"floor":22,"key":"PotionOfCapacity"},{"floor":24,"key":"Ancient Potion"},{"floor":31,"key":"Fire Potion"}],"is_trial":false,"path_per_floor":["M","M","?","$","M","R","?","M","T","M","M","?","R","M","R","B",null,"M","?","?","$","M","R","M","R","T","M","R","T","M","M","R","B"],"character_chosen":"DEFECT","items_purchased":["Ginger","Go for the Eyes"],"campfire_rested":5,"item_purchase_floors":[4,21],"current_hp_per_floor":[66,58,58,58,57,75,68,63,63,63,56,40,63,70,70,25,67,51,78,62,62,62,62,34,58,58,50,74,74,61,35,59,0,0],"gold":261,"neow_bonus":"TWO_FIFTY_GOLD","is_daily":false,"chose_seed":false,"campfire_upgraded":2,"win_rate":0.0,"timestamp":1614202927,"path_taken":["M","M","?","$","M","R","?","M","T","M","M","?","R","M","R","BOSS","M","?","?","$","M","R","M","R","T","M","R","?","M","?","R","BOSS"],"items_purchased_type":["Relic","Card"],"build_version":"2020-12-22","purchased_purges":0,"victory":false,"max_hp_per_floor":[75,75,75,75,75,75,75,75,75,77,79,79,79,79,79,81,81,81,81,81,81,81,81,81,81,81,81,81,81,81,81,81,81,81],"card_choices":[{"not_picked":["Turbo","Doom and Gloom"],"picked":"Gash","floor":1},{"not_picked":["Blizzard","Sweeping Beam"],"picked":"Go for the Eyes","floor":2},{"not_picked":["Redo","Sweeping Beam"],"picked":"Conserve Battery","floor":5},{"not_picked":["Leap","Coolheaded"],"picked":"Gash","floor":8},{"not_picked":["Biased Cognition","Sweeping Beam","Compile Driver"],"picked":"Singing Bowl","floor":10},{"not_picked":["White Noise","Aggregate","Steam Power"],"picked":"Singing Bowl","floor":11},{"not_picked":["Turbo","Cold Snap"],"picked":"Scrape","floor":14},{"not_picked":["Electrodynamics","Thunder Strike","Seek"],"picked":"Singing Bowl","floor":16},{"not_picked":["Stack","Capacitor"],"picked":"Streamline","floor":18},{"not_picked":["Coolheaded+1","Reinforced Body"],"picked":"Hologram+1","floor":22},{"not_picked":["Rebound","Stack+1"],"picked":"Conserve Battery+1","floor":24},{"not_picked":["Sunder","Heatsinks"],"picked":"Coolheaded+1","floor":27},{"not_picked":["Rainbow","BootSequence"],"picked":"Sweeping Beam+1","floor":30},{"not_picked":["Turbo","Barrage+1"],"picked":"Gash+1","floor":31}],"player_experience":366780,"relics_obtained":[{"floor":9,"key":"Singing Bowl"},{"floor":20,"key":"Enchiridion"},{"floor":26,"key":"TungstenRod"},{"floor":29,"key":"Lantern"}],"event_choices":[{"cards_removed":["Writhe"],"damage_healed":0,"gold_gain":0,"player_choice":"Card Removal","damage_taken":0,"max_hp_gain":0,"max_hp_loss":0,"event_name":"The Cleric","floor":3,"gold_loss":50},{"cards_removed":["Strike_B"],"damage_healed":0,"gold_gain":0,"player_choice":"Card Removal","damage_taken":7,"max_hp_gain":0,"max_hp_loss":0,"event_name":"Golden Wing","floor":7,"gold_loss":0},{"damage_healed":0,"gold_gain":0,"player_choice":"Entered Light","damage_taken":16,"max_hp_gain":0,"max_hp_loss":0,"event_name":"Shining Light","floor":12,"gold_loss":0,"cards_upgraded":["Defend_B","Defend_B"]},{"damage_healed":27,"gold_gain":0,"player_choice":"Heal","damage_taken":0,"max_hp_gain":0,"max_hp_loss":0,"event_name":"The Library","floor":19,"gold_loss":0},{"damage_healed":0,"gold_gain":0,"player_choice":"Obtained Book","damage_taken":16,"max_hp_gain":0,"max_hp_loss":0,"event_name":"Cursed Tome","floor":20,"gold_loss":0}],"is_beta":false,"boss_relics":[{"not_picked":["Coffee Dripper","SacredBark"],"picked":"Cursed Key"}],"items_purged_floors":[],"is_endless":false,"potions_floor_spawned":[1,2,5,14,16,18,22,24,30,31],"killed_by":"Champ","ascension_level":9}}