{"host":"7sni158j623xchr2","time":1614191310,"event":{"mods":["BaseMod","Colored Map","Highlight Path","Minty Spire (QoL Compilation)","Permanent Neow","Potion Indicator Mod","Rare Cards Sparkle","Relic Sorter","Relic Stats","StSLib","everything is the same but u backflip on backflip"],"gold_per_floor":[19,30,30,30,30,65,65,99,150,150,325,353,353,90,90,187,187,202,222,222,222,492,492,492],"floor_reached":23,"language":"ENG","playtime":448,"items_purged":["Doubt"],"score":251,"play_id":"1202ffc0-b70e-4868-908d-9f222755ab05","local_time":"20210224122830","is_ascension_mode":true,"campfire_choices":[{"data":"Biased Cognition","floor":7,"key":"SMITH"},{"data":"Rainbow","floor":13,"key":"SMITH"},{"data":"Lockon","floor":15,"key":"SMITH"}],"circlet_count":0,"master_deck":["Strike_B+1","Strike_B+1","Strike_B+1","Strike_B+1","Defend_B+1","Defend_B+1","Defend_B+1","Zap+1","Dualcast","Biased Cognition+1","BootSequence","Compile Driver","Rainbow+1","Lockon+1","Rebound","Master of Strategy","Echo Form","Coolheaded"],"relics":["Cracked Core","PreservedInsect","Regal Pillow","Juzu Bracelet","StrikeDummy","Meat on the Bone","Snecko Eye"],"acts_visited":["Exordium","TheCity"],"potions_floor_usage":[6,18,23],"damage_taken":[{"damage":2,"enemies":"Jaw Worm","floor":1,"turns":3},{"damage":0,"enemies":"Small Slimes","floor":2,"turns":2},{"damage":11,"enemies":"Lagavulin","floor":6,"turns":7},{"damage":0,"enemies":"3 Sentries","floor":8,"turns":4},{"damage":18,"enemies":"Gremlin Nob","floor":12,"turns":3},{"damage":16,"enemies":"The Guardian","floor":16,"turns":6},{"damage":20,"enemies":"2 Thieves","floor":18,"turns":4},{"damage":0,"enemies":"Spheric Guardian","floor":19,"turns":3},{"damage":29,"enemies":"Slavers","floor":23,"turns":2}],"seed_played":"-702100733914913375","potions_obtained":[{"floor":1,"key":"Swift Potion"},{"floor":8,"key":"Explosive Potion"},{"floor":16,"key":"FearPotion"}],"is_trial":false,"path_per_floor":["M","M","$","?","?","E","R","E","T","?","?","E","R","$","R","B",null,"M","M","?","?","?","E"],"character_chosen":"DEFECT","items_purchased":["Master of Strategy"],"campfire_rested":0,"item_purchase_floors":[14],"current_hp_per_floor":[73,73,73,73,73,62,62,62,62,44,44,26,26,26,26,22,75,55,55,55,55,28,0,0],"gold":492,"neow_bonus":"THREE_RARE_CARDS","is_daily":false,"chose_seed":false,"campfire_upgraded":3,"win_rate":0.0,"timestamp":1614191310,"path_taken":["M","M","$","?","?","E","R","E","T","?","?","E","R","?","R","BOSS","M","M","?","?","?","E"],"items_purchased_type":["Card"],"build_version":"2020-12-22","purchased_purges":1,"victory":false,"max_hp_per_floor":[75,75,75,75,75,75,75,75,75,75,75,75,75,75,75,75,75,75,75,75,75,75,75,75],"relic_stats":{"Regal Pillow":0,"counters":[9,34],"Snecko Eye":[17,16,20,17],"PreservedInsect":97,"Juzu Bracelet":2,"obtain_stats":[{"Regal Pillow":8,"Snecko Eye":17,"PreservedInsect":6,"Juzu Bracelet":9,"Cracked Core":0,"StrikeDummy":10,"Meat on the Bone":12},{"Regal Pillow":4,"Snecko Eye":6,"PreservedInsect":3,"Juzu Bracelet":4,"Cracked Core":0,"StrikeDummy":4,"Meat on the Bone":5},{"Regal Pillow":16,"Snecko Eye":25,"PreservedInsect":12,"Juzu Bracelet":16,"Cracked Core":0,"StrikeDummy":16,"Meat on the Bone":19}],"Meat on the Bone":12},"card_choices":[{"not_picked":["Amplify","Machine Learning"],"picked":"Biased Cognition","floor":0},{"not_picked":["Capacitor","Stack"],"picked":"BootSequence","floor":1},{"not_picked":["Auto Shields","Chill"],"picked":"Compile Driver","floor":2},{"not_picked":["Reboot","Thunder Strike"],"picked":"Rainbow","floor":6},{"not_picked":["Steam Power","Conserve Battery"],"picked":"Lockon","floor":8},{"not_picked":["Stack","BootSequence"],"picked":"Rebound","floor":12},{"not_picked":["Thunder Strike","Hyperbeam"],"picked":"Echo Form","floor":16},{"not_picked":["Recycle","Streamline+1","Redo"],"picked":"SKIP","floor":18},{"not_picked":["Hello World","Auto Shields"],"picked":"Coolheaded","floor":19}],"player_experience":1847070,"relics_obtained":[{"floor":6,"key":"PreservedInsect"},{"floor":8,"key":"Regal Pillow"},{"floor":9,"key":"Juzu Bracelet"},{"floor":12,"key":"Meat on the Bone"}],"event_choices":[{"damage_healed":0,"gold_gain":0,"player_choice":"Grow","damage_taken":0,"max_hp_gain":0,"max_hp_loss":0,"event_name":"Living Wall","floor":4,"gold_loss":0,"cards_upgraded":["Zap"]},{"cards_removed":["Defend_B"],"damage_healed":0,"gold_gain":0,"player_choice":"Purged","damage_taken":0,"max_hp_gain":0,"max_hp_loss":0,"event_name":"Purifier","floor":5,"gold_loss":0},{"damage_healed":0,"gold_gain":0,"player_choice":"Success","damage_taken":18,"relics_obtained":["StrikeDummy"],"max_hp_gain":0,"max_hp_loss":0,"event_name":"Scrap Ooze","floor":10,"gold_loss":0},{"damage_healed":0,"gold_gain":175,"player_choice":"AGREE","damage_taken":0,"max_hp_gain":0,"max_hp_loss":0,"event_name":"Liars Game","floor":11,"gold_loss":0,"cards_obtained":["Doubt"]},{"damage_healed":0,"gold_gain":0,"player_choice":"Simplicity","damage_taken":0,"max_hp_gain":0,"max_hp_loss":0,"event_name":"Back to Basics","floor":20,"gold_loss":0,"cards_upgraded":["Strike_B","Strike_B","Strike_B","Strike_B","Defend_B","Defend_B","Defend_B"]},{"damage_healed":0,"gold_gain":0,"player_choice":"Ignored","damage_taken":0,"max_hp_gain":0,"max_hp_loss":0,"event_name":"Ghosts","floor":21,"gold_loss":0},{"damage_healed":0,"gold_gain":270,"player_choice":"GOLD GOLD GOLD ","damage_taken":27,"max_hp_gain":0,"max_hp_loss":0,"event_name":"Knowing Skull","floor":22,"potions_obtained":[],"gold_loss":0,"cards_obtained":[]}],"is_beta":false,"boss_relics":[{"not_picked":["Tiny House","Nuclear Battery"],"picked":"Snecko Eye"}],"items_purged_floors":[14],"is_endless":false,"potions_floor_spawned":[1,8,16],"killed_by":"Slavers","ascension_level":2}}