{"host":"5z8akj3r2akmlwyw","time":1614185625,"event":{"mods":["AchievementEnabler","BaseMod","Colored Powertips","Conspire","Downfall","KinomotoSakuraMod(ƒæ÷Æ±æ”£)","Marisa£®ÏF”Í°°ƒß¿Ì…≥£©","Minty Spire (QoL Compilation)","Quick Restart","Reimu£®≤©¿ˆ¡È√Œ£©","Remilia£®¿Ÿ√◊¿Ú—«£©","Replay The Spire","StSLib","The Construct","The Cursed","The Hierophant","The Servant 0.9.4","Youmu£®ªÍ∆«—˝√Œ£©"],"gold_per_floor":[111,127,127,138,157,157,173,208,208,236,236,271,271,48,48,152,152,152,152],"floor_reached":18,"language":"ZHS","playtime":1215,"items_purged":["Defend_P"],"score":226,"play_id":"df1858e8-06f0-4b55-961c-e3cb671c66bc","local_time":"20210225005345","is_ascension_mode":true,"campfire_choices":[{"data":"Eruption","floor":6.0,"key":"SMITH"},{"data":"Scrawl","floor":11.0,"key":"SMITH"},{"data":"EmptyBody","floor":13,"key":"SMITH"},{"floor":15,"key":"REST"}],"circlet_count":0,"master_deck":["Strike_P","Strike_P","Strike_P","Defend_P+1","Defend_P","Defend_P","Eruption+1","Vigilance","ThirdEye","WheelKick","EmptyBody+1","Scrawl+1","Halt","FollowUp","EmptyMind","EmptyFist+1","Alpha","conspire:Blindness","Amnesia","downfall:Icky"],"relics":["PureWater","Replay:Wax Seal","Molten Egg 2","conspire:DeflatedDodgeball","Replay:Bottled Steam","Blue Doll","Replay:Ancient Bell","ReplayTheSpireMod:TigerMarble","Golden Egg","Replay:Kaleidoscope"],"acts_visited":["Exordium","TheCity"],"potions_floor_usage":[12,12,16],"damage_taken":[{"damage":0.0,"enemies":"Cultist","floor":1.0,"turns":2.0},{"damage":0.0,"enemies":"Jaw Worm","floor":2.0,"turns":4.0},{"damage":0.0,"enemies":"conspire:RoseBush","floor":4.0,"turns":3.0},{"damage":10.0,"enemies":"Lots of Slimes","floor":5.0,"turns":7.0},{"damage":5.0,"enemies":"Blue Slaver","floor":7.0,"turns":3.0},{"damage":0.0,"enemies":"Gremlin Nob","floor":8.0,"turns":3.0},{"damage":6.0,"enemies":"Replay:BlueRogue","floor":10.0,"turns":7.0},{"damage":2,"enemies":"Lagavulin","floor":12,"turns":5},{"damage":36,"enemies":"Hexaghost","floor":16,"turns":8},{"damage":0,"enemies":"Shell Parasite","floor":18,"turns":3}],"seed_played":"-1939695087572098529","potions_obtained":[{"floor":5.0,"key":"Cursed Concoction"},{"floor":7.0,"key":"PowerPotion"},{"floor":8.0,"key":"LiquidBronze"},{"floor":10.0,"key":"PowerPotion"},{"floor":16,"key":"Swift Potion"}],"is_trial":false,"path_per_floor":["M","M","?","M","M","R","M","E","T","E","R","E","R","$","R","B",null,"M"],"character_chosen":"WATCHER","items_purchased":["Blue Doll"],"campfire_rested":1,"item_purchase_floors":[14],"current_hp_per_floor":[72,72,72,72,62,62,57,57,57,51,51,49,49,49,70,34,72,72,72],"gold":152,"neow_bonus":"RANDOM_EVENT","is_daily":false,"chose_seed":false,"campfire_upgraded":3,"win_rate":0.0,"timestamp":1614185625,"path_taken":["M","?","?","?","M","R","M","E","T","E","R","E","R","$","R","BOSS","M"],"items_purchased_type":["Relic"],"build_version":"2020-12-22","purchased_purges":1,"victory":false,"max_hp_per_floor":[72,72,72,72,72,72,72,72,72,72,72,72,72,72,72,72,72,72,72],"card_choices":[{"not_picked":["Replay:ManipulateFuture","PathToVictory"],"picked":"ThirdEye","floor":1.0},{"not_picked":["CarveReality","WreathOfFlame"],"picked":"WheelKick","floor":2.0},{"not_picked":["FlyingSleeves","Consecrate"],"picked":"EmptyBody","floor":4.0},{"not_picked":["Evaluate","BowlingBash"],"picked":"Scrawl","floor":5.0},{"not_picked":["ThirdEye","Evaluate"],"picked":"Halt","floor":7.0},{"not_picked":["Crescendo","Replay:DivineShield"],"picked":"FollowUp","floor":8.0},{"not_picked":["DeceiveReality","BowlingBash+1"],"picked":"EmptyMind","floor":10.0},{"not_picked":["Crescendo","Replay:AtTheReady"],"picked":"EmptyFist+1","floor":12},{"not_picked":["LessonLearned+1","Ragnarok+1"],"picked":"Alpha","floor":16},{"not_picked":["ReplayTheSpireMod:Restless Dread","Shame"],"picked":"conspire:Blindness","floor":17},{"not_picked":["CurseOfTheBell","conspire:NecroticWound"],"picked":"Amnesia","floor":17},{"not_picked":["Wraith","Hallucinations"],"picked":"downfall:Icky","floor":17}],"player_experience":129226,"relics_obtained":[{"floor":8.0,"key":"Replay:Wax Seal"},{"floor":9.0,"key":"Molten Egg 2"},{"floor":10.0,"key":"conspire:DeflatedDodgeball"},{"floor":12,"key":"Replay:Bottled Steam"}],"event_choices":[{"damage_healed":0.0,"max_hp_gain":0.0,"max_hp_loss":0.0,"gold_gain":0.0,"event_name":"Accursed Blacksmith","player_choice":"Forge","floor":3.0,"gold_loss":0.0,"damage_taken":0.0,"cards_upgraded":["Defend_P"]}],"is_beta":false,"boss_relics":[{"not_picked":["Ectoplasm","conspire:SeveredTorchhead"],"picked":"Replay:Ancient Bell"},{"not_picked":["RuthlessExorcism:ReiMu","Vajra"],"picked":"ReplayTheSpireMod:TigerMarble"},{"not_picked":["Question Card","Snack Pack"],"picked":"Golden Egg"},{"not_picked":["Incense Burner","Ginger"],"picked":"Replay:Kaleidoscope"}],"items_purged_floors":[14],"is_endless":false,"potions_floor_spawned":[5,7,8,10,16],"killed_by":"Shell Parasite","ascension_level":2}}