{"host":"15dd7v8o90xso62x","time":1614140149,"event":{"mods":["BaseMod","Minty Spire (QoL Compilation)","Quick Restart","StSLib","SuperFastMode"],"gold_per_floor":[110,69,69,69,88,122,122,135,135,168,193,225,271,298,310,400,412,435,447,459,489,44,69,69,69,151,168,179,179,198,216,216,216,216],"floor_reached":33,"language":"KOR","playtime":2392,"items_purged":[],"score":628,"play_id":"7b59c00d-77ae-4e47-bc4d-b38f6bd9a29f","local_time":"20210224131549","is_ascension_mode":true,"campfire_choices":[{"data":"Combust","floor":7.0,"key":"SMITH"},{"data":"Rupture","floor":15.0,"key":"SMITH"},{"floor":24,"key":"REST"},{"floor":29,"key":"REST"},{"data":"Sword Boomerang","floor":32,"key":"SMITH"}],"circlet_count":0,"master_deck":["AscendersBane","Strike_R","Strike_R","Strike_R","Defend_R","Defend_R","Defend_R","Defend_R","Bash","Ghostly Armor","Combust+1","Shrug It Off","Sword Boomerang+1","Carnage","Rupture+1","Bloodletting","Corruption","Burning Pact","Whirlwind+1","Power Through","Evolve","Impervious"],"relics":["Burning Blood","NeowsBlessing","Bird Faced Urn","Bottled Tornado","MawBank","Toy Ornithopter","Busted Crown","Singing Bowl","Pen Nib","Matryoshka"],"acts_visited":["Exordium","TheCity"],"potions_floor_usage":[23,33,33],"damage_taken":[{"damage":0.0,"enemies":"Small Slimes","floor":1.0,"turns":1.0},{"damage":0.0,"enemies":"Jaw Worm","floor":5.0,"turns":1.0},{"damage":0.0,"enemies":"Lagavulin","floor":6.0,"turns":1.0},{"damage":1.0,"enemies":"2 Louse","floor":8.0,"turns":3.0},{"damage":12.0,"enemies":"3 Sentries","floor":10.0,"turns":5.0},{"damage":16.0,"enemies":"Red Slaver","floor":11.0,"turns":3.0},{"damage":9.0,"enemies":"2 Fungi Beasts","floor":12.0,"turns":3.0},{"damage":30.0,"enemies":"Lagavulin","floor":13.0,"turns":6.0},{"damage":24.0,"enemies":"3 Louse","floor":14.0,"turns":2.0},{"damage":15.0,"enemies":"The Guardian","floor":16.0,"turns":9.0},{"damage":7,"enemies":"Chosen","floor":18,"turns":5},{"damage":21,"enemies":"Spheric Guardian","floor":21,"turns":5},{"damage":29,"enemies":"Slavers","floor":23,"turns":3},{"damage":37,"enemies":"Shelled Parasite and Fungi","floor":27,"turns":5},{"damage":27,"enemies":"Snake Plant","floor":28,"turns":5},{"damage":16,"enemies":"Snecko","floor":30,"turns":4},{"damage":4,"enemies":"Cultist and Chosen","floor":31,"turns":5},{"damage":66,"enemies":"Collector","floor":33,"turns":8}],"seed_played":"-4071566308828781716","potions_obtained":[{"floor":1.0,"key":"Swift Potion"},{"floor":10.0,"key":"Strength Potion"},{"floor":11.0,"key":"EssenceOfSteel"},{"floor":21,"key":"AttackPotion"},{"floor":23,"key":"Swift Potion"},{"floor":31,"key":"DuplicationPotion"}],"is_trial":false,"path_per_floor":["M","$","?","?","M","E","R","M","T","E","M","M","E","M","R","B",null,"M","?","?","M","$","E","R","?","T","M","M","R","M","M","R","B"],"character_chosen":"IRONCLAD","items_purchased":["Combust","Power Through","Evolve","Singing Bowl"],"campfire_rested":2,"item_purchase_floors":[2,22,22,22],"current_hp_per_floor":[74,74,67,67,73,75,75,75,75,69,61,60,40,26,26,26,63,66,45,45,36,36,24,48,48,48,23,12,37,35,47,47,0,0],"gold":216,"neow_bonus":"THREE_ENEMY_KILL","is_daily":false,"chose_seed":false,"campfire_upgraded":3,"win_rate":0.0,"timestamp":1614140149,"path_taken":["M","$","?","?","M","E","R","M","T","E","M","M","E","?","R","BOSS","M","?","?","M","$","E","R","?","T","?","M","R","M","M","R","BOSS"],"items_purchased_type":["Card","Card","Card","Relic"],"build_version":"2020-12-22","purchased_purges":0,"victory":false,"max_hp_per_floor":[75,75,75,75,75,75,75,75,75,75,75,75,75,75,75,75,75,75,80,80,80,80,82,82,82,82,84,86,86,88,90,90,90,90],"card_choices":[{"not_picked":["Thunderclap","Bloodletting"],"picked":"Ghostly Armor","floor":1.0},{"not_picked":["Thunderclap","Spot Weakness"],"picked":"Shrug It Off","floor":5.0},{"not_picked":["Iron Wave","Dual Wield","Brutality"],"picked":"SKIP","floor":6.0},{"not_picked":["True Grit","Clash"],"picked":"Sword Boomerang","floor":8.0},{"not_picked":["Flex","Perfected Strike","Body Slam"],"picked":"SKIP","floor":10.0},{"not_picked":["Warcry","Twin Strike"],"picked":"Carnage","floor":11.0},{"not_picked":["Spot Weakness","Cleave"],"picked":"Rupture","floor":12.0},{"not_picked":["Twin Strike","Flex","Shrug It Off"],"picked":"SKIP","floor":13.0},{"not_picked":["Thunderclap","Clothesline"],"picked":"Bloodletting","floor":14.0},{"not_picked":["Exhume","Juggernaut"],"picked":"Corruption","floor":16.0},{"not_picked":["Heavy Blade"],"picked":"SKIP","floor":18},{"not_picked":[],"picked":"Whirlwind+1","floor":21},{"not_picked":["Whirlwind"],"picked":"Singing Bowl","floor":23},{"not_picked":["Clothesline"],"picked":"Singing Bowl","floor":27},{"not_picked":["Shrug It Off"],"picked":"Singing Bowl","floor":28},{"not_picked":["Sword Boomerang"],"picked":"Singing Bowl","floor":30},{"not_picked":["Clash+1"],"picked":"Singing Bowl","floor":31}],"player_experience":968312,"relics_obtained":[{"floor":6.0,"key":"Bird Faced Urn"},{"floor":9.0,"key":"Bottled Tornado"},{"floor":10.0,"key":"MawBank"},{"floor":13.0,"key":"Toy Ornithopter"},{"floor":23,"key":"Pen Nib"},{"floor":26,"key":"Matryoshka"}],"event_choices":[{"cards_removed":["Strike_R"],"damage_healed":0.0,"max_hp_gain":0.0,"max_hp_loss":0.0,"gold_gain":0.0,"event_name":"Golden Wing","player_choice":"Card Removal","floor":3.0,"gold_loss":0.0,"damage_taken":7.0},{"damage_healed":0.0,"max_hp_gain":0.0,"max_hp_loss":0.0,"gold_gain":0.0,"event_name":"The Cleric","player_choice":"Leave","floor":4.0,"gold_loss":0.0,"damage_taken":0.0},{"damage_healed":0,"gold_gain":0,"player_choice":"Shed Blood","damage_taken":26,"max_hp_gain":5,"max_hp_loss":0,"event_name":"Forgotten Altar","floor":19,"gold_loss":0},{"damage_healed":0,"gold_gain":0,"player_choice":"Read","damage_taken":0,"max_hp_gain":0,"max_hp_loss":0,"event_name":"The Library","floor":20,"gold_loss":0,"cards_obtained":["Burning Pact"]},{"damage_healed":0,"gold_gain":0,"cards_transformed":["Strike_R"],"player_choice":"Transformed","damage_taken":0,"max_hp_gain":0,"max_hp_loss":0,"event_name":"Transmorgrifier","floor":25,"gold_loss":0,"cards_obtained":["Impervious"]}],"is_beta":false,"boss_relics":[{"not_picked":["Pandora\u0027s Box","Runic Dome"],"picked":"Busted Crown"}],"items_purged_floors":[],"is_endless":false,"potions_floor_spawned":[1,10,11,21,23,31],"killed_by":"Collector","ascension_level":20}}