{"host":"7nm1ow5v9mg4ehcw","time":1614158219,"event":{"mods":["BaseMod","Minty Spire (QoL Compilation)","Relic Stats","StSLib"],"gold_per_floor":[113,133,208,223,223,223,249,28,28,40,40,66,76,92,92,92,92],"floor_reached":16,"language":"ENG","playtime":884,"items_purged":[],"score":224,"play_id":"33ce179b-0434-4f7f-b506-6087820e00b7","local_time":"20210224101659","is_ascension_mode":true,"campfire_choices":[{"data":"Bash","floor":6,"key":"SMITH"},{"floor":11,"key":"REST"},{"data":"Feed","floor":15,"key":"SMITH"}],"circlet_count":0,"master_deck":["AscendersBane","Strike_R","Strike_R","Strike_R","Strike_R","Defend_R","Defend_R","Defend_R","Defend_R","Bash+1","Pummel","Thunderclap","Flame Barrier","Metallicize","Combust","Feed+1","Dual Wield","Pommel Strike","Flame Barrier","Evolve","Brutality"],"relics":["Burning Blood","Akabeko","CaptainsWheel","Kunai","Dream Catcher"],"acts_visited":["Exordium"],"potions_floor_usage":[12,14,16],"damage_taken":[{"damage":9,"enemies":"Small Slimes","floor":1,"turns":4},{"damage":14,"enemies":"Jaw Worm","floor":2,"turns":5},{"damage":0,"enemies":"Cultist","floor":4,"turns":2},{"damage":22,"enemies":"3 Sentries","floor":7,"turns":14},{"damage":8,"enemies":"Exordium Wildlife","floor":10,"turns":4},{"damage":11,"enemies":"Lagavulin","floor":12,"turns":7},{"damage":9,"enemies":"2 Fungi Beasts","floor":13,"turns":6},{"damage":0,"enemies":"Red Slaver","floor":14,"turns":1},{"damage":71,"enemies":"Hexaghost","floor":16,"turns":11}],"seed_played":"-6210624824718534401","potions_obtained":[{"floor":1,"key":"ElixirPotion"},{"floor":7,"key":"FearPotion"},{"floor":12,"key":"BlessingOfTheForge"}],"is_trial":false,"path_per_floor":["M","M","?","M","?","R","E","$","T","M","R","E","M","M","R","B"],"character_chosen":"IRONCLAD","items_purchased":["Feed","Dual Wield"],"campfire_rested":1,"item_purchase_floors":[8,8],"current_hp_per_floor":[65,57,46,52,52,52,36,36,36,37,60,58,61,71,71,0,0],"gold":92,"neow_bonus":"RANDOM_COMMON_RELIC","is_daily":false,"chose_seed":false,"campfire_upgraded":2,"win_rate":0.0,"timestamp":1614158219,"path_taken":["M","M","?","M","?","R","E","$","T","M","R","E","M","M","R","BOSS"],"items_purchased_type":["Card","Card"],"build_version":"2020-12-22","purchased_purges":0,"victory":false,"max_hp_per_floor":[75,75,75,75,75,75,75,75,75,78,78,81,87,91,91,91,91],"relic_stats":{"Dream Catcher":0,"counters":[9,54],"Kunai":[3],"obtain_stats":[{"CaptainsWheel":7,"Dream Catcher":12,"Kunai":9,"Burning Blood":0,"Akabeko":0},{"CaptainsWheel":4,"Dream Catcher":6,"Kunai":4,"Burning Blood":0,"Akabeko":0},{"CaptainsWheel":25,"Dream Catcher":36,"Kunai":25,"Burning Blood":0,"Akabeko":0}],"Burning Blood":48},"card_choices":[{"not_picked":["Shockwave","Hemokinesis"],"picked":"Pummel","floor":1},{"not_picked":["Dark Embrace","Heavy Blade"],"picked":"Thunderclap","floor":2},{"not_picked":["Blood for Blood","Anger"],"picked":"Flame Barrier","floor":4},{"not_picked":["Intimidate","Seeing Red"],"picked":"Combust","floor":7},{"not_picked":["Twin Strike","Iron Wave"],"picked":"Pommel Strike","floor":10},{"not_picked":["Power Through","Shrug It Off"],"picked":"Flame Barrier","floor":12},{"not_picked":["Wild Strike","Anger"],"picked":"Evolve","floor":13},{"not_picked":["Evolve","Warcry"],"picked":"Brutality","floor":14}],"player_experience":412187,"relics_obtained":[{"floor":7,"key":"CaptainsWheel"},{"floor":9,"key":"Kunai"},{"floor":12,"key":"Dream Catcher"}],"event_choices":[{"damage_healed":0,"gold_gain":75,"player_choice":"Gather Gold","damage_taken":11,"max_hp_gain":0,"max_hp_loss":0,"event_name":"World of Goop","floor":3,"gold_loss":0},{"damage_healed":0,"gold_gain":0,"cards_transformed":["Strike_R"],"player_choice":"Change","damage_taken":0,"max_hp_gain":0,"max_hp_loss":0,"event_name":"Living Wall","floor":5,"gold_loss":0,"cards_obtained":["Metallicize"]}],"is_beta":false,"boss_relics":[],"items_purged_floors":[],"is_endless":false,"potions_floor_spawned":[1,7,12,13],"killed_by":"Hexaghost","ascension_level":20}}