{"host":"rhwhcpbwk36iao2l","time":1614125151,"event":{"mods":["BaseMod","Downfall","Highlight Path","Minty Spire (QoL Compilation)","Replay The Spire","StSLib","The Senshi"],"gold_per_floor":[110,128,138,138,158,193,193,193,193,223,223,582,582,596,596,696,696,696,713,14,32,50,50,60,74,142,20,50,60,60,60,60,155,155,169,219,229,27,27,53,69,94,94,94,94,49,61,61,61,61],"floor_reached":51,"language":"ENG","playtime":4879,"items_purged":["Strike_B","Strike_B"],"score":737,"play_id":"5b698c9f-fb4f-423e-824e-ed35cf4956ed","local_time":"20210223190551","is_ascension_mode":false,"campfire_choices":[{"data":"Zap","floor":8.0,"key":"SMITH"},{"data":"Dualcast","floor":11.0,"key":"SMITH"},{"data":"Echo Form","floor":23.0,"key":"SMITH"},{"data":"Tempest","floor":30.0,"key":"SMITH"},{"floor":32.0,"key":"REST"},{"data":"White Noise","floor":44,"key":"SMITH"},{"data":"Stack","floor":49,"key":"SMITH"}],"circlet_count":0,"master_deck":["Defend_B","Defend_B","Defend_B","Defend_B","Zap+1","Dualcast+1","Cold Snap","Panic Button","Auto Shields","Time Bomb","Crystallizer","Redo+1","Echo Form+1","White Noise+1","Tempest+1","Capacitor","Hologram+1","Self Repair","Stack+1","Leap","Reinforced Body+1","Ball Lightning","Writhe","ReplayRNGCard","Reinforced Body+1","Tempest+1","Double Energy+1","Double Energy+1","Beam Cell+1","Ball Lightning","Defragment+1"],"relics":["Cracked Core","theSenshi:SailorFukuRelic","Blue Candle","Letter Opener","Torii","Old Coin","Sozu","Incense Burner","Mercury Hourglass","theSenshi:FeatherClipsRelic","Bronze Scales","WingedGreaves","Busted Crown","Mango","DollysMirror","Centennial Puzzle","Pear","Question Card"],"acts_visited":["Exordium","TheCity","TheBeyond"],"potions_floor_usage":[50,50],"damage_taken":[{"damage":0.0,"enemies":"Cultist","floor":1.0,"turns":3.0},{"damage":4.0,"enemies":"Jaw Worm","floor":2.0,"turns":4.0},{"damage":0.0,"enemies":"Small Slimes","floor":3.0,"turns":3.0},{"damage":3.0,"enemies":"3 Louse","floor":5.0,"turns":3.0},{"damage":26.0,"enemies":"Gremlin Nob","floor":6.0,"turns":4.0},{"damage":10.0,"enemies":"Lagavulin","floor":10.0,"turns":8.0},{"damage":12.0,"enemies":"Lagavulin Event","floor":12.0,"turns":7.0},{"damage":0.0,"enemies":"Exordium Thugs","floor":14.0,"turns":4.0},{"damage":1.0,"enemies":"The Guardian","floor":16.0,"turns":8.0},{"damage":0.0,"enemies":"Chosen","floor":18.0,"turns":1.0},{"damage":7.0,"enemies":"Spheric Guardian","floor":19.0,"turns":5.0},{"damage":9.0,"enemies":"Shelled Parasite and Fungi","floor":21.0,"turns":3.0},{"damage":21.0,"enemies":"Snake Plant","floor":22.0,"turns":3.0},{"damage":0.0,"enemies":"Snecko","floor":24.0,"turns":3.0},{"damage":2.0,"enemies":"Centurion and Healer","floor":25.0,"turns":6.0},{"damage":8.0,"enemies":"Slavers","floor":28.0,"turns":4.0},{"damage":15.0,"enemies":"Snake Plant","floor":29.0,"turns":3.0},{"damage":37.0,"enemies":"Automaton","floor":33.0,"turns":13.0},{"damage":1.0,"enemies":"3 Shapes","floor":35.0,"turns":3.0},{"damage":19.0,"enemies":"Mind Bloom Boss Battle","floor":36.0,"turns":6.0},{"damage":1.0,"enemies":"Orb Walker","floor":37.0,"turns":4.0},{"damage":32.0,"enemies":"Nemesis","floor":40.0,"turns":5.0},{"damage":11,"enemies":"Spire Growth","floor":41,"turns":4},{"damage":2,"enemies":"R_Hoarder","floor":42,"turns":6},{"damage":6,"enemies":"Maw","floor":47,"turns":5},{"damage":65,"enemies":"Donu and Deca","floor":50,"turns":8}],"seed_played":"2426554427020950570","potions_obtained":[{"floor":2.0,"key":"hexamod:SoulburnPotion"},{"floor":3.0,"key":"Regen Potion"},{"floor":5.0,"key":"SmokeBomb"},{"floor":14.0,"key":"FocusPotion"},{"floor":16.0,"key":"FearPotion"}],"is_trial":false,"path_per_floor":["M","M","M","?","M","E","?","R","T","E","R","?","?","M","R","B",null,"M","M","$","M","M","R","M","M","T","$","E","M","R","?","R","B",null,"M","?","M","$","?","E","M","E","T","R","$","$","M","?","R","B",null],"character_chosen":"DEFECT","items_purchased":["Tempest","Incense Burner","Mercury Hourglass","Leap","DollysMirror","Double Energy+1","Ball Lightning"],"campfire_rested":1,"item_purchase_floors":[20,20,20,27,38,38,46],"current_hp_per_floor":[75,71,71,71,68,42,37,37,37,42,42,30,30,30,30,29,75,75,68,68,59,38,38,38,43,43,43,55,46,46,46,68,44,75,75,83,89,89,89,70,72,93,93,93,93,93,99,94,94,42],"gold":61,"neow_bonus":"REMOVE_CARD","is_daily":false,"chose_seed":false,"campfire_upgraded":6,"win_rate":0.0,"timestamp":1614125151,"path_taken":["M","M","?","?","M","E","?","R","T","E","R","?","?","M","R","BOSS","M","?","$","M","M","R","M","M","T","$","E","M","R","?","R","BOSS","M","?","M","$","?","E","M","E","T","R","?","$","M","?","R","BOSS"],"items_purchased_type":["Card","Relic","Relic","Card","Relic","Card","Card"],"build_version":"2020-12-22","purchased_purges":2,"victory":true,"max_hp_per_floor":[75,75,75,75,75,75,75,75,75,75,75,75,75,75,75,75,75,75,75,75,75,75,75,75,75,75,75,75,75,75,75,75,75,75,75,89,89,89,89,89,89,99,99,99,99,99,99,94,94,94],"card_choices":[{"not_picked":["Go for the Eyes","Rip and Tear"],"picked":"Cold Snap","floor":1.0},{"not_picked":["Hologram","Steam"],"picked":"Panic Button","floor":2.0},{"not_picked":["Beam Cell","Rebound"],"picked":"Auto Shields","floor":3.0},{"not_picked":["ReplaySolidLightProjector","Go for the Eyes","Streamline"],"picked":"SKIP","floor":5.0},{"not_picked":["Beam Cell","Gash"],"picked":"Time Bomb","floor":6.0},{"not_picked":["All For One","ReplayTheSpireMod:Reroute Power","Blizzard"],"picked":"SKIP","floor":10.0},{"not_picked":["Compile Driver","FTL"],"picked":"Crystallizer","floor":12.0},{"not_picked":["Beam Cell","Gash"],"picked":"Redo","floor":14.0},{"not_picked":["Fission","Mirror Shield"],"picked":"Echo Form","floor":16.0},{"not_picked":["Beam Cell","Auto Shields+1"],"picked":"White Noise","floor":19.0},{"not_picked":["ReplaySolidLightProjector","White Noise"],"picked":"Capacitor","floor":21.0},{"not_picked":["Go for the Eyes+1","Scrape"],"picked":"Hologram+1","floor":22.0},{"not_picked":["Stack","Cold Snap"],"picked":"Self Repair","floor":24.0},{"not_picked":["Redo","Rebound"],"picked":"Stack","floor":25.0},{"not_picked":["Panic Button","Redo"],"picked":"Reinforced Body+1","floor":28.0},{"not_picked":["Sweeping Beam","Rebound+1"],"picked":"Ball Lightning","floor":29.0},{"not_picked":["Creative AI","ReplayTheSpireMod:Fabricate Wheel"],"picked":"ReplayRNGCard","floor":33.0},{"not_picked":[],"picked":"Reinforced Body+1","floor":35.0},{"not_picked":["ReplayTheSpireMod:Repulse"],"picked":"SKIP","floor":37.0},{"not_picked":["BasicCrystalCard"],"picked":"SKIP","floor":40},{"not_picked":["ReplaySolidLightProjector+1"],"picked":"SKIP","floor":41},{"not_picked":[],"picked":"Beam Cell+1","floor":42},{"not_picked":["Hello World+1"],"picked":"Defragment+1","floor":47}],"player_experience":34936,"relics_obtained":[{"floor":6.0,"key":"theSenshi:SailorFukuRelic"},{"floor":9.0,"key":"Letter Opener"},{"floor":10.0,"key":"Torii"},{"floor":12.0,"key":"Old Coin"},{"floor":26.0,"key":"theSenshi:FeatherClipsRelic"},{"floor":28.0,"key":"Bronze Scales"},{"floor":36.0,"key":"Mango"},{"floor":40,"key":"Centennial Puzzle"},{"floor":42,"key":"Pear"},{"floor":43,"key":"Question Card"}],"event_choices":[{"damage_healed":0.0,"max_hp_gain":0.0,"max_hp_loss":0.0,"gold_gain":0.0,"event_name":"Liars Game","player_choice":"Ignored","floor":4.0,"gold_loss":0.0,"damage_taken":0.0},{"damage_healed":0.0,"max_hp_gain":0.0,"max_hp_loss":0.0,"gold_gain":0.0,"event_name":"Dead Adventurer","player_choice":"Searched \u00272\u0027 times","floor":12.0,"gold_loss":0.0,"damage_taken":0.0},{"cards_removed":["Strike_B"],"damage_healed":0.0,"max_hp_gain":0.0,"max_hp_loss":0.0,"gold_gain":0.0,"event_name":"Purifier","player_choice":"Purged","floor":13.0,"gold_loss":0.0,"damage_taken":0.0},{"damage_healed":0.0,"max_hp_gain":0.0,"max_hp_loss":0.0,"gold_gain":0.0,"event_name":"Upgrade Shrine","player_choice":"Upgraded","floor":15.0,"gold_loss":0.0,"damage_taken":0.0,"cards_upgraded":["Redo"]},{"damage_healed":0.0,"max_hp_gain":0.0,"max_hp_loss":0.0,"gold_gain":0.0,"event_name":"The Mausoleum","player_choice":"Opened","floor":31.0,"gold_loss":0.0,"damage_taken":0.0,"relics_obtained":["WingedGreaves"],"cards_obtained":["Writhe"]},{"damage_healed":0.0,"max_hp_gain":0.0,"max_hp_loss":0.0,"gold_gain":0.0,"event_name":"MindBloom","player_choice":"Fight","floor":36.0,"gold_loss":0.0,"damage_taken":0.0},{"damage_healed":0.0,"max_hp_gain":0.0,"max_hp_loss":0.0,"gold_gain":0.0,"event_name":"Duplicator","player_choice":"Copied","floor":39.0,"gold_loss":0.0,"damage_taken":0.0,"cards_obtained":["Double Energy"]},{"damage_healed":0,"gold_gain":0,"player_choice":"Max HP","damage_taken":0,"max_hp_gain":0,"max_hp_loss":5,"event_name":"Winding Halls","floor":48,"gold_loss":0}],"is_beta":false,"boss_relics":[{"not_picked":["Astrolabe","SacredBark"],"picked":"Sozu"},{"not_picked":["Nuclear Battery","Tiny House"],"picked":"Busted Crown"}],"items_purged_floors":[20,27],"is_endless":false,"potions_floor_spawned":[2,3,5,14,16,18,19,21,24,35,40],"ascension_level":0}}