{"host":"qwp6882a7gaon7u5","time":1614165302,"event":{"mods":["ATMod(阿瑾Mod)","Act Like it!","BaseMod","BetterRewards","CapriCore","Library of Ruina","Library of Ruina Extra","Minty Spire (QoL Compilation)","Red Circlet Mod","Relic Filter Mod","Replay The Spire","RumiaBox-露米娅的神秘盒子","Spicy Shops","StSLib","【功能Mod】混沌之环修复补丁","【遗物卡牌】REMEMod","篝火指南"],"gold_per_floor":[116,135,135,154,329,361,361,377,377,461,496,511,551,597,45,159,159,187,210,210,37,37,91,91,117,166,228,266,294,294,308,308,308,308],"floor_reached":33,"language":"ZHS","playtime":2176,"items_purged":["LightDefense"],"score":436,"play_id":"fba74d4b-cdc0-4f77-8346-b890adbfc70a","local_time":"20210224191502","is_ascension_mode":false,"campfire_choices":[{"data":"AutonomousRush","floor":24,"key":"SMITH"},{"data":"GreatSerpentsImpact","floor":32,"key":"SMITH"}],"circlet_count":0,"master_deck":["Dodge","LightAttack","LightAttack","LightDefense","LightDefense","ChargeAndCover","FocusedStrikes","Preparation","AT_Dispersion","ClassAndRespect","GatherIntel","AsThePrescriptOrders","TrimTheIngredients","LeRegole+1","FrontalAssault","TheRedNotes","AGoldenOpportunity","FrontalAssault","GreatSerpentsImpact+1","SilentNight+1","Riposte","TraceOfFumes","REME_MawOfCthun+1","ReplayTheSpireMod:Brewmster+1","HandOfGreed+1","AutonomousRush+1","Diversion","EmotionalTurbulence+1"],"relics":["PageOfLibrarian","REME_ComplimentaryCards","AT_ATBox","Omamori","MagicDraw1","Golden Egg","Centennial Puzzle","REME_ArchaeologicalTools","Gambling Chip","CeramicFish","AT_ForceNature","AT_LudenTempest","EasyGame_NEW","MutagenicStrength","ReplayTheSpireMod:ShopPack","PageOfWrath","PageOfTheQueenOfHatred","PageOfTheKnightOfDespair"],"acts_visited":["Exordium","TheCity"],"potions_floor_usage":[11,14,27,33,33],"damage_taken":[{"damage":0,"enemies":"Jaw Worm","floor":1,"turns":5},{"damage":0,"enemies":"Small Slimes","floor":2,"turns":4},{"damage":2,"enemies":"Cultist","floor":4,"turns":4},{"damage":13,"enemies":"Gremlin Nob","floor":6,"turns":6},{"damage":0,"enemies":"2 Fungi Beasts","floor":8,"turns":2},{"damage":0,"enemies":"Replay:BlueRogue","floor":10,"turns":3},{"damage":0,"enemies":"Exordium Thugs","floor":11,"turns":4},{"damage":0,"enemies":"3 Louse","floor":12,"turns":2},{"damage":0,"enemies":"Gremlin Gang","floor":13,"turns":6},{"damage":10,"enemies":"Gremlin Nob","floor":14,"turns":4},{"damage":0,"enemies":"Hexaghost","floor":16,"turns":4},{"damage":0,"enemies":"Chosen","floor":18,"turns":2},{"damage":0,"enemies":"Shell Parasite","floor":19,"turns":3},{"damage":3,"enemies":"Replay:Snechameleon","floor":23,"turns":2},{"damage":0,"enemies":"Chosen and Byrds","floor":25,"turns":3},{"damage":13,"enemies":"Sentry and Sphere","floor":27,"turns":3},{"damage":0,"enemies":"Gremlin Leader","floor":28,"turns":3},{"damage":0,"enemies":"Snecko","floor":29,"turns":2},{"damage":0,"enemies":"3 Cultists","floor":31,"turns":2},{"damage":0,"enemies":"RedHoodMercenary","floor":33,"turns":2}],"seed_played":"1741400963861576755","potions_obtained":[{"floor":1,"key":"Regen Potion"},{"floor":4,"key":"Block Potion"},{"floor":8,"key":"DuplicationPotion"},{"floor":11,"key":"Fruit Juice"},{"floor":23,"key":"LiquidBronze"},{"floor":27,"key":"LifebloodPotion"}],"is_trial":false,"path_per_floor":["M","M","?","M","?","E","?","M","T","E","M","M","M","E","R","B",null,"M","M","?","$","?","E","R","M","T","M","E","M","?","M","R","B"],"character_chosen":"Librarian","items_purchased":["Omamori","MagicDraw1","Golden Egg","AT_ForceNature","AT_LudenTempest","ReplayTheSpireMod:ShopPack"],"campfire_rested":0,"item_purchase_floors":[0,0,0,15,15,21],"current_hp_per_floor":[60,60,53,51,51,38,38,38,38,38,43,43,43,45,45,45,73,73,73,73,73,73,70,70,70,70,59,62,64,64,67,67,69,69],"gold":308,"neow_bonus":"","is_daily":false,"chose_seed":false,"campfire_upgraded":2,"win_rate":0.0,"timestamp":1614165302,"path_taken":["M","M","?","M","?","E","?","?","T","E","M","M","M","E","R","BOSS","M","?","?","$","?","E","R","M","T","M","E","M","?","M","R","BOSS"],"items_purchased_type":["Relic","Relic","Relic","Relic","Relic","Relic"],"build_version":"2020-12-22","purchased_purges":1,"victory":false,"max_hp_per_floor":[74,78,78,78,78,82,82,82,82,82,87,87,87,68,87,73,73,89,89,89,89,89,89,89,89,89,89,89,84,84,84,84,84,84],"card_choices":[{"not_picked":["WillOfThePrescript","SnakesPrey","SpearedSweep","EnergyCycle","SunsetBlade","Diversion","EnergyStrike","HandleRequest"],"picked":"ClassAndRespect","floor":1},{"not_picked":["Quickness","SilentMist","StrongStrike","WaitUp","FleetFootsteps","Bvapour","Eradication","Unlock1"],"picked":"GatherIntel","floor":2},{"not_picked":["ShockingBlow","SunsetBlade","Creak","UndertakePrescript","SharpSwipe","Eject","Diversion","TheArtOfRapidSteps"],"picked":"AsThePrescriptOrders","floor":4},{"not_picked":["EndlessBattle","TendonChords","StayCalm","AsThePrescriptOrders","FierceCharge","SunsetBlade","Laceration","UnavoidableGaze"],"picked":"TrimTheIngredients","floor":6},{"not_picked":["SerpentSwordTechnique","TendonChords","Outburst","HiddenBlade","SnakesPrey","FaintMemories","Rewind","SpearedSweep"],"picked":"LeRegole","floor":8},{"not_picked":["Rewind","SkyClearingCut","CoordinatedAssault","Guardian_lor","DarkCloud","BoundaryOfDeath","Thrust","ToOvercomeCrisis"],"picked":"FrontalAssault","floor":10},{"not_picked":["SerpentineBarrier","GuidanceOfTheGears","WillOfThePrescript","SweepTheBackstreets","IronWall","GoinFirst","EnergyCycle","Rewind"],"picked":"TheRedNotes","floor":11},{"not_picked":["Pound","YourShield","Outburst","SuppressingShot","Clone","Faith","EnergyShield","DimensionalRift"],"picked":"AGoldenOpportunity","floor":12},{"not_picked":["TheArtOfRapidSteps","FleetEdge","WillOfThePrescript","ForcefulGesture","ViolentFlame","SweepTheBackstreets","Guardian_lor","TrimTheIngredients"],"picked":"FrontalAssault","floor":13},{"not_picked":["ButterflySlash","Wallop_lor","Leap_lor","Diversion","EnergyShield","WillOfThePrescript","QuickSuppression","SenseQuarry"],"picked":"GreatSerpentsImpact","floor":14},{"not_picked":["MirageStorm","Transpierce"],"picked":"SilentNight","floor":16},{"not_picked":["Leap_lor","Multislash","FendThisOffIfYouCan","UpbeatPerformance","Parry","ChargeUp","SpearedSweep+1","KeepItFresh"],"picked":"Riposte","floor":18},{"not_picked":["Thrust+1","Pound","Diversion","CookingPrep","Duel_lor","Outburst","FaintMemories","ViolentFlame"],"picked":"TraceOfFumes","floor":19},{"not_picked":["REME_AllRoundStrike","ReplayTheSpireMod:Necrogeddon","HandOfGreed","Violence","Sadistic Nature","AT_EmpoweredMortalDraw","REME_HeartOfCthun","Metamorphosis"],"picked":"REME_MawOfCthun","floor":21},{"not_picked":["AT_PowerWithin","Blind","Bandage Up","Dramatic Entrance","Good Instincts","REME_MawOfCthun","Panache","AT_FamilyPortrait"],"picked":"ReplayTheSpireMod:Brewmster","floor":21},{"not_picked":["REME_MawOfCthun","Good Instincts","Jack Of All Trades","ReplayTheSpireMod:Uncanny Aura","Impatience","Purity","AT_BreakingExtremeWeapon","AT_CelerityRune"],"picked":"HandOfGreed","floor":21},{"not_picked":["ShrineToMusic","Gamble","Leap_lor","Preparation+1","RapidGashes","MultiHit+1","InhaleSmoke","StrikeDown"],"picked":"AutonomousRush","floor":23},{"not_picked":["ExtractFuel","FlashingStrike","ExtremeEdge","ShrineToMusic","FierceOnslaught","HighKick+1","SinglePointStab","DefenseOrder","Cruelty"],"picked":"SKIP","floor":25},{"not_picked":["Reload","EnergyConversion","EndlessBattle+1","MindCrush","SharpSwipe","SmokingPipe","YoureAHindrance","GuardingStance+1"],"picked":"Diversion","floor":27},{"not_picked":["WillProduceFineSilk","WillOfThePrescript","SetFire","SerpentSwordTechnique","Unlock1+1","FierceCharge","Standoff","SuppressingShot","CoordinatedAssault+1"],"picked":"SKIP","floor":28},{"not_picked":["NightInTheBackstreets","AsThePrescriptOrders","BiAn","Marionette","MultiHit","ExtremeEdge","RagingStormLove","DesperateStruggle"],"picked":"EmotionalTurbulence","floor":29},{"not_picked":["DefenseOrder","SunsetBlade","HighKick","GroundSmash","GuidanceOfTheGears","StrongStrike","SharpNails","SnakesPrey","Rampage_lor"],"picked":"SKIP","floor":31}],"player_experience":177999,"relics_obtained":[{"floor":6,"key":"Centennial Puzzle"},{"floor":9,"key":"REME_ArchaeologicalTools"},{"floor":10,"key":"Gambling Chip"},{"floor":14,"key":"CeramicFish"},{"floor":23,"key":"PageOfWrath"},{"floor":26,"key":"PageOfTheQueenOfHatred"},{"floor":28,"key":"PageOfTheKnightOfDespair"}],"event_choices":[{"cards_removed":["LightDefense"],"damage_healed":0,"gold_gain":0,"player_choice":"Card Removal","damage_taken":7,"max_hp_gain":0,"max_hp_loss":0,"event_name":"Golden Wing","floor":3,"gold_loss":0},{"damage_healed":0,"gold_gain":175,"player_choice":"AGREE","damage_taken":0,"max_hp_gain":0,"max_hp_loss":0,"event_name":"Liars Game","floor":5,"gold_loss":0,"cards_obtained":["Doubt"]},{"damage_healed":0,"gold_gain":0,"player_choice":"Inject Mutagens","damage_taken":0,"relics_obtained":["MutagenicStrength"],"max_hp_gain":0,"max_hp_loss":0,"event_name":"Drug Dealer","floor":20,"gold_loss":0},{"damage_healed":0,"gold_gain":0,"player_choice":"Ignored","damage_taken":0,"max_hp_gain":0,"max_hp_loss":0,"event_name":"Ghosts","floor":22,"gold_loss":0},{"damage_healed":0,"gold_gain":0,"player_choice":"Ignored","damage_taken":0,"max_hp_gain":0,"max_hp_loss":0,"event_name":"N\u0027loth","floor":30,"gold_loss":0}],"is_beta":false,"boss_relics":[{"not_picked":["Snecko Eye","Replay:Grab Bag"],"picked":"EasyGame_NEW"}],"items_purged_floors":[21],"is_endless":false,"potions_floor_spawned":[1,4,8,10,11,23,27,31],"killed_by":"RedHoodMercenary","ascension_level":0}}