{"host":"q22rxjzs1mvcgpmu","time":1614149038,"event":{"mods":["AchievementEnabler","BaseMod","Filter the Spire","Minty Spire (QoL Compilation)","Swap Starting Deck Mod"],"gold_per_floor":[116,116,135,135,135,163,163,193,193,101,132,132,17,36,36,133,133,151,162,162,174,174,209,219,296,322,358,371,371,400,400,400,499,558,578,587,610,610,621,621,655,396,419,419,419],"floor_reached":44,"language":"ENG","playtime":4361,"items_purged":["Expertise+1"],"score":704,"play_id":"226aa61c-edab-498b-8927-00e01f13241a","local_time":"20210224144358","is_ascension_mode":true,"campfire_choices":[{"data":"Leg Sweep","floor":7,"key":"SMITH"},{"data":"Blur","floor":12,"key":"SMITH"},{"floor":15,"key":"REST"},{"data":"Footwork","floor":29,"key":"SMITH"},{"data":"Footwork","floor":32,"key":"SMITH"},{"data":"Setup","floor":40,"key":"SMITH"}],"circlet_count":0,"master_deck":["Flechettes","Flechettes","Flechettes","Escape Plan+1","Escape Plan+1","Escape Plan","Escape Plan","Setup+1","Leg Sweep+1","PiercingWail","Backstab","Adrenaline","Bandage Up","Blur+1","Footwork+1","Distraction","Backflip","Night Terror","Dodge and Roll","Footwork+1","Blur","Dodge and Roll","Well Laid Plans+1","Backflip+1","Neutralize","Dodge and Roll+1","Slice","Slice","Mayhem"],"relics":["Ring of the Snake","Mercury Hourglass","Matryoshka","Potion Belt","Toy Ornithopter","Bag of Preparation","Black Star","Pantograph","StrikeDummy","Regal Pillow","CeramicFish","The Courier","Tough Bandages","Orichalcum","Tiny House","Spirit Poop","StoneCalendar","Anchor","Art of War"],"acts_visited":["Exordium","TheCity","TheBeyond"],"potions_floor_usage":[11,19,23,23,23,24,27,27,33,33,39,39],"damage_taken":[{"damage":0,"enemies":"Jaw Worm","floor":1,"turns":2},{"damage":0,"enemies":"2 Louse","floor":3,"turns":4},{"damage":28,"enemies":"3 Sentries","floor":6,"turns":8},{"damage":0,"enemies":"Gremlin Nob","floor":8,"turns":2},{"damage":14,"enemies":"3 Sentries","floor":11,"turns":5},{"damage":0,"enemies":"Cultist","floor":14,"turns":1},{"damage":3,"enemies":"The Guardian","floor":16,"turns":11},{"damage":0,"enemies":"Spheric Guardian","floor":18,"turns":3},{"damage":0,"enemies":"2 Thieves","floor":19,"turns":3},{"damage":0,"enemies":"Shelled Parasite and Fungi","floor":21,"turns":4},{"damage":0,"enemies":"Gremlin Leader","floor":23,"turns":4},{"damage":0,"enemies":"Chosen and Byrds","floor":24,"turns":8},{"damage":21,"enemies":"Book of Stabbing","floor":27,"turns":7},{"damage":7,"enemies":"3 Cultists","floor":28,"turns":6},{"damage":6,"enemies":"Snake Plant","floor":30,"turns":5},{"damage":5,"enemies":"Collector","floor":33,"turns":23},{"damage":13,"enemies":"Orb Walker","floor":35,"turns":4},{"damage":3,"enemies":"3 Darklings","floor":37,"turns":9},{"damage":20,"enemies":"Transient","floor":39,"turns":5},{"damage":29,"enemies":"Reptomancer","floor":41,"turns":21},{"damage":24,"enemies":"Sphere and 2 Shapes","floor":44,"turns":7}],"seed_played":"-4053382651288747355","potions_obtained":[{"floor":8,"key":"Weak Potion"},{"floor":16,"key":"EntropicBrew"},{"floor":21,"key":"Swift Potion"},{"floor":23,"key":"Swift Potion"},{"floor":28,"key":"Ancient Potion"},{"floor":30,"key":"SneckoOil"},{"floor":33,"key":"GamblersBrew"},{"floor":34,"key":"GhostInAJar"},{"floor":35,"key":"Fire Potion"},{"floor":41,"key":"SpeedPotion"}],"is_trial":false,"path_per_floor":["M","?","M","?","?","E","R","E","T","$","E","R","$","M","R","B",null,"M","M","?","M","?","E","M","T","T","E","M","R","M","?","R","B",null,"M","?","M","?","M","R","E","$","T","M"],"character_chosen":"THE_SILENT","items_purchased":["Bandage Up","Footwork","Distraction","Slice","Slice","Mayhem"],"campfire_rested":1,"item_purchase_floors":[10,13,13,42,42,42],"current_hp_per_floor":[53,46,46,35,52,24,24,24,24,24,19,19,19,19,34,35,49,53,53,53,53,53,53,53,53,53,37,34,34,32,32,32,53,58,49,49,50,50,44,44,19,19,19,0,0],"gold":419,"neow_bonus":"","is_daily":false,"chose_seed":false,"campfire_upgraded":5,"win_rate":0.0,"timestamp":1614149038,"path_taken":["M","?","M","?","?","E","R","E","T","$","E","R","?","M","R","BOSS","M","M","?","M","?","E","M","?","T","E","M","R","M","?","R","BOSS","M","?","?","?","M","R","E","$","T","M"],"items_purchased_type":["Card","Card","Card","Card","Card","Card"],"build_version":"2020-12-22","purchased_purges":1,"victory":false,"max_hp_per_floor":[53,53,53,53,53,53,53,53,53,53,53,53,53,53,53,53,53,53,53,53,53,53,53,53,53,53,53,53,53,53,53,53,53,58,58,58,58,58,58,58,58,58,58,58,58],"card_choices":[{"not_picked":["Deflect","Slice"],"picked":"PiercingWail","floor":1},{"not_picked":["Slice","Dagger Throw"],"picked":"Choke","floor":3},{"not_picked":["Flying Knee","Calculated Gamble"],"picked":"Backstab","floor":6},{"not_picked":["Predator","Acrobatics"],"picked":"Adrenaline","floor":8},{"not_picked":["Dodge and Roll","Endless Agony"],"picked":"Blur","floor":11},{"not_picked":["Deflect","Poisoned Stab"],"picked":"Backflip","floor":14},{"not_picked":["Doppelganger","Storm of Steel"],"picked":"Night Terror","floor":16},{"not_picked":["Acrobatics","Outmaneuver"],"picked":"Dodge and Roll","floor":18},{"not_picked":["Blade Dance","Accuracy","Concentrate"],"picked":"SKIP","floor":19},{"not_picked":["Deadly Poison","Prepared","Endless Agony+1"],"picked":"SKIP","floor":21},{"not_picked":["Tactician+1","Dodge and Roll"],"picked":"Blur","floor":23},{"not_picked":["Catalyst+1","PiercingWail","Bane+1"],"picked":"SKIP","floor":24},{"not_picked":["Dagger Spray","Noxious Fumes"],"picked":"Dodge and Roll","floor":27},{"not_picked":["Endless Agony+1","Dagger Throw","Slice"],"picked":"SKIP","floor":28},{"not_picked":["Blade Dance+1","Tactician"],"picked":"Well Laid Plans","floor":30},{"not_picked":["Flying Knee","Sucker Punch"],"picked":"Expertise+1","floor":34},{"not_picked":["Flying Knee","PiercingWail+1"],"picked":"Backflip+1","floor":35},{"not_picked":["Calculated Gamble+1","Underhanded Strike"],"picked":"Dodge and Roll+1","floor":37},{"not_picked":["Acrobatics+1","Dodge and Roll+1","Finisher"],"picked":"SKIP","floor":39},{"not_picked":["Doppelganger","Riddle With Holes","Dodge and Roll"],"picked":"SKIP","floor":41}],"player_experience":152868,"relics_obtained":[{"floor":6,"key":"Mercury Hourglass"},{"floor":8,"key":"Matryoshka"},{"floor":9,"key":"Potion Belt"},{"floor":9,"key":"Toy Ornithopter"},{"floor":11,"key":"Bag of Preparation"},{"floor":23,"key":"StrikeDummy"},{"floor":23,"key":"Regal Pillow"},{"floor":25,"key":"CeramicFish"},{"floor":25,"key":"The Courier"},{"floor":27,"key":"Tough Bandages"},{"floor":27,"key":"Orichalcum"},{"floor":41,"key":"StoneCalendar"},{"floor":41,"key":"Anchor"},{"floor":43,"key":"Art of War"}],"event_choices":[{"cards_removed":["Predator"],"damage_healed":0,"gold_gain":0,"player_choice":"Card Removal","damage_taken":7,"max_hp_gain":0,"max_hp_loss":0,"event_name":"Golden Wing","floor":2,"gold_loss":0},{"damage_healed":0,"gold_gain":0,"player_choice":"Entered Light","damage_taken":11,"max_hp_gain":0,"max_hp_loss":0,"event_name":"Shining Light","floor":4,"gold_loss":0,"cards_upgraded":["Escape Plan","Escape Plan"]},{"damage_healed":17,"gold_gain":0,"player_choice":"Banana","damage_taken":0,"max_hp_gain":0,"max_hp_loss":0,"event_name":"Big Fish","floor":5,"gold_loss":0},{"damage_healed":0,"gold_gain":0,"player_choice":"Read","damage_taken":0,"max_hp_gain":0,"max_hp_loss":0,"event_name":"The Library","floor":20,"gold_loss":0,"cards_obtained":["Footwork"]},{"damage_healed":0,"gold_gain":0,"player_choice":"Opened","damage_taken":0,"relics_obtained":["Pantograph"],"max_hp_gain":0,"max_hp_loss":0,"event_name":"The Mausoleum","floor":22,"gold_loss":0,"cards_obtained":["Writhe"]},{"cards_removed":["Choke"],"damage_healed":0,"gold_gain":0,"player_choice":"Elegance","damage_taken":0,"max_hp_gain":0,"max_hp_loss":0,"event_name":"Back to Basics","floor":31,"gold_loss":0},{"damage_healed":0,"gold_gain":0,"player_choice":"1 cards matched","damage_taken":0,"max_hp_gain":0,"max_hp_loss":0,"event_name":"Match and Keep!","floor":36,"gold_loss":0,"cards_obtained":["Neutralize"]},{"cards_removed":["Writhe"],"damage_healed":0,"gold_gain":0,"player_choice":"Offered Curse","damage_taken":0,"relics_obtained":["Spirit Poop"],"max_hp_gain":0,"max_hp_loss":0,"event_name":"Bonfire Elementals","floor":38,"gold_loss":0}],"is_beta":false,"boss_relics":[{"not_picked":["Snecko Eye","Runic Dome"],"picked":"Black Star"},{"not_picked":["Pandora\u0027s Box","Velvet Choker"],"picked":"Tiny House"}],"items_purged_floors":[42],"is_endless":false,"potions_floor_spawned":[8,16,21,23,28,30,33,35,41],"killed_by":"Sphere and 2 Shapes","ascension_level":5}}