{"host":"d9tpyi6mde8z2n96","time":1614174076,"event":{"mods":["100% Spire Juice","2.2 Compatiblity","A Penny For Your Troubles","AchievementEnabler","Act Like it!","AlwaysNeverKeys","Aspiration","BaseMod","Beaked The Cultist","Better Altar","Better Note","Bossed Relics","CapriCore","Challenge The Spire","Colored Map","Colored Powertips","Conspire","Dark Map","Defuse TimeMaze Blight","Dota2Spire","Elementarium","Energized Spire","Fox Events","Friendly Minions","Gensokyo","GifTheSpireLib","Gold Saver","Halation","Hermit","HololiveMod","Hubris","Hyrulean Relics","Infinite Spire","Jess\u0027s Bottle","Jorbs\u0027s Wanderer Trilogy","Library of Ruina","Library of Ruina Extra","Marisa????????","Melee Mod","Minty Spire (QoL Compilation)","MostiFishMod","Pale of the Ancients","Permanent Neow","Potionbrewer","Quick Restart","Railgun Mod","Reimu??????","Reliquary","Replay The Spire","Robot Space Explorer","Ruina","RumiaBox-????????","Shop Mod","Spikes Relics","StS++","StSLib","SuperFastMode","TestMod","The Alterego","The Animator","The Blue Laboratory","The Cursed","The Death Knight","The Fake Hero","The Marked","The Servant 0.9.4","The Spell Scribe","Trackpad","Transform Curses","Uncapped","Virulent Crown","Waifu the Spire","Wandering Minibosses","WarShipGirlsR/????R mod","Wide Potions","Yakumo Yukari mod"],"gold_per_floor":[110,110,110,126,140,174,174,194,242,242,253,278,289,0,0,102,102,121,121,121,328,42,42,60,80,127,98861,98861,98811,98825,98844,98844,98943,98943,98963,98963,98976,98990,98600,98629,98629,98639,98719,98739,98755,96735,96735,96735,96735,96736,96736,96736,96736,95945,95978,95978],"floor_reached":57,"language":"ENG","playtime":3193,"items_purged":[],"score":1294,"play_id":"6db3f2b9-3f88-4f54-b091-08d3203dce32","local_time":"20210224084116","is_ascension_mode":false,"campfire_choices":[{"data":"TendonChords","floor":7,"key":"SMITH"},{"data":"Parry","floor":10,"key":"SMITH"},{"data":"YoureTooSlow","floor":15,"key":"SMITH"},{"data":"Tttonst","floor":23,"key":"SMITH"},{"data":"TendonChords","floor":32,"key":"SMITH"},{"floor":49,"key":"REST"},{"data":"CleanUp","floor":49,"key":"SMITH"},{"data":"SharpenedBlade","floor":53,"key":"SMITH"}],"circlet_count":0,"master_deck":["Observe","TendonChords+1","GaleKick","EnergyStrike","Parry+1","Mutilate","CumulusWall","AsThePrescriptOrders","YoureTooSlow+1","SuanNi","TendonChords","infinitespire:Oblivion","FlashingStrike+1","Tttonst+1","LeRegole","TendonChords+1","SharpenedBlade+1","FrontalAssault+1","IronWall+1","RagingStormLove+1","SnakesPrey","CombatPreparation","ICanCookAnything","testmod-ComboMaster","FlashOfSunup+1","Parry+1","SnakeSlit+1","SerpentineBarrier+2","Deflect_lor+1","CleanUp","Disposal","WillProduceFineSilk+1","FlamingDragonFist","CleanUp+1","Riposte+1","Brawl","Struggle","MostiFishMod:PerfectForm","Suppress"],"relics":["PageOfLibrarian","testmod-TestBox","DaveBox","testmod-Temperance","DaCapo","SynthV:TestCard","WarpedTongs","testmod-IndustrialRevolution","potionbrewer:ToyAutogyro","Dota2Spire:EyeOfSkadi","PageOfThreeBirds","aspiration:SecretTechniqueScroll","trackpad:IceCube","wanderingMiniBosses:CarrionFlame","Dota2Spire:ArcaneBoots","BirthdayGift-Icosahedron","testmod-Maize","MerchantsRug","halation:EternalFortune","ruina:FalsePresent","ChiXiaoBlade","BargainBundle","PageOfHappyTeddyBear","conspire:InfiniteJournal","testmod-ArcanaOfDestiny","SynthV:MejaisSoulstealer","potionbrewer:BottledElixir","SumBook","hubris:FruitBowl","infinitespire:Magic Flask","Guide Book","PageOfWayBackHome","Gremlin Horn","halation:KoshaPiece"],"acts_visited":["Exordium","ruina:Briah","TheBeyond","TheEnding"],"potions_floor_usage":[6,11,24,33,33,48],"damage_taken":[{"damage":0,"enemies":"2 Louse","floor":1,"turns":6},{"damage":1,"enemies":"Cultist","floor":4,"turns":4},{"damage":0,"enemies":"Small Slimes","floor":5,"turns":2},{"damage":25,"enemies":"3 Sentries","floor":6,"turns":6},{"damage":10,"enemies":"Exordium Wildlife","floor":8,"turns":6},{"damage":29,"enemies":"conspire:2 RoseBushes","floor":11,"turns":6},{"damage":20,"enemies":"Lagavulin","floor":12,"turns":9},{"damage":0,"enemies":"Red Slaver","floor":13,"turns":3},{"damage":4,"enemies":"Hexaghost","floor":16,"turns":10},{"damage":0,"enemies":"ruina:2_Scarecrows","floor":18,"turns":5},{"damage":15,"enemies":"ruina:BadWolf","floor":24,"turns":7},{"damage":34,"enemies":"ruina:Nos_and_Bat","floor":25,"turns":6},{"damage":0,"enemies":"ruina:KnightOfDespair","floor":30,"turns":2},{"damage":0,"enemies":"ruina:Woodsman","floor":31,"turns":2},{"damage":0,"enemies":"ruina:Ozma","floor":33,"turns":4},{"damage":0,"enemies":"Orb Walker","floor":35,"turns":2},{"damage":0,"enemies":"3 Shapes","floor":37,"turns":1},{"damage":0,"enemies":"Jaw Worm Horde","floor":38,"turns":1},{"damage":0,"enemies":"Giant Head","floor":40,"turns":6},{"damage":0,"enemies":"4 Shapes","floor":42,"turns":2},{"damage":0,"enemies":"Maw","floor":44,"turns":3},{"damage":0,"enemies":"Sphere and 2 Shapes","floor":45,"turns":1},{"damage":0,"enemies":"conspire:OrnateMirror","floor":50,"turns":3},{"damage":0,"enemies":"Shield and Spear","floor":55,"turns":2},{"damage":30,"enemies":"The Heart","floor":56,"turns":4}],"seed_played":"1035534206476232611","potions_obtained":[{"floor":5,"key":"BlessingOfTheForge"},{"floor":6,"key":"blueLaboratory:FrostheartPotion"},{"floor":13,"key":"Strength Potion"},{"floor":16,"key":"blueLaboratory:HummingbirdPotion"},{"floor":29,"key":"testmod-SpacePotion"},{"floor":33,"key":"Strength Potion"},{"floor":35,"key":"Elixir"},{"floor":40,"key":"GrandPatriotsElixir:ReiMu"}],"is_trial":false,"path_per_floor":["M","?","?","M","M","E","R","M","T","R","M","E","M","$","R","B",null,"M","?","?","?","$","R","M","M","T","$","?","?","M","M","R","B",null,"M","?","M","M","$","E","?","M","T","M","M","$","?","$","R","B",null,null,"R","$","E","B",null],"character_chosen":"Librarian","items_purchased":["PageOfThreeBirds","Strawberry","Tttonst","BirthdayGift-Icosahedron","testmod-Maize","SharpenedBlade","Eject","MerchantsRug","BargainBundle","PageOfHappyTeddyBear","testmod-ComboMaster","testmod-SpacePotion","SynthV:MejaisSoulstealer","potionbrewer:BottledElixir","SumBook","Riposte+1","hubris:FruitBowl","infinitespire:Magic Flask","War Paint","Guide Book","Brawl","PageOfWayBackHome","Gremlin Horn","Struggle","MostiFishMod:PerfectForm"],"campfire_rested":1,"item_purchase_floors":[14,22,22,27,27,27,27,27,39,39,39,46,46,46,46,46,48,48,48,48,54,54,54,54,54],"current_hp_per_floor":[60,60,60,60,67,54,54,51,51,51,32,37,48,48,48,64,78,78,78,59,59,66,66,68,52,52,52,55,51,58,62,62,81,83,83,83,86,86,86,86,78,89,89,89,89,89,92,33,60,91,92,92,92,92,92,92],"gold":95978,"neow_bonus":"ONE_RANDOM_RARE_CARD","is_daily":false,"chose_seed":false,"campfire_upgraded":7,"win_rate":0.0,"timestamp":1614174076,"path_taken":["M","?","?","M","?","E","R","M","T","R","M","E","?","$","R","BOSS","M","?","?","?","$","R","M","?","T","?","?","?","M","M","R","BOSS","M","?","M","M","$","E","?","?","T","M","M","?","?","?","R","BOSS","R","$","E","BOSS"],"items_purchased_type":["Relic","Relic","Card","Relic","Relic","Card","Card","Relic","Relic","Relic","Card","Potion","Relic","Relic","Relic","Card","Relic","Relic","Relic","Relic","Card","Relic","Relic","Card","Card"],"build_version":"2020-12-22","purchased_purges":0,"victory":true,"max_hp_per_floor":[60,60,60,73,73,73,73,73,73,73,73,78,78,78,78,78,78,78,78,78,78,85,85,85,85,85,85,88,83,78,78,83,83,83,86,86,86,86,86,86,86,89,89,89,89,89,92,92,92,92,92,92,92,92,92,92],"card_choices":[{"not_picked":["PreemptiveStrike","HandleRequest","BiAn","FleshFillet","HighKick","GreatSerpentsImpact","Parry2","QuickSuppression"],"picked":"TendonChords","floor":1},{"not_picked":["HighSpeedStabbing","Punishment","UpbeatPerformance","WrathOfTorment","QuickSuppression","SerpentSwordTechnique","EndlessBattle","BindingArms","NightInTheBackstreets","IronWall"],"picked":"GaleKick","floor":4},{"not_picked":["HandleRequest","BlowItUp","Unlock1","Wallop_lor","Gamble","CrackOfDawn","SpearedSweep","GrazeTheGrass","StrongStrike","TheArtOfRapidSteps"],"picked":"EnergyStrike","floor":5},{"not_picked":["PreemptiveStrike","Gigigig","LossOfSenses","RipSpace","SharpSwipe","Quickness","Unlock1","Reload","FierceCharge","Guardian_lor"],"picked":"Parry","floor":6},{"not_picked":["UpbeatPerformance","ButterflySlash","CrackOfDawn","DarkCloud","WillBeTasty","InhaleSmoke","DefenseOrder","SinglePointStab","Eject","ShockRound"],"picked":"Mutilate","floor":8},{"not_picked":["Thrust","Standoff","TieShanKao","IngredientHunt","GrazeTheGrass","HandleRequest","SharpSwipe","Marionette","BackAttack","DefenseOrder"],"picked":"CumulusWall","floor":11},{"not_picked":["Rewind","DevastatingThrash","EnergyShield","SharpNails","WildCard","FormingStorm","UpbeatPerformance","HiddenBlade","FleetEdge","ClassAndRespect"],"picked":"AsThePrescriptOrders","floor":12},{"not_picked":["SturdyDefense","GreatSerpentsImpact","Castigation","ToOvercomeCrisis","Leap_lor","ClassAndRespect","Reload","WillBeTasty","Disposal","StrongStrike"],"picked":"YoureTooSlow","floor":13},{"not_picked":["GutHarvesting","Deflect_lor","SavageMode","MirageStorm"],"picked":"SuanNi","floor":16},{"not_picked":["Rewind+1","SearingSword","Slice_lor+1","Diversion","UnavoidableGaze","Outburst","SuppressingShot","RulesOfTheBackstreets+1","PinpointShot","BiAn"],"picked":"TendonChords","floor":18},{"not_picked":["infinitespire:FinalStrike","infinitespire:Execution"],"picked":"infinitespire:Oblivion","floor":20},{"not_picked":["FocusFire","FervidEmotions","NightInTheBackstreets","SilentNight","StrongStrike","FleetFootsteps","BiAn","Gigigig+1","EnergyCycle","YourShield"],"picked":"FlashingStrike+1","floor":21},{"not_picked":["BulkyImpact","GuidanceOfTheGears+1","Outburst","BiAn","Parry2","ViolentFlame","Standoff+1","ClassAndRespect","SmokingPipe+1","PreemptiveStrike"],"picked":"LeRegole","floor":24},{"not_picked":["ShockingBlow+1","MultiBlock+1","Thrust","SnakesPrey","FleetFootsteps","CutIn+1","HiddenBlade","ViolentFlame","SilentNight","Quickness"],"picked":"TendonChords","floor":25},{"not_picked":["SomberProcuration","SuppressingShot","Clone","DarkCloud+1","TendonChords+1","SilentNight","EnergyCycle","StayCalm","RushDown+1","MultiBlock+1"],"picked":"FrontalAssault","floor":30},{"not_picked":["Parry2","AsThePrescriptOrders+1","CoordinatedAssault","HandleRequest","PinpointShot","GreatSerpentsImpact+1","Thrust","Outburst+1","SinglePointStab","MindWhip"],"picked":"IronWall+1","floor":31},{"not_picked":["Commandeering","LeRegole","EnergyBeam","SilentNight"],"picked":"RagingStormLove","floor":33},{"not_picked":["EnergyStrike+1","GreatSerpentsImpact","NightInTheBackstreets","Deflect_lor","Multislash+1","GuardingStance","MindWhip+1","Reload+1","BladeWhirl+1","Laceration"],"picked":"SnakesPrey","floor":35},{"not_picked":["NightInTheBackstreets+1","ProselytesBlade","MultiHit+1","GoinFirst","Faith","SmokingPipe+1","StartinOutLightly","PreemptiveStrike+1","Wallop_lor","AsThePrescriptOrders+1"],"picked":"CombatPreparation","floor":37},{"not_picked":["CookingPrep","ToWhereThePrescriptPoints+1","DirtyBlow+1","FleetEdge+1","Wallop_lor","SnakesPrey+1","ClassAndRespect","UndertakePrescript","VenomousFangs","ExtremeEdge+1"],"picked":"ICanCookAnything","floor":38},{"not_picked":["Struggle+1","Multislash","BiteOff+1","FleetEdge+1","Brawl","DesperateStruggle","Zzzzzap+1","Clone","Mutilate+1","Decapitation"],"picked":"FlashOfSunup+1","floor":40},{"not_picked":["FleetEdge+1","SpearedSweep+1","Reload+1","Rewind","BoundaryOfDeath","Outburst+1","Standoff+1","FendThisOffIfYouCan+1","DarkCloud+1","MultiHit"],"picked":"Parry+1","floor":42},{"not_picked":["QuickAttack+1","DefenseOrder+1","TasteMyFlamingBat","PreemptiveStrike+1","SmokingPipe+1","Quickness","GreatSerpentsImpact","SnakesPrey","YoureAHindrance+1","FleetFootsteps"],"picked":"SnakeSlit+1","floor":44},{"not_picked":["QuickSuppression","Multislash+1","GrazeTheGrass","KeepItFresh","ElectricShock","QuickAttack+1","Diversion","NightInTheBackstreets","InkOver+1","Eliminate"],"picked":"SerpentineBarrier+1","floor":45},{"not_picked":["DimensionalRift","IllEndYou","FierceCharge","DesperateStruggle","Struggle","FleetEdge+1","TasteMyFlamingBat","Quickness+1","YoureAHindrance","MultiBlock+1"],"picked":"Suppress","floor":55}],"player_experience":1129315,"relics_obtained":[{"floor":1,"key":"SynthV:TestCard"},{"floor":6,"key":"testmod-IndustrialRevolution"},{"floor":9,"key":"potionbrewer:ToyAutogyro"},{"floor":12,"key":"Dota2Spire:EyeOfSkadi"},{"floor":25,"key":"wanderingMiniBosses:CarrionFlame"},{"floor":26,"key":"Dota2Spire:ArcaneBoots"},{"floor":40,"key":"conspire:InfiniteJournal"},{"floor":42,"key":"halation:EternalFortune"},{"floor":43,"key":"testmod-ArcanaOfDestiny"},{"floor":55,"key":"halation:KoshaPiece"}],"event_choices":[{"damage_healed":0,"gold_gain":0,"player_choice":"Grow","damage_taken":0,"max_hp_gain":0,"max_hp_loss":0,"event_name":"Living Wall","floor":2,"gold_loss":0,"cards_upgraded":["Dodge"]},{"damage_healed":0,"gold_gain":0,"player_choice":"Rummage","damage_taken":0,"relics_obtained":["WarpedTongs"],"max_hp_gain":0,"max_hp_loss":0,"event_name":"Accursed Blacksmith","floor":3,"gold_loss":0,"cards_obtained":["Pain"]},{"damage_healed":0,"gold_gain":0,"player_choice":"Damaged","damage_taken":8,"max_hp_gain":0,"max_hp_loss":0,"event_name":"Wheel of Change","floor":41,"gold_loss":0}],"is_beta":false,"boss_relics":[{"not_picked":["hubris:ScarierMask","reliquary:RedPaperclip"],"picked":"aspiration:SecretTechniqueScroll"},{"not_picked":["aspiration:RunicSpoon","trackpad:Trackpad"],"picked":"ChiXiaoBlade"}],"items_purged_floors":[],"is_endless":false,"potions_floor_spawned":[5,6,13,16,33,35,40],"ascension_level":0}}