{"host":"kilzxsagg392xqb3","time":1614206803,"event":{"mods":["AchievementEnabler","BaseMod","Minty Spire (QoL Compilation)"],"gold_per_floor":[110,110,86,132,152,181,181,199,199,233,233,252,252,177,177,282,282,296,172,172,97,111,111,138,138,138,138,138],"floor_reached":27,"language":"ENG","playtime":1324,"items_purged":["Defend_R","Strike_R"],"score":300,"play_id":"f7a80584-2c66-42ae-bd15-d439f3e15331","local_time":"20210224234643","is_ascension_mode":true,"campfire_choices":[{"data":"Bash","floor":7,"key":"SMITH"},{"data":"Carnage","floor":11,"key":"SMITH"},{"data":"Perfected Strike","floor":15,"key":"SMITH"},{"data":"Heavy Blade","floor":23,"key":"SMITH"}],"circlet_count":0,"master_deck":["Strike_R","Strike_R","Strike_R","Defend_R","Defend_R","Defend_R","Bash+1","Carnage+1","Perfected Strike+1","Flame Barrier","Flex","Cleave","Armaments","Demon Form","Clash","Heavy Blade+1","Iron Wave+1","Reaper"],"relics":["Burning Blood","NeowsBlessing","Bag of Marbles","Shuriken","Eternal Feather","Tiny Chest","Runic Pyramid","Boot","Pear"],"acts_visited":["Exordium","TheCity"],"potions_floor_usage":[13,24,24],"damage_taken":[{"damage":0,"enemies":"Jaw Worm","floor":1,"turns":1},{"damage":0,"enemies":"Cultist","floor":5,"turns":1},{"damage":0,"enemies":"3 Sentries","floor":6,"turns":2},{"damage":0,"enemies":"2 Louse","floor":8,"turns":2},{"damage":6,"enemies":"Gremlin Nob","floor":10,"turns":3},{"damage":10,"enemies":"Looter","floor":12,"turns":2},{"damage":59,"enemies":"The Guardian","floor":16,"turns":11},{"damage":14,"enemies":"Chosen","floor":18,"turns":5},{"damage":35,"enemies":"Shell Parasite","floor":22,"turns":5},{"damage":14,"enemies":"Gremlin Leader","floor":24,"turns":5},{"damage":78,"enemies":"Book of Stabbing","floor":27,"turns":6}],"seed_played":"8107408391754132902","potions_obtained":[{"floor":1,"key":"FearPotion"},{"floor":6,"key":"FearPotion"},{"floor":10,"key":"CultistPotion"},{"floor":12,"key":"Explosive Potion"},{"floor":13,"key":"Fruit Juice"},{"floor":13,"key":"EssenceOfSteel"},{"floor":18,"key":"Strength Potion"}],"is_trial":false,"path_per_floor":["M","?","$","T","M","E","R","M","T","E","R","M","?","$","R","B",null,"M","$","?","?","M","R","E","T","T","E"],"character_chosen":"IRONCLAD","items_purchased":["Perfected Strike","Heavy Blade"],"campfire_rested":0,"item_purchase_floors":[3,19],"current_hp_per_floor":[80,80,80,80,80,80,80,80,80,80,80,76,81,81,85,32,85,77,77,77,77,48,57,49,49,59,0,0],"gold":138,"neow_bonus":"THREE_ENEMY_KILL","is_daily":false,"chose_seed":false,"campfire_upgraded":4,"win_rate":0.0,"timestamp":1614206803,"path_taken":["M","?","?","?","?","E","R","M","T","E","R","M","?","$","R","BOSS","M","$","?","?","M","R","E","?","T","E"],"items_purchased_type":["Card","Card"],"build_version":"2020-12-13","purchased_purges":2,"victory":false,"max_hp_per_floor":[80,80,80,80,80,80,80,80,80,80,80,80,85,85,85,85,85,85,85,85,85,85,85,85,85,95,95,95],"card_choices":[{"not_picked":["Sentinel","Bloodletting"],"picked":"Carnage","floor":1},{"not_picked":["Carnage","True Grit"],"picked":"Flame Barrier","floor":5},{"not_picked":["Body Slam","Wild Strike"],"picked":"Flex","floor":6},{"not_picked":["Entrench","Flame Barrier","Seeing Red"],"picked":"SKIP","floor":8},{"not_picked":["Power Through","Spot Weakness"],"picked":"Cleave","floor":10},{"not_picked":["Carnage","Thunderclap"],"picked":"Armaments","floor":12},{"not_picked":["Impervious","Corruption"],"picked":"Demon Form","floor":16},{"not_picked":["Twin Strike","Body Slam"],"picked":"Clash","floor":18},{"not_picked":["Headbutt","Burning Pact"],"picked":"Iron Wave+1","floor":22},{"not_picked":["Perfected Strike","Body Slam+1"],"picked":"Reaper","floor":24}],"player_experience":116897,"relics_obtained":[{"floor":4,"key":"Bag of Marbles"},{"floor":6,"key":"Shuriken"},{"floor":9,"key":"Eternal Feather"},{"floor":10,"key":"Tiny Chest"},{"floor":24,"key":"Boot"},{"floor":26,"key":"Pear"}],"event_choices":[{"damage_healed":0,"gold_gain":0,"player_choice":"Ignored","damage_taken":0,"max_hp_gain":0,"max_hp_loss":0,"event_name":"Liars Game","floor":2,"gold_loss":0},{"damage_healed":0,"gold_gain":0,"player_choice":"Got Potions","damage_taken":0,"max_hp_gain":0,"max_hp_loss":0,"event_name":"Lab","floor":13,"gold_loss":0},{"damage_healed":0,"gold_gain":0,"player_choice":"Ignored","damage_taken":0,"max_hp_gain":0,"max_hp_loss":0,"event_name":"Vampires","floor":20,"gold_loss":0},{"cards_removed":["Strike_R"],"damage_healed":0,"gold_gain":0,"player_choice":"Gave Gold","damage_taken":0,"max_hp_gain":0,"max_hp_loss":0,"event_name":"Beggar","floor":21,"gold_loss":75}],"is_beta":false,"boss_relics":[{"not_picked":["Snecko Eye","Fusion Hammer"],"picked":"Runic Pyramid"}],"items_purged_floors":[14,19],"is_endless":false,"potions_floor_spawned":[1,6,10,12,18,22],"killed_by":"Book of Stabbing","ascension_level":1}}