{"host":"8e3sp1tozjyrh64l","time":1614138602,"event":{"mods":["Act Like it!","BaseMod","Better Altar","Better Match","Better Note","Better Sensory Stone","Better Silent Start","Better Skull","Better Third Choice","BetterRewards","Conspire","Curses Come First","Defuse TimeMaze Blight","Infinite Spire","Minty Spire (QoL Compilation)","Permanent Neow","Rare Cards Sparkle","Relic Sorter","Reliquary","Replay The Spire","Shop Mod","Spicy Shops","StSLib","SuperFastMode","The Jungle","The Mystic","The Necromancer","Wandering Minibosses"],"gold_per_floor":[110,127,139,139,139,139,174,184,207,207,207,242,192,267,267,366,366,384,403,403,117,86,121,121,134,161,181,196,226,226,295,295,398,398,413,21,21,69,276,302,302,314,314,314,314,15,34,34,48,48,48,148,148,148],"floor_reached":53,"language":"ENG","playtime":1670,"items_purged":["Doubt","Strike_G"],"score":849,"play_id":"696396e8-275b-4889-a757-d8ff0dd5fd1d","local_time":"20210223205002","is_ascension_mode":true,"campfire_choices":[{"data":"Dagger Spray","floor":6,"key":"SMITH"},{"data":"Toxin Wave","floor":10,"key":"SMITH"},{"data":"Infinite Blades","floor":15,"key":"SMITH"},{"data":"infinitespire:Neurotoxin","floor":24,"key":"SMITH"},{"data":"Crippling Poison","floor":30,"key":"SMITH"},{"data":"Noxious Fumes","floor":32,"key":"SMITH"},{"data":"A Thousand Cuts","floor":41,"key":"SMITH"},{"data":"Caltrops","floor":48,"key":"SMITH"},{"floor":51,"key":"DIG"}],"circlet_count":0,"master_deck":["Strike_G+1","Strike_G","Strike_G","Defend_G+1","Defend_G","Defend_G","Survivor","Neutralize+1","Dagger Spray+1","Cloak And Dagger","Infinite Blades+1","Toxin Wave+1","infinitespire:Neurotoxin+1","Draining Mist+1","Noxious Fumes+1","Infinite Blades","Choke+1","Crippling Poison+1","A Thousand Cuts+1","Caltrops+1","Master of Strategy","Blade Dance+1","Caltrops+1"],"relics":["Ring of the Snake","Smiling Mask","Toy Ornithopter","Ring of Hypnosis","ReplayFunnel","Coffee Dripper","Ice Cream","Cauldron","PreservedInsect","Centennial Puzzle","infinitespire:PuzzleCube","wanderingMiniBosses:ThiefScarf","Ring of Panic","infinitespire:Cupcake","Mercury Hourglass","TwistedFunnel","Shovel","Paper Crane","Eternal Feather","reliquary:KillPill","Replay:Baseball","Ring of Chaos"],"acts_visited":["Exordium","Exordium","TheBeyond","Exordium"],"potions_floor_usage":[7,12,16,22,31],"damage_taken":[{"damage":0,"enemies":"Cultist","floor":1,"turns":5},{"damage":0,"enemies":"Small Slimes","floor":2,"turns":3},{"damage":0,"enemies":"2 Louse","floor":3,"turns":2},{"damage":10,"enemies":"Gremlin Nob","floor":7,"turns":5},{"damage":0,"enemies":"2 Fungi Beasts","floor":8,"turns":4},{"damage":2,"enemies":"3 Sentries","floor":12,"turns":4},{"damage":30,"enemies":"Hexaghost","floor":16,"turns":10},{"damage":0,"enemies":"theJungle:5_Spyders","floor":18,"turns":6},{"damage":14,"enemies":"theJungle:MUSHROOMGANG","floor":19,"turns":3},{"damage":2,"enemies":"Snake Plant","floor":22,"turns":7},{"damage":10,"enemies":"Nightmare","floor":23,"turns":7},{"damage":8,"enemies":"theJungle:JungleHuntersEncounter","floor":25,"turns":4},{"damage":2,"enemies":"theJungle:2_Snecko_Cultists","floor":27,"turns":3},{"damage":0,"enemies":"theJungle:Lyon","floor":28,"turns":5},{"damage":0,"enemies":"theJungle:Cassacara","floor":29,"turns":5},{"damage":18,"enemies":"theJungle:2_Flameangoes","floor":31,"turns":5},{"damage":0,"enemies":"theJungle:QueenSpyder","floor":33,"turns":8},{"damage":0,"enemies":"3 Shapes","floor":35,"turns":2},{"damage":2,"enemies":"2 Orb Walkers","floor":38,"turns":3},{"damage":0,"enemies":"Giant Head","floor":40,"turns":5},{"damage":0,"enemies":"3 Darklings","floor":42,"turns":3},{"damage":0,"enemies":"Jaw Worm Horde","floor":47,"turns":3},{"damage":0,"enemies":"Writhing Mass","floor":49,"turns":4},{"damage":120,"enemies":"conspire:OrnateMirror","floor":52,"turns":5}],"seed_played":"-2878627137876856686","potions_obtained":[{"floor":1,"key":"Explosive Potion"},{"floor":3,"key":"PowerPotion"},{"floor":7,"key":"LiquidBronze"},{"floor":16,"key":"Explosive Potion"},{"floor":19,"key":"ColorlessPotion"},{"floor":21,"key":"Energy Potion"},{"floor":22,"key":"FairyPotion"},{"floor":31,"key":"Energy Potion"},{"floor":52,"key":"Poison Potion"}],"is_trial":false,"path_per_floor":["M","M","M","?","?","R","E","M","T","R","?","E","$","?","R","B",null,"M","M","?","$","M","NM","R","M","T","M","M","E","R","M","R","B",null,"M","$","?","?","?","E","R","M","T","PTL","PTL","$","M","R","M","?","R","B",null],"character_chosen":"THE_SILENT","items_purchased":["Ice Cream","Cauldron","Draining Mist+1","Noxious Fumes","Mercury Hourglass","TwistedFunnel","Caltrops","reliquary:KillPill"],"campfire_rested":0,"item_purchase_floors":[21,21,21,21,36,36,36,46],"current_hp_per_floor":[70,70,70,70,56,56,46,46,46,46,46,49,49,42,42,17,70,70,56,56,56,59,49,49,41,41,39,39,39,39,26,26,26,70,70,70,70,68,68,68,68,68,68,68,68,68,68,70,70,70,70,21,70,70],"gold":148,"neow_bonus":"RANDOM_EVENT","is_daily":false,"chose_seed":false,"campfire_upgraded":8,"win_rate":0.0,"timestamp":1614138602,"path_taken":["M","M","M","?","?","R","E","M","T","R","?","E","$","?","R","BOSS","M","?","?","$","?","NM","R","M","T","M","?","E","R","M","R","BOSS","M","$","?","?","?","E","R","M","T","PTL","PTL","$","M","R","?","?","R","BOSS"],"items_purchased_type":["Relic","Relic","Card","Card","Relic","Relic","Card","Relic"],"build_version":"2020-12-22","purchased_purges":2,"victory":false,"max_hp_per_floor":[70,70,70,70,70,70,70,70,70,70,70,70,70,70,70,70,70,70,70,70,70,70,70,70,70,70,70,70,70,70,70,70,70,70,70,70,70,70,70,70,70,70,70,70,70,70,70,70,70,70,70,70,70,70],"card_choices":[{"not_picked":["Caltrops","Bouncing Flask"],"picked":"Dagger Spray","floor":1},{"not_picked":["Cloak And Dagger","ReplayTheSpireMod:The Works","Deadly Poison"],"picked":"SKIP","floor":2},{"not_picked":["ReplayTheSpireMod:The Works","Deadly Poison"],"picked":"Cloak And Dagger","floor":2},{"not_picked":["Dagger Throw","Sucker Punch","Eviscerate"],"picked":"SKIP","floor":3},{"not_picked":["ReplayTheSpireMod:Shiv Toss","Poisoned Stab"],"picked":"Infinite Blades","floor":7},{"not_picked":["Toxin Wave","Expertise","Flying Knee"],"picked":"SKIP","floor":8},{"not_picked":["Expertise","Flying Knee"],"picked":"Toxin Wave","floor":8},{"not_picked":["ReplayTheSpireMod:The Works","Flechettes","conspire:DoublingDagger"],"picked":"SKIP","floor":12},{"not_picked":["Die Die Die","Wraith Form v2"],"picked":"infinitespire:Neurotoxin","floor":16},{"not_picked":["Dagger Spray","Sucker Punch+1","Prepared"],"picked":"SKIP","floor":18},{"not_picked":["Deflect","Blur+1","Dodge and Roll"],"picked":"SKIP","floor":19},{"not_picked":["Acrobatics","PiercingWail+1"],"picked":"Infinite Blades","floor":22},{"not_picked":["Deflect","Crippling Poison"],"picked":"Choke+1","floor":23},{"not_picked":["Tactician","Reflex","Dagger Throw"],"picked":"SKIP","floor":25},{"not_picked":["Cloak And Dagger","Expertise"],"picked":"Crippling Poison","floor":27},{"not_picked":["Calculated Gamble+1","Leg Sweep","Flying Knee+1"],"picked":"SKIP","floor":28},{"not_picked":["Tactician+1","Distraction","Prepared+1"],"picked":"SKIP","floor":29},{"not_picked":["Backflip+1","Setup","Sucker Punch+1"],"picked":"SKIP","floor":31},{"not_picked":["Grand Finale","Phantasmal Killer"],"picked":"A Thousand Cuts","floor":33},{"not_picked":["Slice","Deadly Poison","PiercingWail"],"picked":"SKIP","floor":35},{"not_picked":["Good Instincts","Forethought"],"picked":"Master of Strategy","floor":37},{"not_picked":["Dagger Spray","Hidden Blade+1"],"picked":"Blade Dance+1","floor":38},{"not_picked":["Bane+1","Hidden Blade"],"picked":"Caltrops+1","floor":40},{"not_picked":["Deflect","Underhanded Strike","Bane"],"picked":"SKIP","floor":42},{"not_picked":["Flying Knee","Underhanded Strike","Blur"],"picked":"SKIP","floor":47},{"not_picked":["Atom Bomb","Draining Mist+1","Deflect+1"],"picked":"SKIP","floor":49}],"player_experience":964350,"relics_obtained":[{"floor":7,"key":"Smiling Mask"},{"floor":9,"key":"Toy Ornithopter"},{"floor":11,"key":"Ring of Hypnosis"},{"floor":11,"key":"Ring of Panic"},{"floor":12,"key":"ReplayFunnel"},{"floor":23,"key":"PreservedInsect"},{"floor":26,"key":"Centennial Puzzle"},{"floor":29,"key":"infinitespire:PuzzleCube"},{"floor":31,"key":"wanderingMiniBosses:ThiefScarf"},{"floor":31,"key":"Ring of Panic"},{"floor":38,"key":"Shovel"},{"floor":40,"key":"Paper Crane"},{"floor":43,"key":"Eternal Feather"},{"floor":51,"key":"Replay:Baseball"}],"event_choices":[{"damage_healed":0,"gold_gain":0,"player_choice":"Grow","damage_taken":0,"max_hp_gain":0,"max_hp_loss":0,"event_name":"Living Wall","floor":0,"gold_loss":0,"cards_upgraded":["Neutralize"]},{"damage_healed":0,"gold_gain":0,"player_choice":"Leave","damage_taken":0,"max_hp_gain":0,"max_hp_loss":0,"event_name":"The Cleric","floor":4,"gold_loss":0},{"damage_healed":70,"gold_gain":0,"player_choice":"Upgrade","damage_taken":14,"max_hp_gain":0,"max_hp_loss":70,"event_name":"betterThird:BetterShining","floor":5,"gold_loss":0,"cards_upgraded":["Strike_G","Defend_G"]},{"damage_healed":0,"gold_gain":75,"player_choice":"Touch","damage_taken":7,"max_hp_gain":0,"max_hp_loss":0,"event_name":"FaceTrader","floor":14,"gold_loss":0},{"cards_removed":["Defend_G"],"damage_healed":0,"gold_gain":0,"player_choice":"Offered Basic","damage_taken":0,"max_hp_gain":0,"max_hp_loss":0,"event_name":"Bonfire Elementals","floor":20,"gold_loss":0},{"damage_healed":0,"gold_gain":3,"player_choice":"1","damage_taken":0,"max_hp_gain":0,"max_hp_loss":0,"event_name":"betterStone:BetterStone","floor":37,"gold_loss":0},{"damage_healed":0,"gold_gain":0,"player_choice":"Fight","damage_taken":0,"max_hp_gain":0,"max_hp_loss":0,"event_name":"Mysterious Sphere","floor":38,"gold_loss":0},{"damage_healed":0,"gold_gain":0,"player_choice":"Ignored","damage_taken":0,"max_hp_gain":0,"max_hp_loss":0,"event_name":"Tomb of Lord Red Mask","floor":50,"gold_loss":0}],"is_beta":false,"boss_relics":[{"not_picked":["ChewingGum","Empty Cage"],"picked":"Coffee Dripper"},{"not_picked":["reliquary:Ember","reliquary:WritOfMandamus"],"picked":"infinitespire:Cupcake"},{"not_picked":["reliquary:RedPaperclip","conspire:SeveredTorchhead"],"picked":"Ring of Chaos"}],"items_purged_floors":[13,36],"is_endless":true,"potions_floor_spawned":[1,3,7,16,19,22,25,27,31,38,42,52],"ascension_level":1}}