{"host":"gkm149kh1ihaqy0o","time":1614148471,"event":{"mods":["AchievementEnabler","BaseMod","Colored Powertips","Curses Come First","Dark Map","Key Reminder","Minty Spire (QoL Compilation)","Permanent Neow","Quick Restart","Random Character Button","Rare Cards Sparkle","Relic Sorter","Relic Stats","StSLib","SuperFastMode","Unceasing Turn Reminder","everything is the same but u backflip on backflip"],"gold_per_floor":[15,34,53,69,80,407,407,407,407,407,438,438,472,490,490,616,616,639,42,42,42,42,86,86,130,154,209,136,148,160,160],"floor_reached":30,"language":"ENG","playtime":1272,"items_purged":["Strike_P"],"score":451,"play_id":"82bcd947-815f-4544-a9f4-051f46a3a3ba","local_time":"20210224003431","is_ascension_mode":true,"campfire_choices":[{"data":"TalkToTheHand","floor":10,"key":"SMITH"},{"floor":12,"key":"REST"},{"data":"Omniscience","floor":15,"key":"SMITH"},{"floor":24,"key":"REST"}],"circlet_count":0,"master_deck":["Strike_P","Strike_P","Defend_P","Defend_P","Defend_P","Eruption","Vigilance","Evaluate","ThirdEye","FlurryOfBlows","Consecrate","CutThroughFate","TalkToTheHand+1","EmptyMind","Adaptation+1","Omniscience+1","Protect","Omniscience","Perseverance+1","ClearTheMind","Necronomicurse","Parasite","DeusExMachina","Parasite","TalkToTheHand","Ghostly","Ghostly","Ghostly","Ghostly","Ghostly"],"relics":["PureWater","Old Coin","Golden Idol","Frozen Egg 2","Regal Pillow","Gremlin Horn","Cursed Key","Lee\u0027s Waffle","Du-Vu Doll","Necronomicon","Smiling Mask","The Courier","Nunchaku","MawBank","GoldenEye","Pen Nib"],"acts_visited":["Exordium","TheCity"],"potions_floor_usage":[4,6,11,16,25],"damage_taken":[{"damage":0,"enemies":"Cultist","floor":1,"turns":3},{"damage":9,"enemies":"Small Slimes","floor":2,"turns":4},{"damage":1,"enemies":"2 Louse","floor":3,"turns":3},{"damage":2,"enemies":"Large Slime","floor":4,"turns":4},{"damage":3,"enemies":"Blue Slaver","floor":5,"turns":3},{"damage":5,"enemies":"Lagavulin","floor":6,"turns":6},{"damage":21,"enemies":"3 Sentries","floor":11,"turns":7},{"damage":3,"enemies":"Lagavulin","floor":13,"turns":7},{"damage":0,"enemies":"Looter","floor":14,"turns":2},{"damage":36,"enemies":"The Guardian","floor":16,"turns":11},{"damage":28,"enemies":"3 Byrds","floor":18,"turns":5},{"damage":33,"enemies":"Book of Stabbing","floor":23,"turns":4},{"damage":29,"enemies":"Slavers","floor":25,"turns":7},{"damage":31,"enemies":"Book of Stabbing","floor":27,"turns":6},{"damage":15,"enemies":"Slavers","floor":30,"turns":2}],"seed_played":"-4503079017711033008","potions_obtained":[{"floor":1,"key":"ColorlessPotion"},{"floor":5,"key":"Weak Potion"},{"floor":6,"key":"Dexterity Potion"},{"floor":13,"key":"BottledMiracle"},{"floor":23,"key":"Ancient Potion"}],"is_trial":false,"path_per_floor":["M","M","M","M","M","E","?","?","T","R","E","R","E","M","R","B",null,"M","$","?","?","T","E","R","E","T","E","?","?","E"],"character_chosen":"WATCHER","items_purchased":["Lee\u0027s Waffle","Du-Vu Doll","ClearTheMind"],"campfire_rested":2,"item_purchase_floors":[19,19,19],"current_hp_per_floor":[65,56,55,53,50,45,45,45,45,45,24,59,56,56,56,20,55,27,74,58,74,74,41,74,45,45,14,14,14,0,0],"gold":160,"neow_bonus":"TRANSFORM_TWO_CARDS","is_daily":false,"chose_seed":false,"campfire_upgraded":2,"win_rate":0.0,"timestamp":1614148471,"path_taken":["M","M","M","M","?","E","?","?","T","R","E","R","E","M","R","BOSS","M","$","?","?","?","E","R","E","T","E","?","?","E"],"items_purchased_type":["Relic","Relic","Card"],"build_version":"2020-12-22","purchased_purges":1,"victory":false,"max_hp_per_floor":[72,72,72,72,72,72,72,67,67,67,67,67,67,67,67,67,67,67,74,74,74,74,74,74,74,74,74,74,37,37,37],"relic_stats":{"Regal Pillow":26,"Lee\u0027s Waffle":47,"Gremlin Horn":[4,4],"counters":[15,74],"Golden Idol":74,"Pen Nib":[0],"Cursed Key":2,"Smiling Mask":0,"MawBank":48,"GoldenEye":[0],"Nunchaku":[1],"Necronomicon":[6],"obtain_stats":[{"Regal Pillow":11,"Lee\u0027s Waffle":19,"Gremlin Horn":13,"Golden Idol":8,"The Courier":23,"Pen Nib":28,"Frozen Egg 2":9,"Cursed Key":17,"Smiling Mask":22,"MawBank":26,"GoldenEye":27,"Old Coin":6,"Du-Vu Doll":19,"Nunchaku":25,"Necronomicon":20,"PureWater":0},{"Regal Pillow":7,"Lee\u0027s Waffle":11,"Gremlin Horn":8,"Golden Idol":6,"The Courier":12,"Pen Nib":14,"Frozen Egg 2":6,"Cursed Key":10,"Smiling Mask":11,"MawBank":13,"GoldenEye":14,"Old Coin":6,"Du-Vu Doll":11,"Nunchaku":13,"Necronomicon":11,"PureWater":0},{"Regal Pillow":30,"Lee\u0027s Waffle":55,"Gremlin Horn":37,"Golden Idol":23,"The Courier":59,"Pen Nib":72,"Frozen Egg 2":23,"Cursed Key":50,"Smiling Mask":55,"MawBank":66,"GoldenEye":72,"Old Coin":23,"Du-Vu Doll":55,"Nunchaku":66,"Necronomicon":55,"PureWater":0}]},"card_choices":[{"not_picked":["JustLucky","FlyingSleeves"],"picked":"FlurryOfBlows","floor":1},{"not_picked":["Sanctity","Crescendo"],"picked":"Consecrate","floor":2},{"not_picked":["Crescendo","CrushJoints"],"picked":"CutThroughFate","floor":3},{"not_picked":["Collect","FlurryOfBlows"],"picked":"TalkToTheHand","floor":4},{"not_picked":["JustLucky","PathToVictory","Evaluate"],"picked":"SKIP","floor":5},{"not_picked":["Protect","Consecrate"],"picked":"EmptyMind","floor":6},{"not_picked":["Wireheading+1","Halt"],"picked":"Adaptation+1","floor":11},{"not_picked":["DeceiveReality","Vengeance"],"picked":"Omniscience","floor":13},{"not_picked":["Halt","Prostrate"],"picked":"Protect","floor":14},{"not_picked":["ConjureBlade","DeusExMachina"],"picked":"Omniscience","floor":16},{"not_picked":["ThirdEye","CrushJoints"],"picked":"Perseverance+1","floor":18},{"not_picked":["FlurryOfBlows","FlyingSleeves","Crescendo"],"picked":"SKIP","floor":23},{"not_picked":["PathToVictory","EmptyFist+1"],"picked":"DeusExMachina","floor":25},{"not_picked":["Weave","SpiritShield"],"picked":"TalkToTheHand","floor":27}],"player_experience":668655,"relics_obtained":[{"floor":6,"key":"Old Coin"},{"floor":9,"key":"Frozen Egg 2"},{"floor":11,"key":"Regal Pillow"},{"floor":13,"key":"Gremlin Horn"},{"floor":20,"key":"Necronomicon"},{"floor":22,"key":"Smiling Mask"},{"floor":23,"key":"The Courier"},{"floor":25,"key":"Nunchaku"},{"floor":26,"key":"MawBank"},{"floor":27,"key":"GoldenEye"}],"event_choices":[{"damage_healed":0,"gold_gain":0,"player_choice":"Ignored","damage_taken":0,"max_hp_gain":0,"max_hp_loss":0,"event_name":"Liars Game","floor":7,"gold_loss":0},{"damage_healed":0,"gold_gain":0,"player_choice":"Lose Max HP","damage_taken":0,"relics_obtained":["Golden Idol"],"max_hp_gain":0,"max_hp_loss":5,"event_name":"Golden Idol","floor":8,"gold_loss":0},{"damage_healed":0,"gold_gain":0,"player_choice":"Obtained Book","damage_taken":16,"max_hp_gain":0,"max_hp_loss":0,"event_name":"Cursed Tome","floor":20,"gold_loss":0},{"damage_healed":24,"gold_gain":0,"player_choice":"Heal","damage_taken":0,"max_hp_gain":0,"max_hp_loss":0,"event_name":"The Library","floor":21,"gold_loss":0},{"damage_healed":0,"gold_gain":0,"player_choice":"Obtained Relic","damage_taken":0,"relics_obtained":["Pen Nib"],"max_hp_gain":0,"max_hp_loss":0,"event_name":"Addict","floor":28,"gold_loss":85},{"damage_healed":0,"gold_gain":0,"player_choice":"Became a Ghost","damage_taken":0,"max_hp_gain":0,"max_hp_loss":37,"event_name":"Ghosts","floor":29,"gold_loss":0,"cards_obtained":["Ghostly","Ghostly","Ghostly","Ghostly","Ghostly"]}],"is_beta":false,"boss_relics":[{"not_picked":["SlaversCollar","Runic Pyramid"],"picked":"Cursed Key"}],"items_purged_floors":[19],"is_endless":false,"potions_floor_spawned":[1,5,6,13,23],"killed_by":"Slavers","ascension_level":8}}