{"host":"yfdtuf6ojcxn06xg","time":1614141669,"event":{"mods":["2.2 Compatiblity","AchievementEnabler","BaseMod","Colored Map","Colored Powertips","Curses Come First","Hermit","JesterMod","Jorbs\u0027s Wanderer Trilogy","Minty Spire (QoL Compilation)","Quick Restart","Rare Cards Sparkle","Relic Stats","Replay The Spire","StSLib","The Cursed","The Disciple","The Hierophant","The Jungle","The Marked","The Necromancer","The Servant 0.9.4"],"gold_per_floor":[111,57,72,72,87,87,113,113,113,113,188,188,208,222,222,352,352,373,573,591,666,293,293,336,16,16,16,16],"floor_reached":27,"language":"ENG","playtime":808,"items_purged":["Strike_B"],"score":263,"play_id":"9efd1111-ab2e-4673-81bb-7ddc5af3eccb","local_time":"20210223234109","is_ascension_mode":true,"campfire_choices":[{"data":"Zap","floor":6,"key":"SMITH"},{"data":"Dualcast","floor":8,"key":"SMITH"},{"floor":10,"key":"REST"},{"data":"Static Discharge","floor":15,"key":"SMITH"},{"floor":23,"key":"REST"}],"circlet_count":0,"master_deck":["Strike_B","Strike_B","Strike_B","Defend_B","Defend_B","Defend_B","Defend_B","Zap+1","Dualcast+1","Sweeping Beam","Beam Cell","Steam","Beam Cell","Static Discharge+1","Creative AI","Ball Lightning+1","BootSequence+1","Sunder","Static Discharge"],"relics":["Cracked Core","NeowsBlessing","Ice Cream","Pondfish Scales","Golden Idol","Busted Crown","Darkstone Periapt","InkBottle","Solar Panel","Cables"],"acts_visited":["Exordium","TheCity"],"potions_floor_usage":[7,14,16,24],"damage_taken":[{"damage":0,"enemies":"Cultist","floor":1,"turns":1},{"damage":0,"enemies":"Small Slimes","floor":3,"turns":1},{"damage":0,"enemies":"Jaw Worm","floor":5,"turns":1},{"damage":23,"enemies":"Replay:BlueRogue","floor":7,"turns":5},{"damage":1,"enemies":"Large Slime","floor":13,"turns":5},{"damage":0,"enemies":"Lots of Slimes","floor":14,"turns":1},{"damage":22,"enemies":"Slime Boss","floor":16,"turns":8},{"damage":16,"enemies":"Spheric Guardian","floor":18,"turns":3},{"damage":9,"enemies":"Chosen","floor":20,"turns":4},{"damage":37,"enemies":"Gremlin Leader","floor":24,"turns":6},{"damage":27,"enemies":"Replay:Snechameleon","floor":27,"turns":3}],"seed_played":"8816858139393289932","potions_obtained":[{"floor":3,"key":"Explosive Potion"},{"floor":5,"key":"SkillPotion"},{"floor":7,"key":"Fire Potion"},{"floor":20,"key":"LifebloodPotion"}],"is_trial":false,"path_per_floor":["M","$","M","$","M","R","E","R","T","R","?","?","M","M","R","B",null,"M","?","M","?","$","R","E","$","T","E"],"character_chosen":"DEFECT","items_purchased":["Beam Cell","Darkstone Periapt","Sunder","Solar Panel","Static Discharge"],"campfire_rested":2,"item_purchase_floors":[2,22,22,25,25],"current_hp_per_floor":[75,75,75,75,75,75,52,52,52,74,63,63,62,62,62,40,69,53,53,44,38,38,58,21,21,21,0,0],"gold":16,"neow_bonus":"THREE_ENEMY_KILL","is_daily":false,"chose_seed":false,"campfire_upgraded":3,"win_rate":0.0,"timestamp":1614141669,"path_taken":["M","$","M","$","?","R","E","R","T","R","?","?","M","M","R","BOSS","M","?","?","?","$","R","E","?","T","E"],"items_purchased_type":["Card","Relic","Card","Relic","Card"],"build_version":"2020-12-22","purchased_purges":1,"victory":false,"max_hp_per_floor":[75,75,75,75,75,75,75,75,75,75,75,69,69,69,69,69,69,69,69,69,69,69,69,69,69,69,69,69],"relic_stats":{"Darkstone Periapt":0,"Busted Crown":6,"counters":[11,38],"Golden Idol":50,"obtain_stats":[{"Ice Cream":7,"Darkstone Periapt":22,"Solar Panel":25,"Pondfish Scales":9,"Busted Crown":17,"NeowsBlessing":0,"Golden Idol":12,"Cracked Core":0,"InkBottle":24,"Cables":26},{"Ice Cream":4,"Darkstone Periapt":9,"Solar Panel":10,"Pondfish Scales":4,"Busted Crown":7,"NeowsBlessing":0,"Golden Idol":4,"Cracked Core":0,"InkBottle":10,"Cables":10},{"Ice Cream":8,"Darkstone Periapt":29,"Solar Panel":35,"Pondfish Scales":8,"Busted Crown":22,"NeowsBlessing":0,"Golden Idol":8,"Cracked Core":0,"InkBottle":35,"Cables":35}],"InkBottle":[1],"Cables":[3,3,0,0,0]},"card_choices":[{"not_picked":["Recycle","Rebound"],"picked":"Sweeping Beam","floor":1},{"not_picked":["Defragment","Static Discharge"],"picked":"Steam","floor":3},{"not_picked":["Leap","Barrage","Stack"],"picked":"SKIP","floor":5},{"not_picked":["Panic Button","Melter","Ball Lightning"],"picked":"SKIP","floor":7},{"not_picked":["Redo","Genetic Algorithm"],"picked":"Beam Cell","floor":13},{"not_picked":["Ball Lightning","Barrage"],"picked":"Static Discharge","floor":14},{"not_picked":["Rainbow","Multi-Cast"],"picked":"Creative AI","floor":16},{"not_picked":[],"picked":"Ball Lightning+1","floor":18},{"not_picked":[],"picked":"BootSequence+1","floor":20},{"not_picked":["Turbo"],"picked":"SKIP","floor":24}],"player_experience":277896,"relics_obtained":[{"floor":7,"key":"Ice Cream"},{"floor":9,"key":"Pondfish Scales"},{"floor":24,"key":"InkBottle"},{"floor":26,"key":"Cables"}],"event_choices":[{"damage_healed":0,"gold_gain":75,"player_choice":"Gather Gold","damage_taken":11,"max_hp_gain":0,"max_hp_loss":0,"event_name":"World of Goop","floor":11,"gold_loss":0},{"damage_healed":0,"gold_gain":0,"player_choice":"Lose Max HP","damage_taken":0,"relics_obtained":["Golden Idol"],"max_hp_gain":0,"max_hp_loss":6,"event_name":"Golden Idol","floor":12,"gold_loss":0},{"damage_healed":0,"gold_gain":200,"player_choice":"Gold","damage_taken":0,"max_hp_gain":0,"max_hp_loss":0,"event_name":"Wheel of Change","floor":19,"gold_loss":0},{"damage_healed":0,"gold_gain":75,"player_choice":"Touch","damage_taken":6,"max_hp_gain":0,"max_hp_loss":0,"event_name":"FaceTrader","floor":21,"gold_loss":0}],"is_beta":false,"boss_relics":[{"not_picked":["Ectoplasm","jesterMod:MachoBrace"],"picked":"Busted Crown"}],"items_purged_floors":[22],"is_endless":false,"potions_floor_spawned":[3,5,7,20],"killed_by":"Replay:Snechameleon","ascension_level":3}}