{"host":"q9718omregw4er46","time":1614173882,"event":{"mods":["BaseMod","Bestiary","Colored Powertips","Custom Start","Minty Spire (QoL Compilation)","Quick Restart","Relic Stats"],"gold_per_floor":[109,122,140,65,65,65,93,112,138,188,220,238,252,279,279,355,355,374,392,405,287,305,305,340,340,340,375,335,349,383,407,407,482,482,498,516,516,530,430,455,455,455,455,484,501,532,546,557,557,557,557,557,557,124,154,154,154],"floor_reached":56,"language":"ENG","playtime":3403,"items_purged":["Strike_P","Strike_P","Defend_P"],"score":2838,"play_id":"35f7e8ce-ea35-4e72-a207-6d652fd85191","local_time":"20210224183802","is_ascension_mode":true,"campfire_choices":[{"data":"BowlingBash","floor":6.0,"key":"SMITH"},{"data":"CrushJoints","floor":15.0,"key":"SMITH"},{"data":"Meditate","floor":23.0,"key":"SMITH"},{"data":"Devotion","floor":25.0,"key":"SMITH"},{"data":"EmptyMind","floor":32.0,"key":"SMITH"},{"floor":41.0,"key":"RECALL"},{"floor":49,"key":"REST"},{"floor":53,"key":"REST"}],"circlet_count":0,"master_deck":["AscendersBane","Defend_P+1","Defend_P","Defend_P","Vigilance+1","BowlingBash+1","Scrawl","Swivel","DeusExMachina","Worship","Worship","CrushJoints+1","Devotion+1","ThirdEye","SpiritShield","CurseOfTheBell","InnerPeace+1","Meditate+1","EmptyMind+1","FearNoEvil+1","WheelKick","DeusExMachina","CutThroughFate+1","Brilliance","Ragnarok+1","CutThroughFate","Wireheading","SpiritShield","Wireheading","Devotion"],"relics":["Snecko Eye","Pen Nib","Lantern","Bag of Preparation","Dream Catcher","Calling Bell","Damaru","Kunai","CaptainsWheel","Potion Belt","Tiny Chest","Matryoshka","MealTicket","Regal Pillow","War Paint","Fusion Hammer","Whetstone","Pantograph","HornCleat","CloakClasp","Happy Flower","Strawberry"],"acts_visited":["Exordium","TheCity","TheBeyond","TheEnding"],"potions_floor_usage":[46,50,55,56,56,56,56],"damage_taken":[{"damage":2.0,"enemies":"Jaw Worm","floor":1.0,"turns":2.0},{"damage":0.0,"enemies":"Small Slimes","floor":2.0,"turns":3.0},{"damage":2.0,"enemies":"2 Louse","floor":3.0,"turns":2.0},{"damage":16.0,"enemies":"Gremlin Nob","floor":7.0,"turns":3.0},{"damage":0.0,"enemies":"Gremlin Gang","floor":8.0,"turns":2.0},{"damage":7.0,"enemies":"3 Sentries","floor":11.0,"turns":7.0},{"damage":0.0,"enemies":"Exordium Wildlife","floor":12.0,"turns":1.0},{"damage":0.0,"enemies":"Blue Slaver","floor":13.0,"turns":1.0},{"damage":0.0,"enemies":"Gremlin Nob","floor":14.0,"turns":1.0},{"damage":0.0,"enemies":"Hexaghost","floor":16.0,"turns":4.0},{"damage":4.0,"enemies":"Shell Parasite","floor":18.0,"turns":2.0},{"damage":0.0,"enemies":"2 Thieves","floor":19.0,"turns":3.0},{"damage":1.0,"enemies":"Centurion and Healer","floor":20.0,"turns":3.0},{"damage":6.0,"enemies":"Snake Plant","floor":22.0,"turns":2.0},{"damage":0.0,"enemies":"Slavers","floor":24.0,"turns":3.0},{"damage":8.0,"enemies":"Gremlin Leader","floor":27.0,"turns":4.0},{"damage":0.0,"enemies":"3 Cultists","floor":29.0,"turns":2.0},{"damage":1.0,"enemies":"Book of Stabbing","floor":30.0,"turns":3.0},{"damage":1.0,"enemies":"Collector","floor":33.0,"turns":5.0},{"damage":14.0,"enemies":"3 Shapes","floor":35.0,"turns":4.0},{"damage":0.0,"enemies":"Orb Walker","floor":36.0,"turns":2.0},{"damage":0.0,"enemies":"4 Shapes","floor":38.0,"turns":3.0},{"damage":0.0,"enemies":"Giant Head","floor":40.0,"turns":3.0},{"damage":34.0,"enemies":"Nemesis","floor":44.0,"turns":5.0},{"damage":5.0,"enemies":"Writhing Mass","floor":45.0,"turns":2.0},{"damage":9,"enemies":"Reptomancer","floor":46,"turns":4},{"damage":0,"enemies":"Jaw Worm Horde","floor":47,"turns":2},{"damage":0,"enemies":"3 Darklings","floor":48,"turns":3},{"damage":15,"enemies":"Time Eater","floor":50,"turns":6},{"damage":5,"enemies":"Donu and Deca","floor":51,"turns":7},{"damage":0,"enemies":"Shield and Spear","floor":55,"turns":3}],"seed_played":"-7850371548035634912","potions_obtained":[{"floor":1.0,"key":"Block Potion"},{"floor":3.0,"key":"Fire Potion"},{"floor":8.0,"key":"Swift Potion"},{"floor":19.0,"key":"CultistPotion"},{"floor":20.0,"key":"AttackPotion"},{"floor":28.0,"key":"Fruit Juice"},{"floor":28.0,"key":"BlessingOfTheForge"},{"floor":28.0,"key":"Strength Potion"},{"floor":29.0,"key":"Regen Potion"},{"floor":46,"key":"Energy Potion"},{"floor":48,"key":"GamblersBrew"},{"floor":55,"key":"Fire Potion"}],"is_trial":true,"path_per_floor":["M","M","M","?","?","R","E","M","T","?","E","M","M","E","R","B",null,"M","M","M","$","M","R","E","R","T","E","?","M","E","T","R","B",null,"M","M","?","M","$","E","R","?","T","E","M","E","M","M","R","B","B",null,"R","$","E","B"],"character_chosen":"WATCHER","items_purchased":["FearNoEvil","Happy Flower","BlessingOfTheForge","Wireheading"],"campfire_rested":2,"item_purchase_floors":[21,54,54,54],"current_hp_per_floor":[59,59,57,57,57,57,41,41,41,41,34,34,34,34,34,34,60,56,56,55,55,49,49,49,49,49,41,41,46,45,45,45,44,66,52,52,47,47,62,62,62,62,62,42,37,28,28,28,64,58,68,72,73,73,80,0,0],"gold":154,"neow_bonus":"","is_daily":false,"chose_seed":false,"campfire_upgraded":5,"win_rate":0.0,"timestamp":1614173882,"path_taken":["M","M","M","?","?","R","E","M","T","?","E","M","M","E","R","BOSS","M","M","?","$","M","R","E","R","T","E","?","?","E","?","R","BOSS","M","M","?","M","$","E","R","?","T","E","M","E","?","M","R","BOSS","BOSS","R","$","E","BOSS"],"items_purchased_type":["Card","Relic","Potion","Card"],"build_version":"2020-12-22","purchased_purges":3,"victory":false,"max_hp_per_floor":[68,68,68,68,68,68,68,68,68,68,68,68,68,68,68,68,68,68,68,68,68,68,68,68,68,68,68,68,73,73,73,73,73,73,73,73,73,73,73,73,73,73,73,73,73,73,73,73,73,73,73,73,73,73,80,80,80],"relic_stats":{"Regal Pillow":15,"Happy Flower":[3],"counters":[32,105],"Pen Nib":[20],"Bag of Preparation":[53],"CloakClasp":[139],"Whetstone":["Ragnarok","FearNoEvil"],"War Paint":["Defend_P","Vigilance"],"Dream Catcher":2,"Pantograph":24,"Snecko Eye":[230,233,236,222],"Tiny Chest":1,"MealTicket":15,"Kunai":[30],"obtain_stats":[{"Potion Belt":24,"Lantern":9,"Regal Pillow":31,"Happy Flower":54,"Damaru":17,"Pen Nib":7,"Bag of Preparation":11,"CloakClasp":46,"Whetstone":40,"War Paint":31,"Calling Bell":17,"Dream Catcher":14,"CaptainsWheel":17,"Matryoshka":27,"HornCleat":44,"Pantograph":43,"Strawberry":55,"Snecko Eye":0,"Tiny Chest":26,"MealTicket":30,"Fusion Hammer":34,"Kunai":17},{"Potion Belt":15,"Lantern":5,"Regal Pillow":18,"Happy Flower":30,"Damaru":10,"Pen Nib":4,"Bag of Preparation":6,"CloakClasp":26,"Whetstone":23,"War Paint":18,"Calling Bell":10,"Dream Catcher":9,"CaptainsWheel":10,"Matryoshka":16,"HornCleat":24,"Pantograph":23,"Strawberry":31,"Snecko Eye":0,"Tiny Chest":15,"MealTicket":18,"Fusion Hammer":19,"Kunai":10},{"Potion Belt":39,"Lantern":12,"Regal Pillow":48,"Happy Flower":94,"Damaru":26,"Pen Nib":10,"Bag of Preparation":19,"CloakClasp":76,"Whetstone":65,"War Paint":48,"Calling Bell":26,"Dream Catcher":22,"CaptainsWheel":26,"Matryoshka":43,"HornCleat":70,"Pantograph":65,"Strawberry":97,"Snecko Eye":0,"Tiny Chest":39,"MealTicket":48,"Fusion Hammer":53,"Kunai":26}]},"card_choices":[{"not_picked":["LikeWater","JustLucky"],"picked":"BowlingBash","floor":1.0},{"not_picked":["JustLucky","Crescendo"],"picked":"Scrawl","floor":2.0},{"not_picked":["FlurryOfBlows","SignatureMove"],"picked":"Swivel","floor":3.0},{"not_picked":["FollowUp","Nirvana","PathToVictory"],"picked":"SKIP","floor":7.0},{"not_picked":["BattleHymn","SashWhip"],"picked":"Worship","floor":8.0},{"not_picked":["Protect","BowlingBash"],"picked":"Worship","floor":11.0},{"not_picked":["DeceiveReality","LikeWater"],"picked":"CrushJoints","floor":12.0},{"not_picked":["ClearTheMind","Halt"],"picked":"Devotion","floor":13.0},{"not_picked":["PathToVictory","Halt"],"picked":"ThirdEye","floor":14.0},{"not_picked":["Alpha","Devotion"],"picked":"SpiritShield","floor":16.0},{"not_picked":["Halt","CarveReality"],"picked":"InnerPeace+1","floor":18.0},{"not_picked":["Pray","Consecrate"],"picked":"Meditate","floor":19.0},{"not_picked":["Vengeance","BowlingBash"],"picked":"EmptyMind","floor":20.0},{"not_picked":["InnerPeace","BowlingBash+1"],"picked":"WheelKick","floor":22.0},{"not_picked":["EmptyBody","ClearTheMind"],"picked":"DeusExMachina","floor":24.0},{"not_picked":["Consecrate+1","Judgement","FlyingSleeves+1"],"picked":"SKIP","floor":27.0},{"not_picked":["FollowUp","Crescendo"],"picked":"CutThroughFate+1","floor":29.0},{"not_picked":["FollowUp","WaveOfTheHand"],"picked":"Brilliance","floor":30.0},{"not_picked":["ConjureBlade","Establishment"],"picked":"Ragnarok","floor":33.0},{"not_picked":["EmptyBody+1","Evaluate","WaveOfTheHand"],"picked":"SKIP","floor":35.0},{"not_picked":["FlurryOfBlows","Indignation","CrushJoints"],"picked":"SKIP","floor":36.0},{"not_picked":["SignatureMove","FollowUp"],"picked":"CutThroughFate","floor":38.0},{"not_picked":["Prostrate","CarveReality","SignatureMove"],"picked":"SKIP","floor":40.0},{"not_picked":["CutThroughFate","BowlingBash","SignatureMove"],"picked":"SKIP","floor":44.0},{"not_picked":["EmptyBody","Halt"],"picked":"Wireheading","floor":45.0},{"not_picked":["Adaptation+1","ThirdEye","Swivel"],"picked":"SKIP","floor":46},{"not_picked":["Collect","SashWhip","Prostrate"],"picked":"SKIP","floor":47},{"not_picked":["Prostrate","PathToVictory+1"],"picked":"SpiritShield","floor":48},{"not_picked":["Evaluate","CrushJoints"],"picked":"Devotion","floor":55}],"player_experience":841801,"relics_obtained":[{"floor":7.0,"key":"Pen Nib"},{"floor":9.0,"key":"Lantern"},{"floor":11.0,"key":"Bag of Preparation"},{"floor":14.0,"key":"Dream Catcher"},{"floor":17.0,"key":"Damaru"},{"floor":17.0,"key":"Kunai"},{"floor":17.0,"key":"CaptainsWheel"},{"floor":24.0,"key":"Potion Belt"},{"floor":26.0,"key":"Tiny Chest"},{"floor":27.0,"key":"Matryoshka"},{"floor":30.0,"key":"MealTicket"},{"floor":31.0,"key":"Regal Pillow"},{"floor":31.0,"key":"War Paint"},{"floor":40.0,"key":"Whetstone"},{"floor":43.0,"key":"Pantograph"},{"floor":44.0,"key":"HornCleat"},{"floor":46,"key":"CloakClasp"},{"floor":55,"key":"Strawberry"}],"event_choices":[{"cards_removed":["Strike_P"],"damage_healed":0.0,"max_hp_gain":0.0,"max_hp_loss":0.0,"gold_gain":0.0,"event_name":"The Cleric","player_choice":"Card Removal","floor":4.0,"gold_loss":75.0,"damage_taken":0.0},{"damage_healed":0.0,"max_hp_gain":0.0,"max_hp_loss":0.0,"gold_gain":0.0,"cards_transformed":["Strike_P"],"event_name":"Living Wall","player_choice":"Change","floor":5.0,"gold_loss":0.0,"damage_taken":0.0,"cards_obtained":["DeusExMachina"]},{"damage_healed":0.0,"max_hp_gain":0.0,"max_hp_loss":0.0,"gold_gain":50.0,"event_name":"Golden Shrine","player_choice":"Pray","floor":10.0,"gold_loss":0.0,"damage_taken":0.0},{"damage_healed":0.0,"max_hp_gain":0.0,"max_hp_loss":0.0,"gold_gain":0.0,"event_name":"The Woman in Blue","player_choice":"Bought 3 Potions","floor":28.0,"gold_loss":0.0,"damage_taken":0.0},{"damage_healed":0.0,"max_hp_gain":0.0,"max_hp_loss":0.0,"gold_gain":0.0,"event_name":"SensoryStone","player_choice":"Memory 2","floor":37.0,"gold_loss":0.0,"damage_taken":5.0},{"cards_removed":["Eruption"],"damage_healed":0.0,"max_hp_gain":0.0,"max_hp_loss":0.0,"gold_gain":0.0,"event_name":"Bonfire Elementals","player_choice":"Offered Basic","floor":42.0,"gold_loss":0.0,"damage_taken":0.0}],"is_beta":false,"boss_relics":[{"not_picked":["VioletLotus","Pandora\u0027s Box"],"picked":"Calling Bell"},{"not_picked":["Empty Cage","Coffee Dripper"],"picked":"Fusion Hammer"}],"items_purged_floors":[21,39,54],"is_endless":false,"potions_floor_spawned":[1,3,8,14,16,18,19,20,29,35,46,48,55],"killed_by":"The Heart","ascension_level":20}}