{"host":"emzatosnsokm6754","time":1614140541,"event":{"mods":["Act Like it!","BaseMod","Bossed Relics","Colored Powertips","Energized Spire","Minty Spire (QoL Compilation)","Rare Cards Sparkle","Replay The Spire","Ruina","StSLib","The Cursed","The Gatherer","The Hierophant","The Servant 0.9.4"],"gold_per_floor":[110,127,127,5,21,21,91,91,91,91,124,151,183,209,221,337,349,373,385,22,0,0,0,20,20,67,87,87,107,142,142,142,245,245,256,271,21,32,32,32,32,32,32,32,71,71,128,164,164,192],"floor_reached":51,"language":"ENG","playtime":1762,"items_purged":["Strike_S","Strike_S"],"score":677,"play_id":"6ef7db1a-300c-4581-8a61-84996dd737fb","local_time":"20210224172221","is_ascension_mode":true,"campfire_choices":[{"data":"Defy","floor":6,"key":"SMITH"},{"data":"DoubleEdge","floor":8,"key":"SMITH"},{"floor":15,"key":"REST"},{"data":"ruina:Nihil","floor":23,"key":"SMITH"},{"data":"LightFlow","floor":25,"key":"SMITH"},{"data":"Defy","floor":28,"key":"SMITH"},{"data":"Spin","floor":32,"key":"SMITH"},{"floor":41,"key":"REST"},{"data":"MurderousAura","floor":46,"key":"SMITH"},{"data":"LightFlow","floor":49,"key":"SMITH"}],"circlet_count":0,"master_deck":["Strike_S","Defend_S","Defend_S","Defend_S","Defend_S","Exchange","DoubleEdge+1","RealityMarble+1","DoubleEdge+1","Defy+1","LightFlow","Spin+1","Moonlight","LightFlow+1","DoubleEdge+1","ruina:Nihil+1","SpecialFormula","Defy+1","DoubleEdge","MurderousAura+1","BottledTime+1","LightFlow+1","Hightail+1","DoubleEdge+1","Luminosity+1"],"relics":["SplendidAttire","NeowsBlessing","Omamori","Bronze Scales","Toy Ornithopter","Ancient Tea Set","MawBank","energizedSpire:DeadBattery","Ginger","Orichalcum","BargainBundle","ReplayTheSpireMod:Shallot","Replay:Bandana","Vajra"],"acts_visited":["Exordium","ruina:Briah","TheBeyond"],"potions_floor_usage":[16,16,16,24,33,33,38,47,50],"damage_taken":[{"damage":0,"enemies":"2 Louse","floor":1,"turns":1},{"damage":0,"enemies":"Cultist","floor":2,"turns":1},{"damage":0,"enemies":"Jaw Worm","floor":5,"turns":1},{"damage":20,"enemies":"Lagavulin","floor":11,"turns":4},{"damage":25,"enemies":"3 Sentries","floor":13,"turns":7},{"damage":0,"enemies":"Large Slime","floor":14,"turns":2},{"damage":26,"enemies":"Fading Forest","floor":16,"turns":11},{"damage":2,"enemies":"ruina:3_Bats","floor":18,"turns":3},{"damage":0,"enemies":"ruina:2_Scarecrows","floor":24,"turns":3},{"damage":11,"enemies":"ruina:KingOfGreed","floor":27,"turns":3},{"damage":8,"enemies":"ruina:QueenOfHate","floor":29,"turns":3},{"damage":14,"enemies":"ruina:ServantOfWrath","floor":30,"turns":3},{"damage":7,"enemies":"ruina:Ozma","floor":33,"turns":5},{"damage":5,"enemies":"Orb Walker","floor":35,"turns":2},{"damage":21,"enemies":"3 Shapes","floor":36,"turns":3},{"damage":37,"enemies":"Transient","floor":38,"turns":5},{"damage":0,"enemies":"Spire Growth","floor":45,"turns":4},{"damage":0,"enemies":"Nemesis","floor":47,"turns":1},{"damage":0,"enemies":"Writhing Mass","floor":48,"turns":3},{"damage":78,"enemies":"Time Eater","floor":50,"turns":8}],"seed_played":"7017994891816567209","potions_obtained":[{"floor":1,"key":"Milkshake"},{"floor":2,"key":"Dexterity Potion"},{"floor":7,"key":"Reflective Coating"},{"floor":7,"key":"LiquidBronze"},{"floor":16,"key":"Swift Potion"},{"floor":21,"key":"PowerPotion"},{"floor":27,"key":"SkillPotion"},{"floor":30,"key":"LiquidMemories"},{"floor":36,"key":"Cursed Concoction"},{"floor":38,"key":"FairyPotion"},{"floor":48,"key":"Energy Potion"}],"is_trial":false,"path_per_floor":["M","M","?","$","M","R","?","R","T","?","E","T","E","M","R","B",null,"M","?","$","?","$","R","M","R","T","M","R","M","E","?","R","B",null,"M","M","$","M","?","?","R","$","T","T","M","R","E","M","R","B",null],"character_chosen":"THE_SERVANT","items_purchased":["DoubleEdge","SpecialFormula","Ginger","BargainBundle","LightFlow"],"campfire_rested":2,"item_purchase_floors":[4,20,20,37,37],"current_hp_per_floor":[65,65,65,65,65,65,49,49,49,49,29,29,4,4,23,22,65,63,63,63,63,63,63,65,65,65,59,59,56,42,42,42,50,65,60,39,39,12,12,12,30,30,30,30,35,35,40,40,40,23],"gold":192,"neow_bonus":"THREE_ENEMY_KILL","is_daily":false,"chose_seed":false,"campfire_upgraded":8,"win_rate":0.0,"timestamp":1614140541,"path_taken":["M","M","?","?","?","R","?","R","T","?","E","?","E","?","R","BOSS","M","?","$","?","?","R","M","R","T","M","R","M","E","?","R","BOSS","M","M","$","M","?","?","R","$","T","?","M","R","E","?","R","BOSS"],"items_purchased_type":["Card","Card","Relic","Relic","Card"],"build_version":"2020-12-22","purchased_purges":2,"victory":true,"max_hp_per_floor":[65,65,65,65,65,65,65,65,65,65,65,65,65,65,65,65,65,65,65,65,65,65,65,65,65,65,65,65,65,65,65,65,65,65,65,65,65,65,65,62,62,62,62,62,62,62,62,62,62,62],"card_choices":[{"not_picked":["Reset","Revamp"],"picked":"DoubleEdge","floor":1},{"not_picked":["WasteNot","Potential"],"picked":"RealityMarble","floor":2},{"not_picked":["WasteNot","GearUp"],"picked":"Defy","floor":5},{"not_picked":["TimeWarp","Comet"],"picked":"LightFlow","floor":11},{"not_picked":["TimeWarp","ShatteredReality"],"picked":"Spin","floor":13},{"not_picked":["FastForward","Alleviate"],"picked":"Moonlight","floor":14},{"not_picked":["ForgedInTime","Deny"],"picked":"LightFlow","floor":16},{"not_picked":["BottledTime","Misdirection"],"picked":"DoubleEdge+1","floor":18},{"not_picked":["Rearm","BottledTime"],"picked":"Defy","floor":24},{"not_picked":["ReturningBlade","Moonlight","Reset"],"picked":"SKIP","floor":27},{"not_picked":["FanOfKnives","Replace"],"picked":"DoubleEdge","floor":29},{"not_picked":["Deny","TrueSight","Manipulate"],"picked":"SKIP","floor":30},{"not_picked":["TrueSight","Deny"],"picked":"MurderousAura","floor":33},{"not_picked":["Barrier","TimeWarp","Ricochet+1"],"picked":"SKIP","floor":35},{"not_picked":["Potential+1","Manipulate"],"picked":"BottledTime+1","floor":36},{"not_picked":["TimeWarp+1","Unruled"],"picked":"Hightail+1","floor":38},{"not_picked":["WasteNot+1","ShiftingGears"],"picked":"DoubleEdge+1","floor":45},{"not_picked":["Revamp+1","Read"],"picked":"Luminosity+1","floor":47},{"not_picked":["ShatteredReality","Starlight","Revamp+1"],"picked":"SKIP","floor":48}],"player_experience":221840,"relics_obtained":[{"floor":7,"key":"Omamori"},{"floor":9,"key":"Bronze Scales"},{"floor":11,"key":"Toy Ornithopter"},{"floor":12,"key":"Ancient Tea Set"},{"floor":13,"key":"MawBank"},{"floor":30,"key":"Orichalcum"},{"floor":43,"key":"ReplayTheSpireMod:Shallot"},{"floor":44,"key":"Replay:Bandana"},{"floor":47,"key":"Vajra"}],"event_choices":[{"damage_healed":0,"gold_gain":0,"player_choice":"Forge","damage_taken":0,"max_hp_gain":0,"max_hp_loss":0,"event_name":"Accursed Blacksmith","floor":3,"gold_loss":0,"cards_upgraded":["DoubleEdge"]},{"damage_healed":0,"gold_gain":0,"player_choice":"Grow","damage_taken":0,"max_hp_gain":0,"max_hp_loss":0,"event_name":"Living Wall","floor":10,"gold_loss":0,"cards_upgraded":["RealityMarble"]},{"cards_removed":["Strike_S"],"damage_healed":0,"gold_gain":0,"player_choice":"Removed Attack","damage_taken":0,"max_hp_gain":0,"max_hp_loss":0,"event_name":"Falling","floor":39,"gold_loss":0},{"damage_healed":0,"gold_gain":0,"player_choice":"Max HP","damage_taken":0,"max_hp_gain":0,"max_hp_loss":3,"event_name":"Winding Halls","floor":40,"gold_loss":0}],"is_beta":false,"boss_relics":[{"not_picked":["Snecko Eye","ChewingGum"],"picked":"energizedSpire:DeadBattery"},{"not_picked":["energizedSpire:HugeHouse","ReplayTheSpireMod:DimensionalGlitch"],"picked":"SplendidAttire"}],"items_purged_floors":[4,37],"is_endless":false,"potions_floor_spawned":[1,2,13,16,27,30,36,38,48],"ascension_level":2}}