{"host":"iwsrwe75wjjjfsu5","time":1614150401,"event":{"mods":["BaseMod","Minty Spire (QoL Compilation)","Replay The Spire","Shop Mod","StSLib","SuperFastMode","The Servant 0.9.4","UnlockEverythingMod","Waifu the Spire"],"gold_per_floor":[111,36,36,36,36,67,87,104,104,104,124,137,148,165,165,268,268,283,300,399,399,399,399,399,399],"floor_reached":24,"language":"ZHS","playtime":695,"items_purged":["Strike_S"],"score":223,"play_id":"7062a7e9-0c31-4d86-9987-965086511199","local_time":"20210224150641","is_ascension_mode":false,"campfire_choices":[{"floor":10.0,"key":"REST"},{"data":"LightFlow","floor":15,"key":"SMITH"},{"floor":23,"key":"REST"}],"circlet_count":0,"master_deck":["Strike_S","Strike_S","Defend_S","Defend_S","Defend_S","Defend_S+1","KidneyShot","Exchange","Spin","Inflame","LightFlow+1","MoonPhase","Revamp","Flex","DoubleEdge","SilverBlades","Demon Form","CurseOfTheBell","BestPractice+1"],"relics":["NeowsBlessing","m_ScarletBlood","Torii","Calling Bell","Oddly Smooth Stone","StrikeDummy","CaptainsWheel"],"acts_visited":["Exordium","TheCity"],"potions_floor_usage":[16,16,16],"damage_taken":[{"damage":0.0,"enemies":"Cultist","floor":1.0,"turns":1.0},{"damage":0.0,"enemies":"Lagavulin","floor":6.0,"turns":1.0},{"damage":0.0,"enemies":"Small Slimes","floor":7.0,"turns":1.0},{"damage":6.0,"enemies":"Jaw Worm","floor":8.0,"turns":3.0},{"damage":1.0,"enemies":"Exordium Wildlife","floor":11.0,"turns":3.0},{"damage":0.0,"enemies":"3 Louse","floor":12.0,"turns":2.0},{"damage":1,"enemies":"Large Slime","floor":13,"turns":4},{"damage":1,"enemies":"2 Fungi Beasts","floor":14,"turns":2},{"damage":6,"enemies":"Hexaghost","floor":16,"turns":7},{"damage":36,"enemies":"3 Byrds","floor":18,"turns":6},{"damage":1,"enemies":"Chosen","floor":19,"turns":3},{"damage":7,"enemies":"Shelled Parasite and Fungi","floor":24,"turns":2}],"seed_played":"-2976871011417471243","potions_obtained":[{"floor":6.0,"key":"Swift Potion"},{"floor":11.0,"key":"Block Potion"},{"floor":12.0,"key":"Languid Potion"},{"floor":14,"key":"Fruit Juice"},{"floor":19,"key":"Strength Potion"}],"is_trial":false,"path_per_floor":["M","$","?","?","?","E","M","M","T","R","M","M","M","M","R","B",null,"M","M","?","?","?","R","M"],"character_chosen":"THE_SERVANT","items_purchased":[],"campfire_rested":2,"item_purchase_floors":[],"current_hp_per_floor":[65,65,65,52,45,45,45,39,39,58,57,57,56,55,55,54,70,34,33,33,33,33,54,47,47],"gold":399,"neow_bonus":"THREE_ENEMY_KILL","is_daily":false,"chose_seed":false,"campfire_upgraded":1,"win_rate":0.0,"timestamp":1614150401,"path_taken":["M","$","?","?","?","E","?","M","T","R","M","M","M","M","R","BOSS","M","M","?","?","?","R","M"],"items_purchased_type":[],"build_version":"2020-12-22","purchased_purges":1,"victory":false,"max_hp_per_floor":[65,65,65,65,65,65,65,65,65,65,65,65,65,65,65,70,70,70,70,70,70,70,70,70,70],"card_choices":[{"not_picked":["Replace","Defy"],"picked":"Spin","floor":1.0},{"not_picked":["Heavy Blade","Starlight","Moondial"],"picked":"SKIP","floor":6.0},{"not_picked":["Desolation","RealityMarble"],"picked":"LightFlow","floor":7.0},{"not_picked":["Comet","BottledTime"],"picked":"MoonPhase","floor":8.0},{"not_picked":["Contraction","TimeWarp"],"picked":"Revamp","floor":11.0},{"not_picked":["FastForward","ShatteredReality"],"picked":"Flex","floor":12.0},{"not_picked":["Shuttle","TimeWarp"],"picked":"DoubleEdge","floor":13},{"not_picked":["ShiftingGears","Shuttle"],"picked":"SilverBlades","floor":14},{"not_picked":["SoulSculpture","Dilation"],"picked":"Demon Form","floor":16},{"not_picked":["Starlight","FastForward","Read"],"picked":"SKIP","floor":18},{"not_picked":["ShatteredReality","Contraction"],"picked":"BestPractice+1","floor":19}],"player_experience":27969,"relics_obtained":[{"floor":6.0,"key":"Torii"},{"floor":17,"key":"Oddly Smooth Stone"},{"floor":17,"key":"StrikeDummy"},{"floor":17,"key":"CaptainsWheel"}],"event_choices":[{"damage_healed":0.0,"max_hp_gain":0.0,"max_hp_loss":0.0,"gold_gain":0.0,"event_name":"Shining Light","player_choice":"Entered Light","floor":4.0,"gold_loss":0.0,"damage_taken":13.0,"cards_upgraded":["Strike_S","Defend_S"]},{"cards_removed":["Strike_S"],"damage_healed":0.0,"max_hp_gain":0.0,"max_hp_loss":0.0,"gold_gain":0.0,"event_name":"Golden Wing","player_choice":"Card Removal","floor":5.0,"gold_loss":0.0,"damage_taken":7.0},{"damage_healed":0,"gold_gain":99,"player_choice":"Stole From Cult","damage_taken":0,"max_hp_gain":0,"max_hp_loss":0,"event_name":"Nest","floor":20,"gold_loss":0},{"damage_healed":0,"gold_gain":0,"player_choice":"Ignored","damage_taken":0,"max_hp_gain":0,"max_hp_loss":0,"event_name":"Vampires","floor":21,"gold_loss":0},{"damage_healed":0,"gold_gain":0,"player_choice":"Ignored","damage_taken":0,"max_hp_gain":0,"max_hp_loss":0,"event_name":"Ghosts","floor":22,"gold_loss":0}],"is_beta":false,"boss_relics":[{"not_picked":["Runic Pyramid","Coffee Dripper"],"picked":"Calling Bell"}],"items_purged_floors":[2],"is_endless":false,"potions_floor_spawned":[6,11,12,14,19],"killed_by":"Shelled Parasite and Fungi","ascension_level":0}}