{"host":"nx6k9gttpbkpebht","time":1614179911,"event":{"mods":["BaseMod","Colored Map","Colored Powertips","DeckTracker","Downfall","Googly Eyes","Minty Spire (QoL Compilation)","StSLib"],"gold_per_floor":[110,110,123,123,142,142,155,115,115,115,134,159,159,92,92,188,188,206,121,141,141,160,160,192,192,192,192,217,72,92,107,107,107,107],"floor_reached":33,"language":"ENG","playtime":1585,"items_purged":[],"score":285,"play_id":"32588576-d70f-4a0a-8bcf-37f27d59095a","local_time":"20210224161831","is_ascension_mode":false,"campfire_choices":[{"data":"Zap","floor":6,"key":"SMITH"},{"floor":10,"key":"REST"},{"data":"Fusion","floor":13,"key":"SMITH"},{"floor":15,"key":"REST"},{"floor":23,"key":"REST"},{"floor":25,"key":"REST"},{"floor":27,"key":"REST"},{"floor":32,"key":"REST"}],"circlet_count":0,"master_deck":["Strike_B","Strike_B","Strike_B","Defend_B+1","Defend_B","Defend_B+1","Defend_B","Zap+1","Dualcast","Rebound","Fusion+1","Static Discharge","Gash","Capacitor","Electrodynamics","Conserve Battery+1","Self Repair","Darkness+1"],"relics":["Cracked Core","TungstenRod","Centennial Puzzle","Gremlin Horn","Oddly Smooth Stone","Fusion Hammer","Strawberry","Eternal Feather","WingedGreaves","FossilizedHelix","War Paint"],"acts_visited":["Exordium","TheCity"],"potions_floor_usage":[12,12,12,28,33,33,33],"damage_taken":[{"damage":1,"enemies":"Jaw Worm","floor":1,"turns":3},{"damage":10,"enemies":"Small Slimes","floor":3,"turns":3},{"damage":0,"enemies":"2 Louse","floor":5,"turns":3},{"damage":7,"enemies":"2 Fungi Beasts","floor":7,"turns":3},{"damage":13,"enemies":"Exordium Thugs","floor":11,"turns":2},{"damage":6,"enemies":"3 Sentries","floor":12,"turns":5},{"damage":44,"enemies":"Hexaghost","floor":16,"turns":11},{"damage":13,"enemies":"Spheric Guardian","floor":18,"turns":3},{"damage":0,"enemies":"3 Byrds","floor":20,"turns":2},{"damage":22,"enemies":"Cultist and Chosen","floor":22,"turns":7},{"damage":50,"enemies":"Gremlin Leader","floor":24,"turns":6},{"damage":28,"enemies":"Book of Stabbing","floor":28,"turns":5},{"damage":0,"enemies":"Centurion and Healer","floor":30,"turns":5},{"damage":5,"enemies":"3 Cultists","floor":31,"turns":4},{"damage":77,"enemies":"Collector","floor":33,"turns":6}],"seed_played":"-5046342716404765186","potions_obtained":[{"floor":3,"key":"LiquidBronze"},{"floor":5,"key":"LiquidBronze"},{"floor":7,"key":"Slimebound:ThreeZeroPotion"},{"floor":18,"key":"Strength Potion"},{"floor":21,"key":"Energy Potion"},{"floor":21,"key":"CultistPotion"},{"floor":28,"key":"SkillPotion"},{"floor":31,"key":"Fire Potion"}],"is_trial":false,"path_per_floor":["M","?","M","?","M","R","M","$","T","R","M","E","R","$","R","B",null,"M","?","M","?","M","R","E","R","T","R","E","$","M","M","R","B"],"character_chosen":"DEFECT","items_purchased":["Static Discharge","Electrodynamics","War Paint"],"campfire_rested":6,"item_purchase_floors":[8,14,29],"current_hp_per_floor":[67,61,51,46,46,46,39,39,39,59,46,40,40,40,60,16,68,55,62,62,62,47,69,26,57,57,75,54,54,61,63,75,0,0],"gold":107,"neow_bonus":"ONE_RARE_RELIC","is_daily":false,"chose_seed":false,"campfire_upgraded":2,"win_rate":0.0,"timestamp":1614179911,"path_taken":["M","?","M","?","M","R","M","$","T","R","M","E","R","?","R","BOSS","M","?","M","?","?","R","E","R","T","R","E","$","?","M","R","BOSS"],"items_purchased_type":["Card","Card","Relic"],"build_version":"2020-12-22","purchased_purges":0,"victory":false,"max_hp_per_floor":[68,68,68,68,68,68,68,68,68,68,68,68,68,68,68,68,68,68,75,75,75,75,75,75,75,75,75,75,75,75,75,75,75,75],"card_choices":[{"not_picked":["Beam Cell","Redo"],"picked":"Rebound","floor":1},{"not_picked":["Stack","Go for the Eyes","Redo"],"picked":"SKIP","floor":3},{"not_picked":["Reinforced Body","Sweeping Beam"],"picked":"Fusion","floor":5},{"not_picked":["Steam Power","Beam Cell","Go for the Eyes"],"picked":"SKIP","floor":7},{"not_picked":["Go for the Eyes","Force Field"],"picked":"Gash","floor":11},{"not_picked":["Fusion","Coolheaded"],"picked":"Capacitor","floor":12},{"not_picked":["Melter","Static Discharge"],"picked":"Conserve Battery+1","floor":18},{"not_picked":["Go for the Eyes+1","Ball Lightning"],"picked":"Self Repair","floor":20},{"not_picked":["Go for the Eyes","Lockon"],"picked":"Darkness+1","floor":22},{"not_picked":["Rebound","Static Discharge","Beam Cell"],"picked":"SKIP","floor":24},{"not_picked":["Leap","Sweeping Beam","Doom and Gloom"],"picked":"SKIP","floor":28},{"not_picked":["Chaos","Cold Snap","Coolheaded"],"picked":"SKIP","floor":30},{"not_picked":["Barrage","Go for the Eyes","Skim"],"picked":"SKIP","floor":31}],"player_experience":61601,"relics_obtained":[{"floor":9,"key":"Gremlin Horn"},{"floor":12,"key":"Oddly Smooth Stone"},{"floor":24,"key":"Eternal Feather"},{"floor":26,"key":"WingedGreaves"},{"floor":28,"key":"FossilizedHelix"}],"event_choices":[{"cards_removed":["Strike_B"],"damage_healed":0,"gold_gain":0,"player_choice":"Card Removal","damage_taken":7,"max_hp_gain":0,"max_hp_loss":0,"event_name":"Golden Wing","floor":2,"gold_loss":0},{"damage_healed":0,"gold_gain":0,"player_choice":"Success","damage_taken":7,"relics_obtained":["Centennial Puzzle"],"max_hp_gain":0,"max_hp_loss":0,"event_name":"Scrap Ooze","floor":4,"gold_loss":0},{"damage_healed":0,"gold_gain":0,"player_choice":"Obtained Relic","damage_taken":0,"relics_obtained":["Strawberry"],"max_hp_gain":0,"max_hp_loss":0,"event_name":"Addict","floor":19,"gold_loss":85},{"damage_healed":0,"gold_gain":0,"player_choice":"Got Potions","damage_taken":0,"max_hp_gain":0,"max_hp_loss":0,"event_name":"Lab","floor":21,"gold_loss":0}],"is_beta":false,"boss_relics":[{"not_picked":["bronze:MakeshiftBattery","Snecko Eye"],"picked":"Fusion Hammer"}],"items_purged_floors":[],"is_endless":false,"potions_floor_spawned":[3,5,7,18,22,28,31],"killed_by":"Collector","ascension_level":0}}