{"host":"lg1piimdyocafd6j","time":1614169757,"event":{"mods":["AchievementEnabler","BaseMod","Better Third Choice","BetterRewards","Colored Map","Colored Powertips","Downfall","Minty Spire (QoL Compilation)","Quick Restart","Rare Cards Sparkle","Remove Card Discount Mod","Shop Mod","StSLib","SuperFastMode"],"gold_per_floor":[113,1,1,1,14,47,47,60,106,4,4,17,34,44,44,145,145,158,173,173,208,218,218,234,234,234,234,249,349,349,268,268,366,366,376,376,204,216,59,59,59,71,71,65,65,81,81,91,91,91,91],"floor_reached":50,"language":"ENG","playtime":3132,"items_purged":["Neutralize","Defend_G","Defend_G","Defend_G","Defend_G","Defend_G","Cloak And Dagger","Survivor","Strike_G","Strike_G","Strike_G","Strike_G","Strike_G","Infinite Blades","A Thousand Cuts","Envenom","Poisoned Stab","Caltrops","Corpse Explosion+1","Cloak And Dagger","Cloak And Dagger","Dagger Spray+1","Prepared+1","Choke","Deflect+1","Cloak And Dagger+1","Cloak And Dagger+1","Infinite Blades+1"],"score":662,"play_id":"5f155b50-0316-45a7-bfc5-e09a21f82046","local_time":"20210224132917","is_ascension_mode":false,"campfire_choices":[{"data":"Adrenaline","floor":7,"key":"SMITH"},{"floor":11,"key":"RECALL"},{"floor":15,"key":"REST"},{"floor":23,"key":"REST"},{"data":"Blur","floor":25,"key":"SMITH"},{"data":"Blur","floor":27,"key":"SMITH"},{"floor":32,"key":"REST"},{"data":"Burst","floor":40,"key":"SMITH"},{"data":"Blur","floor":47,"key":"SMITH"},{"floor":49,"key":"REST"}],"circlet_count":0,"master_deck":["Footwork","Blur+1","Accuracy","Blur+1","Adrenaline+1","Infinite Blades+1","Choke+1","Burst+1","Blade Dance+1","Accuracy","Footwork+1","Blur+1","Parasite","Accuracy+1"],"relics":["Ring of the Snake","Membership Card","Bronze Scales","Orichalcum","Juzu Bracelet","Astrolabe","Red Mask","TungstenRod","Du-Vu Doll","Gremlin Horn","Velvet Choker","Kunai","Orrery","Vajra","Blue Candle"],"acts_visited":["Exordium","TheCity","TheBeyond"],"potions_floor_usage":[6,16,21,21,30,50,50],"damage_taken":[{"damage":1,"enemies":"Jaw Worm","floor":1,"turns":4},{"damage":0,"enemies":"Small Slimes","floor":5,"turns":4},{"damage":26,"enemies":"Gremlin Nob","floor":6,"turns":4},{"damage":0,"enemies":"Cultist","floor":8,"turns":3},{"damage":9,"enemies":"Gremlin Gang","floor":12,"turns":6},{"damage":0,"enemies":"Looter","floor":13,"turns":3},{"damage":0,"enemies":"Blue Slaver","floor":14,"turns":4},{"damage":13,"enemies":"Slime Boss","floor":16,"turns":10},{"damage":20,"enemies":"2 Thieves","floor":18,"turns":3},{"damage":0,"enemies":"Chosen","floor":19,"turns":5},{"damage":4,"enemies":"Masked Bandits","floor":21,"turns":2},{"damage":11,"enemies":"Sentry and Sphere","floor":22,"turns":4},{"damage":0,"enemies":"Snecko","floor":24,"turns":3},{"damage":0,"enemies":"Centurion and Healer","floor":28,"turns":3},{"damage":8,"enemies":"Colosseum Slavers","floor":29,"turns":3},{"damage":18,"enemies":"Colosseum Nobs","floor":29,"turns":4},{"damage":0,"enemies":"Book of Stabbing","floor":30,"turns":3},{"damage":0,"enemies":"Automaton","floor":33,"turns":10},{"damage":3,"enemies":"3 Shapes","floor":35,"turns":3},{"damage":14,"enemies":"3 Darklings","floor":38,"turns":7},{"damage":0,"enemies":"Sphere and 2 Shapes","floor":42,"turns":6},{"damage":0,"enemies":"Writhing Mass","floor":46,"turns":10},{"damage":9,"enemies":"Jaw Worm Horde","floor":48,"turns":5},{"damage":74,"enemies":"Awakened One","floor":50,"turns":5}],"seed_played":"5463965296032670168","potions_obtained":[{"floor":5,"key":"SkillPotion"},{"floor":6,"key":"LiquidMemories"},{"floor":8,"key":"Explosive Potion"},{"floor":12,"key":"SmokeBomb"},{"floor":18,"key":"SkillPotion"},{"floor":22,"key":"LiquidMemories"},{"floor":33,"key":"DistilledChaos"}],"is_trial":false,"path_per_floor":["M","$","?","?","M","E","R","M","T","$","R","M","M","M","R","B",null,"M","M","?","?","M","R","M","R","T","R","M","?","E","$","R","B",null,"M","?","$","M","$","R","?","M","T","$","?","M","R","M","R","B"],"character_chosen":"THE_SILENT","items_purchased":["Deadly Poison","Poisoned Stab","Cloak And Dagger","Footwork","Cloak And Dagger","Caltrops","Blur","Deadly Poison","Accuracy","Membership Card","Bronze Scales","Blur","Adrenaline","Envenom","Choke","Regen Potion","Accuracy","Kunai","Orrery","Vajra"],"campfire_rested":4,"item_purchase_floors":[0,0,0,0,0,0,0,0,0,0,0,2,2,10,31,31,37,37,39,39],"current_hp_per_floor":[69,69,69,69,69,43,43,43,43,43,43,34,34,34,55,42,70,50,50,37,33,22,44,44,44,44,44,44,18,18,18,40,40,75,72,72,72,58,58,58,52,52,52,52,48,48,48,39,61,0,0],"gold":91,"neow_bonus":"","is_daily":false,"chose_seed":false,"campfire_upgraded":5,"win_rate":0.0,"timestamp":1614169757,"path_taken":["M","$","?","?","M","E","R","M","T","$","R","M","M","M","R","BOSS","M","M","?","?","M","R","M","R","T","R","M","?","E","$","R","BOSS","M","?","$","M","$","R","?","M","T","$","?","M","R","M","R","BOSS"],"items_purchased_type":["Card","Card","Card","Card","Card","Card","Card","Card","Card","Relic","Relic","Card","Card","Card","Card","Potion","Card","Relic","Relic","Relic"],"build_version":"2020-12-22","purchased_purges":28,"victory":false,"max_hp_per_floor":[70,70,70,70,70,70,70,70,70,70,70,70,70,70,70,70,70,70,70,75,75,75,75,75,75,75,75,75,75,75,75,75,75,75,75,75,75,75,75,75,75,75,75,75,75,75,75,75,75,75,75],"card_choices":[{"not_picked":["Dagger Throw","Prepared","Noxious Fumes"],"picked":"SKIP","floor":1},{"not_picked":["Cloak And Dagger","Flying Knee"],"picked":"Poisoned Stab","floor":5},{"not_picked":["Calculated Gamble","Masterful Stab"],"picked":"Cloak And Dagger","floor":6},{"not_picked":["Outmaneuver","Acrobatics","Masterful Stab"],"picked":"SKIP","floor":8},{"not_picked":["Bane","Doppelganger","Cloak And Dagger"],"picked":"SKIP","floor":12},{"not_picked":["Acrobatics","Sucker Punch"],"picked":"Infinite Blades","floor":13},{"not_picked":["Outmaneuver","Bane","Prepared"],"picked":"SKIP","floor":14},{"not_picked":["Doppelganger","Malaise"],"picked":"A Thousand Cuts","floor":16},{"not_picked":["Slice","Dagger Spray","Outmaneuver"],"picked":"SKIP","floor":18},{"not_picked":["Eviscerate","Calculated Gamble+1"],"picked":"Infinite Blades+1","floor":19},{"not_picked":["Catalyst","Slice+1","Quick Slash"],"picked":"SKIP","floor":22},{"not_picked":["Slice","Concentrate","Sucker Punch"],"picked":"SKIP","floor":24},{"not_picked":["Quick Slash","Outmaneuver","Flying Knee"],"picked":"SKIP","floor":28},{"not_picked":["Malaise","Tools of the Trade"],"picked":"Burst","floor":33},{"not_picked":["Predator","Outmaneuver+1"],"picked":"Blade Dance+1","floor":35},{"not_picked":["Prepared+1","Acrobatics"],"picked":"Cloak And Dagger+1","floor":38},{"not_picked":["Sucker Punch+1","Quick Slash+1"],"picked":"Prepared+1","floor":39},{"not_picked":["Reflex","Envenom"],"picked":"Dagger Spray+1","floor":39},{"not_picked":["Poisoned Stab+1","Reflex+1"],"picked":"Deflect+1","floor":39},{"not_picked":["Infinite Blades+1","Poisoned Stab"],"picked":"Footwork+1","floor":39},{"not_picked":["Blade Dance","Finisher+1"],"picked":"Cloak And Dagger+1","floor":39},{"not_picked":["Accuracy","Masterful Stab+1"],"picked":"Blur","floor":42},{"not_picked":["Bane+1","Predator+1"],"picked":"Accuracy+1","floor":46},{"not_picked":["Bouncing Flask","Terror","Acrobatics"],"picked":"SKIP","floor":48}],"player_experience":204396,"relics_obtained":[{"floor":6,"key":"Orichalcum"},{"floor":9,"key":"Juzu Bracelet"},{"floor":21,"key":"Red Mask"},{"floor":26,"key":"TungstenRod"},{"floor":29,"key":"Du-Vu Doll"},{"floor":29,"key":"Gremlin Horn"}],"event_choices":[{"damage_healed":0,"gold_gain":0,"player_choice":"Ignored","damage_taken":0,"max_hp_gain":0,"max_hp_loss":0,"event_name":"Golden Wing","floor":3,"gold_loss":0},{"damage_healed":0,"gold_gain":0,"player_choice":"Ignored","damage_taken":0,"max_hp_gain":0,"max_hp_loss":0,"event_name":"Golden Idol","floor":4,"gold_loss":0},{"damage_healed":0,"gold_gain":0,"player_choice":"Shed Blood","damage_taken":18,"max_hp_gain":5,"max_hp_loss":0,"event_name":"Forgotten Altar","floor":20,"gold_loss":0},{"damage_healed":0,"gold_gain":0,"player_choice":"Fought Bandits","damage_taken":0,"max_hp_gain":0,"max_hp_loss":0,"event_name":"Masked Bandits","floor":21,"gold_loss":0},{"damage_healed":0,"gold_gain":0,"player_choice":"Fight","damage_taken":0,"max_hp_gain":0,"max_hp_loss":0,"event_name":"Colosseum","floor":29,"gold_loss":0},{"damage_healed":0,"gold_gain":0,"player_choice":"Fought Nobs","damage_taken":0,"max_hp_gain":0,"max_hp_loss":0,"event_name":"Colosseum","floor":29,"gold_loss":0},{"damage_healed":0,"gold_gain":0,"player_choice":"Bought 0 Potions","damage_taken":0,"max_hp_gain":0,"max_hp_loss":0,"event_name":"The Woman in Blue","floor":36,"gold_loss":0},{"damage_healed":0,"gold_gain":0,"player_choice":"Damaged","damage_taken":7,"max_hp_gain":0,"max_hp_loss":0,"event_name":"Wheel of Change","floor":41,"gold_loss":0}],"is_beta":false,"boss_relics":[{"not_picked":["Calling Bell","Cursed Key"],"picked":"Astrolabe"},{"not_picked":["Philosopher\u0027s Stone","Fusion Hammer"],"picked":"Velvet Choker"}],"items_purged_floors":[2,2,2,10,10,10,10,10,10,10,10,10,10,31,31,31,31,37,37,39,39,39,39,39,39,44,44,44],"is_endless":false,"potions_floor_spawned":[5,6,8,12,18,22,29,33,42,48],"killed_by":"Awakened One","ascension_level":0}}