{"host":"7wwmf5ihvdzput8s","time":1614152605,"event":{"mods":["BaseMod","Minty Spire (QoL Compilation)","Quick Restart","Replay The Spire","StSLib","UnlockEverythingMod"],"gold_per_floor":[109,109,259,46,46,46,71,85,85,114,114,114],"floor_reached":11,"language":"ZHS","playtime":109,"items_purged":[],"score":258,"play_id":"91a14f80-defb-4543-b0d1-9f78d8f6c9d2","local_time":"20210224154325","daily_mods":["SealedDeck","Vintage","Green Cards","Purple Cards","Heirloom","Time Dilation","Flight","DeadlyEvents","Elite Swarm","Lethality","Night Terrors"],"is_ascension_mode":true,"campfire_choices":[{"data":"Warcry","floor":6.0,"key":"SMITH"}],"circlet_count":0,"master_deck":["AscendersBane","Bane","Bane","Thunderclap","Flex","Poisoned Stab","Quick Slash","Slice","Clash","Warcry+1","Clash+1","Doubt"],"relics":["Bird Faced Urn","The Courier","Blue Candle","CeramicFish","Vajra","Sozu","Smiling Mask","ReplayTheSpireMod:Shallot","Kunai"],"acts_visited":["Exordium"],"potions_floor_usage":[],"damage_taken":[{"damage":0.0,"enemies":"2 Louse","floor":1.0,"turns":1.0},{"damage":1.0,"enemies":"Lagavulin","floor":7.0,"turns":1.0},{"damage":0,"enemies":"Jaw Worm","floor":8,"turns":1},{"damage":1,"enemies":"Gremlin Nob","floor":10,"turns":2},{"damage":0,"enemies":"3 Sentries","floor":11,"turns":1}],"seed_played":"-3418735374499861745","potions_obtained":[],"is_trial":true,"path_per_floor":["M","?","?","$","?","R","E","WH","M","T","E","E"],"character_chosen":"IRONCLAD","items_purchased":["Blue Candle"],"campfire_rested":0,"item_purchase_floors":[4],"current_hp_per_floor":[68,68,68,68,57,57,56,56,56,55,55,55],"gold":114,"neow_bonus":"BOSS_RELIC","is_daily":false,"chose_seed":true,"campfire_upgraded":1,"win_rate":0.0,"timestamp":1614152605,"path_taken":["M","?","?","$","?","R","E","WH","T","E","?"],"items_purchased_type":["Relic"],"build_version":"2020-12-22","purchased_purges":0,"victory":false,"max_hp_per_floor":[75,75,75,75,75,75,75,75,75,75,75,75],"card_choices":[{"not_picked":["Demonic Infusion","Replay:Many Hands","Barricade"],"picked":"SKIP","floor":10}],"player_experience":81520,"relics_obtained":[{"floor":1.0,"key":"The Courier"},{"floor":7.0,"key":"Vajra"},{"floor":8,"key":"Smiling Mask"},{"floor":9,"key":"ReplayTheSpireMod:Shallot"},{"floor":10,"key":"Kunai"}],"event_choices":[{"damage_healed":0.0,"max_hp_gain":0.0,"max_hp_loss":0.0,"gold_gain":150.0,"event_name":"Liars Game","player_choice":"AGREE","floor":3.0,"gold_loss":0.0,"damage_taken":0.0,"cards_obtained":["Doubt"]},{"damage_healed":0.0,"max_hp_gain":0.0,"max_hp_loss":0.0,"gold_gain":0.0,"event_name":"Scrap Ooze","player_choice":"Success","floor":5.0,"gold_loss":0.0,"damage_taken":11.0,"relics_obtained":["CeramicFish"]}],"is_beta":false,"boss_relics":[],"items_purged_floors":[],"is_endless":false,"potions_floor_spawned":[8,10],"killed_by":"3 Sentries","ascension_level":20}}