{"host":"gobyjzz6xbwq9f9i","time":1614153340,"event":{"mods":["AchievementEnabler","BaseMod","Bestiary","Colored Map","Minty Spire (QoL Compilation)","Relic Stats","ojb\u0027s Info Mod"],"gold_per_floor":[124,211,243,271,294,335,347,377,389,433,445,632,90,106,106,202,202,216,231,231,244,214,214,246,266,266,284,312,312,341,357,357,454,454,468,115,126,172,189,1188,1221,164,164,196,196,226,226,238,238,238,238,238,33,67,67],"floor_reached":56,"language":"ENG","playtime":3042,"items_purged":["Doubt","Strike_B","Normality"],"score":1986,"play_id":"274b9c76-3adb-4295-92c4-cb74b33edec3","local_time":"20210223235540","is_ascension_mode":true,"campfire_choices":[{"floor":7,"key":"REST"},{"data":"Apotheosis","floor":15,"key":"SMITH"},{"floor":23,"key":"REST"},{"floor":32,"key":"REST"},{"floor":45,"key":"RECALL"},{"data":"Panacea","floor":49,"key":"SMITH"},{"data":"Defragment","floor":52,"key":"SMITH"}],"circlet_count":0,"master_deck":["AscendersBane","Strike_B","Strike_B","Strike_B","Defend_B","Defend_B","Defend_B","Defend_B","Zap","Dualcast","Ball Lightning","Conserve Battery","Rip and Tear","Ball Lightning","Sweeping Beam","Ball Lightning","Reinforced Body","Apotheosis+1","Auto Shields","Recycle","Coolheaded","Capacitor+1","Compile Driver+1","RitualDagger","Aggregate","Biased Cognition","Hologram","Steam Power","Cold Snap","Defragment+1","Cold Snap+1","Core Surge","CurseOfTheBell","Chill+1","Normality","Panacea+1","Thinking Ahead","Glacier+1","Coolheaded+1","PanicButton","Tempest"],"relics":["Cracked Core","MawBank","Gambling Chip","Singing Bowl","Pen Nib","ClockworkSouvenir","Velvet Choker","Lizard Tail","DataDisk","Vajra","Calling Bell","Lantern","StrikeDummy","Calipers","HornCleat","Incense Burner","Pantograph","InkBottle","Lee\u0027s Waffle","Letter Opener","Blue Candle","Potion Belt","Bag of Preparation","Mango"],"acts_visited":["Exordium","TheCity","TheBeyond","TheEnding"],"potions_floor_usage":[5,6,21,24,24,28,37,37,37,41,46,46,55,55,55],"damage_taken":[{"damage":0,"enemies":"2 Louse","floor":1,"turns":2},{"damage":6,"enemies":"Cultist","floor":3,"turns":3},{"damage":1,"enemies":"Jaw Worm","floor":4,"turns":4},{"damage":9,"enemies":"Lots of Slimes","floor":5,"turns":3},{"damage":18,"enemies":"3 Sentries","floor":6,"turns":5},{"damage":0,"enemies":"2 Fungi Beasts","floor":8,"turns":2},{"damage":28,"enemies":"Lagavulin","floor":10,"turns":5},{"damage":0,"enemies":"Looter","floor":14,"turns":4},{"damage":6,"enemies":"The Guardian","floor":16,"turns":9},{"damage":0,"enemies":"Spheric Guardian","floor":18,"turns":2},{"damage":4,"enemies":"2 Thieves","floor":19,"turns":4},{"damage":22,"enemies":"Shelled Parasite and Fungi","floor":21,"turns":5},{"damage":23,"enemies":"Gremlin Leader","floor":24,"turns":5},{"damage":19,"enemies":"Snecko","floor":25,"turns":4},{"damage":16,"enemies":"Centurion and Healer","floor":27,"turns":5},{"damage":11,"enemies":"Book of Stabbing","floor":28,"turns":5},{"damage":8,"enemies":"Slavers","floor":30,"turns":4},{"damage":4,"enemies":"Shelled Parasite and Fungi","floor":31,"turns":4},{"damage":25,"enemies":"Automaton","floor":33,"turns":7},{"damage":0,"enemies":"Orb Walker","floor":35,"turns":3},{"damage":12,"enemies":"3 Shapes","floor":37,"turns":4},{"damage":0,"enemies":"2 Orb Walkers","floor":38,"turns":4},{"damage":0,"enemies":"Writhing Mass","floor":39,"turns":7},{"damage":6,"enemies":"Nemesis","floor":41,"turns":9},{"damage":8,"enemies":"Giant Head","floor":44,"turns":9},{"damage":4,"enemies":"Nemesis","floor":46,"turns":7},{"damage":0,"enemies":"Jaw Worm Horde","floor":48,"turns":3},{"damage":2,"enemies":"Donu and Deca","floor":50,"turns":16},{"damage":25,"enemies":"Shield and Spear","floor":54,"turns":6},{"damage":13,"enemies":"The Heart","floor":55,"turns":13}],"seed_played":"-2707525463574109723","potions_obtained":[{"floor":1,"key":"Strength Potion"},{"floor":3,"key":"SneckoOil"},{"floor":4,"key":"LiquidBronze"},{"floor":14,"key":"DuplicationPotion"},{"floor":16,"key":"SneckoOil"},{"floor":18,"key":"Block Potion"},{"floor":22,"key":"Energy Potion"},{"floor":22,"key":"Swift Potion"},{"floor":27,"key":"Swift Potion"},{"floor":31,"key":"GamblersBrew"},{"floor":33,"key":"BlessingOfTheForge"},{"floor":37,"key":"ColorlessPotion"},{"floor":38,"key":"DistilledChaos"},{"floor":39,"key":"PotionOfCapacity"},{"floor":44,"key":"Block Potion"}],"is_trial":false,"path_per_floor":["M","?","M","M","M","E","R","M","T","E","$","?","$","M","R","B",null,"M","M","?","M","?","R","E","M","T","M","E","?","E","M","R","B",null,"M","$","M","?","M","?","E","$","T","E","R","E","?","M","R","B",null,"R","$","E","B",null],"character_chosen":"DEFECT","items_purchased":["Apotheosis","Auto Shields","ClockworkSouvenir","Recycle","HornCleat","InkBottle","Lee\u0027s Waffle","Panacea","Thinking Ahead","Letter Opener","Tempest","FocusPotion","DuplicationPotion"],"campfire_rested":3,"item_purchase_floors":[13,13,13,13,36,42,42,42,42,42,53,53,53],"current_hp_per_floor":[68,57,51,50,41,23,45,45,45,17,17,17,17,17,17,13,61,61,57,51,29,29,52,29,10,10,38,27,27,19,15,38,13,61,63,63,51,53,55,55,51,92,92,84,84,80,80,82,82,92,94,94,94,85,97],"gold":67,"neow_bonus":"RANDOM_COMMON_RELIC","is_daily":false,"chose_seed":false,"campfire_upgraded":3,"win_rate":0.0,"timestamp":1614153340,"path_taken":["M","?","M","M","M","E","R","M","T","E","$","?","$","M","R","BOSS","M","M","?","M","?","R","E","M","T","?","E","?","E","M","R","BOSS","M","$","M","?","M","?","E","$","T","E","R","E","?","M","R","BOSS","R","$","E","BOSS"],"items_purchased_type":["Card","Card","Relic","Card","Relic","Relic","Relic","Card","Card","Relic","Card","Potion","Potion"],"build_version":"2020-12-22","purchased_purges":3,"victory":true,"max_hp_per_floor":[75,75,75,75,75,75,75,75,75,75,75,75,75,75,75,77,77,77,77,77,77,77,77,77,77,77,77,77,77,77,77,77,77,77,79,79,79,81,83,83,85,92,92,92,92,92,92,94,94,94,94,94,94,110,110],"relic_stats":{"Lee\u0027s Waffle":41,"Singing Bowl":14,"counters":[30,163],"Blue Candle":[8],"Pen Nib":[23],"Bag of Preparation":[8],"Letter Opener":[120],"MawBank":156,"Lizard Tail":38,"Gambling Chip":[99],"Pantograph":37,"obtain_stats":[{"Potion Belt":44,"Lantern":34,"Lee\u0027s Waffle":42,"Calipers":34,"Singing Bowl":9,"Blue Candle":43,"Velvet Choker":17,"Vajra":30,"Mango":54,"Pen Nib":10,"Incense Burner":38,"Bag of Preparation":46,"Letter Opener":42,"MawBank":0,"ClockworkSouvenir":13,"Calling Bell":34,"Lizard Tail":24,"DataDisk":28,"HornCleat":36,"Gambling Chip":6,"Pantograph":41,"Cracked Core":0,"StrikeDummy":34,"InkBottle":42},{"Potion Belt":25,"Lantern":19,"Lee\u0027s Waffle":24,"Calipers":19,"Singing Bowl":6,"Blue Candle":24,"Velvet Choker":9,"Vajra":17,"Mango":29,"Pen Nib":7,"Incense Burner":22,"Bag of Preparation":26,"Letter Opener":24,"MawBank":0,"ClockworkSouvenir":7,"Calling Bell":19,"Lizard Tail":13,"DataDisk":16,"HornCleat":20,"Gambling Chip":5,"Pantograph":24,"Cracked Core":0,"StrikeDummy":19,"InkBottle":24},{"Potion Belt":118,"Lantern":82,"Lee\u0027s Waffle":109,"Calipers":82,"Singing Bowl":19,"Blue Candle":109,"Velvet Choker":37,"Vajra":71,"Mango":150,"Pen Nib":24,"Incense Burner":93,"Bag of Preparation":125,"Letter Opener":109,"MawBank":0,"ClockworkSouvenir":24,"Calling Bell":82,"Lizard Tail":53,"DataDisk":67,"HornCleat":85,"Gambling Chip":17,"Pantograph":109,"Cracked Core":0,"StrikeDummy":82,"InkBottle":109}],"InkBottle":[23]},"card_choices":[{"not_picked":["White Noise","Steam"],"picked":"Ball Lightning","floor":1},{"not_picked":["Recycle","Self Repair"],"picked":"Conserve Battery","floor":3},{"not_picked":["Steam","Hologram"],"picked":"Rip and Tear","floor":4},{"not_picked":["Gash","Compile Driver"],"picked":"Ball Lightning","floor":5},{"not_picked":["Gash","Turbo"],"picked":"Sweeping Beam","floor":6},{"not_picked":["Blizzard","Sweeping Beam"],"picked":"Ball Lightning","floor":8},{"not_picked":["Thunder Strike","Redo"],"picked":"Reinforced Body","floor":10},{"not_picked":["Redo","Reprogram"],"picked":"Coolheaded","floor":14},{"not_picked":["All For One","Amplify","Meteor Strike"],"picked":"Singing Bowl","floor":16},{"not_picked":["Compile Driver","Stack"],"picked":"Capacitor+1","floor":18},{"not_picked":["Sweeping Beam","Hologram"],"picked":"Compile Driver+1","floor":19},{"not_picked":["Consume+1","Sunder"],"picked":"Aggregate","floor":21},{"not_picked":["White Noise+1","Sweeping Beam+1"],"picked":"Biased Cognition","floor":24},{"not_picked":["Ball Lightning","Loop"],"picked":"Hologram","floor":25},{"not_picked":["Beam Cell","Hologram"],"picked":"Steam Power","floor":27},{"not_picked":["Blizzard","Static Discharge"],"picked":"Cold Snap","floor":28},{"not_picked":["Beam Cell","Buffer"],"picked":"Defragment","floor":30},{"not_picked":["Rebound","Hologram"],"picked":"Cold Snap+1","floor":31},{"not_picked":["All For One","Creative AI"],"picked":"Core Surge","floor":33},{"not_picked":["Compile Driver+1","Go for the Eyes+1","Reprogram+1"],"picked":"Singing Bowl","floor":35},{"not_picked":["Beam Cell+1","Sweeping Beam+1"],"picked":"Chill+1","floor":37},{"not_picked":["Rebound","Reinforced Body","BootSequence"],"picked":"Singing Bowl","floor":38},{"not_picked":["Beam Cell+1","Rip and Tear+1","Steam Power+1"],"picked":"Singing Bowl","floor":39},{"not_picked":["Stack+1","Ball Lightning","Gash"],"picked":"Singing Bowl","floor":41},{"not_picked":["Steam+1","Hyperbeam"],"picked":"Glacier+1","floor":44},{"not_picked":["FTL","Ball Lightning+1"],"picked":"Coolheaded+1","floor":46},{"not_picked":["Gash","Coolheaded+1","Barrage+1"],"picked":"Singing Bowl","floor":48},{"not_picked":["Hologram","Leap+1","Blizzard+1"],"picked":"Singing Bowl","floor":54}],"player_experience":1383230,"relics_obtained":[{"floor":6,"key":"Gambling Chip"},{"floor":9,"key":"Singing Bowl"},{"floor":10,"key":"Pen Nib"},{"floor":24,"key":"Lizard Tail"},{"floor":28,"key":"DataDisk"},{"floor":30,"key":"Vajra"},{"floor":34,"key":"Lantern"},{"floor":34,"key":"StrikeDummy"},{"floor":34,"key":"Calipers"},{"floor":38,"key":"Incense Burner"},{"floor":41,"key":"Pantograph"},{"floor":43,"key":"Blue Candle"},{"floor":44,"key":"Potion Belt"},{"floor":46,"key":"Bag of Preparation"},{"floor":54,"key":"Mango"}],"event_choices":[{"damage_healed":0,"gold_gain":75,"player_choice":"Gather Gold","damage_taken":11,"max_hp_gain":0,"max_hp_loss":0,"event_name":"World of Goop","floor":2,"gold_loss":0},{"damage_healed":0,"gold_gain":175,"player_choice":"AGREE","damage_taken":0,"max_hp_gain":0,"max_hp_loss":0,"event_name":"Liars Game","floor":12,"gold_loss":0,"cards_obtained":["Doubt"]},{"damage_healed":0,"gold_gain":0,"player_choice":"Joined the Cult","damage_taken":6,"max_hp_gain":0,"max_hp_loss":0,"event_name":"Nest","floor":20,"gold_loss":0,"cards_obtained":["RitualDagger"]},{"damage_healed":0,"gold_gain":0,"player_choice":"Bought 2 Potions","damage_taken":0,"max_hp_gain":0,"max_hp_loss":0,"event_name":"The Woman in Blue","floor":22,"gold_loss":0},{"damage_healed":0,"gold_gain":0,"player_choice":"Ignored","damage_taken":0,"max_hp_gain":0,"max_hp_loss":0,"event_name":"NoteForYourself","floor":29,"gold_loss":0},{"damage_healed":0,"gold_gain":0,"player_choice":"Fight","damage_taken":0,"max_hp_gain":0,"max_hp_loss":0,"event_name":"Mysterious Sphere","floor":38,"gold_loss":0},{"damage_healed":0,"gold_gain":999,"player_choice":"Gold","damage_taken":0,"max_hp_gain":0,"max_hp_loss":0,"event_name":"MindBloom","floor":40,"gold_loss":0,"cards_obtained":["Normality","Normality"]},{"damage_healed":0,"gold_gain":0,"player_choice":"1 cards matched","damage_taken":0,"max_hp_gain":0,"max_hp_loss":0,"event_name":"Match and Keep!","floor":47,"gold_loss":0,"cards_obtained":["PanicButton"]}],"is_beta":false,"boss_relics":[{"not_picked":["Busted Crown","Inserter"],"picked":"Velvet Choker"},{"not_picked":["FrozenCore","SacredBark"],"picked":"Calling Bell"}],"items_purged_floors":[13,36,42],"is_endless":false,"potions_floor_spawned":[1,3,4,14,16,18,27,31,33,37,38,39,44],"ascension_level":10}}