{"host":"ujyomg7d1f18u2we","time":1614133712,"event":{"mods":["AchievementEnabler","AlwaysNeverKeys","Aspiration","BaseMod","Colored Map","DeckTracker","Gremlin Skip","Highlight Path","Hubris","Minty Spire (QoL Compilation)","Quick Restart","Random Character Button","StSLib"],"gold_per_floor":[115,115,115,132,132,159,159,190,214,248,276,276,304,338,338,437,437,451,451,294,294,146,177,206,231,231,262,262,295,330,361,361,458,458,478,478,533,533,560,590,176,207,207,207,241,274,274,291,291,291],"floor_reached":51,"language":"ENG","playtime":1356,"items_purged":[],"score":1590,"play_id":"4b3af207-4aa3-46ce-b554-a8697da782e3","local_time":"20210223232832","daily_mods":["Draft","Colorless Cards","Heirloom","Flight","DeadlyEvents","Elite Swarm"],"is_ascension_mode":false,"campfire_choices":[{"data":"After Image","floor":7,"key":"SMITH"},{"data":"Envenom","floor":12,"key":"SMITH"},{"data":"Blade Dance","floor":15,"key":"SMITH"},{"data":"Panache","floor":28,"key":"SMITH"},{"data":"Blind","floor":32,"key":"SMITH"},{"data":"Accuracy","floor":44,"key":"SMITH"},{"data":"Apotheosis","floor":49,"key":"SMITH"}],"circlet_count":0,"master_deck":["Dodge and Roll","Cloak And Dagger","Blade Dance+1","PiercingWail","Flying Knee","Deflect","Good Instincts","Finisher+1","Escape Plan","Blind+1","Cloak And Dagger+1","Riddle With Holes","Blade Dance","Slice","After Image+1","Panache+1","Envenom+1","Finisher+1","Accuracy+1","Apotheosis+1","After Image+1","Blade Dance+1"],"relics":["Ring of the Snake","hubris:AstralHammer","Bottled Tornado","aspiration:ChemicalBlood","hubris:Reverence","White Beast Statue","aspiration:VileToxins","aspiration:FrozenJewel","SlaversCollar","Lee\u0027s Waffle","PreservedInsect","StrikeDummy","Bag of Preparation","Anchor","Pen Nib","Regal Pillow","Ancient Tea Set","Bag of Marbles","hubris:Stopwatch","Calipers","hubris:ToyBattleship","InkBottle","Mummified Hand","Prayer Wheel","hubris:DeckOfHolding","Frozen Egg 2","hubris:Spice"],"acts_visited":["Exordium","TheCity","TheBeyond"],"potions_floor_usage":[16,24,25,33,37,37],"damage_taken":[{"damage":0,"enemies":"Small Slimes","floor":1,"turns":2},{"damage":0,"enemies":"Cultist","floor":4,"turns":2},{"damage":5,"enemies":"3 Sentries","floor":6,"turns":5},{"damage":1,"enemies":"Gremlin Nob","floor":8,"turns":5},{"damage":0,"enemies":"Lagavulin","floor":10,"turns":3},{"damage":0,"enemies":"3 Sentries","floor":11,"turns":4},{"damage":0,"enemies":"Gremlin Nob","floor":13,"turns":3},{"damage":0,"enemies":"3 Sentries","floor":14,"turns":3},{"damage":3,"enemies":"Hexaghost","floor":16,"turns":7},{"damage":0,"enemies":"Chosen","floor":18,"turns":3},{"damage":0,"enemies":"Book of Stabbing","floor":23,"turns":2},{"damage":0,"enemies":"Gremlin Leader","floor":24,"turns":2},{"damage":0,"enemies":"Slavers","floor":25,"turns":3},{"damage":0,"enemies":"Book of Stabbing","floor":27,"turns":3},{"damage":0,"enemies":"Slavers","floor":29,"turns":2},{"damage":0,"enemies":"Gremlin Leader","floor":30,"turns":2},{"damage":0,"enemies":"Book of Stabbing","floor":31,"turns":2},{"damage":8,"enemies":"hubris:MusketHawk","floor":33,"turns":4},{"damage":0,"enemies":"3 Shapes","floor":35,"turns":1},{"damage":0,"enemies":"2 Orb Walkers","floor":37,"turns":3},{"damage":0,"enemies":"Giant Head","floor":39,"turns":4},{"damage":0,"enemies":"Nemesis","floor":40,"turns":3},{"damage":0,"enemies":"Reptomancer","floor":42,"turns":3},{"damage":0,"enemies":"Nemesis","floor":45,"turns":1},{"damage":0,"enemies":"Reptomancer","floor":46,"turns":2},{"damage":0,"enemies":"3 Darklings","floor":48,"turns":1},{"damage":0,"enemies":"Donu and Deca","floor":50,"turns":2}],"seed_played":"-5909768442259794007","potions_obtained":[{"floor":1,"key":"DuplicationPotion"},{"floor":11,"key":"GamblersBrew"},{"floor":13,"key":"Weak Potion"},{"floor":16,"key":"Strength Potion"},{"floor":24,"key":"LiquidMemories"},{"floor":25,"key":"Explosive Potion"},{"floor":33,"key":"Strength Potion"},{"floor":37,"key":"FearPotion"},{"floor":39,"key":"Ancient Potion"},{"floor":40,"key":"SkillPotion"}],"is_trial":true,"path_per_floor":["M","?","?","M","?","E","R","E","T","E","E","R","E","E","R","B",null,"M","?","$","?","$","E","E","E","T","E","R","E","E","E","R","B",null,"M","?","?","?","E","E","$","E","T","R","E","E","$","M","R","B",null],"character_chosen":"THE_SILENT","items_purchased":["Lee\u0027s Waffle","PreservedInsect","Accuracy","Mummified Hand","CultistPotion"],"campfire_rested":0,"item_purchase_floors":[20,22,41,41,41],"current_hp_per_floor":[70,70,70,70,70,65,65,64,64,64,64,64,64,64,64,61,70,70,70,77,77,77,77,77,77,77,77,77,77,77,77,77,69,77,77,77,77,77,77,77,77,77,77,77,77,85,85,85,85,85],"gold":291,"neow_bonus":"","is_daily":false,"chose_seed":false,"campfire_upgraded":7,"win_rate":0.0,"timestamp":1614133712,"path_taken":["M","?","?","?","?","E","R","E","T","E","?","R","E","?","R","BOSS","M","?","$","?","$","E","E","E","T","E","R","E","?","?","R","BOSS","M","?","?","?","?","E","$","E","T","R","?","E","$","?","R","BOSS"],"items_purchased_type":["Relic","Relic","Card","Relic","Potion"],"build_version":"2020-12-22","purchased_purges":0,"victory":true,"max_hp_per_floor":[70,70,70,70,70,70,70,70,70,70,70,70,70,70,70,70,70,70,70,77,77,77,77,77,77,77,77,77,77,77,77,77,77,77,77,77,77,77,77,77,77,77,77,77,77,85,85,85,85,85],"card_choices":[{"not_picked":["Quick Slash","Poisoned Stab"],"picked":"Backflip","floor":0},{"not_picked":["Endless Agony","Prepared"],"picked":"Dodge and Roll","floor":0},{"not_picked":["Impatience","hubris:SlightOfHand"],"picked":"Cloak And Dagger","floor":0},{"not_picked":["Flying Knee","Dagger Throw"],"picked":"Blade Dance","floor":0},{"not_picked":["Dagger Spray","Dodge and Roll"],"picked":"PiercingWail","floor":0},{"not_picked":["Outmaneuver","Underhanded Strike"],"picked":"Flying Knee","floor":0},{"not_picked":["hubris:Ssssneak","Poisoned Stab"],"picked":"Deflect","floor":0},{"not_picked":["Leg Sweep","Mind Blast"],"picked":"Good Instincts","floor":0},{"not_picked":["Catalyst","PiercingWail"],"picked":"Finisher","floor":0},{"not_picked":["hubris:Insight","Discovery"],"picked":"Escape Plan","floor":0},{"not_picked":["Prepared","Quick Slash"],"picked":"Blind","floor":0},{"not_picked":["Dagger Throw","Good Instincts"],"picked":"Cloak And Dagger","floor":0},{"not_picked":["Catalyst","Prepared"],"picked":"Riddle With Holes","floor":0},{"not_picked":["Predator","Bane"],"picked":"Blade Dance","floor":0},{"not_picked":["All Out Attack","Escape Plan"],"picked":"Slice","floor":0},{"not_picked":["Deep Breath","Bane","Flying Knee"],"picked":"SKIP","floor":1},{"not_picked":["PiercingWail","Poisoned Stab","hubris:SlightOfHand"],"picked":"SKIP","floor":4},{"not_picked":["Envenom","Secret Weapon"],"picked":"After Image","floor":6},{"not_picked":["Sadistic Nature","Chrysalis"],"picked":"Panache","floor":8},{"not_picked":["After Image","Burst","Mayhem"],"picked":"SKIP","floor":10},{"not_picked":["Venomology","Tools of the Trade"],"picked":"Envenom","floor":11},{"not_picked":["Doppelganger","Adrenaline","A Thousand Cuts"],"picked":"SKIP","floor":13},{"not_picked":["Grand Finale","Adrenaline","Envenom"],"picked":"SKIP","floor":14},{"not_picked":["Dagger Spray+1","Outmaneuver+1","Prepared"],"picked":"SKIP","floor":18},{"not_picked":["Phantasmal Killer","Corpse Explosion","aspiration:Lunge"],"picked":"SKIP","floor":23},{"not_picked":["Doppelganger","Metamorphosis","Bullet Time"],"picked":"SKIP","floor":24},{"not_picked":["Adrenaline","Phantasmal Killer","Violence"],"picked":"SKIP","floor":25},{"not_picked":["Transmutation","Storm of Steel","Venomology"],"picked":"SKIP","floor":27},{"not_picked":["Adrenaline","Venomology","Chrysalis"],"picked":"SKIP","floor":29},{"not_picked":["Grand Finale","Thinking Ahead","Tools of the Trade"],"picked":"SKIP","floor":30},{"not_picked":["Transmutation","Master of Strategy","Wraith Form v2"],"picked":"SKIP","floor":31},{"not_picked":["Tactician","Outmaneuver+1","Dagger Throw"],"picked":"SKIP","floor":35},{"not_picked":["Quick Slash+1","Dagger Throw+1"],"picked":"Finisher+1","floor":37},{"not_picked":["Burst","Malaise","Chrysalis"],"picked":"SKIP","floor":39},{"not_picked":["A Thousand Cuts","Violence","Wraith Form v2"],"picked":"SKIP","floor":40},{"not_picked":["Magnetism","aspiration:Lunge","Doppelganger"],"picked":"SKIP","floor":42},{"not_picked":["Glass Knife","Corpse Explosion"],"picked":"Apotheosis","floor":45},{"not_picked":["Thinking Ahead","A Thousand Cuts+1"],"picked":"After Image+1","floor":46},{"not_picked":["Quick Slash","Deadly Poison"],"picked":"Blade Dance+1","floor":48},{"not_picked":["Sucker Punch+1","Dagger Spray","Terror"],"picked":"SKIP","floor":48}],"player_experience":1592924,"relics_obtained":[{"floor":8,"key":"Bottled Tornado"},{"floor":9,"key":"aspiration:ChemicalBlood"},{"floor":10,"key":"hubris:Reverence"},{"floor":11,"key":"White Beast Statue"},{"floor":13,"key":"aspiration:VileToxins"},{"floor":14,"key":"aspiration:FrozenJewel"},{"floor":23,"key":"StrikeDummy"},{"floor":24,"key":"Bag of Preparation"},{"floor":25,"key":"Anchor"},{"floor":26,"key":"Pen Nib"},{"floor":27,"key":"Regal Pillow"},{"floor":30,"key":"Ancient Tea Set"},{"floor":31,"key":"Bag of Marbles"},{"floor":37,"key":"Calipers"},{"floor":39,"key":"hubris:ToyBattleship"},{"floor":40,"key":"InkBottle"},{"floor":42,"key":"Prayer Wheel"},{"floor":43,"key":"hubris:DeckOfHolding"},{"floor":45,"key":"Frozen Egg 2"},{"floor":46,"key":"hubris:Spice"}],"event_choices":[{"damage_healed":0,"gold_gain":0,"player_choice":"Upgraded","damage_taken":0,"max_hp_gain":0,"max_hp_loss":0,"event_name":"Upgrade Shrine","floor":3,"gold_loss":0,"cards_upgraded":["Finisher"]},{"damage_healed":0,"gold_gain":0,"player_choice":"Ignored","damage_taken":0,"max_hp_gain":0,"max_hp_loss":0,"event_name":"NoteForYourself","floor":5,"gold_loss":0},{"cards_removed":["Backflip"],"damage_healed":0,"gold_gain":0,"player_choice":"Elegance","damage_taken":0,"max_hp_gain":0,"max_hp_loss":0,"event_name":"Back to Basics","floor":19,"gold_loss":0},{"damage_healed":0,"gold_gain":0,"player_choice":"Fight","damage_taken":0,"max_hp_gain":0,"max_hp_loss":0,"event_name":"Mysterious Sphere","floor":37,"gold_loss":0},{"damage_healed":0,"gold_gain":0,"player_choice":"Ignored","damage_taken":0,"max_hp_gain":0,"max_hp_loss":0,"event_name":"Tomb of Lord Red Mask","floor":38,"gold_loss":0}],"is_beta":false,"boss_relics":[{"not_picked":["aspiration:RunicSpoon","aspiration:IroncladSkillbook"],"picked":"SlaversCollar"},{"not_picked":["Fusion Hammer","Philosopher\u0027s Stone"],"picked":"hubris:Stopwatch"}],"items_purged_floors":[],"is_endless":false,"potions_floor_spawned":[1,11,13,14,16,18,23,24,25,27,29,30,31,33,35,37,39,40,42,45,46,48],"ascension_level":0}}