{"host":"0r455zfix56tawas","time":1614183108,"event":{"mods":["AlwaysNeverKeys","BaseMod","Colored Powertips","Downfall","Highlight Path","Minty Spire (QoL Compilation)","Permanent Neow","StSLib","The Necromancer","The Servant 0.9.4"],"gold_per_floor":[99,119,137,287,287,302,302,302,317,317,332,351,370,380,397,495,495,495,510,529,529,529,529,529],"floor_reached":22,"language":"ENG","playtime":890,"items_purged":[],"score":182,"play_id":"4396951e-b9d5-4773-8632-f81325b82dc9","local_time":"20210224171148","is_ascension_mode":false,"campfire_choices":[{"data":"champ:Taunt","floor":1.0,"key":"SMITH"},{"data":"champ:Duel","floor":8.0,"key":"SMITH"},{"data":"champ:ArenaPreparation","floor":10.0,"key":"SMITH"},{"data":"champ:Improvising","floor":18,"key":"SMITH"}],"circlet_count":0,"master_deck":["champ:Strike","champ:Strike","champ:Strike","champ:Defend","champ:Defend","champ:Defend","champ:Defend","champ:Execute","champ:Taunt+1","champ:SwordThrow","champ:Duel+1","champ:RisingSlash","downfall:Icky","champ:ArenaPreparation+1","champ:EndlessRage","champ:BerserkerStyle","champ:BringItOn","champ:ArenaPreparation","champ:Improvising+1"],"relics":["champ:ChampionCrown","GremlinMask","Pantograph","Busted Crown"],"acts_visited":["Exordium","TheCity"],"potions_floor_usage":[],"damage_taken":[{"damage":11.0,"enemies":"Small Slimes","floor":2.0,"turns":2.0},{"damage":4.0,"enemies":"2 Louse","floor":3.0,"turns":2.0},{"damage":1.0,"enemies":"Cultist","floor":6.0,"turns":3.0},{"damage":6.0,"enemies":"Exordium Wildlife","floor":9.0,"turns":3.0},{"damage":35.0,"enemies":"Red Slaver","floor":11.0,"turns":3.0},{"damage":67.0,"enemies":"Large Slime","floor":12.0,"turns":5.0},{"damage":10.0,"enemies":"downfall:LooterAlt","floor":13.0,"turns":2.0},{"damage":47.0,"enemies":"2 Fungi Beasts","floor":14.0,"turns":4.0},{"damage":56.0,"enemies":"Large Slime","floor":15.0,"turns":6.0},{"damage":103.0,"enemies":"IC_STATUS_ARCHETYPE","floor":16.0,"turns":9.0},{"damage":45,"enemies":"Spheric Guardian","floor":19,"turns":4},{"damage":56,"enemies":"Chosen","floor":20,"turns":3},{"damage":66,"enemies":"Snecko","floor":22,"turns":4}],"seed_played":"2776666324352468604","potions_obtained":[{"floor":2.0,"key":"champ:OpenerPotion"},{"floor":6.0,"key":"sneckomod:MuddlingPotion"},{"floor":12.0,"key":"Energy Potion"}],"is_trial":false,"path_per_floor":["R","M","M","?","?","M","T","R","M","R","M","M","M","M","M","B",null,"R","M","M","?","M"],"character_chosen":"THE_CHAMP","items_purchased":[],"campfire_rested":0,"item_purchase_floors":[],"current_hp_per_floor":[90,89,85,85,85,84,84,84,83,83,83,81,81,76,69,54,90,90,80,80,65,0,0,0],"gold":529,"neow_bonus":"TRANSFORM_CARD","is_daily":false,"chose_seed":false,"campfire_upgraded":4,"win_rate":0.0,"timestamp":1614183108,"path_taken":["R","M","M","?","?","M","T","R","M","R","M","M","M","?","M","BOSS","R","M","M","?","M"],"items_purchased_type":[],"build_version":"2020-12-22","purchased_purges":0,"victory":false,"max_hp_per_floor":[90,90,90,90,90,90,90,90,90,90,90,90,90,90,90,90,90,90,90,90,90,90,90,90],"card_choices":[{"not_picked":["champ:FaceSlap","champ:Parry"],"picked":"champ:Duel","floor":2.0},{"not_picked":["champ:HeartStrike","champ:CrookedStrike"],"picked":"champ:RisingSlash","floor":3.0},{"not_picked":["champ:DefensiveShout","champ:TornadoPunch","champ:FlashCut"],"picked":"SKIP","floor":6.0},{"not_picked":["champ:RapidStrikes","champ:PreciseThrust"],"picked":"champ:ArenaPreparation","floor":9.0},{"not_picked":["champ:PreciseThrust","champ:Circumvent"],"picked":"champ:EndlessRage","floor":11.0},{"not_picked":["champ:Circumvent","champ:Backstep","champ:FlashCut"],"picked":"SKIP","floor":12.0},{"not_picked":["champ:GutPunch","champ:EnGarde"],"picked":"champ:BerserkerStyle","floor":13.0},{"not_picked":["champ:DefensiveStyle","champ:BladeFlurry"],"picked":"champ:BringItOn","floor":14.0},{"not_picked":["champ:PreciseThrust","champ:Backstep"],"picked":"champ:ArenaPreparation","floor":15.0},{"not_picked":["champ:LastStand","champ:IgnorePain"],"picked":"champ:Improvising","floor":16.0},{"not_picked":["champ:Shatter+1"],"picked":"SKIP","floor":19},{"not_picked":["champ:BringItOn"],"picked":"SKIP","floor":20}],"player_experience":1028280,"relics_obtained":[{"floor":7.0,"key":"Pantograph"}],"event_choices":[{"damage_healed":0.0,"max_hp_gain":0.0,"max_hp_loss":0.0,"gold_gain":0.0,"event_name":"FaceTrader","player_choice":"Trade","floor":5.0,"gold_loss":0.0,"damage_taken":0.0,"relics_obtained":["GremlinMask"]}],"is_beta":false,"boss_relics":[{"not_picked":["Empty Cage","Tiny House"],"picked":"Busted Crown"}],"items_purged_floors":[],"is_endless":false,"potions_floor_spawned":[2,6,12,15],"killed_by":"Snecko","ascension_level":0}}