{"host":"0kk91h4bq4kgfj0u","time":1614207766,"event":{"mods":["BaseMod","Bestiary","Block Reminder","Colored Map","Colored Powertips","Curses Come First","Highlight Path","Minty Spire (QoL Compilation)","Relic Stats","StSLib"],"gold_per_floor":[115,127,137,137,154,186,186,216,243,270,270,284,312,312,312,411,411,426,457,417,435,448,448,474,474,474,488,31,43,60,60,60,60,60],"floor_reached":33,"language":"ENG","playtime":1161,"items_purged":[],"score":371,"play_id":"3dc33320-b89a-46de-9eb0-80991d4e5d85","local_time":"20210224180246","is_ascension_mode":true,"campfire_choices":[{"floor":7.0,"key":"REST"},{"floor":11.0,"key":"RECALL"},{"data":"Turbo","floor":15.0,"key":"SMITH"},{"data":"Aggregate","floor":23,"key":"SMITH"},{"floor":25,"key":"REST"},{"floor":32,"key":"REST"}],"circlet_count":0,"master_deck":["Zap","Dualcast","Coolheaded","Sweeping Beam","Turbo+1","Compile Driver","Stack","Streamline","Gash","Ball Lightning","Consume+1","Reboot","Electrodynamics","Rainbow","Chaos","Steam","Heatsinks","Hello World","Redo","Aggregate+1","Capacitor","Cold Snap+1","Genetic Algorithm+1","White Noise","Stack+1","Static Discharge","Conserve Battery","Good Instincts","Barrage","Self Repair"],"relics":["Cracked Core","PreservedInsect","War Paint","Bronze Scales","Happy Flower","Eternal Feather","Torii","Pandora\u0027s Box","Red Mask","Lantern","Question Card"],"acts_visited":["Exordium","TheCity"],"potions_floor_usage":[33,33,33],"damage_taken":[{"damage":1.0,"enemies":"Cultist","floor":1.0,"turns":3.0},{"damage":7.0,"enemies":"Jaw Worm","floor":2.0,"turns":4.0},{"damage":5.0,"enemies":"Small Slimes","floor":3.0,"turns":4.0},{"damage":4.0,"enemies":"Red Slaver","floor":5.0,"turns":3.0},{"damage":10.0,"enemies":"Gremlin Nob","floor":6.0,"turns":3.0},{"damage":17.0,"enemies":"3 Sentries","floor":8.0,"turns":5.0},{"damage":10.0,"enemies":"Gremlin Nob","floor":10.0,"turns":3.0},{"damage":0.0,"enemies":"Blue Slaver","floor":12.0,"turns":3.0},{"damage":2.0,"enemies":"Lagavulin","floor":13.0,"turns":4.0},{"damage":39.0,"enemies":"Hexaghost","floor":16.0,"turns":10.0},{"damage":9.0,"enemies":"Spheric Guardian","floor":18.0,"turns":3.0},{"damage":0.0,"enemies":"Masked Bandits","floor":19.0,"turns":2.0},{"damage":9,"enemies":"Shell Parasite","floor":21,"turns":4},{"damage":0,"enemies":"3 Cultists","floor":22,"turns":3},{"damage":28,"enemies":"Book of Stabbing","floor":24,"turns":4},{"damage":7,"enemies":"Centurion and Healer","floor":27,"turns":6},{"damage":21,"enemies":"Shelled Parasite and Fungi","floor":29,"turns":4},{"damage":0,"enemies":"3 Cultists","floor":30,"turns":3},{"damage":23,"enemies":"Colosseum Slavers","floor":31,"turns":5},{"damage":64,"enemies":"Automaton","floor":33,"turns":6}],"seed_played":"4812494274339842647","potions_obtained":[{"floor":2.0,"key":"BlessingOfTheForge"},{"floor":3.0,"key":"Strength Potion"},{"floor":8.0,"key":"SteroidPotion"},{"floor":10.0,"key":"AttackPotion"},{"floor":12.0,"key":"EntropicBrew"},{"floor":19.0,"key":"EntropicBrew"},{"floor":21,"key":"FearPotion"},{"floor":22,"key":"PotionOfCapacity"}],"is_trial":false,"path_per_floor":["M","M","M","?","M","E","R","E","T","E","R","M","E","?","R","B",null,"M","?","?","M","M","R","E","R","T","M","$","M","M","?","R","B"],"character_chosen":"DEFECT","items_purchased":["Static Discharge","Question Card","Conserve Battery","Good Instincts"],"campfire_rested":3,"item_purchase_floors":[28,28,28,28],"current_hp_per_floor":[74,67,62,62,58,48,70,53,53,43,52,52,50,50,62,23,62,53,53,53,44,44,56,28,62,62,55,55,34,34,11,51,0,0],"gold":60,"neow_bonus":"THREE_CARDS","is_daily":false,"chose_seed":false,"campfire_upgraded":2,"win_rate":0.0,"timestamp":1614207766,"path_taken":["M","M","?","?","?","E","R","E","T","E","R","M","E","?","R","BOSS","M","?","?","M","M","R","E","R","T","M","$","M","?","?","R","BOSS"],"items_purchased_type":["Card","Relic","Card","Card"],"build_version":"2020-12-22","purchased_purges":0,"victory":false,"max_hp_per_floor":[75,75,75,75,75,75,75,75,75,75,75,75,75,75,75,75,75,75,75,75,75,75,75,75,75,75,75,75,75,75,75,75,75,75],"relic_stats":{"Happy Flower":[20],"Torii":32,"counters":[20,82],"Bronze Scales":[154],"Eternal Feather":63,"Pandora\u0027s Box":["Rainbow","Chaos","Steam","Heatsinks","Hello World","Redo","Aggregate","Capacitor"],"PreservedInsect":143,"War Paint":["Defend_B","Defend_B"],"Question Card":2,"obtain_stats":[{"Lantern":24,"Happy Flower":9,"Torii":13,"Bronze Scales":8,"Eternal Feather":10,"Pandora\u0027s Box":17,"PreservedInsect":4,"Red Mask":19,"War Paint":6,"Cracked Core":0,"Question Card":28},{"Lantern":15,"Happy Flower":6,"Torii":9,"Bronze Scales":6,"Eternal Feather":7,"Pandora\u0027s Box":10,"PreservedInsect":3,"Red Mask":12,"War Paint":5,"Cracked Core":0,"Question Card":16},{"Lantern":58,"Happy Flower":22,"Torii":32,"Bronze Scales":22,"Eternal Feather":25,"Pandora\u0027s Box":42,"PreservedInsect":11,"Red Mask":47,"War Paint":17,"Cracked Core":0,"Question Card":64}]},"card_choices":[{"not_picked":["Rebound","Stack"],"picked":"Coolheaded","floor":0.0},{"not_picked":["Rebound","Beam Cell"],"picked":"Sweeping Beam","floor":1.0},{"not_picked":["Coolheaded","Sunder"],"picked":"Turbo","floor":2.0},{"not_picked":["FTL","Storm"],"picked":"Compile Driver","floor":3.0},{"not_picked":["Scrape","Turbo"],"picked":"Stack","floor":5.0},{"not_picked":["Stack","Core Surge"],"picked":"Streamline","floor":6.0},{"not_picked":["Darkness","Compile Driver"],"picked":"Gash","floor":8.0},{"not_picked":["Glacier","Sweeping Beam"],"picked":"Ball Lightning","floor":10.0},{"not_picked":["Stack","Ball Lightning"],"picked":"Consume","floor":12.0},{"not_picked":["Ball Lightning","Stack"],"picked":"Reboot","floor":13.0},{"not_picked":["Fission","Echo Form"],"picked":"Electrodynamics","floor":16.0},{"not_picked":["Sweeping Beam","Chaos"],"picked":"Cold Snap+1","floor":18.0},{"not_picked":["Compile Driver","Force Field+1"],"picked":"Genetic Algorithm","floor":19.0},{"not_picked":["Hologram","Aggregate+1","Streamline"],"picked":"SKIP","floor":21},{"not_picked":["Amplify","Rebound","Streamline"],"picked":"SKIP","floor":22},{"not_picked":["Melter","Go for the Eyes"],"picked":"White Noise","floor":24},{"not_picked":["Sweeping Beam","Coolheaded+1"],"picked":"Stack+1","floor":27},{"not_picked":["Streamline","Stack","Double Energy"],"picked":"Barrage","floor":29},{"not_picked":["Go for the Eyes","Fusion","Barrage"],"picked":"Self Repair","floor":30}],"player_experience":922259,"relics_obtained":[{"floor":4.0,"key":"PreservedInsect"},{"floor":6.0,"key":"War Paint"},{"floor":8.0,"key":"Bronze Scales"},{"floor":9.0,"key":"Happy Flower"},{"floor":10.0,"key":"Eternal Feather"},{"floor":13.0,"key":"Torii"},{"floor":19.0,"key":"Red Mask"},{"floor":24,"key":"Lantern"}],"event_choices":[{"damage_healed":0.0,"max_hp_gain":0.0,"max_hp_loss":0.0,"gold_gain":0.0,"event_name":"Wheel of Change","player_choice":"Relic","floor":4.0,"gold_loss":0.0,"damage_taken":0.0},{"damage_healed":0.0,"max_hp_gain":0.0,"max_hp_loss":0.0,"gold_gain":0.0,"event_name":"Accursed Blacksmith","player_choice":"Forge","floor":14.0,"gold_loss":0.0,"damage_taken":0.0,"cards_upgraded":["Consume"]},{"damage_healed":0.0,"max_hp_gain":0.0,"max_hp_loss":0.0,"gold_gain":0.0,"event_name":"Masked Bandits","player_choice":"Fought Bandits","floor":19.0,"gold_loss":0.0,"damage_taken":0.0},{"damage_healed":0,"gold_gain":0,"player_choice":"Upgrade","damage_taken":0,"max_hp_gain":0,"max_hp_loss":0,"event_name":"Designer","floor":20,"gold_loss":40,"cards_upgraded":["Genetic Algorithm"]},{"damage_healed":0,"gold_gain":0,"player_choice":"Fight","damage_taken":0,"max_hp_gain":0,"max_hp_loss":0,"event_name":"Colosseum","floor":31,"gold_loss":0},{"damage_healed":0,"gold_gain":0,"player_choice":"Fled From Nobs","damage_taken":0,"max_hp_gain":0,"max_hp_loss":0,"event_name":"Colosseum","floor":31,"gold_loss":0}],"is_beta":false,"boss_relics":[{"not_picked":["Tiny House","Sozu"],"picked":"Pandora\u0027s Box"}],"items_purged_floors":[],"is_endless":false,"potions_floor_spawned":[2,3,8,10,12,16,19,21,22,29],"killed_by":"Automaton","ascension_level":5}}