{"host":"yx5rao87132cy5xq","time":1614207150,"event":{"mods":["2.2 Compatiblity","AchievementEnabler","BaseMod","Bestiary","Colored Map","Colored Powertips","Highlight Path","Minty Spire (QoL Compilation)","Quick Restart","Relic Stats","Slay-I","SuperFastMode"],"gold_per_floor":[278,115,129,140,140,140,140,164,205,205,248,62,62,101,26,26,155,155,168,168,168,183,202,202,202],"floor_reached":23,"language":"ENG","playtime":1967,"items_purged":["Strike_G"],"score":219,"play_id":"5822e0f9-19f3-4e73-95be-b6557c4140c4","local_time":"20210224235230","is_ascension_mode":true,"campfire_choices":[{"data":"Neutralize","floor":6,"key":"SMITH"},{"floor":12,"key":"REST"},{"data":"1","floor":15,"key":"LIFT"}],"circlet_count":0,"master_deck":["Strike_G","Defend_G","Defend_G","Defend_G","Defend_G","Defend_G","Survivor","Neutralize+1","Dagger Spray","Poisoned Stab","Flechettes","Bouncing Flask","Outmaneuver+1","Catalyst+1","Malaise+1","Flying Knee","Crippling Poison+1","Wraith Form v2","Grand Finale+1","Finisher+1","Eviscerate+1","Cloak And Dagger+1","RitualDagger","Distraction+1","Backflip+1"],"relics":["Ring of the Snake","Golden Idol","Toxic Egg 2","Pocketwatch","Girya","Mummified Hand","Astrolabe"],"acts_visited":["Exordium","TheCity"],"potions_floor_usage":[8,13,13,22,23],"damage_taken":[{"damage":3,"enemies":"Small Slimes","floor":1,"turns":5},{"damage":0,"enemies":"Jaw Worm","floor":2,"turns":4},{"damage":2,"enemies":"Cultist","floor":3,"turns":4},{"damage":0,"enemies":"2 Fungi Beasts","floor":7,"turns":3},{"damage":28,"enemies":"Gremlin Nob","floor":8,"turns":4},{"damage":15,"enemies":"Lagavulin","floor":10,"turns":6},{"damage":8,"enemies":"3 Sentries","floor":13,"turns":7},{"damage":6,"enemies":"The Guardian","floor":16,"turns":7},{"damage":18,"enemies":"2 Thieves","floor":18,"turns":4},{"damage":16,"enemies":"Shell Parasite","floor":21,"turns":4},{"damage":4,"enemies":"Snake Plant","floor":22,"turns":5},{"damage":27,"enemies":"Slavers","floor":23,"turns":2}],"seed_played":"92188336397425071","potions_obtained":[{"floor":7,"key":"SneckoOil"},{"floor":10,"key":"Energy Potion"},{"floor":13,"key":"CunningPotion"},{"floor":16,"key":"Swift Potion"},{"floor":20,"key":"Block Potion"}],"is_trial":false,"path_per_floor":["M","M","M","?","?","R","M","E","T","E","$","R","E","$","R","B",null,"M","?","?","M","M","E"],"character_chosen":"THE_SILENT","items_purchased":["Malaise+1","Fire Potion","Flying Knee"],"campfire_rested":1,"item_purchase_floors":[11,11,11],"current_hp_per_floor":[3,74,74,72,71,71,71,71,43,43,28,28,49,41,41,41,35,71,53,47,47,31,27,0,0],"gold":202,"neow_bonus":"TEN_PERCENT_HP_BONUS","is_daily":false,"chose_seed":false,"campfire_upgraded":1,"win_rate":0.0,"timestamp":1614207150,"path_taken":["M","M","M","?","?","R","M","E","T","E","$","R","E","?","R","BOSS","M","?","?","M","?","E"],"items_purchased_type":["Card","Potion","Card"],"build_version":"2020-12-22","purchased_purges":1,"victory":false,"max_hp_per_floor":[70,77,77,77,71,71,71,71,71,71,71,71,71,71,71,71,71,71,71,71,71,71,71,71,71],"relic_stats":{"counters":[12,55],"Golden Idol":66,"Mummified Hand":[1],"Astrolabe":["Grand Finale","Finisher","Eviscerate"],"obtain_stats":[{"Girya":10,"Golden Idol":4,"Mummified Hand":13,"Astrolabe":17,"Toxic Egg 2":8,"Ring of the Snake":0,"Pocketwatch":9},{"Girya":6,"Golden Idol":3,"Mummified Hand":7,"Astrolabe":8,"Toxic Egg 2":5,"Ring of the Snake":0,"Pocketwatch":5},{"Girya":26,"Golden Idol":13,"Mummified Hand":33,"Astrolabe":40,"Toxic Egg 2":20,"Ring of the Snake":0,"Pocketwatch":20}],"Ring of the Snake":[24],"Pocketwatch":[51]},"card_choices":[{"not_picked":["Underhanded Strike","Slice"],"picked":"Dagger Spray","floor":1},{"not_picked":["Acrobatics","Underhanded Strike"],"picked":"Poisoned Stab","floor":2},{"not_picked":["Dash","Slice"],"picked":"Flechettes","floor":3},{"not_picked":["PiercingWail","Heel Hook"],"picked":"Bouncing Flask","floor":7},{"not_picked":["Riddle With Holes","Choke"],"picked":"Outmaneuver+1","floor":8},{"not_picked":["Bouncing Flask+1","Dagger Spray"],"picked":"Catalyst+1","floor":10},{"not_picked":["Dodge and Roll+1","Skewer"],"picked":"Crippling Poison+1","floor":13},{"not_picked":["Phantasmal Killer+1","Doppelganger+1"],"picked":"Wraith Form v2","floor":16},{"not_picked":["Quick Slash","Skewer"],"picked":"Cloak And Dagger+1","floor":18},{"not_picked":["Flechettes","Escape Plan+1"],"picked":"Distraction+1","floor":21},{"not_picked":["Underhanded Strike+1","Quick Slash"],"picked":"Backflip+1","floor":22}],"player_experience":1177235,"relics_obtained":[{"floor":8,"key":"Toxic Egg 2"},{"floor":9,"key":"Pocketwatch"},{"floor":10,"key":"Girya"},{"floor":13,"key":"Mummified Hand"}],"event_choices":[{"damage_healed":0,"gold_gain":0,"player_choice":"Lose Max HP","damage_taken":0,"relics_obtained":["Golden Idol"],"max_hp_gain":0,"max_hp_loss":6,"event_name":"Golden Idol","floor":4,"gold_loss":0},{"damage_healed":0,"gold_gain":0,"player_choice":"Ignored","damage_taken":0,"max_hp_gain":0,"max_hp_loss":0,"event_name":"Liars Game","floor":5,"gold_loss":0},{"damage_healed":0,"gold_gain":0,"player_choice":"Joined the Cult","damage_taken":6,"max_hp_gain":0,"max_hp_loss":0,"event_name":"Nest","floor":19,"gold_loss":0,"cards_obtained":["RitualDagger"]},{"damage_healed":0,"gold_gain":0,"player_choice":"Got Potions","damage_taken":0,"max_hp_gain":0,"max_hp_loss":0,"event_name":"Lab","floor":20,"gold_loss":0}],"is_beta":false,"boss_relics":[{"not_picked":["Philosopher\u0027s Stone","Snecko Eye"],"picked":"Astrolabe"}],"items_purged_floors":[14],"is_endless":false,"potions_floor_spawned":[7,10,13,16],"killed_by":"Slavers","ascension_level":1}}