{"host":"w2kjv12xyhtt0cv2","time":1614181185,"event":{"mods":["10 clothes from DAL","100% Spire Juice","Act Like it!","BaseMod","Colored Map","Friendly Minions","Gensokyo","GifTheSpireLib","Highlight Path","Hubris","Library of Ruina","Minty Spire (QoL Compilation)","Quick Restart","Relic Stats","Reliquary","Replay The Spire","Ring Of Destiny","Robot Space Explorer","Shop Mod","Spicy Shops","StSLib","The Dragon Tamer","UnlockEverythingMod","Waifu the Spire","[IsaacMod]以撒尖塔","[功能]功能增强和修复MOD","【功能Mod】Neow奖励","【功能Mod】聪明的最终Boss","【遗物卡牌】REMEMod","没有小屋子和绿帽子啦"],"gold_per_floor":[119,119,119,135,1,35,35,70,96,124,224,259,37,71,71,199,199,214,242,14,26,46,76,76,104,104,133,133,160,69,99,99,99,99],"floor_reached":33,"language":"ZHS","playtime":1877,"items_purged":["RingOfDestiny:Strike_SU","RingOfDestiny:Defend_SU","RingOfDestiny:Defend_SU"],"score":546,"play_id":"5b4ef586-4b75-4547-9433-0eb896df78e1","local_time":"20210224233945","is_ascension_mode":true,"campfire_choices":[{"data":"Fusion","floor":7.0,"key":"SMITH"},{"data":"RingOfDestiny:HegemonyOfDevil","floor":24,"key":"SMITH"},{"data":"RingOfDestiny:VoodooDoll","floor":28,"key":"SMITH"},{"floor":32,"key":"DIG"}],"circlet_count":0,"master_deck":["RingOfDestiny:Defend_SU","RingOfDestiny:Strike_SU+1","RingOfDestiny:MaliciousBarrier+1","RingOfDestiny:DoomsdayStrike","RingOfDestiny:PowerOfGreed","RingOfDestiny:PowerOfEnvy","DoctorFetus","Fusion+1","RingOfDestiny:PowerOfGluttony+1","RingOfDestiny:PowerOfLaziness","RingOfDestiny:ChainBlade","RingOfDestiny:VoodooDoll+1","RingOfDestiny:DoomsdayMeteorite","hubris:DuctTapeCard","RingOfDestiny:HegemonyOfDevil+1","RingOfDestiny:DoomsdayEcho+1","RingOfDestiny:ScepterOfGluttony","REME_TwoStrings","Faith"],"relics":["REME_ComplimentaryCards","HushsDoor","SteamSale","PageOfBlackSwan","Strange Spoon","hubris:FunFungus","Grinning Jar","reliquary:Aerogel","Mirror","PageOfWayBackHome","hubris:DuctTape","BFFS","Smiling Mask","REME_ChargedStone","Red Mask","PageOfBigBadWolf","Juzu Bracelet","Bottled Flame","reliquary:NewFriend","DALC_FOUR","Happy Flower","hubris:DisguiseKit","SharpPlug","Bag of Preparation"],"acts_visited":["Exordium","TheCity"],"potions_floor_usage":[22,25],"damage_taken":[{"damage":0.0,"enemies":"Jaw Worm","floor":1.0,"turns":3.0},{"damage":2.0,"enemies":"2 Louse","floor":4.0,"turns":2.0},{"damage":18.0,"enemies":"Lagavulin","floor":6.0,"turns":6.0},{"damage":14.0,"enemies":"3 Sentries","floor":8.0,"turns":6.0},{"damage":2.0,"enemies":"Lagavulin","floor":10.0,"turns":5.0},{"damage":0.0,"enemies":"Gremlin Nob","floor":12.0,"turns":3.0},{"damage":0.0,"enemies":"Lagavulin","floor":14.0,"turns":4.0},{"damage":8.0,"enemies":"The Guardian","floor":16.0,"turns":7.0},{"damage":17.0,"enemies":"2 Thieves","floor":18.0,"turns":4.0},{"damage":8.0,"enemies":"Masked Bandits","floor":19.0,"turns":3.0},{"damage":1,"enemies":"Chosen","floor":21,"turns":4},{"damage":6,"enemies":"Snake Plant","floor":22,"turns":4},{"damage":8,"enemies":"Replay:Snechameleon","floor":23,"turns":4},{"damage":0,"enemies":"Slavers","floor":25,"turns":4},{"damage":12,"enemies":"Book of Stabbing","floor":27,"turns":5},{"damage":0,"enemies":"Gremlin Leader","floor":29,"turns":4},{"damage":36,"enemies":"REME_1_Revenger","floor":31,"turns":4},{"damage":16,"enemies":"hubris:MusketHawk","floor":33,"turns":4}],"seed_played":"-2578497102393047323","potions_obtained":[{"floor":4.0,"key":"EssenceOfSteel"},{"floor":8.0,"key":"Milkshake"},{"floor":10.0,"key":"Strength Potion"},{"floor":12.0,"key":"REME_GoldPotion"},{"floor":19.0,"key":"SteroidPotion"},{"floor":21,"key":"ColorlessPotion"},{"floor":27,"key":"SteroidPotion"}],"is_trial":false,"path_per_floor":["M","?","?","M","$","E","R","E","T","E","?","E","$","E","R_BF","B",null,"M","?","$","M","M","E","R","E","T","E","R","E","$","E","R_BF","B"],"character_chosen":"Summoner","items_purchased":["Strange Spoon","RingOfDestiny:PowerOfGluttony","hubris:DuctTape","BFFS","PageOfBigBadWolf","Juzu Bracelet","REME_TwoStrings"],"campfire_rested":0,"item_purchase_floors":[5,5,13,13,20,20,30],"current_hp_per_floor":[88,70,63,61,61,43,43,30,30,32,32,34,34,35,61,54,88,74,69,69,68,65,59,59,59,59,51,51,51,51,15,15,0,0],"gold":99,"neow_bonus":"BOSS_RELIC","is_daily":false,"chose_seed":false,"campfire_upgraded":3,"win_rate":0.0,"timestamp":1614181185,"path_taken":["M","?","?","M","$","E","R","E","T","E","?","E","$","E","R_BF","BOSS","M","?","$","M","M","E","R","E","T","E","R","E","$","E","R_BF","BOSS"],"items_purchased_type":["Relic","Card","Relic","Relic","Relic","Relic","Card"],"build_version":"2020-12-22","purchased_purges":3,"victory":false,"max_hp_per_floor":[88,88,88,88,88,88,88,88,88,88,88,88,88,88,88,88,88,88,88,88,88,88,88,88,88,88,88,88,88,88,88,88,88,88],"relic_stats":{"Strange Spoon":[15],"Happy Flower":[4],"counters":[18,76],"Juzu Bracelet":0,"Bag of Preparation":[2],"Smiling Mask":125,"obtain_stats":[{"reliquary:Aerogel":9,"REME_ChargedStone":17,"SharpPlug":31,"Juzu Bracelet":20,"Bag of Preparation":32,"Smiling Mask":14,"BFFS":13,"PageOfWayBackHome":12,"reliquary:NewFriend":25,"hubris:FunFungus":6,"Red Mask":19,"KeepersGift":0,"PageOfBigBadWolf":20,"hubris:DisguiseKit":29,"hubris:DuctTape":13,"Happy Flower":27,"RingOfDestiny:DemonicContract":0,"SteamSale":0,"Strange Spoon":5,"Bottled Flame":23,"DALC_FOUR":26,"PageOfBlackSwan":0,"Grinning Jar":8,"HushsDoor":0,"Mirror":10,"REME_ComplimentaryCards":0},{"reliquary:Aerogel":4,"REME_ChargedStone":8,"SharpPlug":17,"Juzu Bracelet":10,"Bag of Preparation":17,"Smiling Mask":7,"BFFS":6,"PageOfWayBackHome":6,"reliquary:NewFriend":14,"hubris:FunFungus":3,"Red Mask":10,"KeepersGift":0,"PageOfBigBadWolf":10,"hubris:DisguiseKit":16,"hubris:DuctTape":6,"Happy Flower":15,"RingOfDestiny:DemonicContract":0,"SteamSale":0,"Strange Spoon":2,"Bottled Flame":13,"DALC_FOUR":14,"PageOfBlackSwan":0,"Grinning Jar":4,"HushsDoor":0,"Mirror":5,"REME_ComplimentaryCards":0},{"reliquary:Aerogel":17,"REME_ChargedStone":36,"SharpPlug":72,"Juzu Bracelet":43,"Bag of Preparation":72,"Smiling Mask":29,"BFFS":25,"PageOfWayBackHome":25,"reliquary:NewFriend":59,"hubris:FunFungus":11,"Red Mask":43,"KeepersGift":0,"PageOfBigBadWolf":43,"hubris:DisguiseKit":68,"hubris:DuctTape":25,"Happy Flower":64,"RingOfDestiny:DemonicContract":0,"SteamSale":0,"Strange Spoon":5,"Bottled Flame":55,"DALC_FOUR":59,"PageOfBlackSwan":0,"Grinning Jar":17,"HushsDoor":0,"Mirror":22,"REME_ComplimentaryCards":0}]},"card_choices":[{"not_picked":[],"picked":"DoctorFetus","floor":0.0},{"not_picked":["RingOfDestiny:EndlessDesire","RingOfDestiny:EnvyNecklace","RingOfDestiny:SarcasticSword"],"picked":"SKIP","floor":1.0},{"not_picked":["RingOfDestiny:SongOfDoomsday","RingOfDestiny:PowerOfGluttony","RingOfDestiny:MaliciousSword"],"picked":"SKIP","floor":4.0},{"not_picked":["RingOfDestiny:PowerOfEnvy","RingOfDestiny:MaliciousSword"],"picked":"RingOfDestiny:PowerOfLaziness","floor":6.0},{"not_picked":["RingOfDestiny:DemonVanguard","RingOfDestiny:SarcasticSword","RingOfDestiny:SongOfDoomsday"],"picked":"SKIP","floor":8.0},{"not_picked":["RingOfDestiny:DoomsdayProtection","RingOfDestiny:DemonSkin","RingOfDestiny:PowerOfArrogance"],"picked":"SKIP","floor":10.0},{"not_picked":["RingOfDestiny:CupOfDesire","RingOfDestiny:TemptingFruits"],"picked":"RingOfDestiny:ChainBlade","floor":12.0},{"not_picked":["RingOfDestiny:MaliciousLeakage","RingOfDestiny:ManaEnhance","RingOfDestiny:PowerOfGluttony"],"picked":"SKIP","floor":14.0},{"not_picked":["RingOfDestiny:SummonOfDoomsday","RingOfDestiny:HegemonyOfDevil"],"picked":"RingOfDestiny:VoodooDoll","floor":16.0},{"not_picked":["RingOfDestiny:EnvyNecklace","RingOfDestiny:MaliciousFang","RingOfDestiny:TemptingFruits"],"picked":"SKIP","floor":18.0},{"not_picked":["RingOfDestiny:MaliciousRelease","RingOfDestiny:TemptingFruits"],"picked":"RingOfDestiny:DoomsdayMeteorite","floor":19.0},{"not_picked":["RingOfDestiny:SongOfDoomsday","RingOfDestiny:MaskOfSuffering","RingOfDestiny:TortureBlade"],"picked":"SKIP","floor":21},{"not_picked":["RingOfDestiny:PowerOfArrogance+1","RingOfDestiny:MaliciousFang","RingOfDestiny:MaliciousRelease"],"picked":"SKIP","floor":22},{"not_picked":["RingOfDestiny:EnvyNecklace","RingOfDestiny:DoomsdayProtection"],"picked":"RingOfDestiny:HegemonyOfDevil","floor":23},{"not_picked":["RingOfDestiny:RingOfGreed","RingOfDestiny:MemoryBlade"],"picked":"RingOfDestiny:DoomsdayEcho+1","floor":25},{"not_picked":["RingOfDestiny:SoulDiversion+1","RingOfDestiny:RingOfGreed+1","RingOfDestiny:SongOfDoomsday+1"],"picked":"SKIP","floor":27},{"not_picked":["RingOfDestiny:MaliciousBarrier","RingOfDestiny:PowerOfArrogance"],"picked":"RingOfDestiny:ScepterOfGluttony","floor":29},{"not_picked":["RingOfDestiny:EndlessDesire+1","RingOfDestiny:MaliciousRelease","RingOfDestiny:DevilKing"],"picked":"Faith","floor":31}],"player_experience":47669,"relics_obtained":[{"floor":6.0,"key":"hubris:FunFungus"},{"floor":8.0,"key":"Grinning Jar"},{"floor":9.0,"key":"reliquary:Aerogel"},{"floor":10.0,"key":"Mirror"},{"floor":12.0,"key":"PageOfWayBackHome"},{"floor":14.0,"key":"Smiling Mask"},{"floor":19.0,"key":"Red Mask"},{"floor":23,"key":"Bottled Flame"},{"floor":25,"key":"reliquary:NewFriend"},{"floor":26,"key":"DALC_FOUR"},{"floor":27,"key":"Happy Flower"},{"floor":29,"key":"hubris:DisguiseKit"},{"floor":31,"key":"SharpPlug"},{"floor":32,"key":"Bag of Preparation"}],"event_choices":[{"damage_healed":0.0,"max_hp_gain":0.0,"max_hp_loss":0.0,"gold_gain":0.0,"event_name":"Shining Light","player_choice":"Entered Light","floor":2.0,"gold_loss":0.0,"damage_taken":18.0,"cards_upgraded":["RingOfDestiny:Strike_SU","RingOfDestiny:MaliciousBarrier"]},{"cards_removed":["RingOfDestiny:Strike_SU"],"damage_healed":0.0,"max_hp_gain":0.0,"max_hp_loss":0.0,"gold_gain":0.0,"event_name":"Golden Wing","player_choice":"Card Removal","floor":3.0,"gold_loss":0.0,"damage_taken":7.0},{"damage_healed":0.0,"max_hp_gain":0.0,"max_hp_loss":0.0,"gold_gain":0.0,"event_name":"Masked Bandits","player_choice":"Fought Bandits","floor":19.0,"gold_loss":0.0,"damage_taken":0.0}],"is_beta":false,"boss_relics":[{"not_picked":["reliquary:KinkedSpring","Runic Pyramid"],"picked":"REME_ChargedStone"},{"not_picked":[]}],"items_purged_floors":[13,20,30],"is_endless":false,"potions_floor_spawned":[4,8,10,12,19,21,27],"killed_by":"hubris:MusketHawk","ascension_level":3}}