{"host":"7skunfutdkk39s14","time":1614176789,"event":{"mods":["BaseMod","Downfall","Infinite Spire","Minty Spire (QoL Compilation)","StSLib"],"gold_per_floor":[99,113,213,213,30,62,62,74,104,131,143,180,202,214,245,355,367,379,391,403,435,462,574,586,598,610,622,649,661,673,705,734,846,858,870,898,924,936,333,343,343,357,406,420,420,452,452,452,472,472],"floor_reached":51,"language":"ENG","playtime":3878,"items_purged":["Regret","Decay"],"score":812,"play_id":"862c1715-798d-4a95-a995-a33cb8b72c0d","local_time":"20210224092629","is_ascension_mode":false,"campfire_choices":[{"data":"champ:HeavySlash","floor":1,"key":"SMITH"},{"data":"expansioncontent:StudyTheSpire","floor":8,"key":"SMITH"},{"data":"champ:CheapShot","floor":11,"key":"SMITH"},{"data":"champ:Improvising","floor":18,"key":"SMITH"},{"data":"champ:Lariat","floor":27,"key":"SMITH"},{"data":"champ:FaceSlap","floor":29,"key":"SMITH"},{"data":"champ:TripleStrike","floor":35,"key":"SMITH"},{"floor":47,"key":"REST"},{"data":"1","floor":47,"key":"LIFT"}],"circlet_count":0,"master_deck":["champ:Strike","champ:Strike","champ:Strike","champ:Strike","champ:Defend+1","champ:Defend","champ:Defend+1","champ:Defend","champ:Execute","champ:Taunt","champ:EnragedBash","champ:Shatter","champ:CalledShot","expansioncontent:StudyTheSpire+1","champ:StanceDance","champ:EnragedBash","champ:CheapShot+1","champ:BringItOn","champ:FaceSlap+1","champ:RisingSlash","champ:Improvising+1","champ:AdrenalArmor","champ:FocusedBerserking+1","champ:FanOfKnives+1","champ:Lariat+1","infinitespire:FutureSight+1","champ:Backstep+1","infinitespire:UltimateForm","champ:HoldFirm+1","champ:TripleStrike+1","champ:ShieldSlam+1","champ:GutPunch","Pride","champ:FaceSlap+1","expansioncontent:QuickStudy+1","champ:HoldFirm+1","champ:BerserkersShout+1","champ:ArenaPreparation+1","Writhe","champ:Parry+1","champ:CrownThrow+1","champ:Haymaker+1","champ:UltimateStance+1","Doubt","champ:PreciseThrust"],"relics":["champ:ChampionCrownUpgraded","Champion Belt","Mercury Hourglass","MawBank","War Paint","champ:BlackKnightHelmet","Darkstone Periapt","Toxic Egg 2","Black Star","infinitespire:ShieldingShard","Cursed Key","infinitespire:Lucky Rock","CaptainsWheel","Girya","infinitespire:Magic Flask","Lantern"],"acts_visited":["Exordium","TheCity","TheBeyond"],"potions_floor_usage":[5,16,16,16,23,33,33,43,43,44,50,50],"damage_taken":[{"damage":25,"enemies":"Jaw Worm","floor":2,"turns":5},{"damage":93,"enemies":"Jaw Worm","floor":3,"turns":6},{"damage":25,"enemies":"downfall:FleeingMerchant","floor":5,"turns":4},{"damage":21,"enemies":"3 Sentries","floor":6,"turns":6},{"damage":5,"enemies":"2 Louse","floor":9,"turns":3},{"damage":11,"enemies":"Cultist","floor":10,"turns":3},{"damage":10,"enemies":"Lagavulin","floor":12,"turns":5},{"damage":11,"enemies":"2 Fungi Beasts","floor":13,"turns":3},{"damage":18,"enemies":"Blue Slaver","floor":15,"turns":4},{"damage":15,"enemies":"WA_ARCHETYPE_RETAIN","floor":16,"turns":4},{"damage":0,"enemies":"Chosen","floor":19,"turns":1},{"damage":34,"enemies":"Spheric Guardian","floor":21,"turns":4},{"damage":26,"enemies":"Snake Plant","floor":22,"turns":3},{"damage":46,"enemies":"Snake Plant","floor":23,"turns":7},{"damage":71,"enemies":"Shelled Parasite and Fungi","floor":28,"turns":4},{"damage":22,"enemies":"Snecko","floor":31,"turns":4},{"damage":40,"enemies":"3 Cultists","floor":32,"turns":5},{"damage":57,"enemies":"IC_MUSHROOM_ARCHETYPE","floor":33,"turns":6},{"damage":43,"enemies":"3 Shapes","floor":36,"turns":3},{"damage":57,"enemies":"Orb Walker","floor":37,"turns":4},{"damage":49,"enemies":"downfall:FleeingMerchant","floor":39,"turns":4},{"damage":46,"enemies":"Transient","floor":40,"turns":5},{"damage":60,"enemies":"Spire Growth","floor":42,"turns":4},{"damage":46,"enemies":"2 Orb Walkers","floor":43,"turns":4},{"damage":39,"enemies":"Writhing Mass","floor":44,"turns":3},{"damage":52,"enemies":"Giant Head","floor":46,"turns":6},{"damage":19,"enemies":"4 Shapes","floor":49,"turns":4},{"damage":95,"enemies":"SI_POISON_ARCHETYPE","floor":50,"turns":6}],"seed_played":"8734280423419191487","potions_obtained":[{"floor":3,"key":"champ:OpenerPotion"},{"floor":6,"key":"LiquidBronze"},{"floor":13,"key":"Energy Potion"},{"floor":15,"key":"Swift Potion"},{"floor":16,"key":"Weak Potion"},{"floor":31,"key":"SpeedPotion"},{"floor":32,"key":"champ:OpenerPotion"},{"floor":33,"key":"LiquidMemories"},{"floor":40,"key":"ColorlessPotion"},{"floor":43,"key":"Weak Potion"},{"floor":44,"key":"BlessingOfTheForge"},{"floor":46,"key":"GamblersBrew"},{"floor":49,"key":"CultistPotion"}],"is_trial":false,"path_per_floor":["R","M","?","?","$","E","T","R","M","M","R","E","M","?","M","B",null,"R","M","?","M","M","?","T","?","?","R","M","R","AVR","M","M","B",null,"R","M","M","?","$","M","T","M","?","M","?","E","R","?","M","B",null],"character_chosen":"THE_CHAMP","items_purchased":["expansioncontent:StudyTheSpire","infinitespire:Lucky Rock","expansioncontent:QuickStudy","champ:HoldFirm+1","champ:BerserkersShout+1"],"campfire_rested":1,"item_purchase_floors":[5,39,39,39,39],"current_hp_per_floor":[90,85,22,100,95,79,79,79,79,78,78,78,72,72,64,64,100,100,100,100,86,65,34,34,46,83,83,72,72,72,75,60,28,112,112,109,97,68,74,78,84,74,48,44,44,37,74,130,130,90],"gold":472,"neow_bonus":"ONE_RANDOM_RARE_CARD","is_daily":false,"chose_seed":false,"campfire_upgraded":7,"win_rate":0.0,"timestamp":1614176789,"path_taken":["R","M","?","?","$","E","T","R","M","?","R","E","M","?","M","BOSS","R","M","?","M","M","?","T","?","?","R","?","R","AVR","M","M","BOSS","R","M","M","?","$","M","T","?","?","M","?","E","R","?","M","BOSS"],"items_purchased_type":["Card","Relic","Card","Card","Card"],"build_version":"2020-12-22","purchased_purges":2,"victory":true,"max_hp_per_floor":[90,90,90,100,100,100,100,100,100,100,100,100,100,100,100,100,100,100,100,100,100,100,100,100,112,112,112,112,112,112,112,112,112,112,112,112,112,118,118,118,124,124,124,124,124,124,124,130,130,130],"card_choices":[{"not_picked":["champ:BringItOn","champ:Haymaker"],"picked":"champ:EnragedBash","floor":2},{"not_picked":["champ:CrownThrow","champ:EndlessRage"],"picked":"champ:Shatter","floor":3},{"not_picked":["champ:SetATrap","champ:EnGarde"],"picked":"champ:CalledShot","floor":5},{"not_picked":["champ:BladeFlurry","champ:FocusedDefense"],"picked":"champ:StanceDance","floor":6},{"not_picked":["champ:StanceDance","champ:GutPunch"],"picked":"champ:EnragedBash","floor":9},{"not_picked":["champ:BerserkerStyle","champ:Haymaker"],"picked":"champ:CheapShot","floor":10},{"not_picked":["champ:Circumvent","champ:DefensiveShout"],"picked":"champ:BringItOn","floor":12},{"not_picked":["champ:Haymaker","champ:GladiatorStyle"],"picked":"champ:FaceSlap","floor":13},{"not_picked":["champ:FocusedDefense","champ:Backstep"],"picked":"champ:RisingSlash","floor":15},{"not_picked":["champ:UltimateStance","champ:Devastate"],"picked":"champ:Improvising","floor":16},{"not_picked":["champ:FocusedDefense","champ:StanceDance"],"picked":"champ:AdrenalArmor","floor":19},{"not_picked":["champ:CrownThrow","champ:Shatter"],"picked":"champ:FocusedBerserking+1","floor":21},{"not_picked":["champ:EnragedBash","champ:DefensiveShout"],"picked":"champ:FanOfKnives+1","floor":22},{"not_picked":["champ:EnGarde","champ:StanceDance"],"picked":"champ:Lariat","floor":23},{"not_picked":["infinitespire:Menacing","infinitespire:Punishment"],"picked":"infinitespire:FutureSight","floor":25},{"not_picked":["champ:TornadoPunch","champ:EnGarde+1"],"picked":"champ:Backstep+1","floor":28},{"not_picked":["champ:RapidStrikes","champ:IronFortress"],"picked":"champ:EndlessRage","floor":31},{"not_picked":["champ:EndlessRage","champ:FanOfKnives"],"picked":"champ:HoldFirm+1","floor":32},{"not_picked":["champ:IgnorePain+1","champ:Devastate"],"picked":"champ:TripleStrike","floor":33},{"not_picked":["champ:DefensiveShout+1","champ:FanOfKnives"],"picked":"champ:ShieldSlam+1","floor":36},{"not_picked":["champ:SkillfulDodge+1","champ:TornadoPunch"],"picked":"champ:GutPunch","floor":37},{"not_picked":["champ:Circumvent+1","champ:GutPunch+1"],"picked":"champ:FaceSlap+1","floor":39},{"not_picked":["champ:StanceDance+1","champ:FocusedDefense+1"],"picked":"champ:ArenaPreparation+1","floor":40},{"not_picked":["champ:EnGarde+1","champ:StanceDance+1"],"picked":"champ:Parry+1","floor":42},{"not_picked":["champ:EnragedBash","champ:RisingSlash+1"],"picked":"champ:CrownThrow+1","floor":43},{"not_picked":["champ:FanOfKnives+1","champ:ArenaPreparation+1"],"picked":"champ:Haymaker+1","floor":44},{"not_picked":["champ:ArenaPreparation+1","champ:AdrenalArmor+1"],"picked":"champ:UltimateStance+1","floor":46},{"not_picked":["champ:Backstep+1","champ:GutPunch+1"],"picked":"champ:PreciseThrust","floor":49}],"player_experience":744249,"relics_obtained":[{"floor":3,"key":"Champion Belt"},{"floor":6,"key":"Mercury Hourglass"},{"floor":7,"key":"MawBank"},{"floor":12,"key":"War Paint"},{"floor":23,"key":"champ:BlackKnightHelmet"},{"floor":23,"key":"Darkstone Periapt"},{"floor":24,"key":"Toxic Egg 2"},{"floor":41,"key":"CaptainsWheel"},{"floor":43,"key":"Girya"},{"floor":46,"key":"infinitespire:Magic Flask"},{"floor":46,"key":"Lantern"}],"event_choices":[{"cards_removed":["champ:HeavySlash"],"damage_healed":68,"gold_gain":0,"player_choice":"Offered Rare","damage_taken":0,"max_hp_gain":10,"max_hp_loss":0,"event_name":"Bonfire Elementals","floor":4,"gold_loss":0},{"damage_healed":0,"gold_gain":0,"player_choice":"Ignored","damage_taken":0,"max_hp_gain":0,"max_hp_loss":0,"event_name":"Ghosts","floor":20,"gold_loss":0},{"damage_healed":37,"gold_gain":0,"player_choice":"Heal","damage_taken":0,"max_hp_gain":0,"max_hp_loss":0,"event_name":"The Library","floor":26,"gold_loss":0},{"damage_healed":0,"gold_gain":0,"player_choice":"Fight","damage_taken":0,"max_hp_gain":0,"max_hp_loss":0,"event_name":"Mysterious Sphere","floor":43,"gold_loss":0},{"cards_removed":["champ:EndlessRage"],"damage_healed":0,"gold_gain":0,"player_choice":"Removed Power","damage_taken":0,"max_hp_gain":0,"max_hp_loss":0,"event_name":"Falling","floor":45,"gold_loss":0}],"is_beta":false,"boss_relics":[{"not_picked":["Calling Bell","SacredBark"],"picked":"champ:ChampionCrownUpgraded"},{"not_picked":["Empty Cage","bronze:MakeshiftBattery"],"picked":"Cursed Key"}],"items_purged_floors":[30,39],"is_endless":false,"potions_floor_spawned":[3,6,13,15,16,31,32,33,40,43,44,46,49],"ascension_level":0}}