{"host":"pn0n58vrtcysp2am","time":1614157349,"event":{"mods":["100% Spire Juice","ATMod(∞¢Ë™Mod)","Act Like it!","Arknights","BaseMod","CapriCore","Friendly Minions","Minty Spire (QoL Compilation)","READ ME - Guardian Mod","Remilia£®¿Ÿ√◊¿Ú—«£©","StSLib","The Immortal","Waifu the Spire","WarShipGirlsR/’ΩΩ¢…Ÿ≈ÆR mod","Youmu£®ªÍ∆«—˝√Œ£©","°æ“≈ŒÔø®≈∆°øREMEMod"],"gold_per_floor":[113,3,16,16,16,16,32,2,2,2,2,14,14,25,25,127,7,27,27,47,58,77,77,111,5,5,5,5,31,50,63,63,159,209,221,116,6,18,33,33,67,80,80,91,16,16,16,45,45,45],"floor_reached":51,"language":"ZHS","playtime":2552,"items_purged":["Moonworks:OutOfAmmo"],"score":745,"play_id":"d9c47473-63ed-44c3-a6f3-afe5ed0eb456","local_time":"20210224170229","is_ascension_mode":false,"campfire_choices":[{"data":"AT_ThistleTea","floor":6.0,"key":"SMITH"},{"data":"Moonworks:MetallicMonocoque","floor":13.0,"key":"SMITH"},{"data":"Moonworks:BindingChains","floor":15.0,"key":"SMITH"},{"data":"Moonworks:AnotherUltimateWeapon","floor":23.0,"key":"SMITH"},{"data":"Moonworks:UnpaidWork","floor":28.0,"key":"SMITH"},{"data":"Moonworks:Dash","floor":32.0,"key":"SMITH"},{"data":"Moonworks:EvilSpyWorkPreparation","floor":40,"key":"SMITH"},{"data":"Moonworks:NicePresent","floor":47,"key":"SMITH"},{"data":"Moonworks:ShieldCounter","floor":49,"key":"SMITH"}],"circlet_count":0,"master_deck":["Moonworks:Strike","Moonworks:Strike","Moonworks:Strike","Moonworks:Defend","Moonworks:Defend","Moonworks:Defend","Moonworks:Defend","Moonworks:LongDistanceShot+1","AT_ThistleTea+1","Moonworks:MetallicMonocoque+1","Moonworks:NicePresent","Moonworks:StiffCrystal+1","Moonworks:SakisCookie+1","Moonworks:Bloodlust","Moonworks:EvilSpyWorkPreparation+1","Moonworks:BindingChains+1","Moonworks:UnpaidWork+1","Moonworks:LulusLuckyEgg","Moonworks:DeployBits","Moonworks:AnotherUltimateWeapon+1","Moonworks:SakisCookie","Moonworks:RedAndBlue","Moonworks:BackdoorTrade+1","Moonworks:NicePresent+1","Moonworks:Dash+1","Moonworks:ShieldCounter+1","Moonworks:BindingChains+1","Moonworks:NicePresent+1","Moonworks:DeployBits","Moonworks:MiracleRedBeanIceCream","Moonworks:ForcedRevival+1"],"relics":["Moonworks:SBBomb","Moonworks:Homemark","REME_ComplimentaryCards","AT_ATBox","AT_ArcaneBoots","AntiCross","Bottled Tornado","Shuriken","Kunai","Darkstone Periapt","Tiny House","Ornamental Fan","AT_SunfireAegis","AT_BladeRuinedKing"],"acts_visited":["Exordium","TheCity","TheBeyond"],"potions_floor_usage":[39,44,50,50],"damage_taken":[{"damage":0.0,"enemies":"Cultist","floor":1.0,"turns":4.0},{"damage":10.0,"enemies":"Small Slimes","floor":2.0,"turns":5.0},{"damage":6.0,"enemies":"2 Louse","floor":3.0,"turns":4.0},{"damage":0.0,"enemies":"Large Slime","floor":7.0,"turns":7.0},{"damage":9.0,"enemies":"Blue Slaver","floor":12.0,"turns":4.0},{"damage":7.0,"enemies":"2 Fungi Beasts","floor":14.0,"turns":4.0},{"damage":13.0,"enemies":"The Guardian","floor":16.0,"turns":7.0},{"damage":5.0,"enemies":"Spheric Guardian","floor":18.0,"turns":2.0},{"damage":4.0,"enemies":"Chosen","floor":20.0,"turns":4.0},{"damage":17.0,"enemies":"Centurion and Healer","floor":21.0,"turns":4.0},{"damage":2.0,"enemies":"Chosen and Byrds","floor":22.0,"turns":5.0},{"damage":5.0,"enemies":"Book of Stabbing","floor":24.0,"turns":6.0},{"damage":3.0,"enemies":"3 Cultists","floor":25.0,"turns":4.0},{"damage":9.0,"enemies":"Gremlin Leader","floor":29.0,"turns":6.0},{"damage":2.0,"enemies":"Shelled Parasite and Fungi","floor":30.0,"turns":4.0},{"damage":4.0,"enemies":"Snecko","floor":31.0,"turns":4.0},{"damage":82.0,"enemies":"Champ","floor":33.0,"turns":10.0},{"damage":5,"enemies":"3 Darklings","floor":35,"turns":2},{"damage":2,"enemies":"Orb Walker","floor":36,"turns":3},{"damage":17,"enemies":"Spire Growth","floor":37,"turns":4},{"damage":6,"enemies":"3 Darklings","floor":38,"turns":3},{"damage":23,"enemies":"Writhing Mass","floor":39,"turns":5},{"damage":15,"enemies":"Giant Head","floor":41,"turns":5},{"damage":6,"enemies":"Maw","floor":42,"turns":5},{"damage":2,"enemies":"Jaw Worm Horde","floor":44,"turns":2},{"damage":3,"enemies":"Nemesis","floor":48,"turns":5},{"damage":31,"enemies":"Awakened One","floor":50,"turns":6}],"seed_played":"4708254946295168956","potions_obtained":[{"floor":2.0,"key":"Ancient Potion"},{"floor":14.0,"key":"DistilledChaos"},{"floor":16.0,"key":"EssenceOfSteel"},{"floor":19.0,"key":"SkillPotion"},{"floor":19.0,"key":"FairyPotion"},{"floor":21.0,"key":"Energy Potion"},{"floor":24.0,"key":"Energy Potion"},{"floor":29.0,"key":"REME_GoldPotion"},{"floor":34,"key":"Explosive Potion"},{"floor":37,"key":"Regen Potion"},{"floor":39,"key":"GamblersBrew"},{"floor":44,"key":"EssenceOfSteel"}],"is_trial":false,"path_per_floor":["M","M","M","?","?","R","M","?","T","T","$","M","R","M","R","B",null,"M","?","M","M","M","R","E","M","T","?","R","E","M","M","R","B",null,"M","M","M","M","M","R","E","M","T","M","$","?","R","E","R","B",null],"character_chosen":"THE_STARBREAKER","items_purchased":[],"campfire_rested":0,"item_purchase_floors":[],"current_hp_per_floor":[60,50,44,32,25,25,28,28,28,28,28,30,30,36,36,40,60,60,60,60,60,60,60,60,60,60,60,60,57,60,60,60,19,65,64,64,58,65,53,53,65,65,65,65,65,65,65,65,65,53],"gold":45,"neow_bonus":"RANDOM_COMMON_RELIC","is_daily":false,"chose_seed":false,"campfire_upgraded":9,"win_rate":0.0,"timestamp":1614157349,"path_taken":["M","M","?","?","?","R","M","?","T","?","?","M","R","?","R","BOSS","M","?","?","M","M","R","E","M","T","?","R","E","M","M","R","BOSS","M","M","M","M","M","R","E","M","T","?","$","?","R","E","R","BOSS"],"items_purchased_type":[],"build_version":"2020-12-22","purchased_purges":1,"victory":true,"max_hp_per_floor":[60,60,60,60,60,60,60,60,60,60,60,60,60,60,60,60,60,60,60,60,60,60,60,60,60,60,60,60,60,60,60,60,60,65,65,65,65,65,65,65,65,65,65,65,65,65,65,65,65,65],"card_choices":[{"not_picked":["Moonworks:ExtendedPhotonRifle","Moonworks:JonathanRush"],"picked":"Moonworks:NicePresent","floor":1.0},{"not_picked":["Moonworks:IndiscriminateFireSupport","Moonworks:CloudOfSeagulls"],"picked":"Moonworks:StiffCrystal","floor":2.0},{"not_picked":["Moonworks:DeployBits","Moonworks:JonathanRush"],"picked":"Moonworks:SakisCookie","floor":3.0},{"not_picked":["Moonworks:DeployBits","Moonworks:CompletionReward"],"picked":"Moonworks:Bloodlust","floor":7.0},{"not_picked":[],"picked":"Moonworks:EvilSpyWorkPreparation","floor":8.0},{"not_picked":[],"picked":"Moonworks:BindingChains","floor":8.0},{"not_picked":[],"picked":"Moonworks:UnpaidWork","floor":8.0},{"not_picked":["Moonworks:SelfDestruct","Moonworks:Assault"],"picked":"Moonworks:LulusLuckyEgg","floor":12.0},{"not_picked":["Moonworks:BigMagnum","Moonworks:CastOff"],"picked":"Moonworks:DeployBits","floor":14.0},{"not_picked":["Moonworks:SinkOrSwim","Moonworks:GoAway"],"picked":"Moonworks:AnotherUltimateWeapon","floor":16.0},{"not_picked":["Moonworks:IndiscriminateFireSupport","Moonworks:ReproductionOfRecords"],"picked":"Moonworks:SakisCookie","floor":18.0},{"not_picked":["Moonworks:SakisCookie+1","Moonworks:Poppoformation","Moonworks:BigMagnum+1"],"picked":"SKIP","floor":20.0},{"not_picked":["Moonworks:DeployBits","Moonworks:CloudOfSeagulls"],"picked":"Moonworks:RedAndBlue","floor":21.0},{"not_picked":["Moonworks:EvilSpyWorkPreparation","Moonworks:Accelerator","Moonworks:BigBangBell"],"picked":"SKIP","floor":22.0},{"not_picked":["Moonworks:x16BigRocket","Moonworks:TacticalRetreat","Moonworks:OutOfAmmo"],"picked":"SKIP","floor":24.0},{"not_picked":["Moonworks:DeployBits","Moonworks:Assault"],"picked":"Moonworks:BackdoorTrade+1","floor":25.0},{"not_picked":["Moonworks:x16BigRocket","Moonworks:Flamethrower"],"picked":"Moonworks:NicePresent","floor":29.0},{"not_picked":["Moonworks:Assault+1","Moonworks:BeyondHell","Moonworks:RocketCannon"],"picked":"SKIP","floor":30.0},{"not_picked":["Moonworks:BigBangBell","Moonworks:BigMagnum"],"picked":"Moonworks:Dash","floor":31.0},{"not_picked":["Moonworks:Encore","Moonworks:MeltingMemories"],"picked":"Moonworks:ShieldCounter","floor":33.0},{"not_picked":["Moonworks:DeployBits","Moonworks:SakisCookie"],"picked":"Moonworks:BindingChains+1","floor":34},{"not_picked":["Moonworks:CompletionReward","Moonworks:BindingChains"],"picked":"Moonworks:NicePresent+1","floor":35},{"not_picked":["Moonworks:Assault","Moonworks:ReproductionOfRecords+1","Moonworks:CloudOfSeagulls+1"],"picked":"SKIP","floor":36},{"not_picked":["Moonworks:LulusLuckyEgg","Moonworks:CloudOfSeagulls"],"picked":"Moonworks:DeployBits","floor":37},{"not_picked":["Moonworks:BackdoorTrade+1","Moonworks:ImOnFire+1"],"picked":"Moonworks:MiracleRedBeanIceCream","floor":38},{"not_picked":["Moonworks:DeployBits+1","Moonworks:SakisCookie"],"picked":"Moonworks:ForcedRevival+1","floor":39},{"not_picked":["Moonworks:CloudOfSeagulls","Moonworks:Assault+1","Moonworks:SakisCookie"],"picked":"SKIP","floor":41},{"not_picked":["Moonworks:BigMagnum","Moonworks:DeployBits+1","Moonworks:CloudOfSeagulls"],"picked":"SKIP","floor":42},{"not_picked":["Moonworks:IndiscriminateFireSupport+1","Moonworks:JonathanRush"],"picked":"Moonworks:OutOfAmmo","floor":44},{"not_picked":["Moonworks:SakisCookie","Moonworks:BigMagnum+1","Moonworks:LeapThroughSpace"],"picked":"SKIP","floor":48}],"player_experience":30485,"relics_obtained":[{"floor":9.0,"key":"AntiCross"},{"floor":10.0,"key":"Bottled Tornado"},{"floor":24.0,"key":"Shuriken"},{"floor":26.0,"key":"Kunai"},{"floor":29.0,"key":"Darkstone Periapt"},{"floor":41,"key":"Ornamental Fan"},{"floor":43,"key":"AT_SunfireAegis"},{"floor":48,"key":"AT_BladeRuinedKing"}],"event_choices":[{"damage_healed":0.0,"max_hp_gain":0.0,"max_hp_loss":0.0,"gold_gain":0.0,"event_name":"Shining Light","player_choice":"Entered Light","floor":4.0,"gold_loss":0.0,"damage_taken":12.0,"cards_upgraded":["Moonworks:Ambush","Moonworks:SakisCookie"]},{"cards_removed":["Moonworks:Strike"],"damage_healed":0.0,"max_hp_gain":0.0,"max_hp_loss":0.0,"gold_gain":0.0,"event_name":"Golden Wing","player_choice":"Card Removal","floor":5.0,"gold_loss":0.0,"damage_taken":7.0},{"damage_healed":0.0,"max_hp_gain":0.0,"max_hp_loss":0.0,"gold_gain":0.0,"event_name":"Lab","player_choice":"Got Potions","floor":19.0,"gold_loss":0.0,"damage_taken":0.0},{"damage_healed":0.0,"max_hp_gain":0.0,"max_hp_loss":0.0,"gold_gain":0.0,"event_name":"Upgrade Shrine","player_choice":"Upgraded","floor":27.0,"gold_loss":0.0,"damage_taken":0.0,"cards_upgraded":["Moonworks:StiffCrystal"]},{"cards_removed":["Moonworks:Ambush"],"damage_healed":0,"gold_gain":0,"player_choice":"Removed Attack","damage_taken":0,"max_hp_gain":0,"max_hp_loss":0,"event_name":"Falling","floor":46,"gold_loss":0}],"is_beta":false,"boss_relics":[{"not_picked":["Empty Cage","Snecko Eye"],"picked":"Moonworks:SBBomb"},{"not_picked":["SlaversCollar","SacredBark"],"picked":"Tiny House"}],"items_purged_floors":[45],"is_endless":false,"potions_floor_spawned":[2,14,16,21,22,24,29,37,38,39,44,48],"ascension_level":0}}