{"host":"i29s15dsg0c43zmx","time":1614187217,"event":{"mods":["AchievementEnabler","BaseMod","Colored Map","Minty Spire (QoL Compilation)","StSLib"],"gold_per_floor":[110,60,74,93,93,112,128,128,128,141,141,141,141],"floor_reached":12,"language":"ENG","playtime":382,"items_purged":[],"score":72,"play_id":"0a391aa3-b064-4705-bc0b-ce8fe2d48b6b","local_time":"20210224182017","is_ascension_mode":false,"campfire_choices":[],"circlet_count":0,"master_deck":["Strike_P","Strike_P","Strike_P","Defend_P","Defend_P","Defend_P","Eruption","Vigilance","Sanctity","Vault","FlurryOfBlows","PathToVictory","EmptyFist","Shame","Vengeance","ThirdEye"],"relics":["PureWater","Gremlin Horn","Golden Idol"],"acts_visited":["Exordium"],"potions_floor_usage":[],"damage_taken":[{"damage":12,"enemies":"Small Slimes","floor":1,"turns":6},{"damage":0,"enemies":"Cultist","floor":3,"turns":3},{"damage":6,"enemies":"Jaw Worm","floor":4,"turns":5},{"damage":4,"enemies":"Looter","floor":6,"turns":4},{"damage":6,"enemies":"3 Louse","floor":7,"turns":4},{"damage":8,"enemies":"2 Fungi Beasts","floor":10,"turns":3},{"damage":53,"enemies":"Gremlin Nob","floor":12,"turns":3}],"seed_played":"4130207663558696778","potions_obtained":[{"floor":3,"key":"LiquidMemories"},{"floor":6,"key":"Block Potion"},{"floor":10,"key":"SpeedPotion"}],"is_trial":false,"path_per_floor":["M","$","M","M","?","M","M","?","T","M","?","E"],"character_chosen":"WATCHER","items_purchased":["PathToVictory"],"campfire_rested":0,"item_purchase_floors":[2],"current_hp_per_floor":[60,60,60,54,54,50,44,44,44,36,36,0,0],"gold":141,"neow_bonus":"TRANSFORM_TWO_CARDS","is_daily":false,"chose_seed":false,"campfire_upgraded":0,"win_rate":0.0,"timestamp":1614187217,"path_taken":["M","$","M","M","?","M","?","?","T","M","?","E"],"items_purchased_type":["Card"],"build_version":"2020-12-22","purchased_purges":0,"victory":false,"max_hp_per_floor":[72,72,72,72,69,69,69,69,69,69,64,64,64],"card_choices":[{"not_picked":["Evaluate","SashWhip"],"picked":"FlurryOfBlows","floor":1},{"not_picked":["ClearTheMind","SashWhip","Evaluate"],"picked":"SKIP","floor":3},{"not_picked":["Collect","Protect"],"picked":"EmptyFist","floor":4},{"not_picked":["Consecrate","Sanctity"],"picked":"Vengeance","floor":6},{"not_picked":["Consecrate","WaveOfTheHand"],"picked":"ThirdEye","floor":7},{"not_picked":["Evaluate","Crescendo","BowlingBash"],"picked":"SKIP","floor":10}],"player_experience":132210,"relics_obtained":[{"floor":9,"key":"Gremlin Horn"}],"event_choices":[{"damage_healed":0,"gold_gain":0,"cards_transformed":["Parasite"],"player_choice":"Transformed","damage_taken":0,"max_hp_gain":0,"max_hp_loss":0,"event_name":"Transmorgrifier","floor":5,"gold_loss":0,"cards_obtained":["Shame"]},{"damage_healed":0,"gold_gain":0,"player_choice":"Ignored","damage_taken":0,"max_hp_gain":0,"max_hp_loss":0,"event_name":"Liars Game","floor":8,"gold_loss":0},{"damage_healed":0,"gold_gain":0,"player_choice":"Lose Max HP","damage_taken":0,"relics_obtained":["Golden Idol"],"max_hp_gain":0,"max_hp_loss":5,"event_name":"Golden Idol","floor":11,"gold_loss":0}],"is_beta":false,"boss_relics":[],"items_purged_floors":[],"is_endless":false,"potions_floor_spawned":[3,6,10],"killed_by":"Gremlin Nob","ascension_level":0}}