{"host":"5qkhoeeerm2epmkk","time":1614207055,"event":{"mods":["Aspiration","BaseMod","Block Reminder","Colored Map","Colored Powertips","Conspire","Custom Start","Energized Spire","GifTheSpireLib","Halation","Jedi Mod","Minty Spire (QoL Compilation)","Quick Restart","Replay The Spire","Shop Mod","StSLib","Stuff the Spire","SuperFastMode","The Animator","Trackpad"],"gold_per_floor":[119,19,35,35,35,35,62,114,114,114,189,242,242,289,371,437,437,560,560,605,94,127,157,157,157,206,206,206,206,233,233,79,79,79,98,98],"floor_reached":35,"language":"ENG","playtime":2753,"items_purged":["Strike_R"],"score":718,"play_id":"91414c41-b56a-4d29-a5e9-808784de1854","local_time":"20210224175055","is_ascension_mode":true,"campfire_choices":[{"data":"Disarm","floor":6.0,"key":"SMITH"},{"data":"Clothesline","floor":13.0,"key":"SMITH"},{"floor":17.0,"key":"REST"},{"floor":25,"key":"REST"},{"data":"Limit Break","floor":29,"key":"SMITH"},{"floor":31,"key":"REST"},{"data":"jedi:fear","floor":34,"key":"SMITH"}],"circlet_count":0,"master_deck":["AscendersBane","Strike_R","Strike_R","Strike_R+1","Strike_R","Defend_R","Defend_R","Defend_R","Defend_R+1","Bash","Disarm+1","conspire:SpireCoStock","conspire:SpireCoStock","Clothesline+1","StuffTheSpire:Slingshot","Flex","Disarm","Dropkick","Limit Break+1","ReplayTheSpireMod:Stacked","jedi:fear+1","Replay:Sssssssssstrike","ReplayTheSpireMod:Limb From Limb","StuffTheSpire:Slingshot","Limit Break","ReplayTheSpireMod:Stacked","ReplayTheSpireMod:Muscle Training","Replay:Many Hands"],"relics":["Burning Blood","NeowsBlessing","Garlic","trackpad:BottledShadow","Gremlin Horn","conspire:DecoderRing","ReplayTheSpireMod:Spearhead","aspiration:HummingbirdHeart","aspiration:PoetsPen_weak","Simple Rune","MutagenicStrength","StuffTheSpire:GrapeVine","jedi:Pinwheel","Regal Pillow"],"acts_visited":["Exordium","TheCity"],"potions_floor_usage":[30],"damage_taken":[{"damage":0.0,"enemies":"Cultist","floor":1.0,"turns":1.0},{"damage":0.0,"enemies":"Small Slimes","floor":3.0,"turns":1.0},{"damage":0.0,"enemies":"Replay:BlueRogue","floor":7.0,"turns":1.0},{"damage":13.0,"enemies":"Jaw Worm","floor":8.0,"turns":5.0},{"damage":6.0,"enemies":"Gremlin Nob","floor":12.0,"turns":3.0},{"damage":14.0,"enemies":"Lagavulin","floor":14.0,"turns":7.0},{"damage":23.0,"enemies":"3 Sentries","floor":15.0,"turns":8.0},{"damage":4.0,"enemies":"Blue Slaver","floor":16.0,"turns":4.0},{"damage":50.0,"enemies":"Fading Forest","floor":18.0,"turns":11.0},{"damage":24.0,"enemies":"2 Thieves","floor":20.0,"turns":4.0},{"damage":0.0,"enemies":"conspire:FuzzyDice","floor":22.0,"turns":6.0},{"damage":6,"enemies":"Centurion and Healer","floor":23,"turns":5},{"damage":13,"enemies":"conspire:Head Lice","floor":26,"turns":3},{"damage":39,"enemies":"Book of Stabbing","floor":30,"turns":6},{"damage":75,"enemies":"Automaton","floor":35,"turns":6}],"seed_played":"-1127984856692143265","potions_obtained":[{"floor":1.0,"key":"Adrenaline Potion"},{"floor":3.0,"key":"Doom Potion"},{"floor":7.0,"key":"AttackPotion"},{"floor":15.0,"key":"Swift Potion"},{"floor":22.0,"key":"EssenceOfSteel"}],"is_trial":false,"path_per_floor":["M","?","M","?","$","R","E","M","PTL","PTL","T","E","R","E","?","M","R","B",null,"M","$","M","M","?","R","E","?","T","R","E","R","$","$","R","B"],"character_chosen":"IRONCLAD","items_purchased":["ReplayTheSpireMod:Stacked","jedi:fear","Replay:Sssssssssstrike","Simple Rune","ReplayTheSpireMod:Limb From Limb","Replay:Many Hands"],"campfire_rested":3,"item_purchase_floors":[21,21,21,21,21,32],"current_hp_per_floor":[74,74,75,57,57,57,63,56,56,56,56,56,56,48,31,33,55,11,59,41,41,47,47,47,69,62,62,62,62,29,66,66,66,66,0,0],"gold":98,"neow_bonus":"THREE_ENEMY_KILL","is_daily":false,"chose_seed":false,"campfire_upgraded":4,"win_rate":0.0,"timestamp":1614207055,"path_taken":["M","?","M","?","$","R","E","?","PTL","PTL","T","E","R","E","?","M","R","BOSS","M","$","M","M","?","R","E","?","T","R","E","R","?","$","R","BOSS"],"items_purchased_type":["Card","Card","Card","Relic","Card","Card"],"build_version":"2020-12-22","purchased_purges":1,"victory":false,"max_hp_per_floor":[75,75,75,75,75,75,75,75,75,75,75,75,75,75,75,75,75,75,75,75,75,75,75,75,75,75,75,75,75,75,75,75,75,75,75,75],"card_choices":[{"not_picked":["Shrug It Off","Body Slam"],"picked":"Disarm","floor":1.0},{"not_picked":["Flex","Fiend Fire","Warcry"],"picked":"SKIP","floor":3.0},{"not_picked":["Dropkick","Bloodletting"],"picked":"Clothesline","floor":7.0},{"not_picked":["Warcry","Body Slam","Pommel Strike"],"picked":"SKIP","floor":8.0},{"not_picked":["Pommel Strike","ReplayTheSpireMod:Strike From Hell"],"picked":"StuffTheSpire:Slingshot","floor":12.0},{"not_picked":["True Grit","Iron Wave"],"picked":"Flex","floor":14.0},{"not_picked":["Immolate","Run Through"],"picked":"Disarm","floor":15.0},{"not_picked":["StuffTheSpire:Slingshot","Massacre"],"picked":"Dropkick","floor":16.0},{"not_picked":["Bludgeon","Demon Form"],"picked":"Limit Break","floor":18.0},{"not_picked":["Sword Boomerang","ReplayReversal","Clash"],"picked":"SKIP","floor":20.0},{"not_picked":["Cleave","Clothesline"],"picked":"StuffTheSpire:Slingshot","floor":22.0},{"not_picked":["Clash+1","jedi:collectorstrike"],"picked":"Limit Break","floor":23},{"not_picked":["Battle Trance","Flame Barrier"],"picked":"ReplayTheSpireMod:Stacked","floor":26},{"not_picked":["Blood for Blood","Clash"],"picked":"ReplayTheSpireMod:Muscle Training","floor":30}],"player_experience":1879229,"relics_obtained":[{"floor":7.0,"key":"trackpad:BottledShadow"},{"floor":11.0,"key":"Gremlin Horn"},{"floor":12.0,"key":"conspire:DecoderRing"},{"floor":14.0,"key":"ReplayTheSpireMod:Spearhead"},{"floor":15.0,"key":"aspiration:HummingbirdHeart"},{"floor":26,"key":"StuffTheSpire:GrapeVine"},{"floor":28,"key":"jedi:Pinwheel"},{"floor":30,"key":"Regal Pillow"}],"event_choices":[{"damage_healed":0.0,"max_hp_gain":0.0,"max_hp_loss":0.0,"gold_gain":0.0,"event_name":"conspire:Investor","player_choice":"Invest 2","floor":2.0,"gold_loss":0.0,"damage_taken":0.0},{"damage_healed":0.0,"max_hp_gain":0.0,"max_hp_loss":0.0,"gold_gain":0.0,"event_name":"Scrap Ooze","player_choice":"Success","floor":4.0,"gold_loss":0.0,"damage_taken":18.0,"relics_obtained":["Garlic"]},{"damage_healed":0.0,"max_hp_gain":0.0,"max_hp_loss":0.0,"gold_gain":0.0,"event_name":"Dead Adventurer","player_choice":"Searched \u00272\u0027 times","floor":15.0,"gold_loss":0.0,"damage_taken":0.0},{"damage_healed":0,"gold_gain":0,"player_choice":"Inject Mutagens","damage_taken":0,"relics_obtained":["MutagenicStrength"],"max_hp_gain":0,"max_hp_loss":0,"event_name":"Drug Dealer","floor":24,"gold_loss":0}],"is_beta":false,"boss_relics":[{"not_picked":["aspiration:DefectSkillbook","energizedSpire:DecayingSkull"],"picked":"aspiration:PoetsPen_weak"}],"items_purged_floors":[21],"is_endless":false,"potions_floor_spawned":[1,3,7,15,16,22],"killed_by":"Automaton","ascension_level":20}}