{"host":"w7dhjqgqsib0c3vt","time":1614151464,"event":{"mods":["ATMod(°¢èªMod)","Act Like it!","BaseMod","Dota2Spire","Minty Spire (QoL Compilation)","Replay The Spire","Ruina","Shop Mod","Spicy Shops","StSLib","The Marked"],"gold_per_floor":[115,311,329,329,329,329,361,377,403,29,57,72,86,105,105,203,203,223,223,223,223,223,223],"floor_reached":22,"language":"ZHS","playtime":1049,"items_purged":["ReplayTheSpireMod:Splinters"],"score":219,"play_id":"8b14737b-6bb5-42e9-ba1f-a877d1bfec96","local_time":"20210224152424","is_ascension_mode":false,"campfire_choices":[{"data":"AT_ChampionKick","floor":6.0,"key":"SMITH"},{"floor":15,"key":"REST"}],"circlet_count":0,"master_deck":["theMarked:Strike","theMarked:Strike","theMarked:Strike","theMarked:Strike","theMarked:Strike","theMarked:Defend","theMarked:Defend+1","theMarked:Defend","theMarked:SoldierOfQuellstein","AT_ChampionKick+1","theMarked:OneWithTheBlade","theMarked:Indomitable","theMarked:ElectricStrings","theMarked:MysticalArsenal+1","theMarked:CreepingChasm","theMarked:Polarize","Pot Of Greed","Pot Of Greed","theMarked:BindingBlade","theMarked:WastefulAttack","theMarked:DispelDoubt","theMarked:ChainLightning","theMarked:EmpowerWeapon","Crow Ritual","Pot Of Greed","Dramatic Entrance","Crow Ritual","theMarked:HeightenedSenses","theMarked:UnarmedFury","theMarked:ChannelForce","theMarked:Heritage","theMarked:Abjuration","Parasite","theMarked:Parkour"],"relics":["theMarked:ArtifactOfAir","AT_ATBox","NeowsBlessing","Grinning Jar","MerchantsRug","ReplayTheSpireMod:ShopPack","Orrery","Omamori","Replay:Ancient Bell","ReplayTheSpireMod:Lightbulb","AT_BellowingDragoncrestRing","Calipers"],"acts_visited":["Exordium","Exordium"],"potions_floor_usage":[13,14,16,18],"damage_taken":[{"damage":0.0,"enemies":"Jaw Worm","floor":1.0,"turns":1.0},{"damage":2.0,"enemies":"2 Louse","floor":3.0,"turns":2.0},{"damage":0.0,"enemies":"Replay:BlueRogue","floor":7.0,"turns":1.0},{"damage":9.0,"enemies":"Cultist","floor":8.0,"turns":4.0},{"damage":22.0,"enemies":"Gremlin Nob","floor":11.0,"turns":3.0},{"damage":11.0,"enemies":"Large Slime","floor":12.0,"turns":3.0},{"damage":0,"enemies":"2 Fungi Beasts","floor":13,"turns":2},{"damage":2,"enemies":"Blue Slaver","floor":14,"turns":2},{"damage":15,"enemies":"Slime Boss","floor":16,"turns":8},{"damage":59,"enemies":"ruina:3_Bats","floor":18,"turns":7},{"damage":25,"enemies":"ruina:BadWolf","floor":22,"turns":2}],"seed_played":"3798520903743688409","potions_obtained":[{"floor":1.0,"key":"FearPotion"},{"floor":7.0,"key":"Death Potion"},{"floor":8.0,"key":"Fruit Juice"},{"floor":11.0,"key":"Block Potion"},{"floor":13,"key":"Energy Potion"},{"floor":16,"key":"BlessingOfTheForge"}],"is_trial":false,"path_per_floor":["M","?","M","?","?","R","E","M","T","$","E","M","M","M","R","B",null,"M","?","PTL","PTL","M"],"character_chosen":"THE_DEFAULT","items_purchased":["MerchantsRug","ReplayTheSpireMod:ShopPack","Orrery"],"campfire_rested":1,"item_purchase_floors":[10,10,10],"current_hp_per_floor":[72,72,70,70,70,70,70,66,66,66,44,33,33,31,54,39,77,18,18,18,18,0,0],"gold":223,"neow_bonus":"THREE_ENEMY_KILL","is_daily":false,"chose_seed":false,"campfire_upgraded":1,"win_rate":0.0,"timestamp":1614151464,"path_taken":["M","?","M","?","?","R","E","M","T","$","E","M","M","M","R","BOSS","M","?","PTL","PTL","M"],"items_purchased_type":["Relic","Relic","Relic"],"build_version":"2020-12-22","purchased_purges":1,"victory":false,"max_hp_per_floor":[72,72,72,72,72,72,72,77,77,77,77,77,77,77,77,77,77,77,77,77,77,77,77],"card_choices":[{"not_picked":["theMarked:Electrify","theMarked:ContemptForTheProud"],"picked":"theMarked:OneWithTheBlade","floor":1.0},{"not_picked":["theMarked:EnhanceMovement","theMarked:WardOff"],"picked":"theMarked:Indomitable","floor":2.0},{"not_picked":["theMarked:ChainLightning","theMarked:TakeCover"],"picked":"theMarked:ElectricStrings","floor":3.0},{"not_picked":["theMarked:ComboAttacks","theMarked:Indomitable"],"picked":"theMarked:CreepingChasm","floor":7.0},{"not_picked":["theMarked:ContemptForTheProud","theMarked:ChainLightning"],"picked":"theMarked:Polarize","floor":8.0},{"not_picked":["theMarked:HeightenedSenses","theMarked:ResourceFulStrike"],"picked":"theMarked:BindingBlade","floor":10.0},{"not_picked":["theMarked:Memento","theMarked:TakeCover"],"picked":"theMarked:WastefulAttack","floor":10.0},{"not_picked":["theMarked:CreepingChasm","theMarked:ResourceFulStrike"],"picked":"theMarked:DispelDoubt","floor":10.0},{"not_picked":["theMarked:Memento","theMarked:TakeCover"],"picked":"theMarked:ChainLightning","floor":10.0},{"not_picked":["theMarked:Improvise","theMarked:KeepCalmAndFight"],"picked":"theMarked:EmpowerWeapon","floor":10.0},{"not_picked":["Mayhem","Poisoned Strike"],"picked":"Crow Ritual","floor":10.0},{"not_picked":["AT_BreakingExtremeWeapon","Dark Shackles"],"picked":"Dramatic Entrance","floor":10.0},{"not_picked":["Midas Touch","Deep Breath"],"picked":"Crow Ritual","floor":10.0},{"not_picked":["theMarked:WastefulAttack","theMarked:KeepCalmAndFight"],"picked":"theMarked:HeightenedSenses","floor":11.0},{"not_picked":["theMarked:Memento","theMarked:KeepCalmAndFight"],"picked":"theMarked:UnarmedFury","floor":12.0},{"not_picked":["theMarked:ChainLightning","theMarked:ParalyzingBlade"],"picked":"theMarked:ChannelForce","floor":13},{"not_picked":["theMarked:BanishingStrike","theMarked:WastefulAttack"],"picked":"theMarked:Heritage","floor":14},{"not_picked":["theMarked:Defy","theMarked:Snap"],"picked":"theMarked:Abjuration","floor":16},{"not_picked":["Pain","Amnesia"],"picked":"Sickly","floor":17},{"not_picked":["Replay:Hysterical Blindness","Delirium"],"picked":"Injury","floor":17},{"not_picked":["Overencumbered","Replay:Hysterical Blindness"],"picked":"Parasite","floor":17},{"not_picked":["theMarked:ElectricStrings","theMarked:ChannelForce"],"picked":"theMarked:Parkour","floor":18}],"player_experience":637828,"relics_obtained":[{"floor":7.0,"key":"Dota2Spire:MagicBottle"},{"floor":9.0,"key":"Grinning Jar"},{"floor":11.0,"key":"Omamori"}],"event_choices":[],"is_beta":false,"boss_relics":[{"not_picked":["ReplayTheSpireMod:DimensionalGlitch","Snecko Eye"],"picked":"Replay:Ancient Bell"},{"not_picked":["Centennial Puzzle","Replay:Wax Seal"],"picked":"ReplayTheSpireMod:Lightbulb"},{"not_picked":["AT_SilverBalance","Meat on the Bone"],"picked":"AT_BellowingDragoncrestRing"},{"not_picked":["Torii","theMarked:SecretDocuments"],"picked":"Calipers"}],"items_purged_floors":[10],"is_endless":false,"potions_floor_spawned":[1,7,8,11,13,16],"killed_by":"ruina:BadWolf","ascension_level":0}}