{"host":"prxrhpgaxnj4om9r","time":1614155325,"event":{"mods":["AchievementEnabler","BaseMod","Colored Map","DeckTracker","Minty Spire (QoL Compilation)"],"gold_per_floor":[219,236,411,422,422,452,479,495,520,109,125,125,90,16,16,119,119,135,161,161,178,193,193,205,205,205],"floor_reached":25,"language":"KOR","playtime":1097,"items_purged":[],"score":264,"play_id":"560a03ef-c35d-41ca-adbf-d786b75174d0","local_time":"20210224172845","is_ascension_mode":true,"campfire_choices":[{"floor":12,"key":"REST"},{"data":"Accuracy","floor":15,"key":"SMITH"},{"data":"Phantasmal Killer","floor":23,"key":"SMITH"}],"circlet_count":0,"master_deck":["Survivor","Neutralize","Blade Dance","Dagger Spray","Acrobatics","Cloak And Dagger","Dagger Throw","PiercingWail","Glass Knife","Backstab","Accuracy+1","Storm of Steel","Expertise","Grand Finale","Reflex","Tactician","Infinite Blades","Escape Plan","A Thousand Cuts","Footwork","Phantasmal Killer+1","Dagger Throw","Deflect+1","Noxious Fumes","Blade Dance+1","Finisher","Caltrops+1"],"relics":["Ring of the Snake","Strawberry","Odd Mushroom","Blood Vial","Ornamental Fan","Pandora\u0027s Box","Red Mask"],"acts_visited":["Exordium","TheCity"],"potions_floor_usage":[6,18,19,22],"damage_taken":[{"damage":0,"enemies":"Small Slimes","floor":1,"turns":3},{"damage":5,"enemies":"Jaw Worm","floor":2,"turns":4},{"damage":0,"enemies":"2 Louse","floor":4,"turns":2},{"damage":32,"enemies":"3 Sentries","floor":6,"turns":8},{"damage":27,"enemies":"The Mushroom Lair","floor":7,"turns":5},{"damage":8,"enemies":"Blue Slaver","floor":8,"turns":4},{"damage":4,"enemies":"Looter","floor":11,"turns":3},{"damage":30,"enemies":"The Guardian","floor":16,"turns":12},{"damage":9,"enemies":"2 Thieves","floor":18,"turns":2},{"damage":2,"enemies":"Masked Bandits","floor":19,"turns":3},{"damage":0,"enemies":"Chosen","floor":21,"turns":4},{"damage":4,"enemies":"Centurion and Healer","floor":22,"turns":3},{"damage":0,"enemies":"Cultist and Chosen","floor":24,"turns":3},{"damage":61,"enemies":"Book of Stabbing","floor":25,"turns":5}],"seed_played":"8070229265142091799","potions_obtained":[{"floor":4,"key":"Regen Potion"},{"floor":11,"key":"LiquidMemories"},{"floor":16,"key":"Explosive Potion"},{"floor":18,"key":"BlessingOfTheForge"},{"floor":22,"key":"Energy Potion"}],"is_trial":false,"path_per_floor":["M","M","?","M","?","E","?","M","T","$","M","R","?","$","R","B",null,"M","?","?","M","M","R","M","E"],"character_chosen":"THE_SILENT","items_purchased":["Ornamental Fan","Glass Knife","Accuracy"],"campfire_rested":1,"item_purchase_floors":[10,10,14],"current_hp_per_floor":[63,58,58,58,58,48,21,13,13,13,11,34,53,53,53,25,64,57,57,57,59,57,57,59,0,0],"gold":205,"neow_bonus":"HUNDRED_GOLD","is_daily":false,"chose_seed":false,"campfire_upgraded":2,"win_rate":0.0,"timestamp":1614155325,"path_taken":["M","M","?","M","?","E","?","?","T","$","M","R","?","?","R","BOSS","M","?","?","M","M","R","M","E"],"items_purchased_type":["Relic","Card","Card"],"build_version":"2020-12-22","purchased_purges":0,"victory":false,"max_hp_per_floor":[70,70,70,70,70,77,77,77,77,77,77,77,77,77,77,77,77,77,77,77,77,77,77,77,77,77],"card_choices":[{"not_picked":["Acrobatics","Infinite Blades"],"picked":"Blade Dance","floor":1},{"not_picked":["Cloak And Dagger","Deadly Poison"],"picked":"Dagger Spray","floor":2},{"not_picked":["Reflex","Outmaneuver"],"picked":"Acrobatics","floor":4},{"not_picked":["Unload","Grand Finale"],"picked":"Cloak And Dagger","floor":6},{"not_picked":["Flechettes","Cloak And Dagger"],"picked":"Dagger Throw","floor":7},{"not_picked":["Dodge and Roll","Catalyst"],"picked":"PiercingWail","floor":8},{"not_picked":["Deadly Poison","Blade Dance"],"picked":"Backstab","floor":11},{"not_picked":["Die Die Die","A Thousand Cuts"],"picked":"Storm of Steel","floor":16},{"not_picked":["Sucker Punch","PiercingWail"],"picked":"Deflect+1","floor":18},{"not_picked":["Heel Hook","PiercingWail+1"],"picked":"Noxious Fumes","floor":19},{"not_picked":["Tactician","Underhanded Strike"],"picked":"Blade Dance+1","floor":21},{"not_picked":["Sucker Punch","Slice"],"picked":"Finisher","floor":22},{"not_picked":["Flying Knee","Dagger Spray"],"picked":"Caltrops+1","floor":24}],"player_experience":626904,"relics_obtained":[{"floor":6,"key":"Strawberry"},{"floor":7,"key":"Odd Mushroom"},{"floor":9,"key":"Blood Vial"},{"floor":19,"key":"Red Mask"}],"event_choices":[{"damage_healed":0,"gold_gain":175,"player_choice":"AGREE","damage_taken":0,"max_hp_gain":0,"max_hp_loss":0,"event_name":"Liars Game","floor":3,"gold_loss":0,"cards_obtained":["Doubt"]},{"cards_removed":["Doubt"],"damage_healed":0,"gold_gain":0,"player_choice":"Forget","damage_taken":0,"max_hp_gain":0,"max_hp_loss":0,"event_name":"Living Wall","floor":5,"gold_loss":0},{"damage_healed":0,"gold_gain":0,"player_choice":"Fought Mushrooms","damage_taken":0,"max_hp_gain":0,"max_hp_loss":0,"event_name":"Mushrooms","floor":7,"gold_loss":0},{"damage_healed":19,"gold_gain":0,"player_choice":"Healed","damage_taken":0,"max_hp_gain":0,"max_hp_loss":0,"event_name":"The Cleric","floor":13,"gold_loss":35},{"damage_healed":0,"gold_gain":0,"player_choice":"Fought Bandits","damage_taken":0,"max_hp_gain":0,"max_hp_loss":0,"event_name":"Masked Bandits","floor":19,"gold_loss":0},{"damage_healed":0,"gold_gain":0,"player_choice":"Ignored","damage_taken":0,"max_hp_gain":0,"max_hp_loss":0,"event_name":"Ghosts","floor":20,"gold_loss":0}],"is_beta":false,"boss_relics":[{"not_picked":["HoveringKite","Tiny House"],"picked":"Pandora\u0027s Box"}],"items_purged_floors":[],"is_endless":false,"potions_floor_spawned":[4,11,16,18,22],"killed_by":"Book of Stabbing","ascension_level":6}}