{"host":"t9zjxed0utvsfjwc","time":1614148977,"event":{"mods":["2.2 Compatiblity","A Penny For Your Troubles","Act Like it!","Aspiration","BaseMod","Bestiary","Better Altar","Better Match","Better Note","Better Sensory Stone","Better Skull","Better Synergies","Better Third Choice","Better Vampires","BetterRewards","Block Reminder","Bossed Relics","Colored Map","Colored Powertips","Conspire","Defuse TimeMaze Blight","Energized Spire","Friendly Minions","GifTheSpireLib","Highlight Path","Hubris","Infinite Spire","Library of Ruina","Library of Ruina Extra","Minty Spire (QoL Compilation)","Quick Restart","Rare Cards Sparkle","Relic Sorter","Relic Stats","Reliquary","Replay The Spire","StS++","StSLib","Stuff the Spire","Unceasing Turn Reminder","everything is the same but u backflip on backflip"],"gold_per_floor":[119,44,44,57,57,57,91,91,170,182,182,34,73,21,21,21,21],"floor_reached":16,"language":"ENG","playtime":1473,"items_purged":["Strike_R"],"score":111,"play_id":"11832422-2815-4bc2-8b18-af3e80844c56","local_time":"20210224064257","is_ascension_mode":true,"campfire_choices":[{"floor":6,"key":"RECALL"},{"data":"Anger","floor":8,"key":"SMITH"},{"floor":15,"key":"REST"}],"circlet_count":0,"master_deck":["Strike_R","Strike_R","Strike_R","Strike_R","Defend_R","Defend_R","Defend_R","Defend_R","Bash","Anger+1","Flex","Inflame","Cleave"],"relics":["Burning Blood","PageOfLibrarian","aspiration:Nostalgia","Replay:Mystery Machine","Nunchaku","PageOfLittleHelper","Golden Idol","Omamori","StuffTheSpire:Experiment12"],"acts_visited":["Exordium"],"potions_floor_usage":[7,13,16,16,16],"damage_taken":[{"damage":2,"enemies":"2 Louse","floor":1,"turns":3},{"damage":0,"enemies":"Cultist","floor":4,"turns":3},{"damage":40,"enemies":"Lagavulin","floor":7,"turns":7},{"damage":0,"enemies":"Small Slimes","floor":10,"turns":4},{"damage":30,"enemies":"3 Sentries","floor":13,"turns":7},{"damage":31,"enemies":"The Guardian","floor":16,"turns":6}],"seed_played":"1961386242975158625","potions_obtained":[{"floor":1,"key":"Elixir"},{"floor":3,"key":"EssenceOfSteel"},{"floor":3,"key":"Elixir"},{"floor":13,"key":"DistilledChaos"}],"is_trial":false,"path_per_floor":["M","$","?","M","?","R","E","R","T","M","?","$","E","$","R","B"],"character_chosen":"IRONCLAD","items_purchased":["Omamori","SteroidPotion"],"campfire_rested":1,"item_purchase_floors":[12,14],"current_hp_per_floor":[80,80,80,80,80,80,46,46,46,52,32,32,8,8,32,1,1],"gold":21,"neow_bonus":"NOSTALGIA","is_daily":false,"chose_seed":false,"campfire_upgraded":1,"win_rate":0.0,"timestamp":1614148977,"path_taken":["M","$","?","?","?","R","E","R","T","M","?","$","E","?","R","BOSS"],"items_purchased_type":["Relic","Potion"],"build_version":"2020-12-22","purchased_purges":1,"victory":false,"max_hp_per_floor":[80,80,80,82,82,80,80,80,80,80,80,80,80,80,80,80,80],"relic_stats":{"Nunchaku":[3],"counters":[6,30],"Golden Idol":8,"obtain_stats":[{"PageOfLibrarian":0,"StuffTheSpire:Experiment12":13,"Nunchaku":7,"aspiration:Nostalgia":0,"Golden Idol":11,"PageOfLittleHelper":9,"Omamori":12,"Replay:Mystery Machine":5,"Burning Blood":0},{"PageOfLibrarian":0,"StuffTheSpire:Experiment12":5,"Nunchaku":3,"aspiration:Nostalgia":0,"Golden Idol":4,"PageOfLittleHelper":3,"Omamori":4,"Replay:Mystery Machine":2,"Burning Blood":0},{"PageOfLibrarian":0,"StuffTheSpire:Experiment12":24,"Nunchaku":13,"aspiration:Nostalgia":0,"Golden Idol":17,"PageOfLittleHelper":13,"Omamori":17,"Replay:Mystery Machine":6,"Burning Blood":0}],"Burning Blood":20},"card_choices":[{"not_picked":["Seeing Red","Sword Boomerang","Run Through","Carnage","StSpp:Succumb","Barricade","Life Link","Dark Embrace"],"picked":"Anger","floor":1},{"not_picked":["Wild Strike","Spot Weakness","StSpp:Jab","Clothesline","Second Wind","Thunderclap","Sword Boomerang","Warcry"],"picked":"Flex","floor":4},{"not_picked":["Intimidate","Double Tap","Clothesline","StuffTheSpire:RagingBull","Dark Embrace","hubris:ReadiedAction","Flex","Seeing Red"],"picked":"Inflame","floor":7},{"not_picked":["Body Slam","StuffTheSpire:Incineration","Entrench","Hemokinesis","Twin Strike","True Grit","StSpp:Sprint","StuffTheSpire:Pyroclast"],"picked":"Cleave","floor":10},{"not_picked":["Dark Embrace","Battle Trance","StuffTheSpire:Slingshot","Disarm","StSpp:TheBiggerTheyAre","Spot Weakness","StSpp:IntoTheAbyss","Flex","StSpp:Succumb"],"picked":"SKIP","floor":13}],"player_experience":424148,"relics_obtained":[{"floor":5,"key":"Replay:Mystery Machine"},{"floor":7,"key":"Nunchaku"},{"floor":9,"key":"PageOfLittleHelper"},{"floor":13,"key":"StuffTheSpire:Experiment12"}],"event_choices":[{"damage_healed":0,"gold_gain":0,"player_choice":"Got Potions","damage_taken":0,"max_hp_gain":0,"max_hp_loss":0,"event_name":"Lab","floor":3,"gold_loss":0},{"damage_healed":0,"gold_gain":0,"player_choice":"Take Damage","damage_taken":20,"relics_obtained":["Golden Idol"],"max_hp_gain":0,"max_hp_loss":0,"event_name":"Golden Idol","floor":11,"gold_loss":0}],"is_beta":false,"boss_relics":[],"items_purged_floors":[2],"is_endless":false,"potions_floor_spawned":[1,13],"killed_by":"The Guardian","ascension_level":1}}