{"host":"3n5xmnb54n2y5mb4","time":1614206200,"event":{"mods":["BaseMod","Colored Map","Colored Powertips","Minty Spire (QoL Compilation)","Permanent Neow","StSLib","Unceasing Turn Reminder","everything is the same but u backflip on backflip"],"gold_per_floor":[118,69,144,154,73,73,101,119,119,119,129,129,129,145,145,236,236,255,255,271,36,36,36,71,71,71,110,145,157,188,219,231,342,354,385,397,409,421,194,115,135,135,158,193,193,206,229,269,269,269,269],"floor_reached":50,"language":"ENG","playtime":2821,"items_purged":[],"score":1004,"play_id":"38f5756c-613f-42bf-ad2c-7d20b2f911e5","local_time":"20210224173640","is_ascension_mode":true,"campfire_choices":[{"floor":6.0,"key":"REST"},{"data":"Blade Dance","floor":13.0,"key":"SMITH"},{"floor":15.0,"key":"REST"},{"data":"Ghostly","floor":23,"key":"SMITH"},{"data":"After Image","floor":25,"key":"SMITH"},{"data":"A Thousand Cuts","floor":32,"key":"SMITH"},{"data":"Ghostly","floor":42,"key":"SMITH"},{"data":"Ghostly","floor":45,"key":"SMITH"},{"floor":49,"key":"REST"}],"circlet_count":0,"master_deck":["AscendersBane","Strike_G+1","Strike_G","Strike_G","Defend_G","Defend_G","Defend_G","Defend_G","Survivor","After Image+1","Dagger Throw","Slice+1","Slice","Cloak And Dagger","Cloak And Dagger","Blade Dance+1","Backflip","A Thousand Cuts+1","Endless Agony+1","Bullet Time+1","Calculated Gamble+1","Acrobatics","Acrobatics+1","Finisher","Ghostly+1","Ghostly+1","Ghostly","Ghostly","Ghostly+1","Backflip+1","Venomology","Underhanded Strike+1","Adrenaline","After Image+1","Well Laid Plans+1","Accuracy+1","Night Terror","Accuracy+1"],"relics":["Ring of the Snake","Calipers","Meat on the Bone","Golden Idol","Astrolabe","Whetstone","StrikeDummy","Bottled Tornado","MawBank","Frozen Egg 2","WristBlade","Kunai","PreservedInsect","Ginger","InkBottle"],"acts_visited":["Exordium","TheCity","TheBeyond"],"potions_floor_usage":[18,18,27,28,33,33,41,41,46,47,48],"damage_taken":[{"damage":8.0,"enemies":"Jaw Worm","floor":1.0,"turns":7.0},{"damage":6.0,"enemies":"2 Louse","floor":4.0,"turns":3.0},{"damage":22.0,"enemies":"Lagavulin","floor":7.0,"turns":8.0},{"damage":1.0,"enemies":"Cultist","floor":8.0,"turns":3.0},{"damage":3.0,"enemies":"Looter","floor":11.0,"turns":4.0},{"damage":20.0,"enemies":"Exordium Thugs","floor":14.0,"turns":5.0},{"damage":58.0,"enemies":"Slime Boss","floor":16.0,"turns":20.0},{"damage":12,"enemies":"2 Thieves","floor":18,"turns":4},{"damage":15,"enemies":"3 Byrds","floor":20,"turns":4},{"damage":2,"enemies":"Slavers","floor":24,"turns":9},{"damage":16,"enemies":"Book of Stabbing","floor":27,"turns":9},{"damage":0,"enemies":"Snecko","floor":28,"turns":5},{"damage":0,"enemies":"Snake Plant","floor":30,"turns":7},{"damage":0,"enemies":"Centurion and Healer","floor":31,"turns":7},{"damage":22,"enemies":"Automaton","floor":33,"turns":12},{"damage":0,"enemies":"3 Shapes","floor":35,"turns":2},{"damage":0,"enemies":"3 Darklings","floor":41,"turns":6},{"damage":0,"enemies":"Nemesis","floor":44,"turns":7},{"damage":1,"enemies":"Jaw Worm Horde","floor":46,"turns":3},{"damage":3,"enemies":"4 Shapes","floor":47,"turns":5},{"damage":28,"enemies":"Giant Head","floor":48,"turns":8},{"damage":46,"enemies":"Time Eater","floor":50,"turns":5}],"seed_played":"-2076998721211673390","potions_obtained":[{"floor":11.0,"key":"Energy Potion"},{"floor":14.0,"key":"Dexterity Potion"},{"floor":18,"key":"LiquidMemories"},{"floor":24,"key":"Ancient Potion"},{"floor":27,"key":"SteroidPotion"},{"floor":30,"key":"CunningPotion"}],"is_trial":false,"path_per_floor":["M","$","?","M","$","R","E","M","T","?","M","?","R","M","R","B",null,"M","?","M","$","?","R","E","R","T","E","M","T","M","M","R","B",null,"M","?","$","?","$","$","M","R","T","E","R","M","M","E","R","B"],"character_chosen":"THE_SILENT","items_purchased":["Slice","Calculated Gamble","Slice","Finisher","Whetstone","Kunai","Accuracy+1"],"campfire_rested":3,"item_purchase_floors":[2,5,5,21,21,39,40],"current_hp_per_floor":[37,37,26,20,20,41,19,18,18,70,67,50,50,42,63,17,57,45,45,42,42,35,35,33,33,33,29,29,29,29,29,29,19,31,31,31,31,31,31,31,31,31,31,31,31,30,27,22,32,0,0],"gold":269,"neow_bonus":"THREE_RARE_CARDS","is_daily":false,"chose_seed":false,"campfire_upgraded":6,"win_rate":0.0,"timestamp":1614206200,"path_taken":["M","$","?","M","$","R","E","M","T","?","?","?","R","M","R","BOSS","M","?","M","?","?","R","E","R","T","E","M","?","?","M","R","BOSS","M","?","$","?","?","$","?","R","T","E","R","M","M","E","R","BOSS"],"items_purchased_type":["Card","Card","Card","Card","Relic","Relic","Card"],"build_version":"2020-12-22","purchased_purges":0,"victory":false,"max_hp_per_floor":[70,70,70,70,70,70,70,70,70,70,70,70,70,70,70,70,70,70,70,70,70,35,35,35,35,35,35,35,35,35,35,35,35,35,35,35,35,35,35,35,35,35,35,35,35,35,35,35,35,35,35],"card_choices":[{"not_picked":["Glass Knife","Malaise"],"picked":"After Image","floor":0.0},{"not_picked":["Acrobatics","Concentrate"],"picked":"Dagger Throw","floor":1.0},{"not_picked":["Concentrate","Setup"],"picked":"Noxious Fumes","floor":4.0},{"not_picked":["PiercingWail","Endless Agony"],"picked":"Cloak And Dagger","floor":7.0},{"not_picked":["Catalyst","Slice"],"picked":"Cloak And Dagger","floor":8.0},{"not_picked":["Infinite Blades","Flying Knee"],"picked":"Blade Dance","floor":11.0},{"not_picked":["PiercingWail","Riddle With Holes"],"picked":"Backflip","floor":14.0},{"not_picked":["Unload","Grand Finale"],"picked":"A Thousand Cuts","floor":16.0},{"not_picked":["Deflect","All Out Attack"],"picked":"Acrobatics","floor":18},{"not_picked":["PiercingWail","Outmaneuver"],"picked":"Acrobatics+1","floor":20},{"not_picked":["Heel Hook","Cloak And Dagger"],"picked":"Backflip+1","floor":24},{"not_picked":["Prepared","Dodge and Roll"],"picked":"Venomology","floor":27},{"not_picked":["PiercingWail","Flying Knee+1"],"picked":"Underhanded Strike+1","floor":28},{"not_picked":["Cloak And Dagger","Slice"],"picked":"Adrenaline","floor":30},{"not_picked":["Bane","Sucker Punch","Dagger Throw+1"],"picked":"SKIP","floor":31},{"not_picked":["Bullet Time","Unload"],"picked":"After Image+1","floor":33},{"not_picked":["Deadly Poison","Bane"],"picked":"Well Laid Plans+1","floor":35},{"not_picked":["Escape Plan","Bouncing Flask+1","Poisoned Stab"],"picked":"SKIP","floor":41},{"not_picked":["Dagger Spray","Masterful Stab+1"],"picked":"Night Terror","floor":44},{"not_picked":["Acrobatics","Dagger Spray","Endless Agony"],"picked":"SKIP","floor":46},{"not_picked":["Backflip","Bane+1","Dash"],"picked":"SKIP","floor":47},{"not_picked":["Backstab","Masterful Stab"],"picked":"Accuracy+1","floor":48}],"player_experience":1021340,"relics_obtained":[{"floor":7.0,"key":"Calipers"},{"floor":9.0,"key":"Meat on the Bone"},{"floor":24,"key":"StrikeDummy"},{"floor":26,"key":"Bottled Tornado"},{"floor":27,"key":"MawBank"},{"floor":29,"key":"Frozen Egg 2"},{"floor":43,"key":"PreservedInsect"},{"floor":44,"key":"Ginger"},{"floor":48,"key":"InkBottle"}],"event_choices":[{"damage_healed":0.0,"max_hp_gain":0.0,"max_hp_loss":0.0,"gold_gain":75.0,"event_name":"World of Goop","player_choice":"Gather Gold","floor":3.0,"gold_loss":0.0,"damage_taken":11.0},{"cards_removed":["Noxious Fumes"],"damage_healed":52.0,"max_hp_gain":0.0,"max_hp_loss":0.0,"gold_gain":0.0,"event_name":"Bonfire Elementals","player_choice":"Offered Uncommon","floor":10.0,"gold_loss":0.0,"damage_taken":0.0},{"damage_healed":0.0,"max_hp_gain":0.0,"max_hp_loss":0.0,"gold_gain":0.0,"event_name":"Golden Idol","player_choice":"Take Damage","floor":12.0,"gold_loss":0.0,"damage_taken":17.0,"relics_obtained":["Golden Idol"]},{"cards_removed":["Calculated Gamble"],"damage_healed":0,"gold_gain":0,"player_choice":"Purged","damage_taken":0,"max_hp_gain":0,"max_hp_loss":0,"event_name":"Purifier","floor":19,"gold_loss":0},{"damage_healed":0,"gold_gain":0,"player_choice":"Became a Ghost","damage_taken":0,"max_hp_gain":0,"max_hp_loss":35,"event_name":"Ghosts","floor":22,"gold_loss":0,"cards_obtained":["Ghostly","Ghostly","Ghostly","Ghostly","Ghostly"]},{"damage_healed":0,"gold_gain":0,"player_choice":"Ignored","damage_taken":0,"max_hp_gain":0,"max_hp_loss":0,"event_name":"Tomb of Lord Red Mask","floor":36,"gold_loss":0},{"cards_removed":["Neutralize"],"damage_healed":0,"gold_gain":0,"player_choice":"Removed Attack","damage_taken":0,"max_hp_gain":0,"max_hp_loss":0,"event_name":"Falling","floor":38,"gold_loss":0}],"is_beta":false,"boss_relics":[{"not_picked":["Runic Pyramid","Tiny House"],"picked":"Astrolabe"},{"not_picked":["Cursed Key","Calling Bell"],"picked":"WristBlade"}],"items_purged_floors":[],"is_endless":false,"potions_floor_spawned":[11,14,16,18,24,27,30,31,35,44,48],"killed_by":"Time Eater","ascension_level":13}}