{"host":"7vcinojww5gy0fs8","time":1614172540,"event":{"mods":["100% Spire Juice","Act Like it!","Alarm Clock","Aspiration","Astrologer","BaseMod","Better Vampires","BetterRewards","Conspire","Energized Spire","Googly Eyes","Gremlin Mod","Highlight Path","Jedi Mod","Library of Ruina","Library of Ruina Extra","Minty Spire (QoL Compilation)","Pale of the Ancients","Quick Restart","Reliquary","Shop Mod","StSLib","TestMod","The Alterego","The Bladedancer","The Cursed","The Hayseed","The Mystic","The Poker Player","Yuri Mod","篝火指南"],"gold_per_floor":[116,116,134,145,320,320,353,151,151,151,168,199,213,233,233,233,233,233],"floor_reached":16,"language":"ZHS","playtime":1328,"items_purged":[],"score":112,"play_id":"83b44e3a-ec3d-43ba-8c4b-9a8511c0915a","local_time":"20210224211540","is_ascension_mode":false,"metric_token":2006,"campfire_choices":[{"data":"PokerPlayerMod:Mulligan","floor":6,"key":"SMITH"},{"data":"PokerPlayerMod:DartThrow","floor":10,"key":"SMITH"},{"data":"PokerPlayerMod:Manipulation","floor":15,"key":"SMITH"}],"circlet_count":0,"master_deck":["PokerPlayerMod:Diamond2","PokerPlayerMod:Diamond3","PokerPlayerMod:Diamond4","PokerPlayerMod:Diamond5","PokerPlayerMod:Spade2","PokerPlayerMod:Spade3","PokerPlayerMod:Spade4","PokerPlayerMod:Club2","PokerPlayerMod:Club2","PokerPlayerMod:Heart2","PokerPlayerMod:TrumpStrike","PokerPlayerMod:BadJoker","PokerPlayerMod:Mulligan+1","PokerPlayerMod:FillThePot","PokerPlayerMod:MagicTrick","PokerPlayerMod:Diamond5","PokerPlayerMod:Manipulation+1","PokerPlayerMod:DartThrow+1","PokerPlayerMod:SpadeStrike","PokerPlayerMod:Club5","PokerPlayerMod:Fold"],"relics":["PokerPlayerMod:DeckCase","testmod-Temperance","aspiration:DSix","testmod-BloodSacrificeSpiritualization","Peace Pipe","conspire:TreasureMap","testmod-HeartOfStrike"],"acts_visited":["Exordium"],"potions_floor_usage":[],"damage_taken":[{"damage":11,"enemies":"Jaw Worm","floor":1,"turns":3},{"damage":0,"enemies":"2 Louse","floor":3,"turns":2},{"damage":0,"enemies":"Small Slimes","floor":4,"turns":2},{"damage":11,"enemies":"3 Sentries","floor":7,"turns":3},{"damage":0,"enemies":"Looter","floor":11,"turns":2},{"damage":7,"enemies":"Gremlin Nob","floor":12,"turns":4},{"damage":5,"enemies":"Blue Slaver","floor":13,"turns":2},{"damage":0,"enemies":"3 Louse","floor":14,"turns":1},{"damage":39,"enemies":"The Guardian","floor":16,"turns":7}],"seed_played":"8609590760189526568","potions_obtained":[{"floor":3,"key":"testmod-TimePotion"},{"floor":4,"key":"DuplicationPotion"},{"floor":13,"key":"LiquidBronze"}],"is_trial":false,"path_per_floor":["M","?","M","M","?","R","E","$","T","R","M","E","M","M","R","B"],"character_chosen":"THE_POKER_PLAYER","items_purchased":["PokerPlayerMod:DartThrow","conspire:TreasureMap"],"campfire_rested":0,"item_purchase_floors":[8,8],"current_hp_per_floor":[41,41,43,43,43,43,38,38,38,38,40,35,30,30,30,0,0,0],"gold":233,"neow_bonus":"DSIX","is_daily":false,"chose_seed":false,"campfire_upgraded":3,"win_rate":0.0,"timestamp":1614172540,"path_taken":["M","?","M","M","?","R","E","?","T","R","M","E","M","M","R","BOSS"],"items_purchased_type":["Card","Relic"],"build_version":"2020-12-22","purchased_purges":0,"victory":false,"max_hp_per_floor":[52,52,52,52,52,52,52,52,52,52,52,52,52,52,52,52,52,52],"card_choices":[{"not_picked":["PokerPlayerMod:Heart2","PokerPlayerMod:Heart3"],"picked":"PokerPlayerMod:FillThePot","floor":1},{"not_picked":["PokerPlayerMod:Diamond2","PokerPlayerMod:Spade2"],"picked":"PokerPlayerMod:MagicTrick","floor":3},{"not_picked":["PokerPlayerMod:Spade2","PokerPlayerMod:Configure"],"picked":"PokerPlayerMod:Diamond5","floor":4},{"not_picked":["PokerPlayerMod:Trickery","PokerPlayerMod:Sharpen"],"picked":"PokerPlayerMod:Manipulation","floor":7},{"not_picked":["PokerPlayerMod:Diamond2","PokerPlayerMod:MagicTrick","PokerPlayerMod:ClubsClub"],"picked":"SKIP","floor":11},{"not_picked":["PokerPlayerMod:Trickery","PokerPlayerMod:Club4"],"picked":"PokerPlayerMod:SpadeStrike","floor":12},{"not_picked":["PokerPlayerMod:Diamond5","PokerPlayerMod:Spade4"],"picked":"PokerPlayerMod:Club5","floor":13},{"not_picked":["PokerPlayerMod:ClubsClub","PokerPlayerMod:DiamondStrike"],"picked":"PokerPlayerMod:Fold","floor":14}],"player_experience":327664,"relics_obtained":[{"floor":7,"key":"Peace Pipe"},{"floor":12,"key":"testmod-HeartOfStrike"}],"event_choices":[{"damage_healed":0,"gold_gain":0,"player_choice":"Swap Relic","damage_taken":0,"relics_obtained":["testmod-BloodSacrificeSpiritualization"],"max_hp_gain":0,"max_hp_loss":0,"event_name":"给自己的盒子","floor":2,"relics_lost":["testmod-TestBox"],"gold_loss":0},{"damage_healed":0,"gold_gain":175,"player_choice":"AGREE","damage_taken":0,"max_hp_gain":0,"max_hp_loss":0,"event_name":"Liars Game","floor":5,"gold_loss":0,"cards_obtained":["Doubt"]}],"is_beta":false,"boss_relics":[],"items_purged_floors":[],"is_endless":false,"potions_floor_spawned":[3,4,13],"killed_by":"The Guardian","ascension_level":0}}