{"host":"e4udrxcgdvpx3wcj","time":1614209382,"event":{"mods":["Act Like it!","Aspiration","Astrologer","BaseMod","Gensokyo","Highlight Path","Infinite Spire","Koishi","Marisa????????","Minty Spire (QoL Compilation)","Replay The Spire","StSLib","SuperFastMode","The Bug Knight","The Construct","The Jungle","The Runesmith","The Servant 0.9.4","TheBandit"],"gold_per_floor":[115,115,115,90,3,3,29,29,78,78,106,106,126,30,30,30,30],"floor_reached":16,"language":"ENG","playtime":751,"items_purged":[],"score":188,"play_id":"c7e4310f-5ee2-4eb7-8162-934870b816cc","local_time":"20210224182942","is_ascension_mode":true,"campfire_choices":[{"data":"Jack Of All Trades","floor":6.0,"key":"SMITH"},{"floor":10.0,"key":"REST"},{"data":"Backflip","floor":12.0,"key":"SMITH"},{"data":"Replay:Poison Smokescreen","floor":15.0,"key":"SMITH"}],"circlet_count":0,"master_deck":["AscendersBane","Strike_G","Strike_G+1","Strike_G","Strike_G+1","Strike_G","Defend_G","Defend_G","Defend_G","Defend_G","Defend_G","Survivor","Neutralize","Jack Of All Trades+1","Backflip+1","Clumsy","Deadly Poison","Deadly Poison","Replay:Poison Smokescreen+1","Good Instincts"],"relics":["Ring of the Snake","Gensokyo:NagashiBinaDoll","Gensokyo:LunaticRedEyes","Art of War","Whetstone","HollowMod:PaleOreRelic","HollowMod:LifeEnderRelic","Anchor"],"acts_visited":["Gensokyo:Gensokyo"],"potions_floor_usage":[16,16],"damage_taken":[{"damage":6.0,"enemies":"Gensokyo:2_Kodama","floor":1.0,"turns":5.0},{"damage":33.0,"enemies":"Gensokyo:Aya","floor":7.0,"turns":8.0},{"damage":7.0,"enemies":"Gensokyo:Mamizou","floor":11.0,"turns":7.0},{"damage":0.0,"enemies":"Gensokyo:Gryphon","floor":13.0,"turns":3.0},{"damage":32,"enemies":"Gensokyo:Reimu","floor":16,"turns":11}],"seed_played":"-3513127925885030617","potions_obtained":[{"floor":7.0,"key":"Block Potion"},{"floor":13.0,"key":"Reflective Coating"}],"is_trial":false,"path_per_floor":["M","?","?","$","COS","R","E","?","T","R","E","R","M","$","R","B"],"character_chosen":"THE_SILENT","items_purchased":["Deadly Poison","Good Instincts"],"campfire_rested":1,"item_purchase_floors":[4,14],"current_hp_per_floor":[53,53,53,53,53,53,20,20,20,39,32,32,32,32,32,0,0],"gold":30,"neow_bonus":"RANDOM_COLORLESS","is_daily":false,"chose_seed":false,"campfire_upgraded":3,"win_rate":0.0,"timestamp":1614209382,"path_taken":["M","?","?","?","COS","R","E","?","T","R","E","R","?","?","R","BOSS"],"items_purchased_type":["Card","Card"],"build_version":"2020-12-22","purchased_purges":0,"victory":false,"max_hp_per_floor":[66,66,66,66,66,66,66,66,66,66,66,66,66,66,66,66,66],"card_choices":[{"not_picked":["Blind","Impatience"],"picked":"Jack Of All Trades","floor":0.0},{"not_picked":["Sneak Up","Hidden Blade"],"picked":"Backflip","floor":1.0},{"not_picked":["Concentrate","Backstab"],"picked":"Deadly Poison","floor":7.0},{"not_picked":["Bane","Grand Finale"],"picked":"Replay:Poison Smokescreen","floor":11.0},{"not_picked":["Underhanded Strike","Eviscerate","Sucker Punch"],"picked":"SKIP","floor":13.0}],"player_experience":2463401,"relics_obtained":[{"floor":7.0,"key":"Art of War"},{"floor":9.0,"key":"Whetstone"},{"floor":11.0,"key":"HollowMod:LifeEnderRelic"}],"event_choices":[],"is_beta":false,"boss_relics":[],"items_purged_floors":[],"is_endless":false,"potions_floor_spawned":[7,13],"killed_by":"Gensokyo:Reimu","ascension_level":20}}