{"host":"yzy3lyltrgq1sam1","time":1614171380,"event":{"mods":["Act Like it!","BaseMod","CapriCore","Downfall","Gensokyo","Koishi","Marisa£®ÏF”Í°°ƒß¿Ì…≥£©","Minty Spire (QoL Compilation)","Quick Restart","Reimu£®≤©¿ˆ¡È√Œ£©","Reliquary","Remilia£®¿Ÿ√◊¿Ú—«£©","StSLib","The Administrix","The Alterego","The Gatherer","WarShipGirlsR/’ΩΩ¢…Ÿ≈ÆR mod","Youmu£®ªÍ∆«—˝√Œ£©","°æ“≈ŒÔø®≈∆°øREMEMod"],"gold_per_floor":[109,109,109,59,73,73,101,114,138,138,164,164,198,148,148,248,248,263,263,263,275,275,306,306,341,366,366,77,93,122,132,132,228,228,322,495,209,209,93,93,124,124,124,150,150,189,8,28,28,28,28,28,28,56,56],"floor_reached":56,"language":"ZHS","playtime":3435,"items_purged":["Regret","Defend_RM","Defend_RM","ScarletGensokyo"],"score":2230,"play_id":"f7e59aac-5e69-4bcf-95da-331dfe0374d8","local_time":"20210224205620","is_ascension_mode":true,"campfire_choices":[{"data":"RedMoon","floor":6.0,"key":"SMITH"},{"data":"Gatherer:Overflowing","floor":10.0,"key":"SMITH"},{"data":"UnstableMagic","floor":12.0,"key":"SMITH"},{"data":"UnstableMagic","floor":15.0,"key":"SMITH"},{"data":"Stigmanizer","floor":24.0,"key":"SMITH"},{"data":"LeisurelyOfLord","floor":27.0,"key":"SMITH"},{"floor":32.0,"key":"RECALL"},{"data":"BatForm","floor":40.0,"key":"SMITH"},{"data":"BloodyCatastrophe","floor":42.0,"key":"SMITH"},{"data":"RedMagic","floor":45.0,"key":"SMITH"},{"data":"RedMagic","floor":49.0,"key":"SMITH"},{"data":"rmod:rockthrower","floor":52.0,"key":"SMITH"}],"circlet_count":0,"master_deck":["AscendersBane","RedMoon+1","ScarletShoot","Gatherer:Overflowing+1","UnstableMagic+1","DiffusionOfMisfortune","UnstableMagic+1","Stigmanizer+1","TransientEternity","LeisurelyOfLord+1","FitfulNightmare","UnderTheZenith","BatForm+1","RedNightlessCastle","RedMagic+1","ScarletDevil","RedMagic+1","BloodyCatastrophe+1","rmod:rockthrower+1","alterego_mod:MagicResistance"],"relics":["ScarletHat","REME_ComplimentaryCards","NeowsBlessing","Smiling Mask","TungstenRod","reliquary:SharkskinSheath","The Courier","REME_HandOfSuture","Sozu","Toy Ornithopter","War Paint","Centennial Puzzle","Toolbox","REME_PuzzleBoxRelic","reliquary:ExpiredCoupon","Pandora\u0027s Box","PreservedInsect","Old Coin","CaptainsWheel","PrismaticShard","Juzu Bracelet","Bird Faced Urn","reliquary:TuningFork","Membership Card","reliquary:Spinner","reliquary:Vitrine"],"acts_visited":["Exordium","TheCity","TheBeyond","TheEnding"],"potions_floor_usage":[],"damage_taken":[{"damage":0.0,"enemies":"Cultist","floor":1.0,"turns":1.0},{"damage":0.0,"enemies":"Jaw Worm","floor":5.0,"turns":1.0},{"damage":0.0,"enemies":"3 Sentries","floor":7.0,"turns":2.0},{"damage":0.0,"enemies":"2 Louse","floor":8.0,"turns":6.0},{"damage":8.0,"enemies":"Gremlin Nob","floor":11.0,"turns":5.0},{"damage":1.0,"enemies":"Lagavulin","floor":13.0,"turns":8.0},{"damage":33.0,"enemies":"The Guardian","floor":16.0,"turns":18.0},{"damage":0.0,"enemies":"2 Thieves","floor":18.0,"turns":1.0},{"damage":0.0,"enemies":"3 Byrds","floor":21.0,"turns":3.0},{"damage":33.0,"enemies":"Slavers","floor":23.0,"turns":6.0},{"damage":19.0,"enemies":"Book of Stabbing","floor":25.0,"turns":4.0},{"damage":0.0,"enemies":"Sentry and Sphere","floor":29.0,"turns":4.0},{"damage":0.0,"enemies":"Gremlin Leader","floor":30.0,"turns":4.0},{"damage":0.0,"enemies":"Centurion and Healer","floor":31.0,"turns":6.0},{"damage":0.0,"enemies":"Automaton","floor":33.0,"turns":6.0},{"damage":3.0,"enemies":"3 Shapes","floor":35.0,"turns":2.0},{"damage":3.0,"enemies":"Nemesis","floor":41.0,"turns":4.0},{"damage":0.0,"enemies":"Reptomancer","floor":44.0,"turns":1.0},{"damage":0.0,"enemies":"Orb Walker","floor":46.0,"turns":2.0},{"damage":0.0,"enemies":"Jaw Worm Horde","floor":48.0,"turns":2.0},{"damage":18.0,"enemies":"Donu and Deca","floor":50.0,"turns":3.0},{"damage":20.0,"enemies":"Shield and Spear","floor":54.0,"turns":2.0},{"damage":3,"enemies":"The Heart","floor":55,"turns":4}],"seed_played":"-3693523766522764237","potions_obtained":[{"floor":8.0,"key":"Fire Potion"},{"floor":13.0,"key":"Fire Potion"}],"is_trial":false,"path_per_floor":["M","$","?","$","M","R","E","M","T","R","E","R","E","$","R","B",null,"M","?","?","M","?","E","R","E","T","R","$","M","E","M","R","B",null,"M","?","$","T","$","R","E","R","T","E","R","M","$","M","R","B",null,"R","$","E","B",null],"character_chosen":"REMILIA","items_purchased":["Toolbox","REME_PuzzleBoxRelic","CaptainsWheel","PrismaticShard","Membership Card","reliquary:Spinner"],"campfire_rested":0,"item_purchase_floors":[28,28,37,39,47,47],"current_hp_per_floor":[70,70,70,70,72,72,75,75,75,75,68,68,71,71,71,50,69,69,69,69,69,69,37,37,34,34,34,34,37,40,41,41,67,73,74,74,74,74,74,74,75,75,75,75,75,75,75,75,75,65,73,73,73,61,75],"gold":56,"neow_bonus":"THREE_ENEMY_KILL","is_daily":false,"chose_seed":false,"campfire_upgraded":11,"win_rate":0.0,"timestamp":1614171380,"path_taken":["M","$","?","$","M","R","E","M","T","R","E","R","E","$","R","BOSS","M","?","?","M","?","E","R","E","T","R","$","M","E","M","R","BOSS","M","?","?","?","$","R","E","R","T","E","R","M","$","M","R","BOSS","R","$","E","BOSS"],"items_purchased_type":["Relic","Relic","Relic","Relic","Relic","Relic"],"build_version":"2020-12-22","purchased_purges":4,"victory":true,"max_hp_per_floor":[75,75,75,75,75,75,75,75,75,75,75,75,75,75,75,75,75,75,75,75,75,75,75,75,75,75,75,75,75,75,75,75,75,75,75,75,75,75,75,75,75,75,75,75,75,75,75,75,75,75,75,75,75,75,75],"card_choices":[{"not_picked":["ScarletImprint","BlasphemousPunishment","StarOfDavid"],"picked":"SKIP","floor":1.0},{"not_picked":["BloodHunter","UnderTheZenith","NightDance"],"picked":"SKIP","floor":5.0},{"not_picked":["ScarletNetherworld","ScarletImprint"],"picked":"UnstableMagic","floor":7.0},{"not_picked":["MastersStateliness","UnderTheZenith"],"picked":"DiffusionOfMisfortune","floor":8.0},{"not_picked":["HunterOfTheNight","BloodyHallows"],"picked":"UnstableMagic","floor":11.0},{"not_picked":["NightDance","VampirishNight"],"picked":"Stigmanizer","floor":13.0},{"not_picked":["ChaoticDestiny","KillingBlow"],"picked":"TransientEternity","floor":16.0},{"not_picked":["ScarletImprint","UnderTheZenith","EndlessAdversity"],"picked":"SKIP","floor":18.0},{"not_picked":["ScarletDream","BadLadyScramble"],"picked":"LeisurelyOfLord","floor":21.0},{"not_picked":["FavorOfDestiny","ScarletImprint","VampireKiss"],"picked":"SKIP","floor":23.0},{"not_picked":["UltimateOffering+1","BloodyMagicSquare"],"picked":"FitfulNightmare","floor":25.0},{"not_picked":["DevilSight","BombardNight","BloodAndWine"],"picked":"SKIP","floor":29.0},{"not_picked":["BloodHunter","CharismaGuard"],"picked":"UnderTheZenith","floor":30.0},{"not_picked":["UltimateOffering","VampireKiss","BloodyMagicSquare"],"picked":"SKIP","floor":31.0},{"not_picked":["KillingBlow","ScarletMeister"],"picked":"BatForm","floor":33.0},{"not_picked":["Stigmanizer","FavorOfDestiny","VampireClaw"],"picked":"SKIP","floor":35.0},{"not_picked":["Pummel","REME_SpectralBlade","DC"],"picked":"SKIP","floor":41.0},{"not_picked":["Gatherer:SealedBomb+1","DoubleButterfly:ReiMu"],"picked":"rmod:rockthrower","floor":44.0},{"not_picked":["Slimebound:PressTheAttack","Meditation:ReiMu","sneckomod:QuickMove"],"picked":"SKIP","floor":46.0},{"not_picked":["ClearTheMind","sneckomod:Nope"],"picked":"alterego_mod:MagicResistance","floor":48.0},{"not_picked":["Catalyst+1","rmod:circuitoustactics+1"],"picked":"Echo Form","floor":54.0}],"player_experience":931729,"relics_obtained":[{"floor":7.0,"key":"TungstenRod"},{"floor":9.0,"key":"reliquary:SharkskinSheath"},{"floor":11.0,"key":"The Courier"},{"floor":13.0,"key":"REME_HandOfSuture"},{"floor":23.0,"key":"Toy Ornithopter"},{"floor":25.0,"key":"War Paint"},{"floor":26.0,"key":"Centennial Puzzle"},{"floor":30.0,"key":"reliquary:ExpiredCoupon"},{"floor":41.0,"key":"Juzu Bracelet"},{"floor":43.0,"key":"Bird Faced Urn"},{"floor":44.0,"key":"reliquary:TuningFork"},{"floor":54.0,"key":"reliquary:Vitrine"}],"event_choices":[{"damage_healed":0.0,"max_hp_gain":0.0,"max_hp_loss":0.0,"gold_gain":0.0,"event_name":"Big Fish","player_choice":"Box","floor":3.0,"gold_loss":0.0,"damage_taken":0.0,"relics_obtained":["Smiling Mask"],"cards_obtained":["Regret"]},{"damage_healed":0.0,"max_hp_gain":0.0,"max_hp_loss":0.0,"gold_gain":0.0,"event_name":"The Mausoleum","player_choice":"Ignored","floor":19.0,"gold_loss":0.0,"damage_taken":0.0},{"damage_healed":0.0,"max_hp_gain":0.0,"max_hp_loss":0.0,"gold_gain":0.0,"event_name":"Ghosts","player_choice":"Ignored","floor":20.0,"gold_loss":0.0,"damage_taken":0.0},{"damage_healed":0.0,"max_hp_gain":0.0,"max_hp_loss":0.0,"gold_gain":0.0,"event_name":"WeMeetAgain","player_choice":"Paid Gold","floor":36.0,"gold_loss":127.0,"damage_taken":0.0,"relics_obtained":["Old Coin"]}],"is_beta":false,"boss_relics":[{"not_picked":["reliquary:Craggleroot","Calling Bell"],"picked":"Sozu"},{"not_picked":["Fusion Hammer","REME_ChargedStone"],"picked":"Pandora\u0027s Box"}],"items_purged_floors":[4,14,28,37],"is_endless":false,"potions_floor_spawned":[8,13,23,30,44,46,48,54],"ascension_level":12}}