{"host":"3uci9gpt6cwo3y1o","time":1614144984,"event":{"mods":["BaseMod","Bossed Relics","Minty Spire (QoL Compilation)","MostiFishMod","Reliquary","StSLib","TestMod"],"gold_per_floor":[116,116,129,54,64,98,109,109,109],"floor_reached":8,"language":"ZHS","playtime":291,"items_purged":[],"score":107,"play_id":"6ae81184-2719-4f66-a3b9-04f3d1a3eebd","local_time":"20210224133624","is_ascension_mode":true,"campfire_choices":[],"circlet_count":0,"master_deck":["AscendersBane","Strike_P","Strike_P","Strike_P","Defend_P","Defend_P","Defend_P","Eruption","Vigilance","TalkToTheHand"],"relics":["PureWater","DaveBox","testmod-TestBox","testmod-BlackFramedGlasses","MostiFishMod:AdaptiveDefenses","OriginationStaff","SynthV:TestCard","testmod-Antiphasic"],"acts_visited":[],"potions_floor_usage":[6],"damage_taken":[{"damage":0,"enemies":"Jaw Worm","floor":1,"turns":2},{"damage":0,"enemies":"Cultist","floor":3,"turns":2},{"damage":7,"enemies":"2 Louse","floor":5,"turns":2},{"damage":55,"enemies":"Lagavulin","floor":6,"turns":7},{"damage":2,"enemies":"Large Slime","floor":7,"turns":4},{"damage":60,"enemies":"3 Sentries","floor":8,"turns":4}],"seed_played":"-3147952448141804661","potions_obtained":[{"floor":3,"key":"Weak Potion"},{"floor":6,"key":"SteroidPotion"}],"is_trial":false,"path_per_floor":["M","?","M","?","M","E","M","E"],"character_chosen":"WATCHER","items_purchased":[],"campfire_rested":0,"item_purchase_floors":[],"current_hp_per_floor":[45,45,47,47,55,18,20,0,0],"gold":109,"neow_bonus":"ONE_RARE_RELIC","is_daily":false,"chose_seed":false,"campfire_upgraded":0,"win_rate":0.0,"timestamp":1614144984,"path_taken":["M","?","?","?","M","E","M","E"],"items_purchased_type":[],"build_version":"2020-12-22","purchased_purges":0,"victory":false,"max_hp_per_floor":[68,68,68,68,68,68,68,83,83],"card_choices":[{"not_picked":["Halt","EmptyBody","Crescendo"],"picked":"SKIP","floor":1},{"not_picked":["MentalFortress","ForeignInfluence","MostiFishMod:Clarity","Wireheading","Evaluate"],"picked":"SKIP","floor":3},{"not_picked":["EmptyBody","PathToVictory","SashWhip","CrushJoints","BowlingBash"],"picked":"SKIP","floor":5},{"not_picked":["EmptyBody","PathToVictory","SashWhip","CrushJoints","BowlingBash"],"picked":"SKIP","floor":5},{"not_picked":["Devotion","Conclude","MostiFishMod:FlowState","FlyingSleeves","MostiFishMod:Clarity"],"picked":"SKIP","floor":6},{"not_picked":["Halt","CrushJoints","WreathOfFlame","Consecrate"],"picked":"TalkToTheHand","floor":7}],"player_experience":921009,"relics_obtained":[{"floor":1,"key":"SynthV:TestCard"},{"floor":6,"key":"testmod-Antiphasic"}],"event_choices":[{"cards_removed":["Defend_P"],"damage_healed":0,"gold_gain":0,"player_choice":"Purged","damage_taken":0,"max_hp_gain":0,"max_hp_loss":0,"event_name":"Purifier","floor":2,"gold_loss":0},{"cards_removed":["Strike_P"],"damage_healed":0,"gold_gain":0,"player_choice":"Card Removal","damage_taken":0,"max_hp_gain":0,"max_hp_loss":0,"event_name":"The Cleric","floor":4,"gold_loss":75}],"is_beta":false,"boss_relics":[],"items_purged_floors":[],"is_endless":false,"potions_floor_spawned":[3,6],"killed_by":"3 Sentries","ascension_level":17}}