{"host":"9n6i2vl93jt4o42q","time":1614207674,"event":{"mods":["BaseMod","Minty Spire (QoL Compilation)","Relic Stats"],"gold_per_floor":[109,50,66,66,66,66,91,108,108,108,136,61,61,71,71,142,142,142,142,142,42,42,42,42,42,42,42,42,42,42,42,42,42,42],"floor_reached":33,"language":"ENG","playtime":13766,"items_purged":[],"score":636,"play_id":"e9d9e5e5-60f1-40d2-9261-f3c88ee99f2b","local_time":"20210225000114","is_ascension_mode":true,"campfire_choices":[{"data":"Sucker Punch","floor":6.0,"key":"SMITH"},{"data":"Neutralize","floor":10.0,"key":"SMITH"},{"data":"Footwork","floor":13.0,"key":"SMITH"},{"data":"Predator","floor":15.0,"key":"SMITH"},{"floor":23.0,"key":"REST"},{"data":"Burst","floor":32,"key":"SMITH"}],"circlet_count":0,"master_deck":["AscendersBane","Strike_G","Strike_G","Strike_G","Strike_G","Defend_G","Defend_G","Defend_G","Defend_G","Defend_G","Survivor","Neutralize+1","Footwork+1","Sucker Punch+1","Leg Sweep","Dagger Throw","Blade Dance","Leg Sweep","Predator+1","Burst+1","Backflip","Writhe","Terror","Caltrops+1","Accuracy","Deadly Poison+1"],"relics":["Ring of the Snake","NeowsBlessing","Sundial","Paper Crane","Anchor","Ectoplasm","Blood Vial","Enchiridion","White Beast Statue","Snake Skull","Bronze Scales"],"acts_visited":["Exordium","TheCity"],"potions_floor_usage":[24,31],"damage_taken":[{"damage":0.0,"enemies":"Small Slimes","floor":1.0,"turns":1.0},{"damage":0.0,"enemies":"Jaw Worm","floor":3.0,"turns":1.0},{"damage":0.0,"enemies":"3 Sentries","floor":7.0,"turns":1.0},{"damage":1.0,"enemies":"Cultist","floor":8.0,"turns":4.0},{"damage":23.0,"enemies":"Gremlin Nob","floor":11.0,"turns":4.0},{"damage":0.0,"enemies":"Blue Slaver","floor":14.0,"turns":4.0},{"damage":28.0,"enemies":"The Guardian","floor":16.0,"turns":20.0},{"damage":9.0,"enemies":"Shell Parasite","floor":18.0,"turns":5.0},{"damage":1.0,"enemies":"2 Thieves","floor":21.0,"turns":5.0},{"damage":7,"enemies":"Gremlin Leader","floor":24,"turns":7},{"damage":0,"enemies":"Centurion and Healer","floor":25,"turns":6},{"damage":0,"enemies":"Shelled Parasite and Fungi","floor":27,"turns":6},{"damage":4,"enemies":"Sentry and Sphere","floor":28,"turns":6},{"damage":17,"enemies":"Slavers","floor":31,"turns":8},{"damage":35,"enemies":"Collector","floor":33,"turns":7}],"seed_played":"-8378690343210630236","potions_obtained":[{"floor":3.0,"key":"Block Potion"},{"floor":8.0,"key":"Explosive Potion"},{"floor":16.0,"key":"Ancient Potion"},{"floor":18.0,"key":"DistilledChaos"},{"floor":24,"key":"Energy Potion"},{"floor":31,"key":"Swift Potion"}],"is_trial":false,"path_per_floor":["M","$","M","?","?","R","E","M","T","R","E","?","R","M","R","B",null,"M","?","?","M","$","R","E","M","T","M","M","?","T","E","R","B"],"character_chosen":"THE_SILENT","items_purchased":["Sucker Punch"],"campfire_rested":1,"item_purchase_floors":[2],"current_hp_per_floor":[59,59,59,59,64,64,64,63,63,63,40,40,40,40,40,12,56,47,47,26,27,27,48,43,45,45,47,45,45,45,30,30,0,0],"gold":42,"neow_bonus":"THREE_ENEMY_KILL","is_daily":false,"chose_seed":false,"campfire_upgraded":5,"win_rate":0.0,"timestamp":1614207674,"path_taken":["M","$","M","?","?","R","E","M","T","R","E","?","R","M","R","BOSS","M","?","?","M","$","R","E","M","T","?","?","?","?","E","R","BOSS"],"items_purchased_type":["Card"],"build_version":"2020-12-22","purchased_purges":0,"victory":false,"max_hp_per_floor":[66,66,66,66,71,71,71,71,71,71,71,71,71,71,71,71,71,71,71,71,71,71,71,71,71,71,71,71,71,71,71,71,71,71],"relic_stats":{"Blood Vial":14,"counters":[15,85],"Sundial":[12],"Bronze Scales":[27],"Ectoplasm":258,"Snake Skull":[4],"obtain_stats":[{"Blood Vial":19,"Anchor":11,"NeowsBlessing":0,"Sundial":7,"Bronze Scales":31,"Enchiridion":20,"Ectoplasm":17,"Snake Skull":26,"Paper Crane":9,"White Beast Statue":24,"Ring of the Snake":0},{"Blood Vial":8,"Anchor":5,"NeowsBlessing":0,"Sundial":3,"Bronze Scales":14,"Enchiridion":8,"Ectoplasm":7,"Snake Skull":11,"Paper Crane":4,"White Beast Statue":10,"Ring of the Snake":0},{"Blood Vial":40,"Anchor":11,"NeowsBlessing":0,"Sundial":3,"Bronze Scales":78,"Enchiridion":40,"Ectoplasm":35,"Snake Skull":58,"Paper Crane":7,"White Beast Statue":52,"Ring of the Snake":0}],"Ring of the Snake":[30]},"card_choices":[{"not_picked":["Sucker Punch","PiercingWail"],"picked":"Footwork","floor":1.0},{"not_picked":["Backflip","Dagger Throw"],"picked":"Leg Sweep","floor":3.0},{"not_picked":["Riddle With Holes","Outmaneuver"],"picked":"Dagger Throw","floor":7.0},{"not_picked":["Cloak And Dagger","Accuracy"],"picked":"Blade Dance","floor":8.0},{"not_picked":["Poisoned Stab","Eviscerate"],"picked":"Leg Sweep","floor":11.0},{"not_picked":["Prepared","Dagger Spray"],"picked":"Predator","floor":14.0},{"not_picked":["Grand Finale","Bullet Time"],"picked":"Burst","floor":16.0},{"not_picked":["Endless Agony","PiercingWail"],"picked":"Backflip","floor":18.0},{"not_picked":["PiercingWail","Deflect"],"picked":"Terror","floor":21.0},{"not_picked":["Deflect+1","Flying Knee"],"picked":"Caltrops+1","floor":24},{"not_picked":["Caltrops","Distraction+1"],"picked":"Accuracy","floor":25},{"not_picked":["Poisoned Stab","PiercingWail"],"picked":"Deadly Poison+1","floor":27},{"not_picked":["Eviscerate","Dagger Spray","Bane+1"],"picked":"SKIP","floor":28},{"not_picked":["Terror","Outmaneuver","Flechettes"],"picked":"SKIP","floor":31}],"player_experience":2628051,"relics_obtained":[{"floor":7.0,"key":"Sundial"},{"floor":9.0,"key":"Paper Crane"},{"floor":11.0,"key":"Anchor"},{"floor":20.0,"key":"Enchiridion"},{"floor":24,"key":"White Beast Statue"},{"floor":26,"key":"Snake Skull"},{"floor":31,"key":"Bronze Scales"}],"event_choices":[{"damage_healed":0.0,"max_hp_gain":0.0,"max_hp_loss":0.0,"gold_gain":0.0,"event_name":"Liars Game","player_choice":"Ignored","floor":4.0,"gold_loss":0.0,"damage_taken":0.0},{"damage_healed":0.0,"max_hp_gain":5.0,"max_hp_loss":0.0,"gold_gain":0.0,"event_name":"Big Fish","player_choice":"Donut","floor":5.0,"gold_loss":0.0,"damage_taken":0.0},{"cards_removed":["Strike_G"],"damage_healed":0.0,"max_hp_gain":0.0,"max_hp_loss":0.0,"gold_gain":0.0,"event_name":"The Cleric","player_choice":"Card Removal","floor":12.0,"gold_loss":75.0,"damage_taken":0.0},{"damage_healed":0.0,"max_hp_gain":0.0,"max_hp_loss":0.0,"gold_gain":0.0,"event_name":"The Mausoleum","player_choice":"Opened","floor":19.0,"gold_loss":0.0,"damage_taken":0.0,"relics_obtained":["Blood Vial"],"cards_obtained":["Writhe"]},{"damage_healed":0.0,"max_hp_gain":0.0,"max_hp_loss":0.0,"gold_gain":0.0,"event_name":"Cursed Tome","player_choice":"Obtained Book","floor":20.0,"gold_loss":0.0,"damage_taken":21.0},{"damage_healed":0,"gold_gain":0,"player_choice":"Ignored","damage_taken":0,"max_hp_gain":0,"max_hp_loss":0,"event_name":"Ghosts","floor":29,"gold_loss":0}],"is_beta":false,"boss_relics":[{"not_picked":["SlaversCollar","Tiny House"],"picked":"Ectoplasm"}],"items_purged_floors":[],"is_endless":false,"potions_floor_spawned":[3,8,16,18,24,25,27,28,31],"killed_by":"Collector","ascension_level":20}}