{"host":"6ggzka4dag2kvku2","time":1614193715,"event":{"mods":["AchievementEnabler","BaseMod","DeckTracker","Minty Spire (QoL Compilation)","Permanent Neow","Quick Restart","SuperFastMode"],"gold_per_floor":[20,32,49,69,89,89,116,116,142,186,211,255,255,274,274,383,383,410,45,55,76,96,96,109,109,109,153,153,184,197,123,123,233,233,257,227,227,201,253,282,282,282,307,344,353,206,250,262,262,262,262,262,49,80,80,80],"floor_reached":55,"language":"KOR","playtime":2612,"items_purged":["Strike_B"],"score":998,"play_id":"4b0a5d35-fcbe-4c3e-a63d-531d8efc48ec","local_time":"20210225040835","is_ascension_mode":true,"campfire_choices":[{"data":"Fusion","floor":6,"key":"SMITH"},{"data":"Doom and Gloom","floor":13,"key":"SMITH"},{"floor":15,"key":"REST"},{"data":"Darkness","floor":23,"key":"SMITH"},{"data":"Redo","floor":25,"key":"SMITH"},{"data":"Apotheosis","floor":32,"key":"SMITH"},{"floor":42,"key":"RECALL"},{"data":"Impatience","floor":49,"key":"SMITH"},{"data":"Machine Learning","floor":52,"key":"SMITH"}],"circlet_count":0,"master_deck":["Defend_B","Defend_B","Defend_B","Defend_B+1","Zap","Dualcast","Buffer+1","Doom and Gloom+1","Rip and Tear","Sweeping Beam","Glacier+1","Leap","Fusion+1","Aggregate","Darkness+1","Hologram","Machine Learning+1","Redo+1","Multi-Cast","Aggregate+1","Coolheaded","Capacitor","Cold Snap","Self Repair+1","Apotheosis+1","Amplify","Conserve Battery+1","Heatsinks","Lockon","Impatience+1","Double Energy+1","Jack Of All Trades","Hologram","Core Surge","Redo+1"],"relics":["Cracked Core","Juzu Bracelet","CeramicFish","Omamori","Anchor","Coffee Dripper","Membership Card","DataDisk","Lantern","Mummified Hand","War Paint","Meat on the Bone","Nuclear Battery","CaptainsWheel","Centennial Puzzle","Ornamental Fan","ClockworkSouvenir","Happy Flower","Symbiotic Virus","Sundial","Orrery","Mango"],"acts_visited":["Exordium","TheCity","TheBeyond","TheEnding"],"potions_floor_usage":[7,12,20,21,27,27,30,40,40,47,55],"damage_taken":[{"damage":0,"enemies":"Small Slimes","floor":1,"turns":3},{"damage":1,"enemies":"Cultist","floor":2,"turns":3},{"damage":0,"enemies":"2 Louse","floor":3,"turns":2},{"damage":7,"enemies":"Looter","floor":4,"turns":3},{"damage":0,"enemies":"Large Slime","floor":5,"turns":4},{"damage":32,"enemies":"Gremlin Nob","floor":7,"turns":5},{"damage":10,"enemies":"Lagavulin","floor":10,"turns":10},{"damage":0,"enemies":"Blue Slaver","floor":11,"turns":3},{"damage":13,"enemies":"Gremlin Nob","floor":12,"turns":4},{"damage":0,"enemies":"Looter","floor":14,"turns":4},{"damage":23,"enemies":"Hexaghost","floor":16,"turns":9},{"damage":2,"enemies":"Chosen","floor":18,"turns":5},{"damage":5,"enemies":"3 Byrds","floor":20,"turns":3},{"damage":13,"enemies":"Snake Plant","floor":21,"turns":5},{"damage":10,"enemies":"Chosen and Byrds","floor":22,"turns":8},{"damage":0,"enemies":"Centurion and Healer","floor":24,"turns":5},{"damage":18,"enemies":"Gremlin Leader","floor":27,"turns":7},{"damage":4,"enemies":"Book of Stabbing","floor":29,"turns":7},{"damage":0,"enemies":"Cultist and Chosen","floor":30,"turns":6},{"damage":21,"enemies":"Champ","floor":33,"turns":9},{"damage":0,"enemies":"Orb Walker","floor":35,"turns":2},{"damage":29,"enemies":"2 Orb Walkers","floor":39,"turns":5},{"damage":6,"enemies":"Nemesis","floor":40,"turns":7},{"damage":13,"enemies":"Reptomancer","floor":44,"turns":12},{"damage":0,"enemies":"Nemesis","floor":47,"turns":7},{"damage":0,"enemies":"3 Shapes","floor":48,"turns":4},{"damage":53,"enemies":"Donu and Deca","floor":50,"turns":13},{"damage":46,"enemies":"Shield and Spear","floor":54,"turns":6},{"damage":89,"enemies":"The Heart","floor":55,"turns":5}],"seed_played":"-532696892949455323","potions_obtained":[{"floor":2,"key":"Weak Potion"},{"floor":3,"key":"Weak Potion"},{"floor":4,"key":"Weak Potion"},{"floor":12,"key":"Block Potion"},{"floor":18,"key":"Block Potion"},{"floor":20,"key":"Regen Potion"},{"floor":29,"key":"Swift Potion"},{"floor":36,"key":"DuplicationPotion"},{"floor":36,"key":"PowerPotion"},{"floor":39,"key":"DistilledChaos"},{"floor":44,"key":"ColorlessPotion"},{"floor":47,"key":"Energy Potion"},{"floor":48,"key":"Fire Potion"}],"is_trial":false,"path_per_floor":["M","M","M","M","M","R","E","?","T","E","M","E","R","M","R","B",null,"M","$","M","M","M","R","M","R","T","E","?","E","M","$","R","B",null,"M","?","?","$","?","E","?","R","T","E","?","$","E","M","R","B",null,"R","$","E","B"],"character_chosen":"DEFECT","items_purchased":["Membership Card","Coolheaded","Capacitor","DataDisk","Lantern","Apotheosis","Heatsinks","ClockworkSouvenir","Happy Flower","Sundial","Jack Of All Trades","Orrery"],"campfire_rested":1,"item_purchase_floors":[19,19,19,19,19,31,38,46,46,53,53,53],"current_hp_per_floor":[75,74,74,67,67,67,35,35,35,25,25,12,12,12,34,11,75,73,73,68,55,45,45,45,45,45,41,41,47,57,57,57,58,75,75,75,75,75,56,60,60,60,60,57,57,57,67,75,75,44,75,75,75,55,0,0],"gold":80,"neow_bonus":"TRANSFORM_TWO_CARDS","is_daily":false,"chose_seed":false,"campfire_upgraded":7,"win_rate":0.0,"timestamp":1614193715,"path_taken":["M","M","M","M","M","R","E","?","T","E","M","E","R","M","R","BOSS","M","$","M","M","M","R","M","R","T","E","?","E","M","$","R","BOSS","M","?","?","$","?","E","?","R","T","E","?","?","E","M","R","BOSS","R","$","E","BOSS"],"items_purchased_type":["Relic","Card","Card","Relic","Relic","Card","Card","Relic","Relic","Relic","Card","Relic"],"build_version":"2020-12-22","purchased_purges":1,"victory":false,"max_hp_per_floor":[75,75,75,75,75,75,75,75,75,75,75,75,75,75,75,75,75,75,75,75,75,75,75,75,75,75,75,75,75,75,75,75,75,75,75,75,75,75,75,75,75,75,75,75,75,75,75,75,75,75,75,75,75,89,89,89],"card_choices":[{"not_picked":["Conserve Battery","Chaos"],"picked":"Rip and Tear","floor":1},{"not_picked":["Streamline","Barrage"],"picked":"Sweeping Beam","floor":2},{"not_picked":["Stack","Gash"],"picked":"Glacier","floor":3},{"not_picked":["Streamline","Go for the Eyes"],"picked":"Leap","floor":4},{"not_picked":["Streamline","Gash"],"picked":"Fusion","floor":5},{"not_picked":["Glacier","Hologram"],"picked":"Aggregate","floor":7},{"not_picked":["Glacier","Recycle"],"picked":"Darkness","floor":10},{"not_picked":["Rebound","Reinforced Body"],"picked":"Hologram","floor":11},{"not_picked":["Beam Cell","Doom and Gloom"],"picked":"Machine Learning","floor":12},{"not_picked":["Glacier","Hologram"],"picked":"Redo","floor":14},{"not_picked":["Machine Learning","Core Surge"],"picked":"Multi-Cast","floor":16},{"not_picked":["Streamline+1","Conserve Battery"],"picked":"Aggregate+1","floor":18},{"not_picked":["Redo","Gash+1","Scrape"],"picked":"SKIP","floor":20},{"not_picked":["Turbo","Steam"],"picked":"Cold Snap","floor":21},{"not_picked":["Ball Lightning","Tempest+1","Coolheaded"],"picked":"SKIP","floor":22},{"not_picked":["Tempest+1","Gash","Electrodynamics"],"picked":"SKIP","floor":24},{"not_picked":["Streamline","Sweeping Beam"],"picked":"Self Repair+1","floor":27},{"not_picked":["Redo","Compile Driver+1","Streamline"],"picked":"SKIP","floor":29},{"not_picked":["Stack","Compile Driver","Tempest"],"picked":"SKIP","floor":30},{"not_picked":["Thunder Strike","Buffer"],"picked":"Amplify","floor":33},{"not_picked":["Streamline+1","Hello World+1"],"picked":"Conserve Battery+1","floor":35},{"not_picked":["Reprogram","Streamline","Glacier+1"],"picked":"SKIP","floor":40},{"not_picked":["Chaos","Compile Driver"],"picked":"Lockon","floor":44},{"not_picked":["Trip","Violence"],"picked":"Impatience","floor":45},{"not_picked":["Barrage+1","Sweeping Beam+1"],"picked":"Double Energy+1","floor":47},{"not_picked":["Cold Snap","Barrage+1","Beam Cell+1"],"picked":"SKIP","floor":48},{"not_picked":["Force Field","Coolheaded"],"picked":"Hologram","floor":53},{"not_picked":["Barrage","Sweeping Beam"],"picked":"Core Surge","floor":53},{"not_picked":["Stack+1","Compile Driver+1"],"picked":"Redo+1","floor":53},{"not_picked":["Rebound","Sweeping Beam","Beam Cell"],"picked":"SKIP","floor":54}],"player_experience":146480,"relics_obtained":[{"floor":7,"key":"Juzu Bracelet"},{"floor":9,"key":"CeramicFish"},{"floor":10,"key":"Omamori"},{"floor":12,"key":"Anchor"},{"floor":26,"key":"Mummified Hand"},{"floor":27,"key":"War Paint"},{"floor":29,"key":"Meat on the Bone"},{"floor":39,"key":"CaptainsWheel"},{"floor":40,"key":"Centennial Puzzle"},{"floor":44,"key":"Ornamental Fan"},{"floor":47,"key":"Symbiotic Virus"},{"floor":54,"key":"Mango"}],"event_choices":[{"damage_healed":0,"gold_gain":0,"player_choice":"Grow","damage_taken":0,"max_hp_gain":0,"max_hp_loss":0,"event_name":"Living Wall","floor":8,"gold_loss":0,"cards_upgraded":["Buffer"]},{"damage_healed":0,"gold_gain":0,"player_choice":"Ignored","damage_taken":0,"max_hp_gain":0,"max_hp_loss":0,"event_name":"Vampires","floor":28,"gold_loss":0},{"damage_healed":0,"gold_gain":0,"player_choice":"Bought 2 Potions","damage_taken":0,"max_hp_gain":0,"max_hp_loss":0,"event_name":"The Woman in Blue","floor":36,"gold_loss":0},{"damage_healed":0,"gold_gain":0,"player_choice":"Ignored","damage_taken":0,"max_hp_gain":0,"max_hp_loss":0,"event_name":"Tomb of Lord Red Mask","floor":37,"gold_loss":0},{"damage_healed":0,"gold_gain":0,"player_choice":"Fight","damage_taken":0,"max_hp_gain":0,"max_hp_loss":0,"event_name":"Mysterious Sphere","floor":39,"gold_loss":0},{"cards_removed":["Strike_B"],"damage_healed":0,"gold_gain":0,"player_choice":"Removed Attack","damage_taken":0,"max_hp_gain":0,"max_hp_loss":0,"event_name":"Falling","floor":41,"gold_loss":0},{"damage_healed":0,"gold_gain":0,"player_choice":"Memory 1","damage_taken":0,"max_hp_gain":0,"max_hp_loss":0,"event_name":"SensoryStone","floor":45,"gold_loss":0}],"is_beta":false,"boss_relics":[{"not_picked":["Astrolabe","Ectoplasm"],"picked":"Coffee Dripper"},{"not_picked":["Inserter","Busted Crown"],"picked":"Nuclear Battery"}],"items_purged_floors":[19],"is_endless":false,"potions_floor_spawned":[2,3,4,12,18,20,29,39,44,47,48,54],"killed_by":"The Heart","ascension_level":4}}