{"host":"dkr0dog13pegamnp","time":1614155281,"event":{"mods":["AchievementEnabler","BaseMod","Minty Spire (QoL Compilation)","Rare Cards Sparkle","StSLib","SuperFastMode","everything is the same but u backflip on backflip"],"gold_per_floor":[117,117,129,129,129,163,163,163,163,163,186,227,243,264,264,358,358,371,384,384,474,490,490,376,400,400,18,37,37,58,58,58],"floor_reached":31,"language":"KOR","playtime":825,"items_purged":["Defend_G"],"score":572,"play_id":"a7110046-5406-47e2-9f85-3f58a794784c","local_time":"20210224172801","is_ascension_mode":true,"campfire_choices":[{"data":"Venomology","floor":8.0,"key":"SMITH"},{"data":"Neutralize","floor":10.0,"key":"SMITH"},{"data":"Noxious Fumes","floor":15.0,"key":"SMITH"},{"data":"Footwork","floor":23,"key":"SMITH"},{"data":"Footwork","floor":29,"key":"SMITH"}],"circlet_count":0,"master_deck":["AscendersBane","Strike_G+1","Strike_G+1","Defend_G+1","Defend_G","Defend_G","Survivor+1","Neutralize+1","Bouncing Flask+1","Venomology+1","Calculated Gamble","Noxious Fumes+1","Backflip","Deadly Poison","Malaise","Setup+1","Flechettes+1","Venomology+1","Footwork+1","Footwork","Footwork","Footwork+1"],"relics":["Ring of the Snake","NeowsBlessing","Golden Idol","Bottled Lightning","Whetstone","White Beast Statue","Astrolabe","Peace Pipe","Medical Kit","War Paint"],"acts_visited":["Exordium","TheCity"],"potions_floor_usage":[22,22,25,28,28,30,30,30,31,31,31],"damage_taken":[{"damage":0.0,"enemies":"Small Slimes","floor":1.0,"turns":1.0},{"damage":0.0,"enemies":"2 Louse","floor":3.0,"turns":1.0},{"damage":0.0,"enemies":"Lagavulin","floor":6.0,"turns":1.0},{"damage":4.0,"enemies":"Jaw Worm","floor":11.0,"turns":3.0},{"damage":30.0,"enemies":"3 Sentries","floor":12.0,"turns":10.0},{"damage":0.0,"enemies":"Looter","floor":13.0,"turns":3.0},{"damage":0.0,"enemies":"3 Louse","floor":14.0,"turns":2.0},{"damage":0.0,"enemies":"Hexaghost","floor":16.0,"turns":7.0},{"damage":5.0,"enemies":"Chosen","floor":18.0,"turns":5.0},{"damage":15.0,"enemies":"Shell Parasite","floor":19.0,"turns":6.0},{"damage":3,"enemies":"Snake Plant","floor":22,"turns":6},{"damage":29,"enemies":"Shelled Parasite and Fungi","floor":25,"turns":7},{"damage":1,"enemies":"Centurion and Healer","floor":28,"turns":7},{"damage":2,"enemies":"Snecko","floor":30,"turns":5},{"damage":10,"enemies":"Slavers","floor":31,"turns":1}],"seed_played":"-3184000688094834934","potions_obtained":[{"floor":1.0,"key":"CultistPotion"},{"floor":6.0,"key":"Ancient Potion"},{"floor":12.0,"key":"Weak Potion"},{"floor":13.0,"key":"EntropicBrew"},{"floor":14.0,"key":"SkillPotion"},{"floor":16.0,"key":"Dexterity Potion"},{"floor":18.0,"key":"SteroidPotion"},{"floor":19.0,"key":"FearPotion"},{"floor":22,"key":"DuplicationPotion"},{"floor":25,"key":"AttackPotion"},{"floor":28,"key":"Fire Potion"},{"floor":30,"key":"EssenceOfSteel"}],"is_trial":false,"path_per_floor":["M","?","M","?","?","E","?","R","T","R","M","E","M","M","R","B",null,"M","M","?","?","M","R","$","M","T","$","M","R","M","E"],"character_chosen":"THE_SILENT","items_purchased":["Footwork","Footwork","Medical Kit","War Paint"],"campfire_rested":0,"item_purchase_floors":[24,27,27,27],"current_hp_per_floor":[59,59,59,59,64,64,57,57,57,57,53,23,23,23,23,23,55,50,35,35,23,20,20,20,12,12,12,11,11,9,0,0],"gold":58,"neow_bonus":"THREE_ENEMY_KILL","is_daily":false,"chose_seed":false,"campfire_upgraded":5,"win_rate":0.0,"timestamp":1614155281,"path_taken":["M","?","M","?","?","E","?","R","T","R","M","E","M","M","R","BOSS","M","M","?","?","M","R","$","M","T","$","M","R","M","E"],"items_purchased_type":["Card","Card","Relic","Relic"],"build_version":"2020-12-22","purchased_purges":1,"victory":false,"max_hp_per_floor":[66,66,66,61,66,66,66,66,66,66,66,66,66,66,66,66,66,66,66,66,66,66,66,66,66,66,66,66,66,66,66,66],"card_choices":[{"not_picked":["Noxious Fumes","Dagger Spray"],"picked":"Bouncing Flask","floor":1.0},{"not_picked":["Skewer","Endless Agony","Blade Dance"],"picked":"SKIP","floor":3.0},{"not_picked":["Skewer","Endless Agony","Blade Dance"],"picked":"SKIP","floor":3.0},{"not_picked":["Cloak And Dagger","Deadly Poison"],"picked":"Venomology","floor":6.0},{"not_picked":["Bouncing Flask","Poisoned Stab"],"picked":"Calculated Gamble","floor":11.0},{"not_picked":["Dagger Throw","Slice"],"picked":"Noxious Fumes","floor":12.0},{"not_picked":["Cloak And Dagger","Dash"],"picked":"Backflip","floor":13.0},{"not_picked":["Acrobatics","Terror"],"picked":"Deadly Poison","floor":14.0},{"not_picked":["Grand Finale","Die Die Die"],"picked":"Malaise","floor":16.0},{"not_picked":["Infinite Blades","Crippling Poison"],"picked":"Footwork","floor":18.0},{"not_picked":["Dagger Throw","Calculated Gamble","Deadly Poison"],"picked":"SKIP","floor":19.0},{"not_picked":["PiercingWail","Sucker Punch","Finisher"],"picked":"SKIP","floor":22},{"not_picked":["PiercingWail","Sucker Punch","Finisher"],"picked":"SKIP","floor":22},{"not_picked":["Prepared","Caltrops","Flying Knee"],"picked":"SKIP","floor":25},{"not_picked":["Catalyst","Well Laid Plans"],"picked":"Footwork","floor":28},{"not_picked":["Riddle With Holes","Acrobatics","Dodge and Roll"],"picked":"SKIP","floor":30}],"player_experience":106673,"relics_obtained":[{"floor":6.0,"key":"Bottled Lightning"},{"floor":9.0,"key":"Whetstone"},{"floor":12.0,"key":"White Beast Statue"},{"floor":26,"key":"Peace Pipe"}],"event_choices":[{"damage_healed":0.0,"max_hp_gain":0.0,"max_hp_loss":0.0,"gold_gain":0.0,"event_name":"Living Wall","player_choice":"Grow","floor":2.0,"gold_loss":0.0,"damage_taken":0.0,"cards_upgraded":["Bouncing Flask"]},{"damage_healed":0.0,"max_hp_gain":0.0,"max_hp_loss":5.0,"gold_gain":0.0,"event_name":"Golden Idol","player_choice":"Lose Max HP","floor":4.0,"gold_loss":0.0,"damage_taken":0.0,"relics_obtained":["Golden Idol"]},{"damage_healed":0.0,"max_hp_gain":5.0,"max_hp_loss":0.0,"gold_gain":0.0,"event_name":"Big Fish","player_choice":"Donut","floor":5.0,"gold_loss":0.0,"damage_taken":0.0},{"cards_removed":["Strike_G"],"damage_healed":0.0,"max_hp_gain":0.0,"max_hp_loss":0.0,"gold_gain":0.0,"event_name":"Golden Wing","player_choice":"Card Removal","floor":7.0,"gold_loss":0.0,"damage_taken":7.0},{"damage_healed":0,"gold_gain":0,"player_choice":"Ignored","damage_taken":0,"max_hp_gain":0,"max_hp_loss":0,"event_name":"The Mausoleum","floor":20,"gold_loss":0},{"damage_healed":0,"gold_gain":90,"player_choice":"GOLD ","damage_taken":12,"max_hp_gain":0,"max_hp_loss":0,"event_name":"Knowing Skull","floor":21,"potions_obtained":[],"gold_loss":0,"cards_obtained":[]}],"is_beta":false,"boss_relics":[{"not_picked":["Velvet Choker","Sozu"],"picked":"Astrolabe"}],"items_purged_floors":[24],"is_endless":false,"potions_floor_spawned":[1,6,12,13,14,16,18,19,22,25,28,30],"killed_by":"Slavers","ascension_level":14}}