{"host":"avq773cl9g5msfol","time":1614203275,"event":{"mods":["100% Spire Juice","AchievementEnabler","Act Like it!","Ascension Unlocker","Aspiration","Astrologer","Bard","Bartender","BaseMod","Better Altar","Better Third Choice","BetterRewards","CapriCore","ChefMod","Colored Map","Colored Powertips","Conspire","Dio Mod","Downfall","Elementarium","Energized Spire","Extra Virgin Snecko Oil","Gensokyo","GifTheSpireLib","Hallownest","Hermit","Highlight Path","Hubris","Humility","Infinite Spire","Jorbs\u0027s Wanderer Trilogy","Koishi","Magitek Elite","Marisa????????","Marked Mod","Menagerie","Minty Spire (QoL Compilation)","Pale of the Ancients","Potionbrewer","Quarter Circle Forward PUNCH!","Rare Cards Sparkle","Reimu??????","Relic Stats","Reliquary","Remilia??????","Replay The Spire","Robot Space Explorer","SacredBarkPlus","Shade Mod","Shapeshifter Mod","Somnambulant","Spicy Shops","Spire Arcade","StSLib","The Administrix","The Blue Laboratory","The Bug Knight","The Construct","The Cursed","The Disciple","The Dragon Tamer","The Exalted","The Hayseed","The Hierophant","The Hydrologist","The Immortal","The Marked","The Mystic","The Problem Sleuth","The Runesmith","The Senshi","The Vixen","The Wild Card","TheFirefly","Wandering Minibosses","Wide Potions","vexMod"],"gold_per_floor":[114,130,130,161,173,204,204,233,233,233,302,302,302,318,318,392,392,411,427,427,427,438,473,486,486,486,486,222,255,255,82,82,159,159,170,170,120,120,139,171,171,199,199,233,244,277,296,306,306,306,306],"floor_reached":52,"language":"ENG","playtime":4412,"items_purged":["Pony_Shot+1","Alacrity+1"],"score":3222,"play_id":"b7667610-f12b-4bb2-bc22-f94723d14f40","local_time":"20210225044755","is_ascension_mode":true,"campfire_choices":[{"data":"Insight_B","floor":7,"key":"SMITH"},{"data":"Somersault","floor":10,"key":"SMITH"},{"floor":15,"key":"REST"},{"data":"Rope_A_Dope","floor":25,"key":"SMITH"},{"data":"Fight_Dirty","floor":27,"key":"SMITH"},{"floor":30,"key":"REST"},{"floor":32,"key":"REST"},{"data":"Free_Pour","floor":41,"key":"SMITH"},{"data":"Power_Up_Punch","floor":49,"key":"SMITH"}],"circlet_count":0,"master_deck":["AscendersBane","Somersault+1","Rising_Crane+1","Cross+1","Dart+1","Cold_Blooded+1","OpoOpo_Form+1","On_The_Rocks+1","Sucker_Punch+1","Greased_Lightning+1","Feint+1","Wall_of_Ice+1","Hook+1","Moonsault_Kick+1","Fading_Blow+1","Press_Forward+1","Alacrity+1","Waterkick+1","Center_Self+1","Well_Drinks+1","Insight_B+1","Spirits_Within+1","Rope_A_Dope+1","Fight_Dirty+1","Windup+1","Butterfly_Float+1","Free_Pour+1","Gensokyo:CustomPotion","Power_Up_Punch+1","infinitespire:NeuralNetwork"],"relics":["Sneakers","Golden Egg","Quantum Egg","hubris:EmptyBottle","Runesmith:AutoHammer","champ:DuelingGlove","qcfpunch:Chain_With_Nametags","theSenshi:SuperSailorFukuRelic","Happy Flower","OrangePellets","ReplayTheSpireMod:TigerMarble","infinitespire:EmpoweringShard","Oddly Smooth Stone","reliquary:HotPoker","conspire:SeveredTorchhead","hubris:Towel","wanderingMiniBosses:CarrionFlame","Piano_Music","SlaversCollar","hexamod:CandleOfCauterizing","Guardian:PocketSentry","vexMod:InvisibilityCloak"],"acts_visited":["Exordium","Hallownest:CityofTears","Gensokyo:Gensokyoest"],"potions_floor_usage":[1,1,8,24,40,46,50,50],"damage_taken":[{"damage":0,"enemies":"Cultist","floor":1,"turns":1},{"damage":0,"enemies":"Jaw Worm","floor":2,"turns":1},{"damage":0,"enemies":"conspire:MimicChest","floor":4,"turns":4},{"damage":0,"enemies":"Small Slimes","floor":5,"turns":2},{"damage":10,"enemies":"3 Sentries","floor":6,"turns":3},{"damage":0,"enemies":"Gremlin Nob","floor":8,"turns":5},{"damage":0,"enemies":"3 Louse","floor":14,"turns":1},{"damage":0,"enemies":"The Guardian","floor":16,"turns":6},{"damage":0,"enemies":"Hallownest:Flukemon_and_Top","floor":18,"turns":3},{"damage":0,"enemies":"Hallownest:2_Mistakes","floor":19,"turns":4},{"damage":0,"enemies":"Hallownest:Master_and_Novice","floor":22,"turns":3},{"damage":0,"enemies":"Hallownest:Nosk","floor":23,"turns":5},{"damage":0,"enemies":"Hallownest:Warrior_and_Youth","floor":24,"turns":6},{"damage":0,"enemies":"Hallownest:eliteSoulWarrior","floor":29,"turns":4},{"damage":24,"enemies":"Hallownest:BossMantisLord","floor":33,"turns":6},{"damage":0,"enemies":"Gensokyo:3_Boulders","floor":35,"turns":3},{"damage":0,"enemies":"Gensokyo:AncientGuardian","floor":39,"turns":3},{"damage":0,"enemies":"Gensokyo:Marisa","floor":40,"turns":5},{"damage":0,"enemies":"Nightmare","floor":42,"turns":6},{"damage":0,"enemies":"Gensokyo:Marisa","floor":44,"turns":4},{"damage":0,"enemies":"Gensokyo:3_Boulders","floor":45,"turns":5},{"damage":0,"enemies":"Gensokyo:Doremy","floor":46,"turns":6},{"damage":0,"enemies":"Gensokyo:Dusk_and_Dawn","floor":47,"turns":4},{"damage":0,"enemies":"Gensokyo:SeedOfUnknown","floor":48,"turns":4},{"damage":0,"enemies":"Gensokyo:Scarlet_Devils","floor":50,"turns":9},{"damage":0,"enemies":"Gensokyo:Shinki","floor":51,"turns":8}],"seed_played":"494790060460570229","potions_obtained":[{"floor":48,"key":"DuplicationPotion"}],"is_trial":false,"path_per_floor":["M","M","?","?","M","E","R","E","T","R","?","?","?","M","R","B",null,"M","M","?","?","M","E","M","R","T","R","$","E","R","$","R","B",null,"M","?","?","?","M","E","R","NM","T","E","M","E","M","M","R","B","B",null],"character_chosen":"BARTENDER","items_purchased":["hubris:EmptyBottle","GamblersBrew","Greased_Lightning","Feint","Wall_of_Ice","Runesmith:AutoHammer","champ:DuelingGlove","Hook","qcfpunch:Chain_With_Nametags","theSenshi:SuperSailorFukuRelic","blueLaboratory:FruitPunch","Bouncer","Moonsault_Kick","Fading_Blow","Press_Forward","Happy Flower","Alacrity","Waterkick","Center_Self","OrangePellets","ReplayTheSpireMod:TigerMarble","infinitespire:EmpoweringShard","Oddly Smooth Stone","Well_Drinks+1","Piano_Music","Windup"],"campfire_rested":3,"item_purchase_floors":[0,0,0,0,0,0,0,0,0,0,0,0,0,0,0,0,0,0,0,0,0,0,0,0,28,31],"current_hp_per_floor":[63,63,63,63,63,53,53,53,53,53,53,53,53,53,69,69,69,69,69,69,69,69,69,69,69,69,69,69,69,69,69,69,45,63,63,63,63,66,66,66,66,66,66,66,66,66,66,66,66,69,69],"gold":306,"neow_bonus":"","is_daily":false,"chose_seed":false,"campfire_upgraded":6,"win_rate":0.0,"timestamp":1614203275,"path_taken":["M","?","?","?","?","E","R","E","T","R","?","?","?","M","R","BOSS","M","?","?","?","?","E","M","R","T","R","?","E","R","$","R","BOSS","M","?","?","?","M","E","R","NM","T","E","M","E","M","?","R","BOSS","BOSS"],"items_purchased_type":["Relic","Potion","Card","Card","Card","Relic","Relic","Card","Relic","Relic","Potion","Card","Card","Card","Card","Relic","Card","Card","Card","Relic","Relic","Relic","Relic","Card","Relic","Card"],"build_version":"2020-12-22","purchased_purges":2,"victory":true,"max_hp_per_floor":[69,69,69,69,69,69,69,69,69,69,69,69,69,69,69,69,69,69,69,69,69,69,69,69,69,69,69,69,69,69,69,69,69,69,69,69,69,69,69,69,69,69,69,69,69,69,69,69,69,69,69],"relic_stats":{"OrangePellets":[36],"Happy Flower":[50],"counters":[136,485],"obtain_stats":[{"Golden Egg":0,"infinitespire:BottledMercury":43,"vexMod:MemoryStick":43,"ScarletDevilRocket":43,"wanderingMiniBosses:OtherGremlinHorn":31,"vexMod:RockOfEvil":34,"Replay:Wanted Poster":34,"Replay:Ringing Soul":26,"vexMod:InvisibilityCloak":0,"conspire:GlowingRock":6,"DTMod:TacticalNote":0,"DTMod:OddArmor":0,"Ribbon":0,"vexMod:EndlessSickness":17,"Replay:Bronze Core":17,"DemoMod:MeltedRock":14,"DemoMod:LamentConfigurum":20,"qcfpunch:Red_Cyclone_Teachings":26,"construct:RocketBooster":24,"Sneakers":0,"Gensokyo:TheCrow":41,"TentaclePot:ReiMu":25,"HollowMod:JonisBlessing":0,"Pen Nib":27,"Guardian:PocketSentry":11,"aspiration:FrozenJewel":0,"infinitespire:EvilPickle":37,"SlaversCollar":34,"Elementarium:ElementariumTrophy":33,"qcfpunch:Broken_Tusk":46,"infinitespire:Broken Mirror":27,"Pandora\u0027s Box":0,"energizedSpire:MagnifyingGlass":28,"DemoMod:ResourcefulSack":23,"Lantern":0,"aspiration:Lifesprig":0,"Torii":6,"DTMod:AncientBone":0,"StoneCalendar":40,"Mythril_Glove":38,"hubris:EmptyBottle":0,"White_Cape":0,"qcfpunch:Crimson_Sash":4,"Replay:Rubber Ducky":0,"DTMod:MindBender":0,"AntiCross":6,"hubris:CuriousFeather":0,"WingedGreaves":2,"DemoMod:GnawedKey":0,"qcfpunch:Cattail":44,"InkBottle":28,"Potion Belt":0,"Lee\u0027s Waffle":0,"hubris:64BitClover":9,"Guardian:GemstoneGun":0,"qcfpunch:Black_Training_Shirt":23,"PreservedInsect":0,"Protect_Vest":49,"infinitespire:CheckeredPen":6,"infinitespire:Lucky Rock":6,"energizedSpire:SpiderWeb":34,"hubris:Towel":20,"MawBank":10,"DTMod:SwitchButton":0,"PureWhite:ReiMu":26,"CrazyTorch:ReiMu":0,"Runesmith:AutoHammer":0,"DemoMod:GreenGuonStone":0,"champ:DuelingGlove":0,"hubris:CrystalStatue":0,"Calipers":0,"Menagerie:HuntersKnife":5,"DemoMod:GlassGuonStoneRelic":11,"AdministrixMod:ConductorRitualBaton":0,"theSenshi:FeatherClipsRelic":31,"DemoMod:RiddleOfLead":34,"qcfpunch:Unceasing_Flame":20,"conspire:SeveredTorchhead":17,"vexMod:RetaliationKit":31,"qcfpunch:Chain_With_Nametags":0,"conspire:Dentures":0,"Girya":9,"Happy Flower":26,"Choco_Feather":8,"Dead Branch":0,"Oddly Smooth Stone":28,"wanderingMiniBosses:MasterThiefsPresence":22,"aspiration:SeaSaltIceCream":4,"Replay:Kaleidoscope":10,"War Paint":29,"Bromod:ArcaneConsequence":29,"OrangePellets":42,"Bottled Flame":13,"ReplayTheSpireMod:Shallot":4,"ReplayTheSpireMod:TigerMarble":9,"infinitespire:EmpoweringShard":0,"Mirror":40,"hermit:Momento":0,"theSenshi:SuperSailorFukuRelic":0,"Replay:PocketPolymizer":25,"Piano_Music":28,"conspire:SpecialSausage":3,"Juzu Bracelet":0,"Hallownest:DreamNailRelic":3,"hubris:SlimyHat":0,"Replay:Mystery Machine":13,"DemoMod:WhiteGuonStone":0,"Empty Cage":4,"conspire:TopHat":26,"ClockworkSouvenir":0,"DemoMod:SevenLeafClover":0,"Frozen Eye":29,"reliquary:HotPoker":9,"Cracked Core":0,"Hallownest:SalubrasBlessingRelic":10,"qcfpunch:Army_Boots":7,"hexamod:CandleOfCauterizing":40,"ReplayTheSpireMod:Ninjato":3,"infinitespire:CursedDice":43,"aspiration:RunicSpoon":0,"Quantum Egg":2,"aspiration:SecretTechniqueScroll":17,"Mercury Hourglass":27,"Calling Bell":17,"infinitespire:WardingShard":6,"DTMod:PactStone":0,"wanderingMiniBosses:CarrionFlame":24,"vexMod:HeadHunter":0,"LetterFromLob":1,"qcfpunch:Red_Headband":24,"Membership Card":0,"DemoMod:VorpalBullet":24,"TungstenRod":0,"RuthlessExorcism:ReiMu":9},{"Golden Egg":0,"infinitespire:BottledMercury":21,"vexMod:MemoryStick":72,"ScarletDevilRocket":108,"wanderingMiniBosses:OtherGremlinHorn":35,"vexMod:RockOfEvil":36,"Replay:Wanted Poster":17,"Replay:Ringing Soul":11,"vexMod:InvisibilityCloak":78,"conspire:GlowingRock":2,"DTMod:TacticalNote":78,"DTMod:OddArmor":78,"Ribbon":89,"vexMod:EndlessSickness":60,"Replay:Bronze Core":85,"DemoMod:MeltedRock":29,"DemoMod:LamentConfigurum":61,"qcfpunch:Red_Cyclone_Teachings":32,"construct:RocketBooster":32,"Sneakers":89,"Gensokyo:TheCrow":72,"TentaclePot:ReiMu":88,"HollowMod:JonisBlessing":89,"Pen Nib":64,"Guardian:PocketSentry":27,"aspiration:FrozenJewel":43,"infinitespire:EvilPickle":71,"SlaversCollar":125,"Elementarium:ElementariumTrophy":36,"qcfpunch:Broken_Tusk":40,"infinitespire:Broken Mirror":88,"Pandora\u0027s Box":24,"energizedSpire:MagnifyingGlass":64,"DemoMod:ResourcefulSack":100,"Lantern":43,"aspiration:Lifesprig":78,"Torii":92,"DTMod:AncientBone":78,"StoneCalendar":20,"Mythril_Glove":19,"hubris:EmptyBottle":24,"White_Cape":43,"qcfpunch:Crimson_Sash":25,"Replay:Rubber Ducky":89,"DTMod:MindBender":78,"AntiCross":2,"hubris:CuriousFeather":24,"WingedGreaves":25,"DemoMod:GnawedKey":43,"qcfpunch:Cattail":72,"InkBottle":64,"Potion Belt":43,"Lee\u0027s Waffle":43,"hubris:64BitClover":53,"Guardian:GemstoneGun":43,"qcfpunch:Black_Training_Shirt":88,"PreservedInsect":24,"Protect_Vest":41,"infinitespire:CheckeredPen":26,"infinitespire:Lucky Rock":52,"energizedSpire:SpiderWeb":104,"hubris:Towel":120,"MawBank":57,"DTMod:SwitchButton":78,"PureWhite:ReiMu":11,"CrazyTorch:ReiMu":89,"Runesmith:AutoHammer":110,"DemoMod:GreenGuonStone":43,"champ:DuelingGlove":110,"hubris:CrystalStatue":43,"Calipers":78,"Menagerie:HuntersKnife":45,"DemoMod:GlassGuonStoneRelic":4,"AdministrixMod:ConductorRitualBaton":53,"theSenshi:FeatherClipsRelic":103,"DemoMod:RiddleOfLead":68,"qcfpunch:Unceasing_Flame":98,"conspire:SeveredTorchhead":118,"vexMod:RetaliationKit":16,"qcfpunch:Chain_With_Nametags":110,"conspire:Dentures":78,"Girya":3,"Happy Flower":101,"Choco_Feather":3,"Dead Branch":53,"Oddly Smooth Stone":33,"wanderingMiniBosses:MasterThiefsPresence":10,"aspiration:SeaSaltIceCream":25,"Replay:Kaleidoscope":94,"War Paint":14,"Bromod:ArcaneConsequence":88,"OrangePellets":39,"Bottled Flame":28,"ReplayTheSpireMod:Shallot":25,"ReplayTheSpireMod:TigerMarble":26,"infinitespire:EmpoweringShard":110,"Mirror":39,"hermit:Momento":0,"theSenshi:SuperSailorFukuRelic":110,"Replay:PocketPolymizer":101,"Piano_Music":123,"conspire:SpecialSausage":50,"Juzu Bracelet":0,"Hallownest:DreamNailRelic":1,"hubris:SlimyHat":78,"Replay:Mystery Machine":28,"DemoMod:WhiteGuonStone":53,"Empty Cage":113,"conspire:TopHat":63,"ClockworkSouvenir":24,"DemoMod:SevenLeafClover":0,"Frozen Eye":13,"reliquary:HotPoker":116,"Cracked Core":43,"Hallownest:SalubrasBlessingRelic":3,"qcfpunch:Army_Boots":81,"hexamod:CandleOfCauterizing":128,"ReplayTheSpireMod:Ninjato":50,"infinitespire:CursedDice":21,"aspiration:RunicSpoon":0,"Quantum Egg":1,"aspiration:SecretTechniqueScroll":6,"Mercury Hourglass":102,"Calling Bell":97,"infinitespire:WardingShard":46,"DTMod:PactStone":78,"wanderingMiniBosses:CarrionFlame":123,"vexMod:HeadHunter":0,"LetterFromLob":44,"qcfpunch:Red_Headband":62,"Membership Card":24,"DemoMod:VorpalBullet":11,"TungstenRod":78,"RuthlessExorcism:ReiMu":93},{"Golden Egg":0,"infinitespire:BottledMercury":74,"vexMod:MemoryStick":236,"ScarletDevilRocket":364,"wanderingMiniBosses:OtherGremlinHorn":115,"vexMod:RockOfEvil":123,"Replay:Wanted Poster":52,"Replay:Ringing Soul":34,"vexMod:InvisibilityCloak":264,"conspire:GlowingRock":6,"DTMod:TacticalNote":264,"DTMod:OddArmor":264,"Ribbon":291,"vexMod:EndlessSickness":194,"Replay:Bronze Core":285,"DemoMod:MeltedRock":94,"DemoMod:LamentConfigurum":198,"qcfpunch:Red_Cyclone_Teachings":104,"construct:RocketBooster":104,"Sneakers":291,"Gensokyo:TheCrow":236,"TentaclePot:ReiMu":290,"HollowMod:JonisBlessing":291,"Pen Nib":209,"Guardian:PocketSentry":89,"aspiration:FrozenJewel":147,"infinitespire:EvilPickle":234,"SlaversCollar":428,"Elementarium:ElementariumTrophy":123,"qcfpunch:Broken_Tusk":130,"infinitespire:Broken Mirror":290,"Pandora\u0027s Box":83,"energizedSpire:MagnifyingGlass":209,"DemoMod:ResourcefulSack":329,"Lantern":147,"aspiration:Lifesprig":264,"Torii":302,"DTMod:AncientBone":264,"StoneCalendar":71,"Mythril_Glove":60,"hubris:EmptyBottle":83,"White_Cape":147,"qcfpunch:Crimson_Sash":85,"Replay:Rubber Ducky":291,"DTMod:MindBender":264,"AntiCross":6,"hubris:CuriousFeather":83,"WingedGreaves":85,"DemoMod:GnawedKey":147,"qcfpunch:Cattail":236,"InkBottle":209,"Potion Belt":147,"Lee\u0027s Waffle":147,"hubris:64BitClover":171,"Guardian:GemstoneGun":147,"qcfpunch:Black_Training_Shirt":290,"PreservedInsect":83,"Protect_Vest":131,"infinitespire:CheckeredPen":87,"infinitespire:Lucky Rock":169,"energizedSpire:SpiderWeb":353,"hubris:Towel":405,"MawBank":182,"DTMod:SwitchButton":264,"PureWhite:ReiMu":34,"CrazyTorch:ReiMu":291,"Runesmith:AutoHammer":375,"DemoMod:GreenGuonStone":147,"champ:DuelingGlove":375,"hubris:CrystalStatue":147,"Calipers":264,"Menagerie:HuntersKnife":152,"DemoMod:GlassGuonStoneRelic":10,"AdministrixMod:ConductorRitualBaton":171,"theSenshi:FeatherClipsRelic":347,"DemoMod:RiddleOfLead":226,"qcfpunch:Unceasing_Flame":322,"conspire:SeveredTorchhead":398,"vexMod:RetaliationKit":45,"qcfpunch:Chain_With_Nametags":375,"conspire:Dentures":264,"Girya":9,"Happy Flower":335,"Choco_Feather":9,"Dead Branch":171,"Oddly Smooth Stone":107,"wanderingMiniBosses:MasterThiefsPresence":29,"aspiration:SeaSaltIceCream":85,"Replay:Kaleidoscope":308,"War Paint":39,"Bromod:ArcaneConsequence":290,"OrangePellets":127,"Bottled Flame":92,"ReplayTheSpireMod:Shallot":85,"ReplayTheSpireMod:TigerMarble":87,"infinitespire:EmpoweringShard":375,"Mirror":127,"hermit:Momento":0,"theSenshi:SuperSailorFukuRelic":375,"Replay:PocketPolymizer":335,"Piano_Music":419,"conspire:SpecialSausage":167,"Juzu Bracelet":0,"Hallownest:DreamNailRelic":1,"hubris:SlimyHat":264,"Replay:Mystery Machine":92,"DemoMod:WhiteGuonStone":171,"Empty Cage":381,"conspire:TopHat":204,"ClockworkSouvenir":83,"DemoMod:SevenLeafClover":0,"Frozen Eye":37,"reliquary:HotPoker":391,"Cracked Core":147,"Hallownest:SalubrasBlessingRelic":9,"qcfpunch:Army_Boots":272,"hexamod:CandleOfCauterizing":439,"ReplayTheSpireMod:Ninjato":167,"infinitespire:CursedDice":74,"aspiration:RunicSpoon":0,"Quantum Egg":1,"aspiration:SecretTechniqueScroll":16,"Mercury Hourglass":341,"Calling Bell":319,"infinitespire:WardingShard":157,"DTMod:PactStone":264,"wanderingMiniBosses:CarrionFlame":419,"vexMod:HeadHunter":0,"LetterFromLob":150,"qcfpunch:Red_Headband":202,"Membership Card":83,"DemoMod:VorpalBullet":34,"TungstenRod":264,"RuthlessExorcism:ReiMu":305}]},"card_choices":[{"not_picked":["Ripple","Cross"],"picked":"Dart","floor":1},{"not_picked":["Bouncer","On_The_Rocks","Bicycle_Kick"],"picked":"SKIP","floor":2},{"not_picked":["Ball_Of_Ice","Greased_Lightning"],"picked":"Insight_B","floor":5},{"not_picked":["Glare","Mirage","RockBreaker"],"picked":"SKIP","floor":6},{"not_picked":["Scowl","Cold_Blooded","Glare"],"picked":"SKIP","floor":8},{"not_picked":["Alacrity","Surge","Ball_Of_Ice"],"picked":"SKIP","floor":14},{"not_picked":["Top_Shelf","Patience"],"picked":"Spirits_Within","floor":16},{"not_picked":["On_The_Rocks+1","Rising_Crane","Surge"],"picked":"SKIP","floor":18},{"not_picked":["Insight_B","Snap_Punch","Cross"],"picked":"SKIP","floor":19},{"not_picked":["Press_Forward","Raptor_Form"],"picked":"Rope_A_Dope","floor":22},{"not_picked":["Combo_Master","With_A_Twist","Bicycle_Kick"],"picked":"SKIP","floor":23},{"not_picked":["Greased_Lightning","Wall_of_Ice"],"picked":"Fight_Dirty","floor":24},{"not_picked":["Scowl+1","Press_Forward","Alacrity"],"picked":"SKIP","floor":29},{"not_picked":["High_Tide","Top_Shelf"],"picked":"Butterfly_Float","floor":33},{"not_picked":["Press_Forward","Scoop"],"picked":"Free_Pour","floor":35},{"not_picked":["Hook+1","Scowl","Power_Up_Punch"],"picked":"SKIP","floor":39},{"not_picked":["Hook+1","Scowl"],"picked":"Power_Up_Punch","floor":39},{"not_picked":["Hook","Coeurl_Form","Bitters"],"picked":"SKIP","floor":40},{"not_picked":["infinitespire:UltimateForm","infinitespire:DeathsTouch"],"picked":"infinitespire:NeuralNetwork","floor":42},{"not_picked":["RockBreaker","Alacrity","Blizzard_Spikes"],"picked":"SKIP","floor":42},{"not_picked":["Form_Shift","Ball_Of_Ice","Power_Up_Punch"],"picked":"SKIP","floor":44},{"not_picked":["On_The_House+1","Dancing_Jab","Pony_Shot+1"],"picked":"SKIP","floor":45},{"not_picked":["Dancing_Jab+1","Ripple","Training_Dummy"],"picked":"SKIP","floor":46},{"not_picked":["Snap_Punch","Sucker_Punch+1","Greased_Lightning"],"picked":"SKIP","floor":47},{"not_picked":["Dancing_Jab","Press_Forward","Rising_Crane"],"picked":"SKIP","floor":48}],"player_experience":1506926,"relics_obtained":[{"floor":9,"key":"reliquary:HotPoker"},{"floor":24,"key":"wanderingMiniBosses:CarrionFlame"},{"floor":40,"key":"hexamod:CandleOfCauterizing"},{"floor":42,"key":"Guardian:PocketSentry"},{"floor":43,"key":"vexMod:InvisibilityCloak"}],"event_choices":[{"damage_healed":0,"gold_gain":0,"player_choice":"Ignored","damage_taken":130,"max_hp_gain":0,"max_hp_loss":0,"event_name":"betterThird:BetterSerpent","floor":3,"gold_loss":0},{"damage_healed":0,"gold_gain":69,"player_choice":"Gained Gold","damage_taken":0,"max_hp_gain":0,"max_hp_loss":0,"event_name":"Golden Wing","floor":11,"gold_loss":0},{"damage_healed":0,"gold_gain":0,"player_choice":"Ignored","damage_taken":0,"max_hp_gain":0,"max_hp_loss":0,"event_name":"Upgrade Shrine","floor":13,"gold_loss":0}],"is_beta":false,"boss_relics":[{"not_picked":["Honey Jar","vexMod:CursedCompass"],"picked":"conspire:SeveredTorchhead"},{"not_picked":["Painkiller Herb","Black Star"],"picked":"SlaversCollar"}],"items_purged_floors":[0,0],"is_endless":false,"potions_floor_spawned":[5,8,16,19,23,24,33,35,40,42,48],"ascension_level":20,"is_humility":true}}