{"host":"clf2hd4adhiiw0zf","time":1614128348,"event":{"mods":["AchievementEnabler","BaseMod","Beaked The Cultist","Bestiary","Dark Map","Downfall","Gremlin Mod","Hermit","Jorbs\u0027s Wanderer Trilogy","Marisa????????","Minty Spire (QoL Compilation)","Quick Restart","Replay The Spire","Shop Mod","Spire Arcade","StSLib","The Construct","The Cursed","Wide Potions"],"gold_per_floor":[99,199,199,199,199,199,199,233,133,193,193,193,209,228,248,248,248,248],"floor_reached":16,"language":"ENG","playtime":610,"items_purged":["downfall:Aged"],"score":125,"play_id":"14328287-687b-4a81-8259-6e777ee78284","local_time":"20210223175908","is_ascension_mode":true,"campfire_choices":[{"floor":6.0,"key":"RECALL"},{"data":"Guardian:StasisEngine","floor":9.0,"key":"SMITH"}],"circlet_count":0,"master_deck":["Guardian:Strike_Guardian","Guardian:Strike_Guardian","Guardian:Strike_Guardian","Guardian:Strike_Guardian+1","Guardian:Defend_Guardian+1","Guardian:Defend_Guardian","Guardian:Defend_Guardian","Guardian:Defend_Guardian","Guardian:CurlUp","Guardian:TwinSlam+1","Guardian:Gem_Crimson","Guardian:StasisEngine+1","Guardian:Gem_Lightblue","Guardian:Gem_Red","Guardian:Incinerate","Guardian:BronzeArmor"],"relics":["Guardian:ModeShifter","downfall:HeartsMalice","Pen Nib","TungstenRod","downfall:HeartBlessingRed","ReplayTheSpireMod:CursedCoin","downfall:ShatteredFragment"],"acts_visited":["Exordium"],"potions_floor_usage":[16,16],"damage_taken":[{"damage":0.0,"enemies":"Cultist","floor":3.0,"turns":1.0},{"damage":0.0,"enemies":"2 Louse","floor":4.0,"turns":1.0},{"damage":0.0,"enemies":"Small Slimes","floor":5.0,"turns":1.0},{"damage":12.0,"enemies":"Lagavulin","floor":8.0,"turns":6.0},{"damage":2.0,"enemies":"downfall:FleeingMerchant","floor":10.0,"turns":4.0},{"damage":5.0,"enemies":"Red Slaver","floor":13.0,"turns":2.0},{"damage":7.0,"enemies":"Large Slime","floor":14.0,"turns":3.0},{"damage":3.0,"enemies":"2 Fungi Beasts","floor":15.0,"turns":2.0},{"damage":18,"enemies":"DF_ARCHETYPE_STREAMLINE","floor":16,"turns":3}],"seed_played":"8106686328252737687","potions_obtained":[{"floor":8.0,"key":"sneckomod:MuddlingPotion"},{"floor":14.0,"key":"FearPotion"},{"floor":15.0,"key":"CultistPotion"}],"is_trial":false,"path_per_floor":["R","?","M","M","M","R","T","E","R","$","?","?","M","M","M","B"],"character_chosen":"GUARDIAN","items_purchased":["ReplayTheSpireMod:CursedCoin"],"campfire_rested":0,"item_purchase_floors":[10],"current_hp_per_floor":[64,64,64,64,64,64,64,52,52,50,27,27,22,15,12,0,0,0],"gold":248,"neow_bonus":"THREE_ENEMY_KILL","is_daily":false,"chose_seed":false,"campfire_upgraded":1,"win_rate":0.0,"timestamp":1614128348,"path_taken":["R","?","M","M","M","R","T","E","R","$","?","?","M","?","M","BOSS"],"items_purchased_type":["Relic"],"build_version":"2020-12-22","purchased_purges":1,"victory":false,"max_hp_per_floor":[80,80,80,80,80,80,80,80,80,80,80,80,80,80,80,80,80,80],"card_choices":[{"not_picked":["Guardian:DonusPower","Guardian:Incinerate"],"picked":"Guardian:Gem_Crimson","floor":3.0},{"not_picked":["Guardian:PrimingBeam","Guardian:TemporalShield"],"picked":"Guardian:Gem_Red","floor":4.0},{"not_picked":["Guardian:Repulse","Guardian:Clone"],"picked":"Guardian:Gem_White","floor":5.0},{"not_picked":["Guardian:Gem_Crimson","Guardian:BronzeArmor"],"picked":"Guardian:StasisEngine","floor":8.0},{"not_picked":["Guardian:PiercingHide","Guardian:Planning"],"picked":"Guardian:Gem_Lightblue","floor":10.0},{"not_picked":["Guardian:TemporalStrike","Guardian:PiercingHide"],"picked":"Guardian:Gem_Red","floor":13.0},{"not_picked":["Guardian:Gem_Lightblue","Guardian:TimeCapacitor"],"picked":"Guardian:Incinerate","floor":14.0},{"not_picked":["Guardian:Gem_Green","Guardian:ChargeCore"],"picked":"Guardian:BronzeArmor","floor":15.0}],"player_experience":377318,"relics_obtained":[{"floor":7.0,"key":"Pen Nib"},{"floor":8.0,"key":"TungstenRod"}],"event_choices":[],"is_beta":false,"boss_relics":[],"items_purged_floors":[10],"is_endless":false,"potions_floor_spawned":[8,14,15],"killed_by":"DF_ARCHETYPE_STREAMLINE","ascension_level":6}}