{"host":"wvcyfzs99um8is6a","time":1614138380,"event":{"mods":["AchievementEnabler","BaseMod","Colored Map","Colored Powertips","Highlight Path","Minty Spire (QoL Compilation)","Random Character Button","Relic Filter","StSLib","SuperFastMode"],"gold_per_floor":[116,41,56,28,46,46,63,89,89,89,164,164,164,179,179,179,179],"floor_reached":16,"language":"ENG","playtime":802,"items_purged":["Strike_B"],"score":100,"play_id":"03548da8-535b-423a-82ff-a0345a5276a8","local_time":"20210223224620","is_ascension_mode":false,"campfire_choices":[{"data":"Zap","floor":6,"key":"SMITH"},{"data":"Dualcast","floor":10,"key":"SMITH"},{"data":"Double Energy","floor":12,"key":"SMITH"},{"data":"Self Repair","floor":13,"key":"SMITH"},{"data":"Defend_B","floor":15,"key":"SMITH"}],"circlet_count":0,"master_deck":["Strike_B","Strike_B","Strike_B","Defend_B+1","Defend_B","Defend_B","Defend_B","Zap+1","Dualcast+1","Self Repair+1","Double Energy+1"],"relics":["Cracked Core","Pocketwatch","WingedGreaves","Turnip"],"acts_visited":["Exordium"],"potions_floor_usage":[8,16],"damage_taken":[{"damage":12,"enemies":"Small Slimes","floor":1,"turns":3},{"damage":1,"enemies":"Cultist","floor":3,"turns":3},{"damage":8,"enemies":"2 Louse","floor":5,"turns":2},{"damage":5,"enemies":"Looter","floor":7,"turns":3},{"damage":27,"enemies":"Gremlin Nob","floor":8,"turns":4},{"damage":4,"enemies":"Blue Slaver","floor":14,"turns":3},{"damage":44,"enemies":"Hexaghost","floor":16,"turns":9}],"seed_played":"1686352481123241388","potions_obtained":[{"floor":1,"key":"PowerPotion"},{"floor":3,"key":"Block Potion"},{"floor":7,"key":"Dexterity Potion"}],"is_trial":false,"path_per_floor":["M","$","M","?","M","R","M","E","T","R","?","R","R","M","R","B"],"character_chosen":"DEFECT","items_purchased":[],"campfire_rested":0,"item_purchase_floors":[],"current_hp_per_floor":[63,63,62,62,61,61,63,43,43,43,36,36,36,42,42,0,0],"gold":179,"neow_bonus":"RANDOM_COMMON_RELIC","is_daily":false,"chose_seed":false,"campfire_upgraded":5,"win_rate":0.0,"timestamp":1614138380,"path_taken":["M","$","M","?","M","R","M","E","T","R","?","R","R","M","R","BOSS"],"items_purchased_type":[],"build_version":"2020-12-22","purchased_purges":1,"victory":false,"max_hp_per_floor":[75,75,75,75,75,75,75,75,75,75,75,75,75,75,75,75,75],"card_choices":[{"not_picked":["Steam Power","Barrage","Beam Cell"],"picked":"SKIP","floor":1},{"not_picked":["Ball Lightning","Barrage"],"picked":"Self Repair","floor":3},{"not_picked":["Doom and Gloom","Cold Snap"],"picked":"Double Energy","floor":5},{"not_picked":["Turbo","Consume","Redo"],"picked":"SKIP","floor":7},{"not_picked":["Creative AI","Tempest","Stack"],"picked":"SKIP","floor":8},{"not_picked":["Leap","Ball Lightning","Gash"],"picked":"SKIP","floor":14}],"player_experience":1059656,"relics_obtained":[{"floor":8,"key":"WingedGreaves"},{"floor":9,"key":"Turnip"}],"event_choices":[{"damage_healed":0,"gold_gain":0,"player_choice":"Left Gold","damage_taken":0,"max_hp_gain":0,"max_hp_loss":0,"event_name":"World of Goop","floor":4,"gold_loss":28},{"damage_healed":0,"gold_gain":75,"player_choice":"Touch","damage_taken":7,"max_hp_gain":0,"max_hp_loss":0,"event_name":"FaceTrader","floor":11,"gold_loss":0}],"is_beta":false,"boss_relics":[],"items_purged_floors":[2],"is_endless":false,"potions_floor_spawned":[1,3,7],"killed_by":"Hexaghost","ascension_level":0}}