{"host":"emzatosnsokm6754","time":1614142620,"event":{"mods":["Act Like it!","BaseMod","Bossed Relics","Colored Powertips","Energized Spire","Minty Spire (QoL Compilation)","Rare Cards Sparkle","Replay The Spire","Ruina","StSLib","The Cursed","The Gatherer","The Hierophant","The Servant 0.9.4"],"gold_per_floor":[110,110,130,145,145,145,145,145,145,158,182,215,215,256,256,256,256],"floor_reached":16,"language":"ENG","playtime":508,"items_purged":[],"score":135,"play_id":"ea8fac5d-5caf-4587-b70a-6e20ca762563","local_time":"20210224175700","is_ascension_mode":false,"campfire_choices":[{"data":"Eruption","floor":6,"key":"SMITH"},{"data":"Prostrate","floor":13,"key":"SMITH"},{"data":"DeusExMachina","floor":15,"key":"SMITH"}],"circlet_count":0,"master_deck":["Strike_P","Strike_P","Strike_P","Strike_P","Defend_P","Defend_P","Defend_P","Defend_P","Eruption+1","Vigilance","Prostrate+1","Wireheading","FlurryOfBlows","Prostrate+1","DeusExMachina+1"],"relics":["PureWater","NeowsBlessing","Golden Idol","Divine Protection","Pondfish Scales","Anchor"],"acts_visited":["Exordium"],"potions_floor_usage":[12,14,16,16],"damage_taken":[{"damage":0,"enemies":"Jaw Worm","floor":1,"turns":1},{"damage":0,"enemies":"Cultist","floor":3,"turns":1},{"damage":0,"enemies":"2 Louse","floor":4,"turns":1},{"damage":0,"enemies":"Large Slime","floor":10,"turns":5},{"damage":0,"enemies":"Looter","floor":11,"turns":4},{"damage":19,"enemies":"3 Sentries","floor":12,"turns":13},{"damage":4,"enemies":"Gremlin Nob","floor":14,"turns":2},{"damage":34,"enemies":"Hexaghost","floor":16,"turns":7}],"seed_played":"943358229689896595","potions_obtained":[{"floor":2,"key":"Swift Potion"},{"floor":2,"key":"Death Potion"},{"floor":2,"key":"Reflective Coating"},{"floor":12,"key":"Dexterity Potion"}],"is_trial":false,"path_per_floor":["M","?","M","M","?","R","?","?","T","M","M","E","R","E","R","B"],"character_chosen":"WATCHER","items_purchased":[],"campfire_rested":0,"item_purchase_floors":[],"current_hp_per_floor":[72,72,72,72,72,72,54,54,54,54,54,35,35,31,31,0,0],"gold":256,"neow_bonus":"THREE_ENEMY_KILL","is_daily":false,"chose_seed":false,"campfire_upgraded":3,"win_rate":0.0,"timestamp":1614142620,"path_taken":["M","?","M","?","?","R","?","?","T","?","M","E","R","E","R","BOSS"],"items_purchased_type":[],"build_version":"2020-12-22","purchased_purges":0,"victory":false,"max_hp_per_floor":[72,72,72,72,72,72,72,72,72,72,72,72,72,72,72,72,72],"card_choices":[{"not_picked":["PathToVictory","Consecrate"],"picked":"Prostrate","floor":1},{"not_picked":["Protect","PathToVictory"],"picked":"Wireheading","floor":3},{"not_picked":["Replay:AtTheReady","Swivel"],"picked":"FlurryOfBlows","floor":4},{"not_picked":["ForeignInfluence","EmptyBody"],"picked":"Prostrate","floor":10},{"not_picked":["Replay:BluntJabs","EmptyBody","Protect"],"picked":"SKIP","floor":11},{"not_picked":["Consecrate","TalkToTheHand","EmptyBody"],"picked":"SKIP","floor":12},{"not_picked":["JustLucky","BowlingBash"],"picked":"DeusExMachina","floor":14}],"player_experience":225121,"relics_obtained":[{"floor":9,"key":"Divine Protection"},{"floor":12,"key":"Pondfish Scales"},{"floor":14,"key":"Anchor"}],"event_choices":[{"damage_healed":0,"gold_gain":0,"player_choice":"Got Potions","damage_taken":0,"max_hp_gain":0,"max_hp_loss":0,"event_name":"Lab","floor":2,"gold_loss":0},{"damage_healed":0,"gold_gain":0,"player_choice":"Grow","damage_taken":0,"max_hp_gain":0,"max_hp_loss":0,"event_name":"Living Wall","floor":5,"gold_loss":0,"cards_upgraded":["Prostrate"]},{"damage_healed":0,"gold_gain":0,"player_choice":"Take Damage","damage_taken":18,"relics_obtained":["Golden Idol"],"max_hp_gain":0,"max_hp_loss":0,"event_name":"Golden Idol","floor":7,"gold_loss":0},{"damage_healed":0,"gold_gain":0,"player_choice":"Ignored","damage_taken":0,"max_hp_gain":0,"max_hp_loss":0,"event_name":"Liars Game","floor":8,"gold_loss":0}],"is_beta":false,"boss_relics":[],"items_purged_floors":[],"is_endless":false,"potions_floor_spawned":[10,11,12],"killed_by":"Hexaghost","ascension_level":0}}