{"host":"3po7ngt2j61s4rmj","time":1614142386,"event":{"mods":["BaseMod","Hermit","Minty Spire (QoL Compilation)","Relic Stats","Shade Mod","StSLib","The Cursed","The Jungle"],"gold_per_floor":[112,112,112,112,112,143,143,68,116,191,223,223,234,260,260,363,363,363,363,31,31,31,31,31,31,31,31,31,31,31,31,31,31,31,31,31,31,31,31,31,31,31,31,31,31,31,31,31,31,31,31,31,31,31,31],"floor_reached":56,"language":"ENG","playtime":6754,"items_purged":["TheCursedMod:Strike_TheCursed","Regret"],"score":1999,"play_id":"132ea188-67fc-4690-ae27-48deac2f3a00","local_time":"20210223215306","is_ascension_mode":true,"campfire_choices":[{"data":"TheCursedMod:TacticalStrike","floor":7.0,"key":"SMITH"},{"data":"TheCursedMod:EmpowerCircles","floor":12.0,"key":"SMITH"},{"data":"TheCursedMod:CircleOfFlame","floor":15.0,"key":"SMITH"},{"data":"TheCursedMod:Stretching","floor":27.0,"key":"SMITH"},{"data":"TheCursedMod:VoidForm","floor":29.0,"key":"SMITH"},{"data":"TheCursedMod:CircleOfCorruption","floor":32.0,"key":"SMITH"},{"data":"TheCursedMod:CircleOfAbyss","floor":41.0,"key":"SMITH"},{"floor":46,"key":"RECALL"},{"data":"TheCursedMod:CircleOfFocus","floor":49,"key":"SMITH"},{"data":"TheCursedMod:ParallelWorld","floor":52,"key":"SMITH"}],"circlet_count":0,"master_deck":["AscendersBane","TheCursedMod:Strike_TheCursed","TheCursedMod:Strike_TheCursed+1","TheCursedMod:Defend_TheCursed","TheCursedMod:Defend_TheCursed","TheCursedMod:Defend_TheCursed","TheCursedMod:CursedWand","TheCursedMod:CleanUpWorkshop","TheCursedMod:Dregs","TheCursedMod:WearCloak+1","TheCursedMod:TacticalStrike+1","TheCursedMod:EmpowerCircles+1","TheCursedMod:Stretching+1","TheCursedMod:CircleOfFlame+1","TheCursedMod:VoidForm+1","TheCursedMod:CircleOfAmplification+1","TheCursedMod:HellfireBreathing","TheCursedMod:CircleOfCorruption+1","TheCursedMod:CircleOfBlood","TheCursedMod:RapidMovement+1","TheCursedMod:EmpowerCircles+1","TheCursedMod:Wield","TheCursedMod:ParallelWorld+1","TheCursedMod:CircleOfAbyss+1","TheCursedMod:CircleOfFlame+1","TheCursedMod:CircleOfCorruption+1","TheCursedMod:SurpriseAttack","TheCursedMod:Hemoplague","TheCursedMod:CircleOfCorruption+1","TheCursedMod:ManaBullet+1","TheCursedMod:CircleOfFocus+1","TheCursedMod:CursedArmor+1"],"relics":["TheCursedMod:BlackMagic101","NeowsBlessing","Dead Branch","Lantern","Orichalcum","Oddly Smooth Stone","Bird Faced Urn","White Beast Statue","Ectoplasm","Medical Kit","MawBank","Nunchaku","Potion Belt","Bag of Preparation","TheCursedMod:OminousMark","Happy Flower","Ancient Tea Set","Prayer Wheel","Lizard Tail","Bag of Marbles"],"acts_visited":["Exordium","theJungle:Jungle","TheBeyond","TheEnding"],"potions_floor_usage":[44,45,50,54,54,55,55],"damage_taken":[{"damage":0.0,"enemies":"2 Louse","floor":1.0,"turns":1.0},{"damage":0.0,"enemies":"Lagavulin","floor":6.0,"turns":1.0},{"damage":0.0,"enemies":"Gremlin Nob","floor":11.0,"turns":1.0},{"damage":3.0,"enemies":"Jaw Worm","floor":13.0,"turns":5.0},{"damage":18.0,"enemies":"3 Sentries","floor":14.0,"turns":6.0},{"damage":18.0,"enemies":"Hexaghost","floor":16.0,"turns":12.0},{"damage":20.0,"enemies":"theJungle:Flameango_and_Byrd","floor":18.0,"turns":6.0},{"damage":9.0,"enemies":"Shell Parasite","floor":21.0,"turns":5.0},{"damage":16.0,"enemies":"theJungle:Lyon","floor":22.0,"turns":5.0},{"damage":2.0,"enemies":"theJungle:2_Phrogs","floor":23.0,"turns":5.0},{"damage":0.0,"enemies":"Snake Plant","floor":24.0,"turns":2.0},{"damage":0.0,"enemies":"theJungle:MamaSnecko","floor":25.0,"turns":4.0},{"damage":38.0,"enemies":"theJungle:JungleHuntersEncounter","floor":28.0,"turns":4.0},{"damage":0.0,"enemies":"theJungle:SlimyTreeVines","floor":31.0,"turns":4.0},{"damage":4.0,"enemies":"theJungle:TotemBoss","floor":33.0,"turns":5.0},{"damage":19.0,"enemies":"3 Darklings","floor":35.0,"turns":3.0},{"damage":0.0,"enemies":"Orb Walker","floor":36.0,"turns":2.0},{"damage":0.0,"enemies":"4 Shapes","floor":38.0,"turns":2.0},{"damage":34.0,"enemies":"Writhing Mass","floor":39.0,"turns":5.0},{"damage":42.0,"enemies":"Reptomancer","floor":40.0,"turns":5.0},{"damage":3.0,"enemies":"Giant Head","floor":42.0,"turns":5.0},{"damage":2,"enemies":"Nemesis","floor":44,"turns":4},{"damage":0,"enemies":"2 Orb Walkers","floor":45,"turns":1},{"damage":0,"enemies":"Maw","floor":48,"turns":3},{"damage":0,"enemies":"Time Eater","floor":50,"turns":6},{"damage":34,"enemies":"Shield and Spear","floor":54,"turns":5},{"damage":45,"enemies":"The Heart","floor":55,"turns":5}],"seed_played":"3518557630538927215","potions_obtained":[{"floor":1.0,"key":"SmokeBomb"},{"floor":11.0,"key":"ColorlessPotion"},{"floor":16.0,"key":"BlessingOfTheForge"},{"floor":18.0,"key":"Weak Potion"},{"floor":21.0,"key":"AttackPotion"},{"floor":22.0,"key":"ColorlessPotion"},{"floor":23.0,"key":"EssenceOfSteel"},{"floor":25.0,"key":"Fire Potion"},{"floor":28.0,"key":"LiquidBronze"},{"floor":31.0,"key":"Energy Potion"},{"floor":33.0,"key":"Dexterity Potion"},{"floor":35.0,"key":"Fire Potion"},{"floor":36.0,"key":"SmokeBomb"},{"floor":38.0,"key":"LiquidMemories"},{"floor":39.0,"key":"Dexterity Potion"},{"floor":40.0,"key":"SpeedPotion"},{"floor":42.0,"key":"Regen Potion"},{"floor":44,"key":"Swift Potion"},{"floor":45,"key":"SkillPotion"},{"floor":48,"key":"SkillPotion"},{"floor":54,"key":"GamblersBrew"}],"is_trial":false,"path_per_floor":["M","?","T","?","?","E","R","$","T","?","E","R","M","E","R","B",null,"M","?","$","M","M","E","M","E","T","R","M","R","T","M","R","B",null,"M","M","?","M","M","E","R","E","T","E","?","R","?","M","R","B",null,"R","$","E","B",null],"character_chosen":"THE_CURSED","items_purchased":["Medical Kit","TheCursedMod:HellfireBreathing","TheCursedMod:CircleOfCorruption"],"campfire_rested":0,"item_purchase_floors":[20,20,20],"current_hp_per_floor":[68,68,68,68,53,53,53,53,53,53,53,53,54,42,42,32,64,48,48,48,49,45,55,61,71,71,71,47,47,47,68,68,75,75,62,75,75,75,51,43,43,60,60,75,75,75,75,75,75,75,75,75,75,55,44],"gold":31,"neow_bonus":"THREE_ENEMY_KILL","is_daily":false,"chose_seed":false,"campfire_upgraded":9,"win_rate":0.0,"timestamp":1614142386,"path_taken":["M","?","?","?","?","E","R","?","T","?","E","R","M","E","R","BOSS","M","?","$","M","M","E","?","E","T","R","M","R","?","M","R","BOSS","M","M","?","M","M","E","R","E","T","E","?","R","?","M","R","BOSS","R","$","E","BOSS"],"items_purchased_type":["Relic","Card","Card"],"build_version":"2020-12-22","purchased_purges":2,"victory":true,"max_hp_per_floor":[75,75,75,75,75,75,75,75,75,75,75,75,75,75,75,75,75,75,75,75,75,75,75,75,75,75,75,75,75,75,75,75,75,75,75,75,75,75,75,75,75,75,75,75,75,75,75,75,75,75,75,75,75,75,75],"relic_stats":{"Happy Flower":[9],"counters":[27,111],"Dead Branch":[260],"Bag of Preparation":[28],"Orichalcum":[48],"Medical Kit":[5],"MawBank":0,"Nunchaku":[14],"Lizard Tail":0,"Bird Faced Urn":[179],"Prayer Wheel":1,"Ectoplasm":932,"obtain_stats":[{"Potion Belt":26,"TheCursedMod:BlackMagic101":0,"Lantern":4,"NeowsBlessing":0,"Happy Flower":40,"Dead Branch":3,"Oddly Smooth Stone":9,"Bag of Preparation":30,"Orichalcum":6,"Medical Kit":20,"MawBank":23,"Ancient Tea Set":42,"White Beast Statue":14,"Nunchaku":25,"Lizard Tail":45,"TheCursedMod:OminousMark":34,"Bird Faced Urn":11,"Prayer Wheel":44,"Ectoplasm":17,"Bag of Marbles":54},{"Potion Belt":12,"TheCursedMod:BlackMagic101":0,"Lantern":1,"NeowsBlessing":0,"Happy Flower":20,"Dead Branch":1,"Oddly Smooth Stone":2,"Bag of Preparation":13,"Orichalcum":2,"Medical Kit":7,"MawBank":10,"Ancient Tea Set":21,"White Beast Statue":5,"Nunchaku":12,"Lizard Tail":23,"TheCursedMod:OminousMark":15,"Bird Faced Urn":3,"Prayer Wheel":22,"Ectoplasm":6,"Bag of Marbles":26},{"Potion Belt":53,"TheCursedMod:BlackMagic101":0,"Lantern":1,"NeowsBlessing":0,"Happy Flower":82,"Dead Branch":1,"Oddly Smooth Stone":2,"Bag of Preparation":57,"Orichalcum":2,"Medical Kit":32,"MawBank":47,"Ancient Tea Set":87,"White Beast Statue":14,"Nunchaku":53,"Lizard Tail":92,"TheCursedMod:OminousMark":65,"Bird Faced Urn":3,"Prayer Wheel":91,"Ectoplasm":26,"Bag of Marbles":106}]},"card_choices":[{"not_picked":["TheCursedMod:Grudge","TheCursedMod:CursedShiv"],"picked":"TheCursedMod:WearCloak","floor":1.0},{"not_picked":["TheCursedMod:SoulCrush","TheCursedMod:WearCloak"],"picked":"TheCursedMod:EmpowerCircles","floor":6.0},{"not_picked":["TheCursedMod:UltimatePain","TheCursedMod:DoubleShield"],"picked":"TheCursedMod:Stretching","floor":11.0},{"not_picked":["TheCursedMod:HellsGateOpen","TheCursedMod:CursedMace","TheCursedMod:RapidMovement"],"picked":"SKIP","floor":13.0},{"not_picked":["TheCursedMod:CursedStaff","TheCursedMod:StingEye"],"picked":"TheCursedMod:CircleOfFlame","floor":14.0},{"not_picked":["TheCursedMod:CursedRelics","TheCursedMod:DemonicPact"],"picked":"TheCursedMod:VoidForm","floor":16.0},{"not_picked":["TheCursedMod:CursedBlade","TheCursedMod:RavingStaff+1"],"picked":"TheCursedMod:CircleOfAmplification","floor":18.0},{"not_picked":["TheCursedMod:Evocation","TheCursedMod:SaltUponWound"],"picked":"TheCursedMod:CircleOfBlood","floor":21.0},{"not_picked":["TheCursedMod:Torture","TheCursedMod:CursedMace"],"picked":"TheCursedMod:RapidMovement+1","floor":22.0},{"not_picked":["TheCursedMod:Mangle","TheCursedMod:CursedArmor","TheCursedMod:CursedMace"],"picked":"SKIP","floor":23.0},{"not_picked":["TheCursedMod:CircleOfCorruption","TheCursedMod:FleshFromBone"],"picked":"TheCursedMod:EmpowerCircles+1","floor":25.0},{"not_picked":["TheCursedMod:Stretching","TheCursedMod:VitalStrike"],"picked":"TheCursedMod:Wield","floor":28.0},{"not_picked":["TheCursedMod:SmokeScreen","TheCursedMod:SurpriseAttack"],"picked":"TheCursedMod:ParallelWorld","floor":31.0},{"not_picked":["TheCursedMod:AntiAging","TheCursedMod:ShockAndAwe"],"picked":"TheCursedMod:CircleOfAbyss","floor":33.0},{"not_picked":["TheCursedMod:RapidMovement+1","TheCursedMod:Obscuration"],"picked":"TheCursedMod:CircleOfFlame+1","floor":35.0},{"not_picked":["TheCursedMod:CircleOfAmplification","TheCursedMod:FleshFromBone+1"],"picked":"TheCursedMod:CircleOfCorruption+1","floor":36.0},{"not_picked":["TheCursedMod:CursedStaff","TheCursedMod:FleshFromBone"],"picked":"TheCursedMod:SurpriseAttack","floor":38.0},{"not_picked":["TheCursedMod:CursedBlade","TheCursedMod:SurpriseAttack"],"picked":"TheCursedMod:Hemoplague","floor":39.0},{"not_picked":["TheCursedMod:BloodBarrier+1","TheCursedMod:Obscuration+1"],"picked":"TheCursedMod:CircleOfCorruption+1","floor":40.0},{"not_picked":["TheCursedMod:CursedMace+1","TheCursedMod:ManaBullet","TheCursedMod:RapidMovement"],"picked":"SKIP","floor":42.0},{"not_picked":["TheCursedMod:SpreadPlague+1","TheCursedMod:VitalStrike"],"picked":"TheCursedMod:ManaBullet+1","floor":44},{"not_picked":["TheCursedMod:TacticalStrike","TheCursedMod:CursedAmulet+1"],"picked":"TheCursedMod:CircleOfFocus","floor":45},{"not_picked":["TheCursedMod:RapidMovement+1","TheCursedMod:AntiAging","TheCursedMod:CursedBlade+1"],"picked":"SKIP","floor":48},{"not_picked":["TheCursedMod:TroublousMinions+1","TheCursedMod:Stretching","TheCursedMod:RavingStaff"],"picked":"SKIP","floor":48},{"not_picked":["TheCursedMod:CursedMace+1","TheCursedMod:TacticalStrike"],"picked":"TheCursedMod:CursedArmor+1","floor":54}],"player_experience":1274374,"relics_obtained":[{"floor":3.0,"key":"Dead Branch"},{"floor":6.0,"key":"Orichalcum"},{"floor":9.0,"key":"Oddly Smooth Stone"},{"floor":11.0,"key":"Bird Faced Urn"},{"floor":14.0,"key":"White Beast Statue"},{"floor":23.0,"key":"MawBank"},{"floor":25.0,"key":"Nunchaku"},{"floor":26.0,"key":"Potion Belt"},{"floor":30.0,"key":"Bag of Preparation"},{"floor":40.0,"key":"Happy Flower"},{"floor":42.0,"key":"Ancient Tea Set"},{"floor":44,"key":"Prayer Wheel"},{"floor":45,"key":"Lizard Tail"},{"floor":54,"key":"Bag of Marbles"}],"event_choices":[{"damage_healed":0.0,"max_hp_gain":0.0,"max_hp_loss":0.0,"gold_gain":0.0,"cards_transformed":["TheCursedMod:Defend_TheCursed"],"event_name":"Living Wall","player_choice":"Change","floor":2.0,"gold_loss":0.0,"damage_taken":0.0,"cards_obtained":["TheCursedMod:TacticalStrike"]},{"damage_healed":0.0,"max_hp_gain":0.0,"max_hp_loss":0.0,"gold_gain":0.0,"event_name":"Big Fish","player_choice":"Box","floor":4.0,"gold_loss":0.0,"damage_taken":0.0,"relics_obtained":["Lantern"],"cards_obtained":["Regret"]},{"damage_healed":0.0,"max_hp_gain":0.0,"max_hp_loss":0.0,"gold_gain":0.0,"event_name":"Shining Light","player_choice":"Entered Light","floor":5.0,"gold_loss":0.0,"damage_taken":15.0,"cards_upgraded":["TheCursedMod:Strike_TheCursed","TheCursedMod:WearCloak"]},{"damage_healed":0.0,"max_hp_gain":0.0,"max_hp_loss":0.0,"gold_gain":75.0,"event_name":"Golden Wing","player_choice":"Gained Gold","floor":10.0,"gold_loss":0.0,"damage_taken":0.0},{"damage_healed":0.0,"max_hp_gain":0.0,"max_hp_loss":0.0,"gold_gain":0.0,"event_name":"Upgrade Shrine","player_choice":"Upgraded","floor":19.0,"gold_loss":0.0,"damage_taken":0.0,"cards_upgraded":["TheCursedMod:CircleOfAmplification"]},{"cards_removed":["TheCursedMod:Strike_TheCursed"],"damage_healed":0.0,"max_hp_gain":0.0,"max_hp_loss":0.0,"gold_gain":0.0,"event_name":"Falling","player_choice":"Removed Attack","floor":37.0,"gold_loss":0.0,"damage_taken":0.0},{"damage_healed":0,"gold_gain":0,"player_choice":"Fight","damage_taken":0,"max_hp_gain":0,"max_hp_loss":0,"event_name":"Mysterious Sphere","floor":45,"gold_loss":0},{"damage_healed":0,"gold_gain":0,"player_choice":"Ignored","damage_taken":0,"max_hp_gain":0,"max_hp_loss":0,"event_name":"SecretPortal","floor":47,"gold_loss":0}],"is_beta":false,"boss_relics":[{"not_picked":["Astrolabe","Velvet Choker"],"picked":"Ectoplasm"},{"not_picked":["Calling Bell","Empty Cage"],"picked":"TheCursedMod:OminousMark"}],"items_purged_floors":[8,20],"is_endless":false,"potions_floor_spawned":[1,11,16,18,21,22,23,24,25,28,31,33,35,36,38,39,40,42,44,45,48,54],"ascension_level":10}}