{"host":"0kk91h4bq4kgfj0u","time":1614142694,"event":{"mods":["BaseMod","Bestiary","Block Reminder","Colored Map","Colored Powertips","Curses Come First","Highlight Path","Minty Spire (QoL Compilation)","Relic Stats","StSLib"],"gold_per_floor":[117,117,192,39,50,62,82,117,140,166,166,200,211,225,225,225,225],"floor_reached":16,"language":"ENG","playtime":526,"items_purged":[],"score":165,"play_id":"bdea1833-0113-4294-8288-0cbf2f7ef6e0","local_time":"20210223235814","is_ascension_mode":true,"campfire_choices":[{"floor":15,"key":"REST"}],"circlet_count":0,"master_deck":["Strike_G","Strike_G","Strike_G","Strike_G+1","Strike_G","Defend_G+1","Defend_G","Defend_G","Defend_G+1","Defend_G","Survivor","Neutralize","Cloak And Dagger","Underhanded Strike","Deadly Poison+1","Finisher","Heel Hook","Adrenaline","Quick Slash","Backflip","Bane"],"relics":["Ring of the Snake","Akabeko","War Paint","Oddly Smooth Stone","Tiny Chest","Bronze Scales"],"acts_visited":["Exordium"],"potions_floor_usage":[8,12,14,16],"damage_taken":[{"damage":2,"enemies":"Small Slimes","floor":1,"turns":4},{"damage":2,"enemies":"Jaw Worm","floor":5,"turns":4},{"damage":0,"enemies":"Cultist","floor":6,"turns":3},{"damage":0,"enemies":"3 Louse","floor":7,"turns":5},{"damage":27,"enemies":"Gremlin Nob","floor":8,"turns":5},{"damage":17,"enemies":"Lagavulin","floor":10,"turns":6},{"damage":24,"enemies":"Gremlin Nob","floor":12,"turns":4},{"damage":3,"enemies":"2 Fungi Beasts","floor":13,"turns":2},{"damage":4,"enemies":"Large Slime","floor":14,"turns":5},{"damage":42,"enemies":"Slime Boss","floor":16,"turns":6}],"seed_played":"-374662757084894777","potions_obtained":[{"floor":1,"key":"Regen Potion"},{"floor":10,"key":"DuplicationPotion"},{"floor":12,"key":"ColorlessPotion"},{"floor":13,"key":"Regen Potion"}],"is_trial":false,"path_per_floor":["M","?","?","$","M","M","M","E","T","E","?","E","M","M","R","B"],"character_chosen":"THE_SILENT","items_purchased":["Akabeko"],"campfire_rested":1,"item_purchase_floors":[4],"current_hp_per_floor":[68,53,42,42,40,40,40,27,27,10,35,11,8,4,27,0,0],"gold":225,"neow_bonus":"TEN_PERCENT_HP_BONUS","is_daily":false,"chose_seed":false,"campfire_upgraded":0,"win_rate":0.0,"timestamp":1614142694,"path_taken":["M","?","?","?","M","M","?","E","T","E","?","E","M","M","R","BOSS"],"items_purchased_type":["Relic"],"build_version":"2020-12-22","purchased_purges":0,"victory":false,"max_hp_per_floor":[77,77,77,77,77,77,77,77,77,77,77,77,77,77,77,77,77],"relic_stats":{"counters":[10,44],"Bronze Scales":[16],"Tiny Chest":0,"War Paint":["Defend_G","Deadly Poison"],"obtain_stats":[{"Bronze Scales":12,"Oddly Smooth Stone":9,"Tiny Chest":10,"War Paint":8,"Akabeko":4,"Ring of the Snake":0},{"Bronze Scales":7,"Oddly Smooth Stone":5,"Tiny Chest":6,"War Paint":5,"Akabeko":1,"Ring of the Snake":0},{"Bronze Scales":31,"Oddly Smooth Stone":21,"Tiny Chest":27,"War Paint":21,"Akabeko":4,"Ring of the Snake":0}],"Ring of the Snake":[20]},"card_choices":[{"not_picked":["Calculated Gamble","Dagger Spray"],"picked":"Cloak And Dagger","floor":1},{"not_picked":["Caltrops","Deflect"],"picked":"Underhanded Strike","floor":5},{"not_picked":["Dodge and Roll","Eviscerate"],"picked":"Deadly Poison","floor":6},{"not_picked":["Well Laid Plans","Eviscerate"],"picked":"Finisher","floor":7},{"not_picked":["Catalyst","Finisher"],"picked":"Heel Hook","floor":8},{"not_picked":["Outmaneuver","PiercingWail"],"picked":"Adrenaline","floor":10},{"not_picked":["Deadly Poison","All Out Attack"],"picked":"Quick Slash","floor":12},{"not_picked":["Predator","Underhanded Strike"],"picked":"Backflip","floor":13},{"not_picked":["Predator","Backflip"],"picked":"Bane","floor":14}],"player_experience":916055,"relics_obtained":[{"floor":8,"key":"War Paint"},{"floor":9,"key":"Oddly Smooth Stone"},{"floor":10,"key":"Tiny Chest"},{"floor":12,"key":"Bronze Scales"}],"event_choices":[{"damage_healed":0,"gold_gain":0,"player_choice":"Entered Light","damage_taken":15,"max_hp_gain":0,"max_hp_loss":0,"event_name":"Shining Light","floor":2,"gold_loss":0,"cards_upgraded":["Strike_G","Defend_G"]},{"damage_healed":0,"gold_gain":75,"player_choice":"Gather Gold","damage_taken":11,"max_hp_gain":0,"max_hp_loss":0,"event_name":"World of Goop","floor":3,"gold_loss":0},{"damage_healed":25,"gold_gain":0,"player_choice":"Banana","damage_taken":0,"max_hp_gain":0,"max_hp_loss":0,"event_name":"Big Fish","floor":11,"gold_loss":0}],"is_beta":false,"boss_relics":[],"items_purged_floors":[],"is_endless":false,"potions_floor_spawned":[1,10,12,13],"killed_by":"Slime Boss","ascension_level":7}}