{"host":"4kmvpqjeiacgn1pr","time":1614170084,"event":{"mods":["A Penny For Your Troubles","AchievementEnabler","AlwaysNeverKeys","Aspiration","BaseMod","Bestiary","Better Altar","Better Match","Better Note","Better Sensory Stone","Better Skull","Better Third Choice","Better Vampires","BetterRewards","Colored Map","Colored Powertips","Conspire","Curses Come First","Downfall","Halation","Highlight Path","Infinite Spire","Minty Spire (QoL Compilation)","Permanent Neow","Quick Restart","Rare Cards Sparkle","Relic Sorter","Relic Stats","Replay The Spire","Reworked Bosses","Shop Mod","Smile Girya","Spicy Shops","Spikes Relics","StSLib","Waifu the Spire"],"gold_per_floor":[99,111,127,139,139,156,234,250,250,261,261,289,289,31,46,166,193,193,220,264,264,308,356,435,435,461,527,555,593,614,639,679,679,679,679],"floor_reached":33,"language":"ENG","playtime":2866,"items_purged":["Hallucinations"],"score":354,"play_id":"f32febca-7207-41ee-8fc6-5da17813ff41","local_time":"20210224073444","is_ascension_mode":false,"campfire_choices":[{"data":"Guardian:TwinSlam","floor":1,"key":"SMITH"},{"data":"Guardian:TimeBomb","floor":9,"key":"SMITH"},{"floor":18,"key":"DIG"}],"circlet_count":0,"master_deck":["Guardian:Strike_Guardian","Guardian:Strike_Guardian","Guardian:Strike_Guardian","Guardian:Strike_Guardian","Guardian:Defend_Guardian","Guardian:Defend_Guardian+1","Guardian:Defend_Guardian","Guardian:Defend_Guardian","Guardian:CurlUp+1","Guardian:TwinSlam+1","Guardian:ChargeCore","Guardian:BronzeOrb","Guardian:TimeBomb+1","Guardian:Planning","Guardian:ArmoredProtocol+1","Guardian:BronzeOrb","Guardian:ShieldSpikes","Guardian:Repulse","HandOfGreed","Replay:SS_fish_1","Guardian:BronzeOrb","Guardian:Clone","Guardian:Harden","Guardian:EvasiveProtocol","Guardian:ChargeCore","Guardian:BaubleBeam","conspire:NecroticWound","Writhe","betterMatch:CurseCard","Guardian:BaubleBeam","Guardian:DecasProtection+1","Guardian:Gem_Green","Guardian:Preprogram","Guardian:Gem_Yellow","Guardian:Gem_Red","Guardian:Gem_Cyan","Guardian:TimeSifter","Guardian:Gem_Red","Guardian:BronzeOrb","Guardian:RollAttack+1"],"relics":["Guardian:ModeShifter","War Paint","The Courier","conspire:Boomerang","Ring of Searing","BargainBundle","Replay:Ancient Bell","CeramicFish","Pear","halation:OrihimeAndHikoboshiSamaAndTears","infinitespire:Lychee Nut","Replay:Bottled Steam","aspiration:ChemicalBlood"],"acts_visited":["Exordium","TheCity"],"potions_floor_usage":[14,16,21,22,23,31,33,33,33],"damage_taken":[{"damage":3,"enemies":"Jaw Worm","floor":2,"turns":4},{"damage":0,"enemies":"Cultist","floor":3,"turns":3},{"damage":0,"enemies":"2 Louse","floor":4,"turns":2},{"damage":0,"enemies":"Gremlin Gang","floor":6,"turns":4},{"damage":0,"enemies":"3 Louse","floor":8,"turns":4},{"damage":2,"enemies":"Exordium Wildlife","floor":10,"turns":4},{"damage":0,"enemies":"Replay:BlueRogue","floor":12,"turns":5},{"damage":15,"enemies":"downfall:FleeingMerchant","floor":14,"turns":4},{"damage":0,"enemies":"Large Slime","floor":15,"turns":3},{"damage":19,"enemies":"DF_ARCHETYPE_STREAMLINE","floor":16,"turns":8},{"damage":20,"enemies":"Shell Parasite","floor":19,"turns":5},{"damage":24,"enemies":"Spheric Guardian","floor":20,"turns":5},{"damage":22,"enemies":"Snecko","floor":22,"turns":5},{"damage":0,"enemies":"conspire:HollyBat","floor":23,"turns":12},{"damage":14,"enemies":"Centurion and Healer","floor":26,"turns":4},{"damage":17,"enemies":"3 Cultists","floor":27,"turns":4},{"damage":0,"enemies":"Snecko","floor":28,"turns":7},{"damage":9,"enemies":"Replay:Snechameleon","floor":29,"turns":7},{"damage":0,"enemies":"conspire:HollyBat","floor":30,"turns":7},{"damage":27,"enemies":"Snake Plant","floor":31,"turns":3},{"damage":0,"enemies":"Cultist and Chosen","floor":32,"turns":5},{"damage":13,"enemies":"WA_ARCHETYPE_CALM","floor":33,"turns":2}],"seed_played":"6780727131414787081","potions_obtained":[{"floor":2,"key":"GamblersBrew"},{"floor":8,"key":"AttackPotion"},{"floor":12,"key":"SneckoOil"},{"floor":19,"key":"Energy Potion"},{"floor":21,"key":"Fruit Juice"},{"floor":21,"key":"SkillPotion"},{"floor":21,"key":"Reflective Coating"},{"floor":28,"key":"hexamod:SoulburnPotion"},{"floor":31,"key":"Fire Potion"}],"is_trial":false,"path_per_floor":["R","M","M","M","?","M","T","M","R","M","?","E","?","$","M","B",null,"R_BF","M","M","?","M","M","T","HB","M","M","M","E","M","M","M","B"],"character_chosen":"GUARDIAN","items_purchased":["Guardian:Repulse","BargainBundle","HandOfGreed","Replay:SS_fish_1","Guardian:BronzeOrb","Guardian:Clone","Guardian:Harden","Guardian:EvasiveProtocol","Guardian:ChargeCore","conspire:TimeTravelPotion","Energy Potion"],"campfire_rested":0,"item_purchase_floors":[14,14,14,14,14,14,14,14,14,14,14],"current_hp_per_floor":[80,77,77,77,77,77,77,77,77,75,75,75,75,60,60,41,90,67,50,32,37,43,49,49,36,25,14,20,17,23,1,7,0,0,0],"gold":679,"neow_bonus":"RANDOM_COMMON_RELIC","is_daily":false,"chose_seed":false,"campfire_upgraded":2,"win_rate":0.0,"timestamp":1614170084,"path_taken":["R","M","M","M","?","M","T","?","R","M","?","E","?","?","M","BOSS","R_BF","M","M","?","?","M","T","HB","M","M","M","E","M","M","M","BOSS"],"items_purchased_type":["Card","Relic","Card","Card","Card","Card","Card","Card","Card","Potion","Potion"],"build_version":"2020-12-22","purchased_purges":1,"victory":false,"max_hp_per_floor":[80,80,80,80,80,80,80,80,80,80,80,80,80,80,80,80,90,67,67,67,72,72,72,72,36,36,36,36,36,36,36,36,36,36,36],"relic_stats":{"counters":[22,106],"CeramicFish":126,"War Paint":["Guardian:CurlUp","Guardian:Defend_Guardian"],"obtain_stats":[{"BargainBundle":14,"halation:OrihimeAndHikoboshiSamaAndTears":17,"Pear":17,"CeramicFish":17,"Guardian:ModeShifter":0,"The Courier":7,"conspire:Boomerang":12,"Replay:Ancient Bell":17,"War Paint":0,"Ring of Searing":13,"infinitespire:Lychee Nut":18,"Replay:Bottled Steam":24,"aspiration:ChemicalBlood":29},{"BargainBundle":8,"halation:OrihimeAndHikoboshiSamaAndTears":10,"Pear":10,"CeramicFish":10,"Guardian:ModeShifter":0,"The Courier":4,"conspire:Boomerang":7,"Replay:Ancient Bell":10,"War Paint":0,"Ring of Searing":7,"infinitespire:Lychee Nut":10,"Replay:Bottled Steam":14,"aspiration:ChemicalBlood":18},{"BargainBundle":29,"halation:OrihimeAndHikoboshiSamaAndTears":40,"Pear":40,"CeramicFish":40,"Guardian:ModeShifter":0,"The Courier":13,"conspire:Boomerang":25,"Replay:Ancient Bell":40,"War Paint":0,"Ring of Searing":25,"infinitespire:Lychee Nut":40,"Replay:Bottled Steam":67,"aspiration:ChemicalBlood":89}]},"card_choices":[{"not_picked":["Guardian:CrystalBeam","Guardian:ShieldCharger"],"picked":"Guardian:ChargeCore","floor":2},{"not_picked":["Guardian:Reroute","Guardian:PrimingBeam"],"picked":"Guardian:BronzeOrb","floor":3},{"not_picked":["Guardian:Reroute","Guardian:SpikerProtocol"],"picked":"Guardian:Gem_Orange","floor":4},{"not_picked":["Guardian:Gem_Lightblue","Guardian:Emergency"],"picked":"Guardian:TimeBomb","floor":6},{"not_picked":["Guardian:PrismaticBarrier","Guardian:PiercingHide"],"picked":"Guardian:Planning","floor":8},{"not_picked":["Guardian:ChargeCore","Guardian:BronzeArmor"],"picked":"Guardian:Gem_Crimson","floor":10},{"not_picked":["Guardian:BodySlam+1","Guardian:Harden+1"],"picked":"Guardian:ArmoredProtocol+1","floor":11},{"not_picked":["Guardian:PiercingHide","Guardian:MultiBeam"],"picked":"Guardian:BronzeOrb","floor":12},{"not_picked":["Guardian:Planning","Guardian:MultiBeam"],"picked":"Guardian:ShieldSpikes","floor":14},{"not_picked":["Guardian:Planning","Guardian:Gem_Lightblue"],"picked":"Guardian:Gem_Red","floor":15},{"not_picked":["Guardian:TimeSifter","Guardian:RevengeProtocol"],"picked":"Guardian:BaubleBeam","floor":16},{"not_picked":["Writhe","TheSerpent"],"picked":"conspire:NecroticWound","floor":17},{"not_picked":["Spreading Infection","Replay:Hysterical Blindness"],"picked":"Writhe","floor":17},{"not_picked":["Intolerance","ReplayTheSpireMod:Doomed"],"picked":"betterMatch:CurseCard","floor":17},{"not_picked":["Guardian:ChargeCore","Guardian:Gem_Lightblue"],"picked":"Guardian:BaubleBeam","floor":19},{"not_picked":["Guardian:Recover","Guardian:Suspension"],"picked":"Guardian:DecasProtection+1","floor":20},{"not_picked":["Guardian:TimeBomb","Guardian:Suspension"],"picked":"Guardian:Gem_Green","floor":22},{"not_picked":["Guardian:GuardianWhirl","Guardian:Planning"],"picked":"Guardian:Preprogram","floor":23},{"not_picked":["Guardian:MultiBeam+1","Guardian:Gem_White"],"picked":"Guardian:Gem_Yellow","floor":26},{"not_picked":["Guardian:Gem_Green","Guardian:Incinerate+1"],"picked":"Guardian:Gem_Red","floor":27},{"not_picked":["Guardian:Gem_Red","Guardian:Repulse"],"picked":"Guardian:Gem_Cyan","floor":28},{"not_picked":["Guardian:ArmoredProtocol","Guardian:Gem_Red"],"picked":"Guardian:TimeSifter","floor":29},{"not_picked":["Guardian:Suspension","Guardian:Planning"],"picked":"Guardian:Gem_Red","floor":30},{"not_picked":["Guardian:Gem_Cyan","Guardian:CrystalBeam"],"picked":"Guardian:BronzeOrb","floor":31},{"not_picked":["Guardian:TemporalShield","Guardian:BronzeArmor+1"],"picked":"Guardian:RollAttack+1","floor":32}],"player_experience":513057,"relics_obtained":[{"floor":7,"key":"The Courier"},{"floor":12,"key":"conspire:Boomerang"},{"floor":13,"key":"Ring of Searing"},{"floor":18,"key":"infinitespire:Lychee Nut"},{"floor":24,"key":"Replay:Bottled Steam"},{"floor":29,"key":"aspiration:ChemicalBlood"}],"event_choices":[{"damage_healed":0,"gold_gain":0,"player_choice":"2","damage_taken":0,"max_hp_gain":0,"max_hp_loss":0,"event_name":"betterMatch:BetterMatch","floor":11,"gold_loss":0,"cards_obtained":["betterMatch:UncommonCard"]},{"damage_healed":0,"gold_gain":0,"player_choice":"Got Potions","damage_taken":0,"max_hp_gain":0,"max_hp_loss":0,"event_name":"Lab","floor":21,"gold_loss":0}],"is_beta":false,"boss_relics":[{"not_picked":["Sozu","Replay:Drink Me"],"picked":"Replay:Ancient Bell"},{"not_picked":["Grinning Jar","Pet Ghost"],"picked":"CeramicFish"},{"not_picked":["Letter Opener","Replay:Bottled Snecko"],"picked":"Pear"},{"not_picked":["Calipers","WingedGreaves"],"picked":"halation:OrihimeAndHikoboshiSamaAndTears"}],"items_purged_floors":[14],"is_endless":false,"potions_floor_spawned":[2,8,12,15,19,20,28,31,32],"killed_by":"WA_ARCHETYPE_CALM","ascension_level":0}}