{"host":"7xbu8gt067z192g2","time":1614150072,"event":{"mods":["BaseMod","Better Note","BetterRewards","Colored Map","Colored Powertips","Downfall","Googly Eyes","Highlight Path","Infinite Spire","Minty Spire (QoL Compilation)","Rare Cards Sparkle","Replay The Spire","StSLib"],"gold_per_floor":[18,18,34,51,51,84,84,84,111,146,165,17,28,42,42,137,137,153,167,167,192,107,140,159,159,159,171,189,219,230,230,230,333,333,345,365,365,381,381,407,407,435,435,435,435,169,169,180,180,180],"floor_reached":51,"language":"ENG","playtime":1911,"items_purged":["Strike_R","Strike_R","Doubt"],"score":934,"play_id":"d8366558-79ba-48a2-a718-bad71a2b2163","local_time":"20210224020112","is_ascension_mode":true,"campfire_choices":[{"floor":8,"key":"REST"},{"floor":15,"key":"REST"},{"data":"Rupture","floor":25,"key":"SMITH"},{"floor":32,"key":"REST"},{"data":"Pummel","floor":41,"key":"SMITH"},{"floor":45,"key":"REST"},{"floor":47,"key":"REST"},{"floor":49,"key":"DIG"}],"circlet_count":0,"master_deck":["Strike_R","Strike_R","Strike_R","Defend_R","Defend_R","Defend_R+1","Defend_R+1","Bash+1","Immolate","infinitespire:Starlight","Ghostly Armor","Carnage","Rupture+1","Pummel+1","Battle Trance","Fiend Fire","Combust","Sword Boomerang+1","Shrug It Off","Twin Strike","Bludgeon","Shrug It Off","Feel No Pain+1"],"relics":["Burning Blood","Tiny Chest","Replay:Wax Seal","Mirror","Snecko Heart","ReplayTheSpireMod:TigerMarble","Shuriken","infinitespire:BottledMercury","Orichalcum","Busted Crown","King of Hearts","Snecko Eye","Ginger","Bag of Marbles","infinitespire:Golems Mask","ReplayTheSpireMod:CursedCoin","ReplayTheSpireMod:Shallot","Durian"],"acts_visited":["Exordium","TheCity","TheBeyond"],"potions_floor_usage":[16,16,23,23,42,50],"damage_taken":[{"damage":0,"enemies":"2 Louse","floor":1,"turns":1},{"damage":2,"enemies":"Jaw Worm","floor":3,"turns":3},{"damage":6,"enemies":"Cultist","floor":4,"turns":3},{"damage":50,"enemies":"3 Sentries","floor":6,"turns":9},{"damage":50,"enemies":"Lagavulin","floor":10,"turns":11},{"damage":0,"enemies":"2 Fungi Beasts","floor":11,"turns":2},{"damage":4,"enemies":"Looter","floor":13,"turns":4},{"damage":0,"enemies":"3 Louse","floor":14,"turns":1},{"damage":42,"enemies":"Slime Boss","floor":16,"turns":8},{"damage":36,"enemies":"Shell Parasite","floor":18,"turns":5},{"damage":0,"enemies":"2 Thieves","floor":19,"turns":2},{"damage":30,"enemies":"Book of Stabbing","floor":23,"turns":4},{"damage":2,"enemies":"3 Cultists","floor":24,"turns":3},{"damage":10,"enemies":"Chosen and Byrds","floor":27,"turns":3},{"damage":16,"enemies":"Centurion and Healer","floor":28,"turns":6},{"damage":55,"enemies":"Gremlin Leader","floor":29,"turns":5},{"damage":10,"enemies":"Sentry and Sphere","floor":30,"turns":4},{"damage":54,"enemies":"Collector","floor":33,"turns":6},{"damage":21,"enemies":"3 Darklings","floor":35,"turns":3},{"damage":13,"enemies":"Orb Walker","floor":36,"turns":3},{"damage":0,"enemies":"Transient","floor":38,"turns":5},{"damage":33,"enemies":"R_Hoarder","floor":40,"turns":5},{"damage":57,"enemies":"Nemesis","floor":42,"turns":5},{"damage":8,"enemies":"Maw","floor":48,"turns":5},{"damage":60,"enemies":"Awakened One","floor":50,"turns":8}],"seed_played":"-8193339075402946803","potions_obtained":[{"floor":1,"key":"EssenceOfSteel"},{"floor":4,"key":"Dexterity Potion"},{"floor":11,"key":"Weak Potion"},{"floor":16,"key":"sneckomod:MuddlingPotion"},{"floor":18,"key":"ColorlessPotion"},{"floor":27,"key":"ElixirPotion"},{"floor":36,"key":"Swift Potion"},{"floor":42,"key":"ElixirPotion"}],"is_trial":false,"path_per_floor":["M","?","M","M","?","E","?","R","T","E","M","$","M","M","R","B",null,"M","M","?","T","?","E","M","R","T","M","M","E","M","AVR","R","B",null,"M","M","AVR","M","?","E","R","E","T","?","R","$","R","M","R_BF","B",null],"character_chosen":"IRONCLAD","items_purchased":["Rupture","Pummel","ReplayTheSpireMod:CursedCoin","ReplayTheSpireMod:Shallot","EntropicBrew"],"campfire_rested":5,"item_purchase_floors":[12,12,46,46,46],"current_hp_per_floor":[80,60,74,74,74,40,24,48,48,14,20,20,32,38,62,36,69,49,55,55,55,55,46,50,50,50,56,56,21,27,27,51,13,63,58,51,51,67,67,50,50,9,9,9,33,33,57,55,60,16],"gold":180,"neow_bonus":"THREE_RARE_CARDS","is_daily":false,"chose_seed":false,"campfire_upgraded":2,"win_rate":0.0,"timestamp":1614150072,"path_taken":["M","?","M","M","?","E","?","R","T","E","M","$","M","?","R","BOSS","M","M","?","?","?","E","M","R","T","M","M","E","M","AVR","R","BOSS","M","M","AVR","M","?","E","R","E","T","?","R","$","R","M","R_BF","BOSS"],"items_purchased_type":["Card","Card","Relic","Relic","Potion"],"build_version":"2020-12-22","purchased_purges":3,"victory":true,"max_hp_per_floor":[80,80,80,80,80,80,80,80,80,80,80,80,80,80,80,80,80,80,80,80,80,80,80,80,80,80,80,80,80,80,80,80,80,80,80,80,80,80,80,80,80,80,80,80,80,80,80,80,85,85],"card_choices":[{"not_picked":["Demonic Infusion","Replay:Many Hands"],"picked":"Immolate","floor":0},{"not_picked":["Iron Wave","Dual Wield","Clothesline"],"picked":"SKIP","floor":1},{"not_picked":["infinitespire:UltimateForm","infinitespire:Execution"],"picked":"infinitespire:Starlight","floor":2},{"not_picked":["Perfected Strike","ReplayTheSpireMod:Stacked"],"picked":"Ghostly Armor","floor":3},{"not_picked":["Pommel Strike","Havoc"],"picked":"Carnage","floor":4},{"not_picked":["Eclipse","Rage","Flex"],"picked":"SKIP","floor":6},{"not_picked":["Abandon","ReplayTheSpireMod:Limb From Limb","Headbutt"],"picked":"SKIP","floor":10},{"not_picked":["ReplayTheSpireMod:Strike From Hell","Demonic Infusion","Perfected Strike"],"picked":"SKIP","floor":11},{"not_picked":["Burning Pact","Metallicize"],"picked":"Battle Trance","floor":13},{"not_picked":["Armaments","ReplayTheSpireMod:Strike From Hell","Sword Boomerang"],"picked":"SKIP","floor":14},{"not_picked":["Hemogenesis","Eclipse"],"picked":"Fiend Fire","floor":16},{"not_picked":["Searing Blow","Disarm"],"picked":"Combust","floor":18},{"not_picked":["Perfected Strike","ReplayTheSpireMod:Limb From Limb"],"picked":"Sword Boomerang+1","floor":19},{"not_picked":["ReplayTheSpireMod:Strike From Hell+1","Flex","Clothesline"],"picked":"SKIP","floor":23},{"not_picked":["Flex+1","Headbutt","ReplayTheSpireMod:LeadingStrike"],"picked":"SKIP","floor":24},{"not_picked":["Warcry","Flex+1"],"picked":"Shrug It Off","floor":27},{"not_picked":["ReplayTheSpireMod:Corrosion Curse","ReplayTheSpireMod:Muscle Training"],"picked":"Twin Strike","floor":28},{"not_picked":["Cleave","ReplayTheSpireMod:Corrosion Curse+1"],"picked":"Bludgeon","floor":29},{"not_picked":["Warcry","Armaments"],"picked":"Shrug It Off","floor":30},{"not_picked":["Anger"],"picked":"SKIP","floor":35},{"not_picked":["Massacre+1"],"picked":"SKIP","floor":36},{"not_picked":[],"picked":"Feel No Pain+1","floor":38},{"not_picked":["Pommel Strike"],"picked":"SKIP","floor":40},{"not_picked":["Searing Blow"],"picked":"SKIP","floor":42},{"not_picked":["Clothesline+1"],"picked":"SKIP","floor":48}],"player_experience":234524,"relics_obtained":[{"floor":6,"key":"Tiny Chest"},{"floor":9,"key":"Replay:Wax Seal"},{"floor":10,"key":"Mirror"},{"floor":21,"key":"ReplayTheSpireMod:TigerMarble"},{"floor":23,"key":"infinitespire:BottledMercury"},{"floor":29,"key":"Orichalcum"},{"floor":40,"key":"Bag of Marbles"},{"floor":42,"key":"infinitespire:Golems Mask"},{"floor":49,"key":"Durian"}],"event_choices":[{"damage_healed":0,"gold_gain":0,"player_choice":"Grow","damage_taken":0,"max_hp_gain":0,"max_hp_loss":0,"event_name":"Living Wall","floor":5,"gold_loss":0,"cards_upgraded":["Bash"]},{"damage_healed":0,"gold_gain":0,"player_choice":"Entered Light","damage_taken":16,"max_hp_gain":0,"max_hp_loss":0,"event_name":"Shining Light","floor":7,"gold_loss":0,"cards_upgraded":["Defend_R","Defend_R"]},{"damage_healed":0,"gold_gain":0,"player_choice":"Bought 0 Potions","damage_taken":0,"max_hp_gain":0,"max_hp_loss":0,"event_name":"The Woman in Blue","floor":20,"gold_loss":0},{"damage_healed":0,"gold_gain":0,"player_choice":"Obtained Relic","damage_taken":0,"relics_obtained":["Shuriken"],"max_hp_gain":0,"max_hp_loss":0,"event_name":"Addict","floor":22,"gold_loss":85}],"is_beta":false,"boss_relics":[{"not_picked":["Coffee Dripper","Painkiller Herb"],"picked":"Snecko Heart"},{"not_picked":["Tiny House","Replay:Drink Me"],"picked":"Snecko Eye"}],"items_purged_floors":[31,37,46],"is_endless":false,"potions_floor_spawned":[1,4,11,16,18,19,27,36,40,42],"ascension_level":5}}