{"host":"ufhw4cf0hh51lveu","time":1614155506,"event":{"mods":["BaseMod","DeckTracker","Lobotomy","Minty Spire (QoL Compilation)","SuperFastMode"],"gold_per_floor":[113,113,59,69,83,83,95,95,95,105,161,180,180,99,99,197,197,212,131,147,163,175,175,206,206,231,331,331,331,17,34,34,129,129,139,158,178,138,155,155,96,96,96,86,96,96,112,0,0,0,0],"floor_reached":50,"language":"KOR","playtime":1419,"items_purged":["Recycle+1"],"score":483,"play_id":"d6edfc12-976a-4630-8fec-ccdd4d66efb9","local_time":"20210224173146","is_ascension_mode":false,"campfire_choices":[{"data":"Ball Lightning","floor":6.0,"key":"SMITH"},{"data":"Dualcast","floor":8.0,"key":"SMITH"},{"data":"Ball Lightning","floor":15.0,"key":"SMITH"},{"floor":23.0,"key":"REST"},{"data":"Capacitor","floor":25.0,"key":"SMITH"},{"data":"Biased Cognition","floor":28.0,"key":"SMITH"},{"floor":32.0,"key":"DIG"},{"floor":40,"key":"REST"},{"floor":42,"key":"REST"},{"data":"Glacier","floor":49,"key":"SMITH"}],"circlet_count":0,"master_deck":["Defend_B","Defend_B","Defend_B","Defend_B+1","Zap","Dualcast+1","OldLady","Ball Lightning+1","ShyLook","LongBird","UniverseFragment","Ball Lightning+1","OSAHOGD","Cold Snap","Melter+1","Biased Cognition+1","Redo+1","HereticApostle","Capacitor+1","Glacier+1","VoidDream","Sunder+1","Wellcheers","Cold Snap+1","Capacitor","Freischutz","Defragment+1","WhiteNight","Cold Snap","DespairKnight","Skim+1"],"relics":["Cracked Core","CogitoBucket","Tiny Chest","HornCleat","Astrolabe","Matryoshka","Centennial Puzzle","Orichalcum","Shovel","Sundial","Happy Flower","Empty Cage","BackwardClock","Bottled Lightning","Molten Egg 2","Red Mask"],"acts_visited":["Exordium","TheCity","TheBeyond"],"potions_floor_usage":[36,36,41,50],"damage_taken":[{"damage":6.0,"enemies":"Cultist","floor":1.0,"turns":3.0},{"damage":2.0,"enemies":"2 Louse","floor":4.0,"turns":2.0},{"damage":0.0,"enemies":"Small Slimes","floor":5.0,"turns":2.0},{"damage":0.0,"enemies":"Blue Slaver","floor":7.0,"turns":2.0},{"damage":5.0,"enemies":"Looter","floor":10.0,"turns":2.0},{"damage":5.0,"enemies":"Lagavulin Event","floor":11.0,"turns":5.0},{"damage":5.0,"enemies":"Lots of Slimes","floor":12.0,"turns":4.0},{"damage":21.0,"enemies":"Slime Boss","floor":16.0,"turns":8.0},{"damage":0.0,"enemies":"Spheric Guardian","floor":18.0,"turns":4.0},{"damage":12.0,"enemies":"2 Thieves","floor":20.0,"turns":3.0},{"damage":12.0,"enemies":"Centurion and Healer","floor":21.0,"turns":8.0},{"damage":19.0,"enemies":"Cultist and Chosen","floor":22.0,"turns":9.0},{"damage":7.0,"enemies":"Gremlin Leader","floor":24.0,"turns":8.0},{"damage":0.0,"enemies":"3 Cultists","floor":31.0,"turns":5.0},{"damage":3.0,"enemies":"Champ","floor":33.0,"turns":12.0},{"damage":14.0,"enemies":"3 Shapes","floor":35.0,"turns":4.0},{"damage":48,"enemies":"3 Darklings","floor":36,"turns":7},{"damage":13,"enemies":"Spire Growth","floor":37,"turns":5},{"damage":5,"enemies":"Sphere and 2 Shapes","floor":39,"turns":6},{"damage":11,"enemies":"Writhing Mass","floor":41,"turns":4},{"damage":20,"enemies":"Transient","floor":44,"turns":5},{"damage":19,"enemies":"Sphere and 2 Shapes","floor":45,"turns":6},{"damage":17,"enemies":"Spire Growth","floor":47,"turns":8},{"damage":69,"enemies":"Awakened One","floor":50,"turns":4}],"seed_played":"-7986750806498540353","potions_obtained":[{"floor":4.0,"key":"Fruit Juice"},{"floor":7.0,"key":"SteroidPotion"},{"floor":18.0,"key":"LiquidBronze"},{"floor":31.0,"key":"Ancient Potion"},{"floor":33.0,"key":"SteroidPotion"},{"floor":35.0,"key":"PotionOfCapacity"},{"floor":39,"key":"PowerPotion"},{"floor":47,"key":"Swift Potion"}],"is_trial":false,"path_per_floor":["M","$","$","M","M","R","M","R","T","M","?","M","?","$","R","B",null,"M","$","M","M","M","R","E","R","T","?","R","T","$","M","R","B",null,"M","M","M","?","M","R","M","R","T","M","M","T","M","?","R","B"],"character_chosen":"DEFECT","items_purchased":["Ball Lightning","Melter","Capacitor","Sundial"],"campfire_rested":3,"item_purchase_floors":[3,14,19,30],"current_hp_per_floor":[69,69,69,72,72,72,72,72,72,67,62,57,57,57,57,36,80,80,80,68,56,37,61,54,54,54,54,54,54,54,54,54,51,80,66,29,19,19,14,38,30,54,54,37,46,46,54,54,54,0,0],"gold":0,"neow_bonus":"","is_daily":false,"chose_seed":false,"campfire_upgraded":6,"win_rate":0.0,"timestamp":1614155506,"path_taken":["M","?","$","M","M","R","M","R","T","M","?","M","?","$","R","BOSS","M","$","M","M","M","R","E","R","T","?","R","?","?","M","R","BOSS","M","M","M","?","?","R","M","R","T","M","M","?","M","?","R","BOSS"],"items_purchased_type":["Card","Card","Card","Relic"],"build_version":"2020-12-22","purchased_purges":1,"victory":false,"max_hp_per_floor":[75,75,75,80,80,80,80,80,80,80,80,80,80,80,80,80,80,80,80,80,80,80,80,80,80,80,80,80,80,80,80,80,80,80,80,80,80,80,80,80,80,80,80,80,80,80,80,80,80,80,80],"card_choices":[{"not_picked":["FairyFestival","BeautyBeast","CrumblingArmor"],"picked":"Singing Bowl","floor":1.0},{"not_picked":["WhitesApple","QueenBee"],"picked":"OldLady","floor":1.0},{"not_picked":["Stack","Force Field","Chaos"],"picked":"SKIP","floor":1.0},{"not_picked":["Woodsman","UniverseFragment"],"picked":"ShyLook","floor":4.0},{"not_picked":["Coolheaded","Conserve Battery"],"picked":"Glacier","floor":4.0},{"not_picked":["Core Surge","Steam","Go for the Eyes"],"picked":"SKIP","floor":5.0},{"not_picked":["Woodsman","OSAHOGD"],"picked":"LongBird","floor":7.0},{"not_picked":["Barrage","Auto Shields","Darkness"],"picked":"SKIP","floor":7.0},{"not_picked":["Freischutz","Funeral","FairyFestival"],"picked":"Singing Bowl","floor":10.0},{"not_picked":["VoidDream","CENSORED"],"picked":"UniverseFragment","floor":10.0},{"not_picked":["Hologram","Go for the Eyes"],"picked":"Ball Lightning","floor":10.0},{"not_picked":["SingingMachine","Mercenary","SpiderBud"],"picked":"Singing Bowl","floor":11.0},{"not_picked":["Coolheaded","Auto Shields"],"picked":"Streamline","floor":11.0},{"not_picked":["Rudolta","BigBird","BeautyBeast"],"picked":"Singing Bowl","floor":12.0},{"not_picked":["FairyFestival","Laetitia"],"picked":"OSAHOGD","floor":12.0},{"not_picked":["Ball Lightning","Conserve Battery"],"picked":"Cold Snap","floor":12.0},{"not_picked":["MeatLantern","LaLuna","SingingMachine"],"picked":"Singing Bowl","floor":16.0},{"not_picked":["Creative AI","Hyperbeam"],"picked":"Biased Cognition","floor":16.0},{"not_picked":["GreedKing","VoidDream","MHz"],"picked":"Singing Bowl","floor":18.0},{"not_picked":["Go for the Eyes+1","Redo"],"picked":"Sweeping Beam","floor":18.0},{"not_picked":["Rudolta","Variant","QueenOfHatred"],"picked":"Singing Bowl","floor":20.0},{"not_picked":["Storm","Gash","Beam Cell"],"picked":"SKIP","floor":20.0},{"not_picked":["Murderer","GalaxyChild","BigBadWolf"],"picked":"Singing Bowl","floor":21.0},{"not_picked":["Stack+1","Beam Cell"],"picked":"Glacier","floor":21.0},{"not_picked":["MHz","WallGazer","Bloodbath"],"picked":"Singing Bowl","floor":22.0},{"not_picked":["MeltingLove","Porccubus"],"picked":"VoidDream","floor":22.0},{"not_picked":["Turbo+1","Steam","Hologram"],"picked":"SKIP","floor":22.0},{"not_picked":["MeatLantern","BeautyBeast","Murderer"],"picked":"Singing Bowl","floor":24.0},{"not_picked":["Barrage","Steam+1","Stack"],"picked":"SKIP","floor":24.0},{"not_picked":["WallGazer","QueenBee"],"picked":"Yin","floor":31.0},{"not_picked":["Hello World+1","Fusion"],"picked":"Sunder+1","floor":31.0},{"not_picked":["FieryBird","Porccubus","BlackSwan"],"picked":"Singing Bowl","floor":35.0},{"not_picked":["LaLuna","DespairKnight"],"picked":"Wellcheers","floor":35.0},{"not_picked":["Undo+1","Steam"],"picked":"Cold Snap+1","floor":35.0},{"not_picked":["SilentOrchestra","Laetitia","WhitesApple"],"picked":"Singing Bowl","floor":36},{"not_picked":["Ball Lightning+1","Rebound"],"picked":"Capacitor","floor":36},{"not_picked":["MHz","PunishingBird","BlackArmy"],"picked":"Singing Bowl","floor":37},{"not_picked":["BeautyBeast","BigBird"],"picked":"Freischutz","floor":37},{"not_picked":["Turbo+1","Heatsinks+1","Leap"],"picked":"SKIP","floor":37},{"not_picked":["WhitesApple","HeroicMonk","LittleHelper"],"picked":"Singing Bowl","floor":39},{"not_picked":["Barrage","Beam Cell+1"],"picked":"Defragment+1","floor":39},{"not_picked":["Woodsman","HeroicMonk","LaLuna"],"picked":"Singing Bowl","floor":41},{"not_picked":["Go for the Eyes","Gash+1","Coolheaded"],"picked":"SKIP","floor":41},{"not_picked":["Alriune","QueenOfHatred","SingingMachine"],"picked":"Singing Bowl","floor":44},{"not_picked":["LittlePrince","Rudolta"],"picked":"WhiteNight","floor":44},{"not_picked":["Conserve Battery","Hologram+1"],"picked":"Cold Snap","floor":44},{"not_picked":["NothingThere","CENSORED","Alriune"],"picked":"Singing Bowl","floor":45},{"not_picked":["Laetitia","LittlePrince"],"picked":"DespairKnight","floor":45},{"not_picked":["Scrape","Gash","Rip and Tear+1"],"picked":"SKIP","floor":45},{"not_picked":["SingingMachine","BlackSwan","Alriune"],"picked":"Singing Bowl","floor":47},{"not_picked":["Coolheaded+1","Compile Driver+1"],"picked":"Skim+1","floor":47}],"player_experience":83424,"relics_obtained":[{"floor":9.0,"key":"Tiny Chest"},{"floor":11.0,"key":"HornCleat"},{"floor":24.0,"key":"Matryoshka"},{"floor":26.0,"key":"Centennial Puzzle"},{"floor":29.0,"key":"Orichalcum"},{"floor":29.0,"key":"Shovel"},{"floor":32.0,"key":"Happy Flower"},{"floor":43,"key":"Bottled Lightning"},{"floor":46,"key":"Molten Egg 2"}],"event_choices":[{"damage_healed":0.0,"max_hp_gain":0.0,"max_hp_loss":0.0,"gold_gain":30.0,"event_name":"Dead Adventurer","player_choice":"Searched \u00272\u0027 times","floor":11.0,"gold_loss":0.0,"damage_taken":0.0},{"cards_removed":["Strike_B"],"damage_healed":0.0,"max_hp_gain":0.0,"max_hp_loss":0.0,"gold_gain":0.0,"event_name":"Living Wall","player_choice":"Forget","floor":13.0,"gold_loss":0.0,"damage_taken":0.0},{"damage_healed":0.0,"max_hp_gain":0.0,"max_hp_loss":0.0,"gold_gain":100.0,"event_name":"Golden Shrine","player_choice":"Pray","floor":27.0,"gold_loss":0.0,"damage_taken":0.0},{"damage_healed":0,"gold_gain":0,"player_choice":"Upgraded Two","damage_taken":0,"max_hp_gain":0,"max_hp_loss":0,"event_name":"Designer","floor":38,"gold_loss":40,"cards_upgraded":["Defend_B","Melter"]},{"damage_healed":0,"gold_gain":0,"player_choice":"Paid","damage_taken":0,"relics_obtained":["Red Mask"],"max_hp_gain":0,"max_hp_loss":0,"event_name":"Tomb of Lord Red Mask","floor":48,"gold_loss":112}],"is_beta":false,"boss_relics":[{"not_picked":["Ectoplasm","Velvet Choker"],"picked":"Astrolabe"},{"not_picked":["Cursed Key","Sozu"],"picked":"Empty Cage"}],"items_purged_floors":[30],"is_endless":false,"potions_floor_spawned":[4,7,18,31,33,35,39,47],"killed_by":"Awakened One","ascension_level":0}}