{"host":"3zmssa4s99zhxek5","time":1614153336,"event":{"mods":["AchievementEnabler","BaseMod","Minty Spire (QoL Compilation)","Permanent Neow","Relic Stats"],"gold_per_floor":[117,117,117,129,139,139,169,169,169,205,236,248,280,132,132,132,132],"floor_reached":16,"language":"KOR","playtime":996,"items_purged":["Strike_B"],"score":196,"play_id":"f2fe535c-019e-40c1-ab13-f5d0c0a5f318","local_time":"20210224165536","is_ascension_mode":true,"campfire_choices":[{"data":"Genetic Algorithm","floor":6,"key":"SMITH"},{"data":"Gash","floor":12,"key":"SMITH"},{"data":"Gash","floor":15,"key":"SMITH"}],"circlet_count":0,"master_deck":["AscendersBane","Strike_B","Strike_B","Defend_B","Defend_B","Zap","Dualcast","Genetic Algorithm+1","Gash+1","Gash+1","Undo","FTL","Defragment","Self Repair"],"relics":["Cracked Core","HornCleat","Ancient Tea Set","MawBank","Vajra","Odd Mushroom"],"acts_visited":["Exordium"],"potions_floor_usage":[7,16],"damage_taken":[{"damage":2,"enemies":"2 Louse","floor":1,"turns":2},{"damage":1,"enemies":"Jaw Worm","floor":4,"turns":3},{"damage":0,"enemies":"Small Slimes","floor":5,"turns":3},{"damage":32,"enemies":"Gremlin Nob","floor":7,"turns":4},{"damage":0,"enemies":"2 Fungi Beasts","floor":11,"turns":3},{"damage":0,"enemies":"The Mushroom Lair","floor":13,"turns":4},{"damage":28,"enemies":"Slime Boss","floor":16,"turns":3}],"seed_played":"-5695627935431400106","potions_obtained":[{"floor":5,"key":"Regen Potion"},{"floor":11,"key":"SpeedPotion"},{"floor":13,"key":"Explosive Potion"}],"is_trial":false,"path_per_floor":["M","?","?","M","M","R","E","?","T","T","M","R","?","$","R","B"],"character_chosen":"DEFECT","items_purchased":["Self Repair"],"campfire_rested":0,"item_purchase_floors":[14],"current_hp_per_floor":[62,51,51,50,50,50,30,23,23,23,23,23,23,23,23,0,0],"gold":132,"neow_bonus":"REMOVE_TWO","is_daily":false,"chose_seed":false,"campfire_upgraded":3,"win_rate":0.0,"timestamp":1614153336,"path_taken":["M","?","?","M","M","R","E","?","T","?","M","R","?","$","R","BOSS"],"items_purchased_type":["Card"],"build_version":"2020-12-22","purchased_purges":1,"victory":false,"max_hp_per_floor":[64,64,64,64,64,64,64,64,64,64,64,64,64,64,64,64,64],"relic_stats":{"counters":[7,22],"MawBank":60,"obtain_stats":[{"HornCleat":2,"Vajra":10,"Odd Mushroom":13,"Cracked Core":0,"Ancient Tea Set":7,"MawBank":9},{"HornCleat":1,"Vajra":4,"Odd Mushroom":6,"Cracked Core":0,"Ancient Tea Set":4,"MawBank":4},{"HornCleat":2,"Vajra":12,"Odd Mushroom":19,"Cracked Core":0,"Ancient Tea Set":12,"MawBank":12}]},"card_choices":[{"not_picked":["Sweeping Beam","Cold Snap"],"picked":"Genetic Algorithm","floor":1},{"not_picked":["Fusion","BootSequence"],"picked":"Gash","floor":4},{"not_picked":["Skim","Sweeping Beam"],"picked":"Gash","floor":5},{"not_picked":["Chill","Glacier"],"picked":"Undo","floor":7},{"not_picked":["Compile Driver","Chill"],"picked":"FTL","floor":11},{"not_picked":["Hello World","Turbo"],"picked":"Defragment","floor":13}],"player_experience":1679884,"relics_obtained":[{"floor":7,"key":"Ancient Tea Set"},{"floor":9,"key":"MawBank"},{"floor":10,"key":"Vajra"},{"floor":13,"key":"Odd Mushroom"}],"event_choices":[{"damage_healed":0,"gold_gain":0,"player_choice":"Success","damage_taken":11,"relics_obtained":["HornCleat"],"max_hp_gain":0,"max_hp_loss":0,"event_name":"Scrap Ooze","floor":2,"gold_loss":0},{"damage_healed":0,"gold_gain":0,"player_choice":"Ignored","damage_taken":0,"max_hp_gain":0,"max_hp_loss":0,"event_name":"Liars Game","floor":3,"gold_loss":0},{"cards_removed":["Defend_B"],"damage_healed":0,"gold_gain":0,"player_choice":"Card Removal","damage_taken":7,"max_hp_gain":0,"max_hp_loss":0,"event_name":"Golden Wing","floor":8,"gold_loss":0},{"damage_healed":0,"gold_gain":0,"player_choice":"Fought Mushrooms","damage_taken":0,"max_hp_gain":0,"max_hp_loss":0,"event_name":"Mushrooms","floor":13,"gold_loss":0}],"is_beta":false,"boss_relics":[],"items_purged_floors":[14],"is_endless":false,"potions_floor_spawned":[5,11,13],"killed_by":"Slime Boss","ascension_level":20}}