{"host":"6406jj8da6015sxr","time":1614136889,"event":{"mods":["AchievementEnabler","BaseMod","Colored Map","DeckTracker","Keyboard Shortcuts","Minty Spire (QoL Compilation)","Permanent Neow","Relic Stats","SuperFastMode","everything is the same but u backflip on backflip"],"gold_per_floor":[110,6,16,31,31,31,45,45,45,74,84,84,84,84,84,163,163,175,34,44,61,61,61,79,79,79],"floor_reached":25,"language":"KOR","playtime":990,"items_purged":["Writhe"],"score":406,"play_id":"7169d621-9828-49a0-9caa-51106aa54d4a","local_time":"20210224122129","is_ascension_mode":true,"campfire_choices":[{"floor":6.0,"key":"DIG"},{"floor":8.0,"key":"REST"},{"floor":13.0,"key":"REST"},{"floor":15.0,"key":"DIG"},{"floor":23,"key":"REST"}],"circlet_count":0,"master_deck":["AscendersBane","Strike_G","Strike_G","Strike_G","Defend_G","Defend_G","Defend_G","Defend_G","Defend_G","Survivor","Neutralize","Sadistic Nature","Dash","Blade Dance","Accuracy","Deflect","Sucker Punch","Tactician","Terror","Adrenaline","Blade Dance","Acrobatics","Accuracy","Crippling Poison","Acrobatics+1"],"relics":["Ring of the Snake","Shovel","Centennial Puzzle","Tough Bandages","Unceasing Top","Pear","Empty Cage","Nilry\u0027s Codex"],"acts_visited":["Exordium","TheCity"],"potions_floor_usage":[25],"damage_taken":[{"damage":2.0,"enemies":"Cultist","floor":1.0,"turns":5.0},{"damage":0.0,"enemies":"Jaw Worm","floor":3.0,"turns":4.0},{"damage":5.0,"enemies":"Small Slimes","floor":4.0,"turns":4.0},{"damage":10.0,"enemies":"3 Louse","floor":7.0,"turns":4.0},{"damage":29.0,"enemies":"3 Sentries","floor":10.0,"turns":10.0},{"damage":3.0,"enemies":"Looter","floor":11.0,"turns":3.0},{"damage":28.0,"enemies":"The Guardian","floor":16.0,"turns":11.0},{"damage":7.0,"enemies":"Chosen","floor":18.0,"turns":4.0},{"damage":1.0,"enemies":"Shell Parasite","floor":20.0,"turns":3.0},{"damage":19,"enemies":"Snake Plant","floor":21,"turns":2},{"damage":3,"enemies":"Snecko","floor":24,"turns":5},{"damage":23,"enemies":"Slavers","floor":25,"turns":6}],"seed_played":"-1511146810997797560","potions_obtained":[{"floor":1.0,"key":"Energy Potion"},{"floor":11.0,"key":"Ancient Potion"},{"floor":16.0,"key":"SteroidPotion"},{"floor":18.0,"key":"Fire Potion"}],"is_trial":false,"path_per_floor":["M","$","M","M","?","R","M","R","T","E","M","$","R","?","R","B",null,"M","$","M","M","?","R","M","E"],"character_chosen":"THE_SILENT","items_purchased":["Blade Dance","Acrobatics","Accuracy"],"campfire_rested":3,"item_purchase_floors":[2,19,19],"current_hp_per_floor":[57,57,57,52,26,26,16,35,35,6,3,3,22,22,32,4,58,51,51,50,31,10,32,29,6,6],"gold":79,"neow_bonus":"RANDOM_COLORLESS_2","is_daily":false,"chose_seed":false,"campfire_upgraded":0,"win_rate":0.0,"timestamp":1614136889,"path_taken":["M","$","M","M","?","R","M","R","T","E","M","$","R","?","R","BOSS","M","$","M","M","?","R","M","E"],"items_purchased_type":["Card","Card","Card"],"build_version":"2020-12-22","purchased_purges":1,"victory":false,"max_hp_per_floor":[66,66,66,66,66,66,66,66,66,66,66,66,66,66,76,76,76,76,76,76,76,76,76,76,76,76],"relic_stats":{"Centennial Puzzle":[27],"Tough Bandages":[42],"Shovel":2,"counters":[12,61],"obtain_stats":[{"Centennial Puzzle":6,"Tough Bandages":9,"Shovel":5,"Pear":15,"Nilry\u0027s Codex":22,"Empty Cage":17,"Unceasing Top":10,"Ring of the Snake":0},{"Centennial Puzzle":3,"Tough Bandages":4,"Shovel":3,"Pear":6,"Nilry\u0027s Codex":10,"Empty Cage":7,"Unceasing Top":5,"Ring of the Snake":0},{"Centennial Puzzle":13,"Tough Bandages":17,"Shovel":13,"Pear":30,"Nilry\u0027s Codex":50,"Empty Cage":41,"Unceasing Top":27,"Ring of the Snake":0}],"Unceasing Top":[5],"Ring of the Snake":[24]},"card_choices":[{"not_picked":["Secret Technique","Magnetism"],"picked":"Sadistic Nature","floor":0.0},{"not_picked":["Cloak And Dagger","Flying Knee"],"picked":"Dash","floor":1.0},{"not_picked":["Prepared","Dagger Spray"],"picked":"Accuracy","floor":3.0},{"not_picked":["Distraction","Acrobatics"],"picked":"Deflect","floor":4.0},{"not_picked":["Quick Slash","Cloak And Dagger"],"picked":"Sucker Punch","floor":7.0},{"not_picked":["Caltrops","Noxious Fumes"],"picked":"Tactician","floor":10.0},{"not_picked":["Deflect","Slice"],"picked":"Terror","floor":11.0},{"not_picked":["Night Terror","Die Die Die"],"picked":"Adrenaline","floor":16.0},{"not_picked":["Infinite Blades","Choke"],"picked":"Blade Dance","floor":18.0},{"not_picked":["Escape Plan","Sucker Punch"],"picked":"Crippling Poison","floor":20.0},{"not_picked":["Terror","Dagger Spray"],"picked":"Acrobatics+1","floor":21},{"not_picked":["Sucker Punch","Flying Knee","Dash"],"picked":"SKIP","floor":24}],"player_experience":99141,"relics_obtained":[{"floor":6.0,"key":"Centennial Puzzle"},{"floor":9.0,"key":"Tough Bandages"},{"floor":10.0,"key":"Unceasing Top"},{"floor":15.0,"key":"Pear"},{"floor":22,"key":"Nilry\u0027s Codex"}],"event_choices":[{"damage_healed":0.0,"max_hp_gain":0.0,"max_hp_loss":0.0,"gold_gain":0.0,"event_name":"Scrap Ooze","player_choice":"Success","floor":5.0,"gold_loss":0.0,"damage_taken":26.0,"relics_obtained":["Shovel"]},{"damage_healed":0.0,"max_hp_gain":0.0,"max_hp_loss":0.0,"gold_gain":0.0,"event_name":"Liars Game","player_choice":"Ignored","floor":14.0,"gold_loss":0.0,"damage_taken":0.0},{"damage_healed":0,"gold_gain":0,"player_choice":"Obtained Book","damage_taken":21,"max_hp_gain":0,"max_hp_loss":0,"event_name":"Cursed Tome","floor":22,"gold_loss":0}],"is_beta":false,"boss_relics":[{"not_picked":["SacredBark","Ectoplasm"],"picked":"Empty Cage"}],"items_purged_floors":[2],"is_endless":false,"potions_floor_spawned":[1,11,16,18,24],"killed_by":"Slavers","ascension_level":20}}