{"host":"kvo7eymyd21g9abd","time":1614188720,"event":{"mods":["AchievementEnabler","BaseMod","Bestiary","Colored Map","Minty Spire (QoL Compilation)","StSLib"],"gold_per_floor":[19,34,34,34,55,94,94,94,94,110,285,85,129,154,154,278,278,297,220,244,263,263,263,263],"floor_reached":23,"language":"ENG","playtime":592,"items_purged":[],"score":256,"play_id":"305b31cc-d519-49f5-9d81-4aab068291ba","local_time":"20210224124520","is_ascension_mode":true,"campfire_choices":[{"floor":7,"key":"RECALL"},{"floor":15,"key":"REST"}],"circlet_count":0,"master_deck":["Strike_P+1","Strike_P+1","Strike_P+1","Strike_P+1","Defend_P+1","Defend_P+1","Defend_P+1","Defend_P+1","Eruption","Vigilance","PathToVictory","EmptyMind","Injury","PathToVictory","Alpha","Evaluate","Doubt","PathToVictory","PathToVictory","Collect","PathToVictory","LessonLearned","Evaluate","DeceiveReality","InnerPeace","Protect+1"],"relics":["PureWater","Du-Vu Doll","Golden Idol","Shuriken","Question Card","Art of War","DollysMirror","Anchor","Runic Dome"],"acts_visited":["Exordium","TheCity"],"potions_floor_usage":[6,16,23],"damage_taken":[{"damage":10,"enemies":"Cultist","floor":1,"turns":4},{"damage":9,"enemies":"Jaw Worm","floor":2,"turns":5},{"damage":0,"enemies":"Small Slimes","floor":5,"turns":2},{"damage":1,"enemies":"Gremlin Nob","floor":6,"turns":3},{"damage":11,"enemies":"Blue Slaver","floor":10,"turns":4},{"damage":30,"enemies":"Lagavulin","floor":13,"turns":5},{"damage":0,"enemies":"Gremlin Gang","floor":14,"turns":5},{"damage":29,"enemies":"Slime Boss","floor":16,"turns":4},{"damage":0,"enemies":"Shell Parasite","floor":18,"turns":2},{"damage":20,"enemies":"Spheric Guardian","floor":20,"turns":4},{"damage":22,"enemies":"Snake Plant","floor":21,"turns":4},{"damage":31,"enemies":"Slavers","floor":23,"turns":2}],"seed_played":"-4594641420820308407","potions_obtained":[{"floor":2,"key":"StancePotion"},{"floor":5,"key":"DistilledChaos"},{"floor":13,"key":"LiquidBronze"},{"floor":14,"key":"Ancient Potion"},{"floor":16,"key":"LiquidBronze"}],"is_trial":false,"path_per_floor":["M","M","$","?","M","E","R","?","T","M","?","$","E","M","R","B",null,"M","$","M","M","?","E"],"character_chosen":"WATCHER","items_purchased":["PathToVictory","DollysMirror","DeceiveReality"],"campfire_rested":1,"item_purchase_floors":[12,12,19],"current_hp_per_floor":[62,53,53,53,53,52,52,52,52,41,41,41,11,11,32,3,72,72,72,52,30,30,0,0],"gold":263,"neow_bonus":"ONE_RARE_RELIC","is_daily":false,"chose_seed":false,"campfire_upgraded":0,"win_rate":0.0,"timestamp":1614188720,"path_taken":["M","M","$","?","M","E","R","?","T","M","?","?","E","M","R","BOSS","M","$","?","M","?","E"],"items_purchased_type":["Card","Relic","Card"],"build_version":"2020-12-22","purchased_purges":0,"victory":false,"max_hp_per_floor":[72,72,72,72,72,72,72,72,72,72,72,72,72,72,72,72,72,72,72,72,72,72,72,72],"card_choices":[{"not_picked":["EmptyFist","Swivel"],"picked":"PathToVictory","floor":1},{"not_picked":["Conclude","Halt"],"picked":"EmptyMind","floor":2},{"not_picked":["CutThroughFate","SandsOfTime"],"picked":"PathToVictory","floor":5},{"not_picked":["FlurryOfBlows","WreathOfFlame"],"picked":"Alpha","floor":6},{"not_picked":["ClearTheMind","Protect","Halt"],"picked":"Evaluate","floor":10},{"not_picked":["JustLucky","BattleHymn","EmptyFist"],"picked":"Collect","floor":13},{"not_picked":["Perseverance","Wireheading","MasterReality"],"picked":"PathToVictory","floor":14},{"not_picked":["Judgement","DeusExMachina","Omniscience"],"picked":"LessonLearned","floor":16},{"not_picked":["FollowUp+1","Halt","SandsOfTime+1"],"picked":"Evaluate","floor":18},{"not_picked":["SignatureMove+1","EmptyFist","FollowUp+1"],"picked":"InnerPeace","floor":20},{"not_picked":["CrushJoints+1","EmptyBody","FollowUp"],"picked":"Protect+1","floor":21}],"player_experience":475165,"relics_obtained":[{"floor":6,"key":"Shuriken"},{"floor":9,"key":"Art of War"},{"floor":13,"key":"Anchor"}],"event_choices":[{"damage_healed":0,"gold_gain":0,"player_choice":"Take Wound","damage_taken":0,"relics_obtained":["Golden Idol"],"max_hp_gain":0,"max_hp_loss":0,"event_name":"Golden Idol","floor":4,"gold_loss":0,"cards_obtained":["Injury"]},{"damage_healed":0,"gold_gain":0,"player_choice":"Searched \u00271\u0027 times","damage_taken":0,"relics_obtained":["Question Card"],"max_hp_gain":0,"max_hp_loss":0,"event_name":"Dead Adventurer","floor":8,"gold_loss":0},{"damage_healed":0,"gold_gain":175,"player_choice":"AGREE","damage_taken":0,"max_hp_gain":0,"max_hp_loss":0,"event_name":"Liars Game","floor":11,"gold_loss":0,"cards_obtained":["Doubt"]},{"damage_healed":0,"gold_gain":0,"player_choice":"Simplicity","damage_taken":0,"max_hp_gain":0,"max_hp_loss":0,"event_name":"Back to Basics","floor":22,"gold_loss":0,"cards_upgraded":["Strike_P","Strike_P","Strike_P","Strike_P","Defend_P","Defend_P","Defend_P"]}],"is_beta":false,"boss_relics":[{"not_picked":["Astrolabe","Snecko Eye"],"picked":"Runic Dome"}],"items_purged_floors":[],"is_endless":false,"potions_floor_spawned":[2,5,13,14,16,18],"killed_by":"Slavers","ascension_level":3}}