{"host":"e8rlfedn69rz2s07","time":1614199289,"event":{"mods":["AchievementEnabler","BaseMod","Minty Spire (QoL Compilation)","Permanent Neow","Relic Stats"],"gold_per_floor":[118,6,6,25,36,65,65,98,98,98,118,118,151,214,214,289,289,307,327,166,166,193,207,132,132,132,146,171,196,196,196,196,268,268,287,287,336,108,108,141,141,141,141,159,159,20,34,34,34,34,34],"floor_reached":50,"language":"ENG","playtime":2670,"items_purged":["Strike_B"],"score":1044,"play_id":"152576bf-a56c-44de-a867-010407e7b63a","local_time":"20210224224128","is_ascension_mode":true,"campfire_choices":[{"data":"Darkness","floor":7.0,"key":"SMITH"},{"floor":10.0,"key":"REST"},{"floor":12.0,"key":"REST"},{"floor":15,"key":"REST"},{"floor":25,"key":"REST"},{"floor":30,"key":"REST"},{"data":"Ghostly","floor":32,"key":"SMITH"},{"floor":42,"key":"REST"},{"floor":49,"key":"RECALL"}],"circlet_count":0,"master_deck":["AscendersBane","Strike_B","Strike_B","Defend_B","Defend_B","Defend_B","Defend_B","Zap","Dualcast","Compile Driver","Coolheaded","Auto Shields","Darkness+1","Leap","Glacier","Darkness","Amplify","Buffer+1","Loop+1","Defragment+1","Ghostly","Ghostly+1","Ghostly","Sunder","Fission","Loop+1","Apotheosis","Self Repair+1","Capacitor+1","Metamorphosis","Creative AI+1"],"relics":["Runic Dome","Turnip","Frozen Egg 2","Symbiotic Virus","Ancient Tea Set","Tiny Chest","Snecko Eye","Red Mask","StrikeDummy","Lantern","Cursed Key","Shovel","White Beast Statue"],"acts_visited":["Exordium","TheCity","TheBeyond"],"potions_floor_usage":[13,22,22,31,37,40],"damage_taken":[{"damage":7.0,"enemies":"Small Slimes","floor":1.0,"turns":3.0},{"damage":7.0,"enemies":"Jaw Worm","floor":4.0,"turns":4.0},{"damage":0.0,"enemies":"2 Louse","floor":5.0,"turns":2.0},{"damage":13.0,"enemies":"3 Sentries","floor":6.0,"turns":11.0},{"damage":8.0,"enemies":"Lagavulin","floor":8.0,"turns":7.0},{"damage":12.0,"enemies":"Large Slime","floor":11.0,"turns":4.0},{"damage":33,"enemies":"Gremlin Nob","floor":13,"turns":4},{"damage":25,"enemies":"Lagavulin Event","floor":14,"turns":5},{"damage":6,"enemies":"The Guardian","floor":16,"turns":8},{"damage":1,"enemies":"Chosen","floor":18,"turns":5},{"damage":0,"enemies":"Shell Parasite","floor":19,"turns":6},{"damage":9,"enemies":"Masked Bandits","floor":22,"turns":6},{"damage":17,"enemies":"Sentry and Sphere","floor":23,"turns":6},{"damage":2,"enemies":"Cultist and Chosen","floor":27,"turns":7},{"damage":12,"enemies":"Book of Stabbing","floor":28,"turns":6},{"damage":0,"enemies":"Slavers","floor":31,"turns":1},{"damage":17,"enemies":"Collector","floor":33,"turns":23},{"damage":0,"enemies":"Orb Walker","floor":35,"turns":3},{"damage":0,"enemies":"2 Orb Walkers","floor":37,"turns":6},{"damage":23,"enemies":"Nemesis","floor":40,"turns":15},{"damage":0,"enemies":"3 Shapes","floor":44,"turns":5},{"damage":6,"enemies":"Jaw Worm Horde","floor":47,"turns":6},{"damage":43,"enemies":"Awakened One","floor":50,"turns":6}],"seed_played":"7078511108456510886","potions_obtained":[{"floor":5.0,"key":"GamblersBrew"},{"floor":6.0,"key":"Energy Potion"},{"floor":16,"key":"Fire Potion"},{"floor":19,"key":"Fruit Juice"},{"floor":23,"key":"SteroidPotion"},{"floor":28,"key":"SmokeBomb"},{"floor":33,"key":"SpeedPotion"},{"floor":37,"key":"DistilledChaos"},{"floor":44,"key":"BlessingOfTheForge"}],"is_trial":false,"path_per_floor":["M","$","?","M","M","E","R","E","T","R","M","R","E","?","R","B",null,"M","M","$","?","?","M","?","R","T","M","E","T","R","E","R","B",null,"M","?","?","$","?","E","T","R","T","M","?","$","M","$","R","B"],"character_chosen":"DEFECT","items_purchased":["Coolheaded","Explosive Potion","Defragment+1","Apotheosis","Self Repair+1","Creative AI+1","FocusPotion"],"campfire_rested":6,"item_purchase_floors":[2,2,20,38,38,46,46],"current_hp_per_floor":[57,57,62,55,55,42,42,34,34,56,44,66,33,8,30,24,63,62,62,62,38,34,17,17,29,29,27,15,15,27,27,27,10,35,35,35,35,35,35,22,22,34,34,41,41,41,41,41,41,0,0],"gold":34,"neow_bonus":"BOSS_RELIC","is_daily":false,"chose_seed":false,"campfire_upgraded":2,"win_rate":0.0,"timestamp":1614199288,"path_taken":["M","$","?","M","M","E","R","E","T","R","M","R","E","?","R","BOSS","M","M","$","?","?","M","?","R","T","M","E","?","R","E","R","BOSS","M","?","?","$","?","E","?","R","T","M","?","$","?","?","R","BOSS"],"items_purchased_type":["Card","Potion","Card","Card","Card","Card","Potion"],"build_version":"2020-12-22","purchased_purges":1,"victory":false,"max_hp_per_floor":[71,71,76,76,76,76,76,76,76,76,76,76,76,76,76,76,76,76,76,76,38,43,43,43,43,43,43,43,43,43,43,43,43,43,43,41,41,41,41,41,41,41,41,41,41,41,41,41,41,41,41],"relic_stats":{"Shovel":0,"counters":[23,149],"Snecko Eye":[171,171,181,184],"Tiny Chest":2,"Turnip":[14],"Cursed Key":0,"obtain_stats":[{"Lantern":29,"Frozen Egg 2":8,"Ancient Tea Set":13,"Cursed Key":34,"White Beast Statue":40,"Runic Dome":0,"Shovel":37,"Snecko Eye":17,"Tiny Chest":14,"Turnip":6,"Red Mask":22,"Cracked Core":0,"Symbiotic Virus":9,"StrikeDummy":28},{"Lantern":15,"Frozen Egg 2":5,"Ancient Tea Set":7,"Cursed Key":17,"White Beast Statue":20,"Runic Dome":0,"Shovel":19,"Snecko Eye":9,"Tiny Chest":8,"Turnip":4,"Red Mask":12,"Cracked Core":0,"Symbiotic Virus":5,"StrikeDummy":15},{"Lantern":84,"Frozen Egg 2":27,"Ancient Tea Set":35,"Cursed Key":108,"White Beast Statue":132,"Runic Dome":0,"Shovel":117,"Snecko Eye":48,"Tiny Chest":40,"Turnip":20,"Red Mask":65,"Cracked Core":0,"Symbiotic Virus":27,"StrikeDummy":84}]},"card_choices":[{"not_picked":["Steam","Redo"],"picked":"Compile Driver","floor":1.0},{"not_picked":["Storm","Reinforced Body"],"picked":"Auto Shields","floor":4.0},{"not_picked":["Hologram","Turbo"],"picked":"Rebound","floor":5.0},{"not_picked":["Reinforced Body","Leap"],"picked":"Darkness","floor":6.0},{"not_picked":["Compile Driver","Stack"],"picked":"Leap","floor":8.0},{"not_picked":["Leap","Coolheaded"],"picked":"Glacier","floor":11.0},{"not_picked":["Beam Cell","Heatsinks+1"],"picked":"Darkness","floor":13},{"not_picked":["Conserve Battery","Hologram"],"picked":"Amplify","floor":14},{"not_picked":["Fission","Meteor Strike"],"picked":"Buffer+1","floor":16},{"not_picked":["Rebound","Ball Lightning+1"],"picked":"Loop+1","floor":18},{"not_picked":["Beam Cell","Melter","Sweeping Beam"],"picked":"SKIP","floor":19},{"not_picked":["Stack","Turbo"],"picked":"Sunder","floor":23},{"not_picked":["Melter","Beam Cell","Thunder Strike"],"picked":"SKIP","floor":27},{"not_picked":["Rebound","Stack","Beam Cell"],"picked":"SKIP","floor":28},{"not_picked":["Amplify","Core Surge"],"picked":"Fission","floor":33},{"not_picked":["Ball Lightning","Rebound","White Noise"],"picked":"SKIP","floor":35},{"not_picked":["Chill","Redo"],"picked":"Loop+1","floor":37},{"not_picked":["Tempest","Coolheaded"],"picked":"Capacitor+1","floor":40},{"not_picked":["Stack","Sweeping Beam+1","Coolheaded"],"picked":"SKIP","floor":44},{"not_picked":["Good Instincts","Bandage Up"],"picked":"Metamorphosis","floor":45},{"not_picked":["Self Repair+1","Melter+1","BootSequence"],"picked":"SKIP","floor":47}],"player_experience":1122819,"relics_obtained":[{"floor":6.0,"key":"Turnip"},{"floor":8.0,"key":"Frozen Egg 2"},{"floor":9.0,"key":"Symbiotic Virus"},{"floor":13,"key":"Ancient Tea Set"},{"floor":14,"key":"Tiny Chest"},{"floor":22,"key":"Red Mask"},{"floor":28,"key":"StrikeDummy"},{"floor":29,"key":"Lantern"},{"floor":37,"key":"Shovel"},{"floor":40,"key":"White Beast Statue"}],"event_choices":[{"damage_healed":0.0,"max_hp_gain":5.0,"max_hp_loss":0.0,"gold_gain":0.0,"event_name":"Big Fish","player_choice":"Donut","floor":3.0,"gold_loss":0.0,"damage_taken":0.0},{"damage_healed":0,"gold_gain":0,"player_choice":"Searched \u00271\u0027 times","damage_taken":0,"max_hp_gain":0,"max_hp_loss":0,"event_name":"Dead Adventurer","floor":14,"gold_loss":0},{"damage_healed":0,"gold_gain":0,"player_choice":"Became a Ghost","damage_taken":0,"max_hp_gain":0,"max_hp_loss":38,"event_name":"Ghosts","floor":21,"gold_loss":0,"cards_obtained":["Ghostly","Ghostly","Ghostly"]},{"damage_healed":0,"gold_gain":0,"player_choice":"Fought Bandits","damage_taken":0,"max_hp_gain":0,"max_hp_loss":0,"event_name":"Masked Bandits","floor":22,"gold_loss":0},{"cards_removed":["Strike_B"],"damage_healed":0,"gold_gain":0,"player_choice":"Gave Gold","damage_taken":0,"max_hp_gain":0,"max_hp_loss":0,"event_name":"Beggar","floor":24,"gold_loss":75},{"damage_healed":0,"gold_gain":0,"player_choice":"Max HP","damage_taken":0,"max_hp_gain":0,"max_hp_loss":2,"event_name":"Winding Halls","floor":36,"gold_loss":0},{"damage_healed":0,"gold_gain":0,"player_choice":"Fight","damage_taken":0,"max_hp_gain":0,"max_hp_loss":0,"event_name":"Mysterious Sphere","floor":37,"gold_loss":0},{"cards_removed":["Rebound"],"damage_healed":0,"gold_gain":0,"player_choice":"Removed Attack","damage_taken":0,"max_hp_gain":0,"max_hp_loss":0,"event_name":"Falling","floor":39,"gold_loss":0},{"damage_healed":0,"gold_gain":0,"player_choice":"Memory 1","damage_taken":0,"max_hp_gain":0,"max_hp_loss":0,"event_name":"SensoryStone","floor":45,"gold_loss":0}],"is_beta":false,"boss_relics":[{"not_picked":["Coffee Dripper","Pandora\u0027s Box"],"picked":"Snecko Eye"},{"not_picked":["Velvet Choker","Fusion Hammer"],"picked":"Cursed Key"}],"items_purged_floors":[20],"is_endless":false,"potions_floor_spawned":[5,6,8,11,16,19,23,28,33,37,44,47],"killed_by":"Awakened One","ascension_level":20}}