{"host":"bpr07pynnqpe5ded","time":1614183145,"event":{"mods":["2.2 Compatiblity","Aspiration","BaseMod","Better Note","Better Third Choice","BetterRewards","Downfall","Jorbs\u0027s Wanderer Trilogy","Minty Spire (QoL Compilation)","Replay The Spire","Shop Mod","StSLib","The Marked","??????REMEMod"],"gold_per_floor":[116,129,141,160,160,193,118,149,201,201,220,254,254,270,270,270,270],"floor_reached":16,"language":"ENG","playtime":871,"items_purged":["theMarked:Strike"],"score":122,"play_id":"ce86088d-0fec-4167-bb30-cd446dabf168","local_time":"20210224161225","is_ascension_mode":false,"campfire_choices":[{"floor":10,"key":"REST"},{"floor":15,"key":"REST"}],"circlet_count":0,"master_deck":["theMarked:Strike","theMarked:Strike","theMarked:Strike","theMarked:Strike","theMarked:Defend","theMarked:Defend","theMarked:Defend","theMarked:Defend","theMarked:SoldierOfQuellstein","theMarked:Aftermath","theMarked:Toughness","theMarked:Maelstrom","theMarked:WastefulAttack"],"relics":["theMarked:ArtifactOfAir","REME_ComplimentaryCards","Bag of Preparation","aspiration:ChemicalBlood","Strawberry","Lantern"],"acts_visited":["Exordium"],"potions_floor_usage":[6,6,16,16,16,16],"damage_taken":[{"damage":3,"enemies":"Jaw Worm","floor":1,"turns":4},{"damage":5,"enemies":"Cultist","floor":2,"turns":4},{"damage":2,"enemies":"Small Slimes","floor":3,"turns":3},{"damage":7,"enemies":"Blue Slaver","floor":4,"turns":6},{"damage":13,"enemies":"Lagavulin","floor":6,"turns":7},{"damage":26,"enemies":"3 Sentries","floor":8,"turns":8},{"damage":4,"enemies":"Gremlin Gang","floor":11,"turns":4},{"damage":15,"enemies":"Gremlin Nob","floor":12,"turns":4},{"damage":2,"enemies":"2 Fungi Beasts","floor":14,"turns":3},{"damage":38,"enemies":"The Guardian","floor":16,"turns":11}],"seed_played":"5419007319864161557","potions_obtained":[{"floor":2,"key":"hexamod:SoulburnPotion"},{"floor":3,"key":"Weak Potion"},{"floor":4,"key":"hexamod:SoulburnPotion"},{"floor":12,"key":"theMarked:SummonPotion"},{"floor":14,"key":"Strength Potion"}],"is_trial":false,"path_per_floor":["M","M","M","M","?","E","$","E","T","R","M","E","?","M","R","B"],"character_chosen":"THE_DEFAULT","items_purchased":[],"campfire_rested":2,"item_purchase_floors":[],"current_hp_per_floor":[62,57,55,48,48,35,35,9,16,37,33,18,18,16,37,0,0],"gold":270,"neow_bonus":"REMOVE_TWO","is_daily":false,"chose_seed":false,"campfire_upgraded":0,"win_rate":0.0,"timestamp":1614183145,"path_taken":["M","M","M","M","?","E","?","E","T","R","M","E","?","M","R","BOSS"],"items_purchased_type":[],"build_version":"2020-12-22","purchased_purges":1,"victory":false,"max_hp_per_floor":[65,65,65,65,65,65,65,65,72,72,72,72,72,72,72,72,72],"card_choices":[{"not_picked":["theMarked:TwofoldDefense","theMarked:HeightenedSenses","theMarked:SwordAndMagic"],"picked":"SKIP","floor":1},{"not_picked":["theMarked:Parkour","theMarked:TakeCover"],"picked":"theMarked:Aftermath","floor":2},{"not_picked":["theMarked:ParalyzingBlade","theMarked:WardOff"],"picked":"theMarked:Toughness","floor":3},{"not_picked":["theMarked:SwordAndMagic","theMarked:Convert","theMarked:Overthink"],"picked":"SKIP","floor":4},{"not_picked":["theMarked:Memento","theMarked:TheMission"],"picked":"theMarked:WastefulAttack","floor":6},{"not_picked":["theMarked:Determination","theMarked:RogueSparks","theMarked:Improvise"],"picked":"SKIP","floor":8},{"not_picked":["theMarked:TwofoldDefense","theMarked:Frustration","theMarked:ResourceFulStrike"],"picked":"SKIP","floor":11},{"not_picked":["theMarked:Reabsorb","theMarked:Memento","theMarked:Opportunist"],"picked":"SKIP","floor":12},{"not_picked":["theMarked:ResourceFulStrike","theMarked:ElectricStrings","theMarked:ParalyzingBlade"],"picked":"SKIP","floor":14}],"player_experience":1242911,"relics_obtained":[{"floor":6,"key":"Bag of Preparation"},{"floor":8,"key":"aspiration:ChemicalBlood"},{"floor":9,"key":"Strawberry"},{"floor":12,"key":"Lantern"}],"event_choices":[{"damage_healed":0,"gold_gain":0,"cards_transformed":["theMarked:Strike"],"player_choice":"Transformed","damage_taken":0,"max_hp_gain":0,"max_hp_loss":0,"event_name":"Transmorgrifier","floor":5,"gold_loss":0,"cards_obtained":["theMarked:Maelstrom"]},{"damage_healed":0,"gold_gain":0,"player_choice":"0 cards matched","damage_taken":0,"max_hp_gain":0,"max_hp_loss":0,"event_name":"Match and Keep!","floor":13,"gold_loss":0,"cards_obtained":[]}],"is_beta":false,"boss_relics":[],"items_purged_floors":[7],"is_endless":false,"potions_floor_spawned":[2,3,4,12,14],"killed_by":"The Guardian","ascension_level":0}}