{"host":"kh6fvhxn285ncg0o","time":1614129688,"event":{"mods":["Act Like it!","BaseMod","Colored Map","Friendly Minions","Keyboard Shortcuts","Minty Spire (QoL Compilation)","Quick Restart","Relic Stats","StSLib","SuperFastMode","UnlockEverythingMod"],"gold_per_floor":[116,41,58,75,91,124,124,151,178,197,197,223,223,235,235,307,307,326,251,269,269,269,269,280,309,389,389,402,402,327,355,355,429,429,446,346,364,364,364,364,364],"floor_reached":40,"language":"KOR","playtime":1021,"items_purged":["Strike_R","Wild Strike"],"score":968,"play_id":"5f7e91d2-eddb-41be-a5c6-e313fcfac73a","local_time":"20210224102128","is_ascension_mode":true,"campfire_choices":[{"floor":7.0,"key":"REST"},{"data":"Carnage","floor":13.0,"key":"SMITH"},{"data":"Uppercut","floor":15.0,"key":"SMITH"},{"data":"Immolate","floor":23.0,"key":"SMITH"},{"data":"Battle Trance","floor":27.0,"key":"SMITH"},{"data":"Demon Form","floor":32.0,"key":"SMITH"}],"circlet_count":0,"master_deck":["AscendersBane","Defend_R","Defend_R","Defend_R","Defend_R+1","Carnage+1","Shrug It Off","Flame Barrier+1","Burning Pact","Battle Trance+1","Reaper","Uppercut+1","Second Wind","Immolate+1","Demon Form+1","Dark Embrace+1","Writhe","Reaper+1","Feed+1","Burning Pact+1","Pommel Strike+1"],"relics":["Burning Blood","Pen Nib","Odd Mushroom","War Paint","Bottled Lightning","Toy Ornithopter","Sozu","Kunai","Molten Egg 2","StrikeDummy","Pear","Coffee Dripper"],"acts_visited":["Exordium","TheCity","TheBeyond"],"potions_floor_usage":[],"damage_taken":[{"damage":6.0,"enemies":"Small Slimes","floor":1.0,"turns":3.0},{"damage":4.0,"enemies":"Jaw Worm","floor":3.0,"turns":2.0},{"damage":0.0,"enemies":"Cultist","floor":4.0,"turns":2.0},{"damage":11.0,"enemies":"Looter","floor":5.0,"turns":4.0},{"damage":47.0,"enemies":"Lagavulin","floor":6.0,"turns":7.0},{"damage":6.0,"enemies":"The Mushroom Lair","floor":8.0,"turns":6.0},{"damage":2.0,"enemies":"3 Louse","floor":10.0,"turns":3.0},{"damage":14.0,"enemies":"Gremlin Nob","floor":12.0,"turns":4.0},{"damage":30.0,"enemies":"Gremlin Gang","floor":14.0,"turns":6.0},{"damage":24.0,"enemies":"The Guardian","floor":16.0,"turns":12.0},{"damage":10.0,"enemies":"Shell Parasite","floor":18.0,"turns":4.0},{"damage":0.0,"enemies":"Chosen","floor":20.0,"turns":2.0},{"damage":6.0,"enemies":"3 Cultists","floor":24.0,"turns":4.0},{"damage":27.0,"enemies":"Book of Stabbing","floor":25.0,"turns":6.0},{"damage":34.0,"enemies":"Shelled Parasite and Fungi","floor":28.0,"turns":5.0},{"damage":0.0,"enemies":"Slavers","floor":31.0,"turns":1.0},{"damage":12.0,"enemies":"Champ","floor":33.0,"turns":17.0},{"damage":9,"enemies":"3 Shapes","floor":35,"turns":5},{"damage":30,"enemies":"Orb Walker","floor":37,"turns":5},{"damage":0,"enemies":"Nemesis","floor":40,"turns":3}],"seed_played":"-1935032222413884140","potions_obtained":[{"floor":1.0,"key":"Fire Potion"},{"floor":3.0,"key":"SteroidPotion"},{"floor":10.0,"key":"ElixirPotion"},{"floor":16.0,"key":"BlessingOfTheForge"}],"is_trial":false,"path_per_floor":["M","?","M","M","M","E","R","?","T","M","T","E","R","M","R","B",null,"M","$","M","?","?","R","M","E","T","R","M","?","?","E","R","B",null,"M","$","M","$","?","E"],"character_chosen":"IRONCLAD","items_purchased":[],"campfire_rested":1,"item_purchase_floors":[],"current_hp_per_floor":[68,68,68,68,63,22,42,42,42,46,46,38,38,20,20,11,54,50,50,56,56,56,56,56,35,35,35,13,13,13,29,29,78,78,82,82,77,77,77,77,77],"gold":364,"neow_bonus":"TRANSFORM_TWO_CARDS","is_daily":false,"chose_seed":false,"campfire_upgraded":5,"win_rate":0.0,"timestamp":1614129688,"path_taken":["M","?","M","M","M","E","R","?","T","M","?","E","R","M","R","BOSS","M","$","M","?","?","R","M","E","T","R","?","?","?","E","R","BOSS","M","$","M","$","?","E"],"items_purchased_type":[],"build_version":"2020-12-22","purchased_purges":2,"victory":false,"max_hp_per_floor":[68,68,68,68,68,68,68,68,68,68,68,68,68,68,68,68,68,68,68,68,68,68,68,68,68,68,68,68,68,68,78,78,78,78,82,82,86,86,82,82,82],"relic_stats":{"Sozu":4,"counters":[20,101],"Pen Nib":[8],"Kunai":[0],"War Paint":["Defend_R","Flame Barrier"],"obtain_stats":[{"Sozu":17,"Pear":31,"Molten Egg 2":26,"Pen Nib":6,"Coffee Dripper":34,"Bottled Lightning":11,"Kunai":25,"Odd Mushroom":8,"War Paint":9,"StrikeDummy":29,"Burning Blood":0,"Toy Ornithopter":12},{"Sozu":10,"Pear":16,"Molten Egg 2":14,"Pen Nib":5,"Coffee Dripper":17,"Bottled Lightning":7,"Kunai":14,"Odd Mushroom":6,"War Paint":6,"StrikeDummy":15,"Burning Blood":0,"Toy Ornithopter":8},{"Sozu":49,"Pear":71,"Molten Egg 2":65,"Pen Nib":18,"Coffee Dripper":88,"Bottled Lightning":27,"Kunai":65,"Odd Mushroom":24,"War Paint":24,"StrikeDummy":70,"Burning Blood":0,"Toy Ornithopter":31}],"Burning Blood":94,"Toy Ornithopter":5},"card_choices":[{"not_picked":["Sever Soul","Whirlwind"],"picked":"Shrug It Off","floor":1.0},{"not_picked":["Twin Strike","True Grit"],"picked":"Flame Barrier","floor":3.0},{"not_picked":["Iron Wave","Dual Wield"],"picked":"Burning Pact","floor":6.0},{"not_picked":["Heavy Blade","Pummel"],"picked":"Battle Trance","floor":8.0},{"not_picked":["Shrug It Off","Thunderclap"],"picked":"Reaper","floor":10.0},{"not_picked":["Sever Soul","Rampage"],"picked":"Uppercut","floor":12.0},{"not_picked":["Hemokinesis","Anger"],"picked":"Second Wind","floor":14.0},{"not_picked":["Reaper","Demon Form"],"picked":"Immolate","floor":16.0},{"not_picked":["Shrug It Off","Clash+1","Armaments"],"picked":"SKIP","floor":18.0},{"not_picked":["Iron Wave+1","Clash","Havoc"],"picked":"SKIP","floor":20.0},{"not_picked":["Warcry","Havoc"],"picked":"Dark Embrace+1","floor":24.0},{"not_picked":["Rampage","Armaments","Cleave"],"picked":"SKIP","floor":25.0},{"not_picked":["Double Tap","Anger+1","True Grit"],"picked":"SKIP","floor":28.0},{"not_picked":["Thunderclap+1","Clothesline+1"],"picked":"Reaper+1","floor":31.0},{"not_picked":["Exhume","Double Tap"],"picked":"Feed+1","floor":33.0},{"not_picked":["Havoc","Fire Breathing"],"picked":"Burning Pact+1","floor":35},{"not_picked":["Infernal Blade+1","Flame Barrier"],"picked":"Pommel Strike+1","floor":37}],"player_experience":1501680,"relics_obtained":[{"floor":6.0,"key":"Pen Nib"},{"floor":8.0,"key":"Odd Mushroom"},{"floor":9.0,"key":"War Paint"},{"floor":11.0,"key":"Bottled Lightning"},{"floor":12.0,"key":"Toy Ornithopter"},{"floor":25.0,"key":"Kunai"},{"floor":26.0,"key":"Molten Egg 2"},{"floor":31.0,"key":"Pear"}],"event_choices":[{"cards_removed":["Strike_R"],"damage_healed":0.0,"max_hp_gain":0.0,"max_hp_loss":0.0,"gold_gain":0.0,"event_name":"The Cleric","player_choice":"Card Removal","floor":2.0,"gold_loss":75.0,"damage_taken":0.0},{"damage_healed":0.0,"max_hp_gain":0.0,"max_hp_loss":0.0,"gold_gain":0.0,"event_name":"Mushrooms","player_choice":"Fought Mushrooms","floor":8.0,"gold_loss":0.0,"damage_taken":0.0},{"damage_healed":0.0,"max_hp_gain":0.0,"max_hp_loss":0.0,"gold_gain":0.0,"cards_transformed":["Bash","Strike_R"],"event_name":"Drug Dealer","player_choice":"Became Test Subject","floor":21.0,"gold_loss":0.0,"damage_taken":0.0,"cards_obtained":["Demon Form","Rampage"]},{"damage_healed":0.0,"max_hp_gain":0.0,"max_hp_loss":0.0,"gold_gain":0.0,"event_name":"Ghosts","player_choice":"Ignored","floor":22.0,"gold_loss":0.0,"damage_taken":0.0},{"damage_healed":0.0,"max_hp_gain":0.0,"max_hp_loss":0.0,"gold_gain":0.0,"event_name":"The Mausoleum","player_choice":"Opened","floor":29.0,"gold_loss":0.0,"damage_taken":0.0,"relics_obtained":["StrikeDummy"],"cards_obtained":["Writhe"]},{"cards_removed":["Rampage"],"damage_healed":0.0,"max_hp_gain":0.0,"max_hp_loss":0.0,"gold_gain":0.0,"event_name":"Beggar","player_choice":"Gave Gold","floor":30.0,"gold_loss":75.0,"damage_taken":0.0},{"damage_healed":0,"gold_gain":0,"player_choice":"Max HP","damage_taken":0,"max_hp_gain":0,"max_hp_loss":4,"event_name":"Winding Halls","floor":39,"gold_loss":0}],"is_beta":false,"boss_relics":[{"not_picked":["Fusion Hammer","Black Star"],"picked":"Sozu"},{"not_picked":["Philosopher\u0027s Stone","Tiny House"],"picked":"Coffee Dripper"}],"items_purged_floors":[19,36],"is_endless":false,"potions_floor_spawned":[1,3,10,16,18,28,31,35],"killed_by":"Nemesis","ascension_level":20}}