{"host":"hfxahm4y1ssattqc","time":1614138536,"event":{"mods":["2.2 Compatiblity","Act Like it!","Aspiration","BaseMod","Beaked The Cultist","Better Third Choice","BetterRewards","Colored Map","Colored Powertips","Custom Start","Downfall","Googly Eyes","Halation","Hallownest","Hermit","Highlight Path","Hubris","Infinite Spire","Mimic Mod","Minty Spire (QoL Compilation)","Reorder Act Four","Replay The Spire","Shop Mod","Spikes Relics","StSLib","The Bug Knight","The IronCluck","The Jungle","Unknown Chances","slay the spire mod where everything is the same but ironclad has a cowboy hat"],"gold_per_floor":[112,40,52,66,81,108,128,128,154,174,174,174,174,194,194,299,299,317,317,333,333,344,344,371,371,411,411,411,411,411,426,426,522,522,541,595,645,660,660,660,660,660,698,718,718,749,491,506,506,506,506,207,207,233,233],"floor_reached":56,"language":"ENG","playtime":6451,"items_purged":[],"score":1545,"play_id":"c7837c9a-290c-4426-92e3-520818648c04","local_time":"20210223194856","is_ascension_mode":false,"campfire_choices":[{"data":"DiskWipe","floor":8.0,"key":"SMITH"},{"data":"ReplayUltimateDefense","floor":13.0,"key":"SMITH"},{"data":"Zap","floor":15.0,"key":"SMITH"},{"data":"Consume","floor":23,"key":"SMITH"},{"data":"Defragment","floor":28,"key":"SMITH"},{"floor":30,"key":"RECALL"},{"data":"ReplayTheSpireMod:Book of Names","floor":40,"key":"SMITH"},{"data":"infinitespire:UltimateForm","floor":42,"key":"SMITH"},{"data":"Buffer","floor":49,"key":"SMITH"},{"data":"Loop","floor":53,"key":"SMITH"}],"circlet_count":0,"master_deck":["Strike_B+1","Strike_B+1","Strike_B+1","Defend_B+1","Defend_B+1","Defend_B+1","Zap+1","Capacitor+1","Conserve Battery","Self Repair","ReplayUltimateDefense+1","Hologram","Storm","Loop+1","Cold Snap","Electrodynamics+1","DiskWipe+1","Conserve Battery","hubris:DuctTapeCard","Buffer+1","ReplayTheSpireMod:Book of Names+1","Consume+1","Heatsinks+1","infinitespire:UltimateForm+1","Defragment+1","Machine Learning","FIFO Queue","Shame","Turbo+1"],"relics":["Replay:Rubber Ducky","SnailShell","Bronze Scales","hubris:DuctTape","Iron Core","infinitespire:Cupcake","Replay:Kaleidoscope","Blue Candle","hubris:TenFootPole","Bird Faced Urn","hubris:ScarierMask","Calipers","hubris:MedicalManual","Cursed Key","Bag of Preparation","Ginger","hubris:PeanutButter","HollowMod:JonisBlessing","MerchantsRug","halation:WeightlessCrab"],"acts_visited":["Exordium","TheCity","TheBeyond","TheEnding"],"potions_floor_usage":[55,55,55],"damage_taken":[{"damage":0.0,"enemies":"Jaw Worm","floor":1.0,"turns":3.0},{"damage":0.0,"enemies":"2 Louse","floor":3.0,"turns":3.0},{"damage":0.0,"enemies":"infinitespire:Voidling","floor":4.0,"turns":4.0},{"damage":0.0,"enemies":"Large Slime","floor":5.0,"turns":5.0},{"damage":0.0,"enemies":"HollowMod:MossKnight","floor":6.0,"turns":11.0},{"damage":0.0,"enemies":"Looter","floor":7.0,"turns":4.0},{"damage":0.0,"enemies":"3 Louse","floor":10.0,"turns":3.0},{"damage":5.0,"enemies":"Large Slime","floor":14.0,"turns":5.0},{"damage":4,"enemies":"Hexaghost","floor":16,"turns":9},{"damage":0,"enemies":"Spheric Guardian","floor":18,"turns":5},{"damage":0,"enemies":"3 Byrds","floor":20,"turns":3},{"damage":0,"enemies":"Snecko","floor":22,"turns":4},{"damage":6,"enemies":"Book of Stabbing","floor":24,"turns":5},{"damage":0,"enemies":"Cultist and Chosen","floor":26,"turns":6},{"damage":0,"enemies":"Cultist and Chosen","floor":31,"turns":5},{"damage":0,"enemies":"Champ","floor":33,"turns":9},{"damage":0,"enemies":"3 Darklings","floor":35,"turns":5},{"damage":0,"enemies":"2 Orb Walkers","floor":36,"turns":4},{"damage":0,"enemies":"Mind Bloom Boss Battle","floor":37,"turns":8},{"damage":0,"enemies":"3 Shapes","floor":38,"turns":4},{"damage":0,"enemies":"Writhing Mass","floor":43,"turns":5},{"damage":1,"enemies":"Writhing Mass","floor":44,"turns":3},{"damage":0,"enemies":"Nemesis","floor":46,"turns":5},{"damage":0,"enemies":"Maw","floor":48,"turns":5},{"damage":2,"enemies":"infinitespire:MassOfShapes","floor":50,"turns":6},{"damage":0,"enemies":"Shield and Spear","floor":54,"turns":4},{"damage":0,"enemies":"The Heart","floor":55,"turns":5}],"seed_played":"-4369097101426039818","potions_obtained":[{"floor":1.0,"key":"DistilledChaos"},{"floor":3.0,"key":"FocusPotion"},{"floor":4.0,"key":"LiquidBronze"}],"is_trial":false,"path_per_floor":["M","$","M","M","M","E","M","R","T","M","?","?","R","M","R","B",null,"M","AVR","M","?","M","R","E","?","MIM","?","R","?","R","M","R_BF","B",null,"M","?","?","M","AVR","R","?","R","MIM","M","$","E","$","M","R","B",null,"$","R","E","B",null],"character_chosen":"DEFECT","items_purchased":["Capacitor+1","Replay:Rubber Ducky","Conserve Battery","Self Repair","SnailShell","Bronze Scales","ReplayUltimateDefense","Hologram","Loop","hubris:PeanutButter","HollowMod:JonisBlessing","MerchantsRug"],"campfire_rested":0,"item_purchase_floors":[0,0,0,0,0,0,0,0,2,47,52,52],"current_hp_per_floor":[75,75,75,75,75,75,75,75,75,75,75,75,75,75,75,75,75,75,75,75,70,75,75,75,66,73,73,73,69,69,80,80,80,80,80,80,80,80,80,80,80,80,80,80,80,80,80,80,80,80,80,80,80,80,80],"gold":233,"neow_bonus":"","is_daily":false,"chose_seed":false,"campfire_upgraded":9,"win_rate":0.0,"timestamp":1614138536,"path_taken":["M","$","M","M","M","E","M","R","T","M","?","?","R","?","R","BOSS","M","AVR","M","?","M","R","E","?","MIM","?","R","?","R","M","R_BF","BOSS","M","?","?","M","AVR","R","?","R","MIM","M","$","E","$","M","R","BOSS","$","R","E","BOSS"],"items_purchased_type":["Card","Relic","Card","Card","Relic","Relic","Card","Card","Card","Relic","Relic","Relic"],"build_version":"2020-12-22","purchased_purges":0,"victory":true,"max_hp_per_floor":[75,75,75,75,75,75,75,75,75,75,75,75,75,75,75,75,75,75,75,75,75,75,75,75,75,75,75,75,80,80,80,80,80,80,80,80,80,80,80,80,80,80,80,80,80,80,80,80,80,80,80,80,80,80,80],"card_choices":[{"not_picked":["Go for the Eyes","Rebound"],"picked":"Storm","floor":1.0},{"not_picked":["ReplayTheSpireMod:System Scan","Tempest"],"picked":"Cold Snap","floor":3.0},{"not_picked":["Ball Lightning","hubris:Ukulele","Turbo"],"picked":"SKIP","floor":4.0},{"not_picked":["ReplayTheSpireMod:GoodbyeWorld","Leap","Streamline"],"picked":"SKIP","floor":5.0},{"not_picked":["Leap","Hologram"],"picked":"Electrodynamics","floor":6.0},{"not_picked":["BasicCrystalCard","Redo"],"picked":"DiskWipe","floor":7.0},{"not_picked":["Leap","Rebound","Hologram"],"picked":"SKIP","floor":10.0},{"not_picked":["Static Discharge","White Noise"],"picked":"Conserve Battery","floor":14.0},{"not_picked":["hubris:Prefetch","ReplayRNGCard"],"picked":"Buffer","floor":16},{"not_picked":["Sweeping Beam","Self Repair","BasicCrystalCard"],"picked":"SKIP","floor":18},{"not_picked":["DiskWipe","Redo","ReplayTheSpireMod:Repulse"],"picked":"SKIP","floor":20},{"not_picked":["Loop","Genetic Algorithm"],"picked":"Consume","floor":22},{"not_picked":["Double Energy","Undo"],"picked":"Heatsinks+1","floor":24},{"not_picked":["ReplayTheSpireMod:??????????????????????","infinitespire:SevenWalls"],"picked":"infinitespire:UltimateForm","floor":25},{"not_picked":["BasicCrystalCard+1","FTL"],"picked":"Defragment","floor":26},{"not_picked":["Sweeping Beam","Hologram","Turbo"],"picked":"SKIP","floor":31},{"not_picked":["Sweeping Beam","Hologram","Turbo"],"picked":"SKIP","floor":31},{"not_picked":["All For One","Meteor Strike"],"picked":"Machine Learning","floor":33},{"not_picked":["Steam Power","Go for the Eyes","Redo+1"],"picked":"SKIP","floor":35},{"not_picked":["Panic Button+1","Redo"],"picked":"FIFO Queue","floor":37},{"not_picked":["Core Surge","Blizzard","Sweeping Beam+1"],"picked":"SKIP","floor":38},{"not_picked":["Coolheaded+1","Rebound"],"picked":"Turbo+1","floor":43},{"not_picked":["Darkness+1","Stack","Glacier"],"picked":"SKIP","floor":44},{"not_picked":["Fusion","Cold Snap+1","Electrodynamics"],"picked":"SKIP","floor":46},{"not_picked":["Compile Driver","Gash+1","Rebound"],"picked":"SKIP","floor":48},{"not_picked":["Coolheaded","Beam Cell","Streamline+1"],"picked":"SKIP","floor":54}],"player_experience":985027,"relics_obtained":[{"floor":6.0,"key":"hubris:DuctTape"},{"floor":24,"key":"hubris:TenFootPole"},{"floor":26,"key":"Bird Faced Urn"},{"floor":36,"key":"Calipers"},{"floor":37,"key":"hubris:MedicalManual"},{"floor":43,"key":"Bag of Preparation"},{"floor":46,"key":"Ginger"},{"floor":54,"key":"halation:WeightlessCrab"}],"event_choices":[{"cards_removed":["Bash"],"damage_healed":0.0,"max_hp_gain":0.0,"max_hp_loss":0.0,"gold_gain":0.0,"event_name":"Bonfire Elementals","player_choice":"Offered Basic","floor":12.0,"gold_loss":0.0,"damage_taken":0.0},{"damage_healed":0,"gold_gain":0,"player_choice":"Simplicity","damage_taken":0,"max_hp_gain":0,"max_hp_loss":6,"event_name":"betterThird:BetterWriting","floor":27,"gold_loss":0},{"damage_healed":0,"gold_gain":0,"player_choice":"Shed Blood","damage_taken":19,"max_hp_gain":5,"max_hp_loss":0,"event_name":"Forgotten Altar","floor":29,"gold_loss":0},{"damage_healed":0,"gold_gain":0,"player_choice":"Fight","damage_taken":0,"max_hp_gain":0,"max_hp_loss":0,"event_name":"Mysterious Sphere","floor":36,"gold_loss":0},{"damage_healed":0,"gold_gain":0,"player_choice":"Fight","damage_taken":0,"max_hp_gain":0,"max_hp_loss":0,"event_name":"MindBloom","floor":37,"gold_loss":0}],"is_beta":false,"boss_relics":[{"not_picked":["halation:MonkeysPaw","halation:Yufonium"],"picked":"infinitespire:Cupcake"},{"not_picked":["hubris:Stopwatch","Sozu"],"picked":"hubris:ScarierMask"}],"items_purged_floors":[],"is_endless":false,"potions_floor_spawned":[1,3,4,22,31,33,35,38,44,48,54],"ascension_level":0}}