{"host":"er8s5flrc5z1a07t","time":1614186677,"event":{"mods":["2.2 Compatiblity","Act Like it!","Aspiration","Bard","BaseMod","Better Note","Better Third Choice","Downfall","Duelist Mod","Elementarium","Energized Spire","GifTheSpireLib","Googly Eyes","Hubris","Infinite Spire","Minty Spire (QoL Compilation)","Relic Stats","Replay The Spire","Shop Mod","StSLib","Stuff the Spire","Synergy Search","The Cursed"],"gold_per_floor":[118,118,129,162,180,180,214,214,214,228,241,221,221,221],"floor_reached":13,"language":"ENG","playtime":211,"items_purged":[],"score":166,"play_id":"97aca20c-df8e-4e1c-9ab7-da07b3ce30e6","local_time":"20210224121117","is_ascension_mode":true,"campfire_choices":[{"floor":6,"key":"REST"},{"data":"ReplayTheSpireMod:Reroute Power","floor":8,"key":"SMITH"}],"circlet_count":0,"master_deck":["AscendersBane","Strike_B","Strike_B","Strike_B","Strike_B","Defend_B+1","Defend_B","Defend_B","Defend_B","Zap","Dualcast+1","ReplayTheSpireMod:Reroute Power+1","Gash","Hologram","Conserve Battery","Ball Lightning","Skim","Stack","Streamline"],"relics":["Cracked Core","NeowsBlessing","Quantum Egg","Blue Doll","infinitespire:FocusingShard"],"acts_visited":["Exordium"],"potions_floor_usage":[7],"damage_taken":[{"damage":0,"enemies":"Cultist","floor":1,"turns":1},{"damage":0,"enemies":"Small Slimes","floor":3,"turns":1},{"damage":0,"enemies":"2 Louse","floor":5,"turns":1},{"damage":12,"enemies":"Gremlin Nob","floor":7,"turns":3},{"damage":9,"enemies":"Exordium Thugs","floor":10,"turns":4},{"damage":5,"enemies":"2 Fungi Beasts","floor":11,"turns":3},{"damage":0,"enemies":"3 Sentries","floor":13,"turns":1}],"seed_played":"1683358845282575987","potions_obtained":[{"floor":3,"key":"SteroidPotion"},{"floor":5,"key":"SmokeBomb"},{"floor":12,"key":"Ancient Potion"}],"is_trial":false,"path_per_floor":["M","?","M","?","M","R","E","R","T","M","M","?","E"],"character_chosen":"DEFECT","items_purchased":[],"campfire_rested":1,"item_purchase_floors":[],"current_hp_per_floor":[64,43,43,20,20,41,29,29,29,20,15,15,15,15],"gold":221,"neow_bonus":"THREE_ENEMY_KILL","is_daily":false,"chose_seed":false,"campfire_upgraded":1,"win_rate":0.0,"timestamp":1614186677,"path_taken":["M","?","M","?","?","R","E","R","T","M","M","?","E"],"items_purchased_type":[],"build_version":"2020-12-22","purchased_purges":0,"victory":false,"max_hp_per_floor":[71,71,71,71,71,71,71,71,71,71,71,71,71,71],"relic_stats":{"counters":[7,14],"obtain_stats":[{"NeowsBlessing":0,"Quantum Egg":4,"Blue Doll":7,"infinitespire:FocusingShard":9,"Cracked Core":0},{"NeowsBlessing":0,"Quantum Egg":2,"Blue Doll":4,"infinitespire:FocusingShard":4,"Cracked Core":0},{"NeowsBlessing":0,"Quantum Egg":2,"Blue Doll":6,"infinitespire:FocusingShard":6,"Cracked Core":0}]},"card_choices":[{"not_picked":["Blizzard","ReplayTheSpireMod:System Scan"],"picked":"ReplayTheSpireMod:Reroute Power","floor":1},{"not_picked":["Heatsinks","Rebound"],"picked":"Gash","floor":3},{"not_picked":["Go for the Eyes","BasicCrystalCard"],"picked":"Hologram","floor":4},{"not_picked":["Sweeping Beam","ReplaySolidLightProjector"],"picked":"Conserve Battery","floor":4},{"not_picked":["Panic Button","Compile Driver"],"picked":"Ball Lightning","floor":5},{"not_picked":["Reinforced Body","Leap"],"picked":"Skim","floor":7},{"not_picked":["StuffTheSpire:Plugnplay","Time Bomb"],"picked":"Stack","floor":10},{"not_picked":["ReplaySolidLightProjector","Force Field"],"picked":"Streamline","floor":11}],"player_experience":1162564,"relics_obtained":[{"floor":4,"key":"Quantum Egg"},{"floor":7,"key":"Blue Doll"},{"floor":9,"key":"infinitespire:FocusingShard"}],"event_choices":[{"damage_healed":64,"gold_gain":0,"player_choice":"Upgrade","damage_taken":21,"max_hp_gain":0,"max_hp_loss":71,"event_name":"betterThird:BetterShining","floor":2,"gold_loss":0,"cards_upgraded":["Defend_B","Dualcast"]},{"damage_healed":0,"gold_gain":0,"player_choice":"Bought 1 Potion","damage_taken":0,"max_hp_gain":0,"max_hp_loss":0,"event_name":"The Woman in Blue","floor":12,"gold_loss":0}],"is_beta":false,"boss_relics":[],"items_purged_floors":[],"is_endless":false,"potions_floor_spawned":[3,5],"killed_by":"3 Sentries","ascension_level":19}}