{"host":"lvs2wt6hnb8ekxok","time":1614157173,"event":{"mods":["Act Like it!","Ascension Reborn","Bartender","BaseMod","BetterRewards","Card Forge","Challenge The Spire","Custom Start","Downfall","Elementarium","Friendly Minions","Gensokyo","GifTheSpireLib","Halation","Hallownest","Hero for Fun","Hubris","Infinite Spire","Kiyohime????","Lobotomy","Menagerie","Minty Spire (QoL Compilation)","Relic Filter","Replay The Spire","Reworked Bosses","Ruina","SOS???????","StSLib","Stuff the Spire","Td1madao Mod","The Animator","The Bladedancer","The Bug Knight","The Death Knight","The Exalted","The Forsaken","The Servant 0.9.4","Wandering Minibosses","???Mod??????Boss","???mod?????"],"gold_per_floor":[11,11,36,65,90,90,90,90,121,148,177,177,177,177,177,177],"floor_reached":15,"language":"ENG","playtime":820,"items_purged":[],"score":185,"play_id":"cdbd563c-1bd1-478e-85f1-e3bc490fde26","local_time":"20210224005933","daily_mods":["challengethespire:Platinum Difficulty","challengethespire:Modded Elite Rush","Uncertain Future"],"is_ascension_mode":true,"campfire_choices":[{"data":"DeathKnight:Strike_DeathKnight","floor":2,"key":"SMITH"},{"floor":7,"key":"REST"},{"floor":8,"key":"REST"},{"floor":13,"key":"REST"},{"floor":14,"key":"REST"}],"circlet_count":0,"master_deck":["DeathKnight:Strike_DeathKnight+1","DeathKnight:Strike_DeathKnight+1","DeathKnight:Strike_DeathKnight+1","DeathKnight:Strike_DeathKnight+1","DeathKnight:Strike_DeathKnight+1","DeathKnight:Defend_DeathKnight+1","DeathKnight:Defend_DeathKnight+1","DeathKnight:Defend_DeathKnight+1","DeathKnight:Defend_DeathKnight+1","DeathKnight:Defend_DeathKnight+1","DeathKnight:RuneTap+1","DeathKnight:RuneStrike+1","DeathKnight:FesteringStrike+1","DeathKnight:BloodTap+1","DeathKnight:Runeguard","DeathKnight:GargoyleSkin+1","DeathKnight:HowlingBlast","DeathKnight:HornOfWinter+1","DeathKnight:DeathAndDecay","DeathKnight:VampiricBlood"],"relics":["DeathKnight:BrokenRuneblade","Hammer of Thor","Seething Fire","Anvil of the Gods","Black Star","Sling","PreservedInsect","StuffTheSpire:CocoNut","theForsaken:ScaryMask","halation:Sosunser","Replay:Accelerometer","StuffTheSpire:Wildfire","Toxic Egg 2","halation:AfternoonTea","Chameleon Ring","halation:WeightlessCrab","Replay:Bronze Core","Quantum Egg","StuffTheSpire:Gunfinga","halation:BottledLove","halation:VictoryRuler","StuffTheSpire:EmeraldSignet","Pen Nib","Runic Pyramid"],"acts_visited":["Exordium"],"potions_floor_usage":[10],"damage_taken":[{"damage":13,"enemies":"HollowMod:MossKnight","floor":3,"turns":6},{"damage":17,"enemies":"Gremlin Nob","floor":4,"turns":3},{"damage":1,"enemies":"Replay:BlueRogue","floor":5,"turns":4},{"damage":36,"enemies":"Slavers","floor":9,"turns":6},{"damage":0,"enemies":"Replay:Snechameleon","floor":10,"turns":3},{"damage":8,"enemies":"HollowMod:Nosk","floor":11,"turns":6},{"damage":105,"enemies":"Reptomancer","floor":15,"turns":4}],"seed_played":"-2087709515877403591","potions_obtained":[{"floor":3,"key":"DeathKnight:RunicPotion"},{"floor":4,"key":"DeathKnight:RimePotion"}],"is_trial":true,"path_per_floor":["$","R","E","E","E","T","R","R","E","E","E","T","R","R","E"],"character_chosen":"DEATH_KNIGHT","items_purchased":["StuffTheSpire:CocoNut","theForsaken:ScaryMask","halation:Sosunser","DeathKnight:FesteringStrike","DeathKnight:BloodTap"],"campfire_rested":4,"item_purchase_floors":[1,1,1,1,1],"current_hp_per_floor":[82,82,69,52,51,51,75,82,53,53,45,45,69,82,0,0],"gold":177,"neow_bonus":"","is_daily":false,"chose_seed":false,"campfire_upgraded":1,"win_rate":0.0,"timestamp":1614157173,"path_taken":["$","R","E","E","E","T","R","R","E","E","E","T","R","R","E"],"items_purchased_type":["Relic","Relic","Relic","Card","Card"],"build_version":"2020-12-22","purchased_purges":0,"victory":false,"max_hp_per_floor":[82,82,82,82,82,82,82,82,82,82,82,82,82,82,82,82],"card_choices":[],"player_experience":107924,"relics_obtained":[{"floor":3,"key":"Replay:Accelerometer"},{"floor":3,"key":"StuffTheSpire:Wildfire"},{"floor":4,"key":"Toxic Egg 2"},{"floor":4,"key":"halation:AfternoonTea"},{"floor":5,"key":"Chameleon Ring"},{"floor":5,"key":"halation:WeightlessCrab"},{"floor":9,"key":"Quantum Egg"},{"floor":9,"key":"StuffTheSpire:Gunfinga"},{"floor":10,"key":"halation:BottledLove"},{"floor":10,"key":"halation:VictoryRuler"},{"floor":11,"key":"StuffTheSpire:EmeraldSignet"},{"floor":11,"key":"Pen Nib"}],"event_choices":[],"is_beta":false,"boss_relics":[{"not_picked":["Tiny House","halation:SmartPhone"],"picked":"Replay:Bronze Core"},{"not_picked":["Replay:Ancient Bell","StuffTheSpire:RunicHypercube"],"picked":"Runic Pyramid"}],"items_purged_floors":[],"is_endless":false,"potions_floor_spawned":[3,4,5],"killed_by":"Reptomancer","ascension_level":0}}