{"host":"qc8p2flj7wsy3zpg","time":1614205859,"event":{"mods":["BaseMod","Highlight Path","Minty Spire (QoL Compilation)","Monster List Patch","Relic Stats","StSLib"],"gold_per_floor":[117,129,147,147,72,105,125,154,204,5,5,16,49,67,67,143,143,153,170,2,2,13,39,57,82,82,99,99,110,122,148,148,225,225,243,77,94,119,138,168,168,202,202,215,215,225,258,258,258,258,258,258,258,14,46,46,46],"floor_reached":56,"language":"ENG","playtime":5144,"items_purged":["Perfected Strike"],"score":2192,"play_id":"a872bcb1-665f-4dfd-a26e-4f7bb590d4ed","local_time":"20210224163059","is_ascension_mode":true,"campfire_choices":[{"data":"Disarm","floor":15.0,"key":"SMITH"},{"data":"Offering","floor":28.0,"key":"SMITH"},{"data":"True Grit","floor":32.0,"key":"SMITH"},{"floor":41.0,"key":"REST"},{"data":"Dual Wield","floor":45.0,"key":"SMITH"},{"floor":49,"key":"RECALL"},{"data":"Bloodletting","floor":53,"key":"SMITH"}],"circlet_count":0,"master_deck":["AscendersBane","Bash","Thunderclap+1","Fiend Fire+1","Sever Soul+1","Cleave","Pommel Strike","Ghostly Armor","Exhume","Disarm+1","Pummel","Spot Weakness","Power Through","True Grit+1","Heavy Blade","Offering+1","Bloodletting+1","Shrug It Off","Ghostly Armor","Feel No Pain+1","Armaments","Dual Wield+1","Reaper","Reaper","Dark Embrace+1","Rupture+1","Sword Boomerang","Burning Pact","Brutality+1","Dual Wield+1","Dual Wield"],"relics":["Astrolabe","Akabeko","Bottled Lightning","Lantern","Brimstone","Strawberry","Frozen Egg 2","Pandora\u0027s Box","Orrery","Art of War","White Beast Statue","Bird Faced Urn","The Courier","Mark of Pain","Membership Card","Dead Branch","Anchor","Pantograph","Mercury Hourglass","OrangePellets","Vajra","Sundial","Centennial Puzzle"],"acts_visited":["Exordium","TheCity","TheBeyond","TheEnding"],"potions_floor_usage":[55,56,56],"damage_taken":[{"damage":0.0,"enemies":"Small Slimes","floor":1.0,"turns":2.0},{"damage":0.0,"enemies":"Cultist","floor":2.0,"turns":1.0},{"damage":7.0,"enemies":"Jaw Worm","floor":3.0,"turns":2.0},{"damage":5.0,"enemies":"3 Sentries","floor":6.0,"turns":6.0},{"damage":0.0,"enemies":"Lots of Slimes","floor":7.0,"turns":1.0},{"damage":0.0,"enemies":"Gremlin Nob","floor":8.0,"turns":2.0},{"damage":0.0,"enemies":"Large Slime","floor":12.0,"turns":1.0},{"damage":0.0,"enemies":"Lagavulin","floor":13.0,"turns":2.0},{"damage":3.0,"enemies":"Looter","floor":14.0,"turns":2.0},{"damage":42.0,"enemies":"The Guardian","floor":16.0,"turns":8.0},{"damage":6.0,"enemies":"Spheric Guardian","floor":18.0,"turns":1.0},{"damage":6.0,"enemies":"Chosen","floor":19.0,"turns":3.0},{"damage":17.0,"enemies":"Snecko","floor":22.0,"turns":3.0},{"damage":64.0,"enemies":"Gremlin Leader","floor":23.0,"turns":8.0},{"damage":17.0,"enemies":"Centurion and Healer","floor":24.0,"turns":5.0},{"damage":41.0,"enemies":"Book of Stabbing","floor":25.0,"turns":5.0},{"damage":6.0,"enemies":"3 Cultists","floor":27.0,"turns":2.0},{"damage":11.0,"enemies":"Snake Plant","floor":29.0,"turns":4.0},{"damage":9.0,"enemies":"Cultist and Chosen","floor":30.0,"turns":3.0},{"damage":39.0,"enemies":"Slavers","floor":31.0,"turns":3.0},{"damage":60.0,"enemies":"Collector","floor":33.0,"turns":6.0},{"damage":13.0,"enemies":"3 Darklings","floor":35.0,"turns":4.0},{"damage":26.0,"enemies":"3 Shapes","floor":37.0,"turns":5.0},{"damage":10.0,"enemies":"Mind Bloom Boss Battle","floor":38.0,"turns":5.0},{"damage":78.0,"enemies":"Spire Growth","floor":39.0,"turns":5.0},{"damage":35.0,"enemies":"Nemesis","floor":40.0,"turns":5.0},{"damage":58.0,"enemies":"Reptomancer","floor":42.0,"turns":5.0},{"damage":15.0,"enemies":"Maw","floor":44.0,"turns":3.0},{"damage":47.0,"enemies":"3 Darklings","floor":46.0,"turns":4.0},{"damage":18,"enemies":"Giant Head","floor":47,"turns":4},{"damage":92,"enemies":"Donu and Deca","floor":50,"turns":5},{"damage":40,"enemies":"Time Eater","floor":51,"turns":5},{"damage":30,"enemies":"Shield and Spear","floor":55,"turns":3},{"damage":210,"enemies":"The Heart","floor":56,"turns":8}],"seed_played":"8609382900044672905","potions_obtained":[{"floor":2.0,"key":"Weak Potion"},{"floor":7.0,"key":"ElixirPotion"},{"floor":13.0,"key":"Strength Potion"},{"floor":16.0,"key":"Fruit Juice"},{"floor":23.0,"key":"DuplicationPotion"},{"floor":27.0,"key":"Energy Potion"},{"floor":31.0,"key":"BlessingOfTheForge"},{"floor":37.0,"key":"Weak Potion"},{"floor":42.0,"key":"Dexterity Potion"},{"floor":44.0,"key":"AttackPotion"},{"floor":55,"key":"Dexterity Potion"}],"is_trial":false,"path_per_floor":["M","M","M","?","?","E","M","E","T","$","?","M","E","M","R","B",null,"M","M","$","?","M","E","M","E","T","M","R","M","M","E","R","B",null,"M","$","M","?","M","E","R","E","T","M","R","M","E","?","R","B","B",null,"R","$","E","B"],"character_chosen":"IRONCLAD","items_purchased":["Brimstone","Spot Weakness","Orrery","Membership Card","OrangePellets","Vajra","Dual Wield","Sundial"],"campfire_rested":1,"item_purchase_floors":[10,10,20,36,54,54,54,54],"current_hp_per_floor":[68,68,61,66,66,61,61,61,61,61,68,68,68,65,65,23,71,65,59,59,59,56,77,80,61,61,86,86,79,86,92,92,56,83,91,91,89,87,51,56,83,92,92,92,92,92,82,82,82,81,81,89,89,89,76,0,0],"gold":46,"neow_bonus":"BOSS_RELIC","is_daily":false,"chose_seed":false,"campfire_upgraded":5,"win_rate":0.0,"timestamp":1614205859,"path_taken":["M","M","M","?","?","E","M","E","T","$","?","?","E","M","R","BOSS","M","M","?","?","M","E","M","E","T","M","R","M","M","E","R","BOSS","M","?","M","?","M","E","R","E","T","M","R","M","E","?","R","BOSS","BOSS","R","$","E","BOSS"],"items_purchased_type":["Relic","Card","Relic","Relic","Relic","Relic","Card","Relic"],"build_version":"2020-12-22","purchased_purges":1,"victory":false,"max_hp_per_floor":[75,75,75,80,80,80,80,80,80,80,87,87,87,87,87,87,87,87,87,87,87,87,92,92,92,92,92,92,92,92,92,92,92,92,92,92,92,92,92,92,92,92,92,92,92,92,92,92,92,92,92,92,92,92,92,92,92],"relic_stats":{"OrangePellets":[0],"Centennial Puzzle":[3],"counters":[34,131],"Sundial":[0],"Astrolabe":["Thunderclap","Fiend Fire","Sever Soul"],"Bird Faced Urn":[100],"Dead Branch":[173],"Pantograph":37,"Pandora\u0027s Box":["Perfected Strike","Bloodletting","Shrug It Off","Ghostly Armor","Feel No Pain"],"Art of War":[13],"obtain_stats":[{"Lantern":9,"Astrolabe":0,"Dead Branch":38,"Vajra":54,"The Courier":31,"Frozen Egg 2":13,"Burning Blood":0,"Akabeko":6,"White Beast Statue":25,"Mercury Hourglass":47,"OrangePellets":54,"Anchor":40,"Centennial Puzzle":55,"Brimstone":10,"Sundial":54,"Strawberry":11,"Bird Faced Urn":26,"Pantograph":42,"Orrery":20,"Pandora\u0027s Box":17,"Mark of Pain":34,"Art of War":23,"Bottled Lightning":8,"Membership Card":36},{"Lantern":6,"Astrolabe":0,"Dead Branch":24,"Vajra":32,"The Courier":20,"Frozen Egg 2":8,"Burning Blood":0,"Akabeko":4,"White Beast Statue":16,"Mercury Hourglass":30,"OrangePellets":32,"Anchor":26,"Centennial Puzzle":33,"Brimstone":6,"Sundial":32,"Strawberry":6,"Bird Faced Urn":16,"Pantograph":27,"Orrery":12,"Pandora\u0027s Box":10,"Mark of Pain":21,"Art of War":14,"Bottled Lightning":6,"Membership Card":22},{"Lantern":14,"Astrolabe":0,"Dead Branch":84,"Vajra":120,"The Courier":64,"Frozen Egg 2":17,"Burning Blood":0,"Akabeko":11,"White Beast Statue":52,"Mercury Hourglass":110,"OrangePellets":120,"Anchor":94,"Centennial Puzzle":123,"Brimstone":14,"Sundial":120,"Strawberry":14,"Bird Faced Urn":52,"Pantograph":99,"Orrery":31,"Pandora\u0027s Box":27,"Mark of Pain":70,"Art of War":42,"Bottled Lightning":14,"Membership Card":74}],"Mercury Hourglass":[65]},"card_choices":[{"not_picked":["Body Slam","Wild Strike"],"picked":"Cleave","floor":1.0},{"not_picked":["Armaments","Anger"],"picked":"Pommel Strike","floor":2.0},{"not_picked":["Shrug It Off","Infernal Blade"],"picked":"Ghostly Armor","floor":3.0},{"not_picked":["Entrench","Twin Strike"],"picked":"Exhume","floor":6.0},{"not_picked":["Body Slam","Flex"],"picked":"Disarm","floor":7.0},{"not_picked":["Iron Wave","Perfected Strike"],"picked":"Pummel","floor":8.0},{"not_picked":["Combust","Shrug It Off"],"picked":"Power Through","floor":12.0},{"not_picked":["Rampage","Twin Strike"],"picked":"True Grit","floor":13.0},{"not_picked":["Intimidate","Fire Breathing+1"],"picked":"Heavy Blade","floor":14.0},{"not_picked":["Double Tap","Bludgeon"],"picked":"Offering","floor":16.0},{"not_picked":["Body Slam","Pommel Strike"],"picked":"Armaments","floor":18.0},{"not_picked":["Heavy Blade","Flex"],"picked":"Dual Wield","floor":20.0},{"not_picked":["Body Slam","Clothesline+1"],"picked":"Reaper","floor":20.0},{"not_picked":["Body Slam","Havoc"],"picked":"Dark Embrace+1","floor":22.0},{"not_picked":["Heavy Blade","Power Through","Carnage"],"picked":"SKIP","floor":23.0},{"not_picked":["Heavy Blade","Power Through","Carnage"],"picked":"SKIP","floor":23.0},{"not_picked":["Dark Embrace+1","Body Slam","Perfected Strike"],"picked":"SKIP","floor":24.0},{"not_picked":["Hemokinesis","Pommel Strike+1"],"picked":"Rupture+1","floor":25.0},{"not_picked":["Iron Wave","Rampage+1","Ghostly Armor"],"picked":"SKIP","floor":29.0},{"not_picked":["True Grit","Clothesline"],"picked":"Sword Boomerang","floor":30.0},{"not_picked":["Sentinel","Searing Blow"],"picked":"Burning Pact","floor":31.0},{"not_picked":["Feed","Bludgeon"],"picked":"Brutality+1","floor":33.0},{"not_picked":["Wild Strike","Dropkick","Body Slam+1"],"picked":"SKIP","floor":37.0},{"not_picked":["Shockwave","Anger+1","Hemokinesis"],"picked":"SKIP","floor":39.0},{"not_picked":["Intimidate","Clothesline"],"picked":"Dual Wield+1","floor":40.0},{"not_picked":["Clash","Heavy Blade+1","Cleave"],"picked":"SKIP","floor":42.0},{"not_picked":["Perfected Strike","Wild Strike+1","Blood for Blood"],"picked":"SKIP","floor":44.0},{"not_picked":["Clothesline","Entrench","Cleave"],"picked":"SKIP","floor":46.0},{"not_picked":["Warcry+1","Juggernaut+1","Dual Wield+1"],"picked":"SKIP","floor":47}],"player_experience":2428038,"relics_obtained":[{"floor":6.0,"key":"Akabeko"},{"floor":8.0,"key":"Bottled Lightning"},{"floor":9.0,"key":"Lantern"},{"floor":13.0,"key":"Frozen Egg 2"},{"floor":23.0,"key":"Art of War"},{"floor":25.0,"key":"White Beast Statue"},{"floor":26.0,"key":"Bird Faced Urn"},{"floor":31.0,"key":"The Courier"},{"floor":38.0,"key":"Dead Branch"},{"floor":40.0,"key":"Anchor"},{"floor":42.0,"key":"Pantograph"},{"floor":47,"key":"Mercury Hourglass"},{"floor":55,"key":"Centennial Puzzle"}],"event_choices":[{"damage_healed":0.0,"max_hp_gain":5.0,"max_hp_loss":0.0,"gold_gain":0.0,"event_name":"Big Fish","player_choice":"Donut","floor":4.0,"gold_loss":0.0,"damage_taken":0.0},{"cards_removed":["Strike_R"],"damage_healed":0.0,"max_hp_gain":0.0,"max_hp_loss":0.0,"gold_gain":0.0,"event_name":"The Cleric","player_choice":"Card Removal","floor":5.0,"gold_loss":75.0,"damage_taken":0.0},{"damage_healed":0.0,"max_hp_gain":0.0,"max_hp_loss":0.0,"gold_gain":0.0,"event_name":"WeMeetAgain","player_choice":"Gave Potion","floor":11.0,"gold_loss":0.0,"damage_taken":0.0,"relics_obtained":["Strawberry"]},{"damage_healed":0.0,"max_hp_gain":0.0,"max_hp_loss":0.0,"gold_gain":0.0,"event_name":"Duplicator","player_choice":"Copied","floor":21.0,"gold_loss":0.0,"damage_taken":0.0,"cards_obtained":["Reaper"]},{"damage_healed":0.0,"max_hp_gain":0.0,"max_hp_loss":0.0,"gold_gain":0.0,"event_name":"MindBloom","player_choice":"Fight","floor":38.0,"gold_loss":0.0,"damage_taken":0.0},{"damage_healed":0,"gold_gain":0,"player_choice":"Ignored","damage_taken":0,"max_hp_gain":0,"max_hp_loss":0,"event_name":"Tomb of Lord Red Mask","floor":48,"gold_loss":0}],"is_beta":false,"boss_relics":[{"not_picked":["Tiny House","Ectoplasm"],"picked":"Pandora\u0027s Box"},{"not_picked":["Runic Cube","Velvet Choker"],"picked":"Mark of Pain"}],"items_purged_floors":[36],"is_endless":false,"potions_floor_spawned":[2,7,13,16,22,23,24,25,27,29,30,31,33,35,37,38,39,40,42,44,46,47,55],"killed_by":"The Heart","ascension_level":20}}