{"host":"h7xtspmc2x3i8s2i","time":1614156582,"event":{"mods":["2.2 Compatiblity","AchievementEnabler","Act Like it!","AlwaysNeverKeys","Aspiration","Astrologer","BaseMod","Bestiary","Better Altar","Better Match","Better Note","Better Sensory Stone","Better Skull","Better Third Choice","Better Vampires","Better-Laid Plans","Colored Map","Colored Powertips","Conjunction","Curses Come First","Defuse TimeMaze Blight","Dio Mod","Disable Question Mark Monsters","Dota2Spire","Downfall","EXCEPTION","Emptier Cage","Energized Spire","Evolution","Friendly Minions","GifTheSpireLib","Gold Saver","Gremlin Skip","Halation","Hubris","Hyrulean Relics","Jedi Mod","Key Reminder","Marked Mod","Minty Spire (QoL Compilation)","Permanent Neow","Potion Indicator Mod","Quick Restart","Random Character Button","Random Character Mod","Rare Cards Sparkle","Relic Filter","Relic Stats","Reliquary","Replay The Spire","SacredBarkPlus","Shop Mod","Smile Girya","Somnambulant","Spicy Shops","Spikes Relics","Spire Birthday Party","StSLib","Steal the Spire","Stuff the Spire","SuperFastMode","The Awakened One except there are too many feathers","The Blue Laboratory","The Cursed","The Death Knight","The Edgeheg","The Problem Sleuth","The Runesmith","The Wild Card","Trackpad","Transform Curses","Uncapped","Unceasing Turn Reminder","Virulent Crown","Wide Potions","everything is the same but u backflip on backflip","slay the spire mod where everything is the same but ironclad has a cowboy hat"],"gold_per_floor":[1176,298,298,314,314,314,326,426,452,470,29,29,29,29,29,131,181,194,194,218,228,228,352,352,484,538,538,650,667,667,680,680,780,780,794,754,754,18,18,31,31,31,82,198,91,199,199,24,24,24,24,24,101,201,201],"floor_reached":56,"language":"ENG","playtime":2350,"items_purged":["theWildCard:BasicStrike"],"score":1782,"play_id":"4948e5d1-2c0f-4a0f-986b-c7c737ad8a28","local_time":"20210224034942","is_ascension_mode":true,"campfire_choices":[{"floor":6,"key":"RECALL"},{"data":"theWildCard:ManOfManyFaces","floor":12,"key":"SMITH"},{"data":"theWildCard:MagicMettle","floor":15,"key":"SMITH"},{"data":"theWildCard:MagicMettle","floor":27,"key":"SMITH"},{"data":"theWildCard:ArchaicAssault","floor":41,"key":"SMITH"},{"data":"theWildCard:TheArcanaUnleashed","floor":47,"key":"SMITH"},{"data":"theWildCard:Attunement","floor":52,"key":"SMITH"}],"circlet_count":0,"master_deck":["theWildCard:BasicStrike","theWildCard:BasicStrike","theWildCard:BasicStrike","theWildCard:BasicDefend","theWildCard:BasicDefend","theWildCard:BasicDefend","theWildCard:BasicDefend","theWildCard:CallToAdventure+1","theWildCard:Arsene+1","theWildCard:Abstinence+1","theWildCard:ManOfManyFaces+1","theWildCard:MagicMettle+1","theWildCard:PowerOfTheArcana+1","theWildCard:SeveringSlash+1","theWildCard:ArchaicAssault+1","theWildCard:MagicMettle+1","Infernal Blade+1","theWildCard:MagicMettle+1","theWildCard:ArchaicAssault+1","theWildCard:MagicMettle+1","theWildCard:MagicMettle+1","theWildCard:MagicMettle","theWildCard:Attunement+1","theWildCard:Providence","theWildCard:TheArcanaUnleashed+1"],"relics":["theWildCard:VelvetContract","EVO:Axolotl","StuffTheSpire:TintedRock","SpikesRelics:DaevaFist","Guardian:PocketSentry","MerchantsRug","reliquary:Vitrine","reliquary:Stiletto","Replay:Accelerometer","Sling","StuffTheSpire:Gunfinga","halation:PinkSoulGem","Dota2Spire:EchoSabre","Prayer Wheel","trackpad:Compendium","reliquary:Vitrine","downfall:ExtraCursedKey","Dota2Spire:Bloodstone","trackpad:HandOfMidas","Dota2Spire:BattleFury","Vajra","StuffTheSpire:RubySignet","halation:EternalFortune","ReplayTheSpireMod:TigerMarble","Dota2Spire:OrchidMalevolence","OrangePellets","Replay:Mystery Machine","Dota2Spire:Satanic"],"acts_visited":["Exordium","TheCity","TheBeyond","TheEnding"],"potions_floor_usage":[18,28,29,29,46,54],"damage_taken":[{"damage":0,"enemies":"Cultist","floor":1,"turns":3},{"damage":0,"enemies":"2 Louse","floor":4,"turns":3},{"damage":0,"enemies":"Jaw Worm","floor":7,"turns":3},{"damage":4,"enemies":"Lagavulin","floor":8,"turns":8},{"damage":0,"enemies":"2 Fungi Beasts","floor":10,"turns":4},{"damage":0,"enemies":"The Guardian","floor":16,"turns":11},{"damage":0,"enemies":"2 Thieves","floor":18,"turns":4},{"damage":0,"enemies":"Spheric Guardian","floor":21,"turns":2},{"damage":0,"enemies":"Replay:Snechameleon","floor":23,"turns":5},{"damage":0,"enemies":"Book of Stabbing","floor":25,"turns":5},{"damage":0,"enemies":"Slavers","floor":28,"turns":4},{"damage":0,"enemies":"3 Cultists","floor":29,"turns":4},{"damage":0,"enemies":"Cultist and Chosen","floor":31,"turns":5},{"damage":27,"enemies":"hubris:MusketHawk","floor":33,"turns":5},{"damage":0,"enemies":"Orb Walker","floor":35,"turns":3},{"damage":7,"enemies":"3 Shapes","floor":40,"turns":2},{"damage":0,"enemies":"R_Hoarder","floor":44,"turns":3},{"damage":0,"enemies":"Giant Head","floor":46,"turns":2},{"damage":17,"enemies":"Awakened One","floor":50,"turns":3},{"damage":5,"enemies":"Shield and Spear","floor":54,"turns":2},{"damage":17,"enemies":"The Heart","floor":55,"turns":4}],"seed_played":"8320860036888798248","potions_obtained":[{"floor":7,"key":"jedi:wingpotion"},{"floor":16,"key":"Conjunction:LightningMarble"},{"floor":17,"key":"blueLaboratory:AbyssPotion"},{"floor":23,"key":"Swift Potion"},{"floor":25,"key":"Languid Potion"},{"floor":28,"key":"DeathKnight:RimePotion"},{"floor":29,"key":"blueLaboratory:BottleOfRum"},{"floor":33,"key":"Guardian:BlockOnCardUsePotion"},{"floor":35,"key":"Milkshake"},{"floor":40,"key":"AttackPotion"},{"floor":49,"key":"SkillPotion"},{"floor":54,"key":"blueLaboratory:BottleOfVodka"}],"is_trial":false,"path_per_floor":["M","$","?","M","?","R","M","E","T","M","$","R","?","?","R","B",null,"M","?","T","M","?","E","?","E","T","R","E","M","T","M","R_BF","B",null,"M","?","?","$","?","M","R","?","T","E","$","E","R","$","R_BF","B",null,"R","$","E","B",null],"character_chosen":"THE_WILD_CARD","items_purchased":["SpikesRelics:DaevaFist","Omamori","Guardian:PocketSentry","theWildCard:Abstinence","DollysMirror","MerchantsRug","Replay:Accelerometer","theWildCard:MagicMettle","Sling","theWildCard:PowerOfTheArcana","BargainBundle","trackpad:HandOfMidas","Dota2Spire:BattleFury","Vajra","StuffTheSpire:RubySignet","theWildCard:Attunement","OrangePellets","Guide Book","reliquary:BrokenClock"],"campfire_rested":0,"item_purchase_floors":[2,2,2,2,2,2,11,11,11,11,38,38,38,38,38,38,45,48,48],"current_hp_per_floor":[60,60,60,60,61,61,61,57,57,57,57,57,57,57,57,57,66,66,66,66,66,66,66,66,66,66,66,66,66,66,66,66,39,66,66,66,66,66,69,62,62,62,62,68,68,68,68,68,68,55,69,69,69,65,51],"gold":201,"neow_bonus":"RANDOM_COMMON_RELIC","is_daily":false,"chose_seed":false,"campfire_upgraded":6,"win_rate":0.0,"timestamp":1614156582,"path_taken":["M","$","?","?","?","R","M","E","T","M","$","R","?","?","R","BOSS","M","?","?","M","?","E","?","E","T","R","E","?","?","M","R_BF","BOSS","M","?","?","$","?","M","R","?","T","E","$","E","R","?","R_BF","BOSS","R","$","E","BOSS"],"items_purchased_type":["Relic","Relic","Relic","Card","Relic","Relic","Relic","Card","Relic","Card","Relic","Relic","Relic","Relic","Relic","Card","Relic","Relic","Relic"],"build_version":"2020-12-22","purchased_purges":1,"victory":true,"max_hp_per_floor":[60,60,60,60,61,61,61,61,61,61,61,61,61,61,61,61,66,66,66,66,66,66,66,66,66,66,66,66,66,66,66,66,66,66,66,66,66,66,69,69,69,69,69,69,69,69,69,69,69,69,69,69,69,69,69],"relic_stats":{"OrangePellets":[4],"counters":[21,85],"Prayer Wheel":4,"obtain_stats":[{"Replay:Accelerometer":11,"Dota2Spire:EchoSabre":23,"Tiny House":17,"Dota2Spire:OrchidMalevolence":44,"Vajra":38,"EVO:Axolotl":0,"Replay:Mystery Machine":46,"Sling":11,"Dota2Spire:Satanic":54,"StuffTheSpire:Gunfinga":20,"DollysMirror":2,"Prayer Wheel":25,"trackpad:Compendium":28,"downfall:ExtraCursedKey":32,"reliquary:Vitrine":8,"StuffTheSpire:TintedRock":0,"MerchantsRug":2,"BargainBundle":38,"trackpad:HandOfMidas":38,"Guide Book":48,"Dota2Spire:Bloodstone":34,"Dota2Spire:BattleFury":38,"Omamori":2,"Guardian:PocketSentry":2,"keyreminder:keyreminder":6,"theWildCard:VelvetContract":0,"OrangePellets":45,"halation:EternalFortune":39,"reliquary:Stiletto":9,"reliquary:SculptingSteel":30,"SpikesRelics:DaevaFist":2,"StuffTheSpire:RubySignet":38,"ReplayTheSpireMod:TigerMarble":43,"reliquary:BrokenClock":48,"halation:PinkSoulGem":22},{"Replay:Accelerometer":5,"Dota2Spire:EchoSabre":9,"Tiny House":6,"Dota2Spire:OrchidMalevolence":17,"Vajra":15,"EVO:Axolotl":0,"Replay:Mystery Machine":18,"Sling":5,"Dota2Spire:Satanic":20,"StuffTheSpire:Gunfinga":7,"DollysMirror":1,"Prayer Wheel":10,"trackpad:Compendium":11,"downfall:ExtraCursedKey":13,"reliquary:Vitrine":4,"StuffTheSpire:TintedRock":0,"MerchantsRug":1,"BargainBundle":15,"trackpad:HandOfMidas":15,"Guide Book":18,"Dota2Spire:Bloodstone":14,"Dota2Spire:BattleFury":15,"Omamori":1,"Guardian:PocketSentry":1,"keyreminder:keyreminder":2,"theWildCard:VelvetContract":0,"OrangePellets":17,"halation:EternalFortune":15,"reliquary:Stiletto":4,"reliquary:SculptingSteel":12,"SpikesRelics:DaevaFist":1,"StuffTheSpire:RubySignet":15,"ReplayTheSpireMod:TigerMarble":16,"reliquary:BrokenClock":18,"halation:PinkSoulGem":8},{"Replay:Accelerometer":21,"Dota2Spire:EchoSabre":43,"Tiny House":32,"Dota2Spire:OrchidMalevolence":74,"Vajra":69,"EVO:Axolotl":0,"Replay:Mystery Machine":76,"Sling":21,"Dota2Spire:Satanic":81,"StuffTheSpire:Gunfinga":36,"DollysMirror":3,"Prayer Wheel":48,"trackpad:Compendium":52,"downfall:ExtraCursedKey":61,"reliquary:Vitrine":17,"StuffTheSpire:TintedRock":0,"MerchantsRug":3,"BargainBundle":69,"trackpad:HandOfMidas":69,"Guide Book":76,"Dota2Spire:Bloodstone":66,"Dota2Spire:BattleFury":69,"Omamori":3,"Guardian:PocketSentry":3,"keyreminder:keyreminder":6,"theWildCard:VelvetContract":0,"OrangePellets":74,"halation:EternalFortune":69,"reliquary:Stiletto":17,"reliquary:SculptingSteel":56,"SpikesRelics:DaevaFist":3,"StuffTheSpire:RubySignet":69,"ReplayTheSpireMod:TigerMarble":71,"reliquary:BrokenClock":76,"halation:PinkSoulGem":38}]},"card_choices":[{"not_picked":["theWildCard:StingingStrike","theWildCard:SeveringSlash"],"picked":"theWildCard:MagicMettle","floor":1},{"not_picked":["theWildCard:EnergizedStroke","theWildCard:SeveringSlash"],"picked":"theWildCard:ManOfManyFaces","floor":4},{"not_picked":["theWildCard:SacrificialStroke","theWildCard:Salvation"],"picked":"theWildCard:Abstinence","floor":7},{"not_picked":["theWildCard:Satanael","theWildCard:BladeOfGenerations","theWildCard:ManOfManyFaces"],"picked":"SKIP","floor":8},{"not_picked":["theWildCard:StingingStrike","theWildCard:Abstinence","theWildCard:ArcaneArts"],"picked":"SKIP","floor":10},{"not_picked":["theWildCard:MagicalMight","theWildCard:MasterPlan"],"picked":"theWildCard:ArchaicAssault","floor":17},{"not_picked":["theWildCard:BladeOfGenerations","theWildCard:SeveringSlash"],"picked":"theWildCard:MagicMettle","floor":18},{"not_picked":["theWildCard:BladeOfGenerations","theWildCard:SacrificialStroke"],"picked":"theWildCard:MaskChange+1","floor":21},{"not_picked":["theWildCard:TheGreatSeal+1","theWildCard:EnergizedStroke"],"picked":"theWildCard:MagicMettle+1","floor":23},{"not_picked":["theWildCard:Safeguard","theWildCard:PaleRider+1","theWildCard:MasterPlan"],"picked":"SKIP","floor":25},{"not_picked":["theWildCard:PaleRider","theWildCard:UnendingRitual"],"picked":"theWildCard:ArchaicAssault+1","floor":28},{"not_picked":["theWildCard:Thanatos","theWildCard:Sakuya"],"picked":"theWildCard:MagicMettle","floor":29},{"not_picked":["theWildCard:EnergyTheft","theWildCard:Odin","theWildCard:ArcaneArts"],"picked":"SKIP","floor":29},{"not_picked":["theWildCard:ArcanaArtistry+1","theWildCard:ShieldOfMany"],"picked":"theWildCard:MagicMettle","floor":31},{"not_picked":["theWildCard:MasterPlan","theWildCard:PaleRider+1","theWildCard:EnergizedStroke"],"picked":"SKIP","floor":31},{"not_picked":["theWildCard:Unburden+1","theWildCard:CryOfAgony"],"picked":"theWildCard:MagicMettle","floor":35},{"not_picked":["theWildCard:MaskChange+1","theWildCard:Impatience","theWildCard:Unburden"],"picked":"SKIP","floor":35},{"not_picked":["theWildCard:Patience","theWildCard:ArcaneArts"],"picked":"theWildCard:Providence","floor":40},{"not_picked":["theWildCard:StingingStrike+1","theWildCard:ArcaneArts","theWildCard:Michael+1"],"picked":"SKIP","floor":40},{"not_picked":["theWildCard:ArcaneArts+1","theWildCard:Unburden"],"picked":"theWildCard:TheArcanaUnleashed","floor":44},{"not_picked":["theWildCard:UnderLockAndKey+1","theWildCard:StingingStrike+1","theWildCard:Unburden+1"],"picked":"SKIP","floor":46},{"not_picked":["theWildCard:ManOfManyFaces+1","theWildCard:SeveringSlash+1","theWildCard:MagicalMight+1"],"picked":"SKIP","floor":54}],"player_experience":429127,"relics_obtained":[{"floor":8,"key":"reliquary:Vitrine"},{"floor":9,"key":"reliquary:Stiletto"},{"floor":20,"key":"StuffTheSpire:Gunfinga"},{"floor":23,"key":"Dota2Spire:EchoSabre"},{"floor":25,"key":"Prayer Wheel"},{"floor":28,"key":"trackpad:Compendium"},{"floor":30,"key":"reliquary:SculptingSteel"},{"floor":43,"key":"ReplayTheSpireMod:TigerMarble"},{"floor":44,"key":"Dota2Spire:OrchidMalevolence"},{"floor":46,"key":"Replay:Mystery Machine"},{"floor":54,"key":"Dota2Spire:Satanic"}],"event_choices":[{"damage_healed":0,"gold_gain":0,"player_choice":"Leave","damage_taken":0,"max_hp_gain":0,"max_hp_loss":0,"event_name":"FaceTrader","floor":3,"gold_loss":0},{"damage_healed":0,"gold_gain":0,"player_choice":"Read","damage_taken":0,"max_hp_gain":0,"max_hp_loss":0,"event_name":"The Library","floor":19,"gold_loss":0,"cards_obtained":["Infernal Blade"]},{"damage_healed":0,"gold_gain":0,"player_choice":"Forge","damage_taken":0,"max_hp_gain":0,"max_hp_loss":0,"event_name":"Accursed Blacksmith","floor":24,"gold_loss":0,"cards_upgraded":["Infernal Blade"]},{"damage_healed":0,"gold_gain":0,"player_choice":"Upgraded Two","damage_taken":0,"max_hp_gain":0,"max_hp_loss":0,"event_name":"Designer","floor":36,"gold_loss":40,"cards_upgraded":["theWildCard:MagicMettle","theWildCard:PowerOfTheArcana"]},{"cards_removed":["theWildCard:Abstinence"],"damage_healed":0,"gold_gain":0,"player_choice":"Removed Power","damage_taken":0,"max_hp_gain":0,"max_hp_loss":0,"event_name":"Falling","floor":37,"gold_loss":0}],"is_beta":false,"boss_relics":[{"not_picked":["reliquary:ThirdArm","halation:CatFaceCupcake"],"picked":"Tiny House"},{"not_picked":["aspiration:RitualDagger","aspiration:RunicSpoon"],"picked":"Dota2Spire:Bloodstone"}],"items_purged_floors":[2],"is_endless":false,"potions_floor_spawned":[7,16,23,25,28,29,33,35,40,54],"ascension_level":3}}