{"host":"f7jml7vkwn3tj7tu","time":1614185554,"event":{"mods":["BaseMod","Block Reminder","Minty Spire (QoL Compilation)","Relic Stats","Slay-I"],"gold_per_floor":[110,110,110,129,139,139,173,203,203,203,203],"floor_reached":10,"language":"ENG","playtime":316,"items_purged":[],"score":75,"play_id":"67bb9e0d-4418-4deb-8473-2af26bbebaab","local_time":"20210224115234","is_ascension_mode":true,"campfire_choices":[{"data":"Rebound","floor":6,"key":"SMITH"}],"circlet_count":0,"master_deck":["Strike_B","Strike_B","Strike_B","Strike_B","Defend_B","Defend_B","Defend_B","Defend_B","Zap","Dualcast","Rebound+1","Leap","Auto Shields","Ball Lightning"],"relics":["Cracked Core","NeowsBlessing","Eternal Feather","Spirit Poop","Tiny Chest","Boot","Ornamental Fan"],"acts_visited":["Exordium"],"potions_floor_usage":[7],"damage_taken":[{"damage":0,"enemies":"2 Louse","floor":1,"turns":1},{"damage":0,"enemies":"Jaw Worm","floor":4,"turns":1},{"damage":0,"enemies":"Cultist","floor":5,"turns":1},{"damage":56,"enemies":"Gremlin Nob","floor":7,"turns":5},{"damage":25,"enemies":"3 Sentries","floor":10,"turns":5}],"seed_played":"6801128894693869310","potions_obtained":[{"floor":1,"key":"FocusPotion"}],"is_trial":false,"path_per_floor":["M","?","?","M","M","R","E","?","T","E"],"character_chosen":"DEFECT","items_purchased":[],"campfire_rested":0,"item_purchase_floors":[],"current_hp_per_floor":[75,75,75,75,75,75,19,19,19,0,0],"gold":203,"neow_bonus":"THREE_ENEMY_KILL","is_daily":false,"chose_seed":false,"campfire_upgraded":1,"win_rate":0.0,"timestamp":1614185554,"path_taken":["M","?","?","M","?","R","E","?","T","E"],"items_purchased_type":[],"build_version":"2020-12-22","purchased_purges":0,"victory":false,"max_hp_per_floor":[75,75,75,75,75,75,75,75,75,75,75],"relic_stats":{"counters":[5,13],"Ornamental Fan":[0],"Eternal Feather":0,"Tiny Chest":0,"Boot":[0],"obtain_stats":[{"NeowsBlessing":0,"Ornamental Fan":9,"Spirit Poop":3,"Eternal Feather":2,"Tiny Chest":7,"Cracked Core":0,"Boot":8},{"NeowsBlessing":0,"Ornamental Fan":4,"Spirit Poop":1,"Eternal Feather":1,"Tiny Chest":4,"Cracked Core":0,"Boot":4},{"NeowsBlessing":0,"Ornamental Fan":8,"Spirit Poop":1,"Eternal Feather":1,"Tiny Chest":8,"Cracked Core":0,"Boot":8}]},"card_choices":[{"not_picked":["Fusion","Barrage"],"picked":"Rebound","floor":1},{"not_picked":["Coolheaded","Lockon"],"picked":"Leap","floor":4},{"not_picked":["Rip and Tear","Gash"],"picked":"Auto Shields","floor":5},{"not_picked":["Redo","Leap"],"picked":"Ball Lightning","floor":7}],"player_experience":629207,"relics_obtained":[{"floor":7,"key":"Tiny Chest"},{"floor":9,"key":"Ornamental Fan"}],"event_choices":[{"damage_healed":0,"gold_gain":0,"player_choice":"Box","damage_taken":0,"relics_obtained":["Eternal Feather"],"max_hp_gain":0,"max_hp_loss":0,"event_name":"Big Fish","floor":2,"gold_loss":0,"cards_obtained":["Regret"]},{"cards_removed":["Regret"],"damage_healed":0,"gold_gain":0,"player_choice":"Offered Curse","damage_taken":0,"relics_obtained":["Spirit Poop"],"max_hp_gain":0,"max_hp_loss":0,"event_name":"Bonfire Elementals","floor":3,"gold_loss":0},{"damage_healed":0,"gold_gain":30,"player_choice":"Searched \u00272\u0027 times","damage_taken":0,"relics_obtained":["Boot"],"max_hp_gain":0,"max_hp_loss":0,"event_name":"Dead Adventurer","floor":8,"gold_loss":0}],"is_beta":false,"boss_relics":[],"items_purged_floors":[],"is_endless":false,"potions_floor_spawned":[1],"killed_by":"3 Sentries","ascension_level":3}}