{"host":"bpr07pynnqpe5ded","time":1614187493,"event":{"mods":["2.2 Compatiblity","Aspiration","BaseMod","Better Third Choice","BetterRewards","Jorbs\u0027s Wanderer Trilogy","Minty Spire (QoL Compilation)","Replay The Spire","Robot Space Explorer","Shop Mod","StSLib","The Marked","TheBandit","??????REMEMod"],"gold_per_floor":[117,117,129,146,146,146,164,174,253,267,138,166,181,193,193,193,193],"floor_reached":16,"language":"ENG","playtime":666,"items_purged":["RobotSpaceExplorer:Ammunition"],"score":106,"play_id":"d3a47759-d673-4e54-9091-2ac12c28ed14","local_time":"20210224172453","is_ascension_mode":false,"campfire_choices":[{"data":"MasterReality","floor":6,"key":"SMITH"},{"floor":15,"key":"REST"}],"circlet_count":0,"master_deck":["RobotSpaceExplorer:Strike","RobotSpaceExplorer:Strike","RobotSpaceExplorer:Strike","RobotSpaceExplorer:Strike","RobotSpaceExplorer:Defend","RobotSpaceExplorer:Defend","RobotSpaceExplorer:Defend","RobotSpaceExplorer:Scan","RobotSpaceExplorer:MiniLasers","MasterReality+1","RobotSpaceExplorer:GearShield+1","RobotSpaceExplorer:Discharger+1"],"relics":["RobotSpaceExplorer:RoboCore","REME_ComplimentaryCards","Matryoshka","Simple Rune"],"acts_visited":["Exordium"],"potions_floor_usage":[8,10,10,10,10,12],"damage_taken":[{"damage":2,"enemies":"Small Slimes","floor":1,"turns":4},{"damage":0,"enemies":"2 Louse","floor":3,"turns":2},{"damage":3,"enemies":"Cultist","floor":4,"turns":4},{"damage":1,"enemies":"Red Slaver","floor":7,"turns":4},{"damage":2,"enemies":"Blue Slaver","floor":8,"turns":3},{"damage":10,"enemies":"Exordium Thugs","floor":10,"turns":7},{"damage":21,"enemies":"Gremlin Nob","floor":12,"turns":6},{"damage":0,"enemies":"3 Louse","floor":13,"turns":4},{"damage":0,"enemies":"2 Fungi Beasts","floor":14,"turns":3},{"damage":0,"enemies":"The Guardian","floor":16,"turns":1}],"seed_played":"-8882234067109557375","potions_obtained":[{"floor":3,"key":"Adrenaline Potion"},{"floor":4,"key":"Explosive Potion"},{"floor":5,"key":"EssenceOfSteel"},{"floor":5,"key":"Fire Potion"},{"floor":7,"key":"EntropicBrew"},{"floor":14,"key":"Dexterity Potion"}],"is_trial":false,"path_per_floor":["M","?","M","M","?","R","M","M","T","M","$","E","M","M","R","B"],"character_chosen":"RobotSpaceExplorer","items_purchased":["RobotSpaceExplorer:Discharger+1"],"campfire_rested":1,"item_purchase_floors":[11],"current_hp_per_floor":[73,73,73,70,70,70,69,67,67,57,57,36,36,36,58,58,58],"gold":193,"neow_bonus":"THREE_CARDS","is_daily":false,"chose_seed":false,"campfire_upgraded":1,"win_rate":0.0,"timestamp":1614187493,"path_taken":["M","?","M","M","?","R","M","?","T","M","$","E","M","M","R","BOSS"],"items_purchased_type":["Card"],"build_version":"2020-12-22","purchased_purges":1,"victory":false,"max_hp_per_floor":[75,75,75,75,75,75,75,75,75,75,75,75,75,75,75,75,75],"card_choices":[{"not_picked":["RobotSpaceExplorer:PowerGlove","RobotSpaceExplorer:FranticSearch","RobotSpaceExplorer:ScrapToss"],"picked":"SKIP","floor":1},{"not_picked":["RobotSpaceExplorer:SurgingStrike","RobotSpaceExplorer:Probe"],"picked":"RobotSpaceExplorer:Ammunition","floor":3},{"not_picked":["RobotSpaceExplorer:MiniDrones","RobotSpaceExplorer:SlimeMissile","RobotSpaceExplorer:Electroshield"],"picked":"SKIP","floor":4},{"not_picked":["RobotSpaceExplorer:StunGrenade","RobotSpaceExplorer:SlimeMissile","RobotSpaceExplorer:MetalStrike"],"picked":"SKIP","floor":7},{"not_picked":["RobotSpaceExplorer:PowerCollector","RobotSpaceExplorer:Pulsar","RobotSpaceExplorer:Ammunition"],"picked":"SKIP","floor":8},{"not_picked":["RobotSpaceExplorer:RigExplosive","RobotSpaceExplorer:JunkDive","RobotSpaceExplorer:Ammunition"],"picked":"SKIP","floor":10},{"not_picked":["RobotSpaceExplorer:Ammunition","RobotSpaceExplorer:IronShell","RobotSpaceExplorer:Accelerator"],"picked":"SKIP","floor":12},{"not_picked":["RobotSpaceExplorer:MakeshiftVolley","RobotSpaceExplorer:Ammunition","RobotSpaceExplorer:SurgingStrike"],"picked":"SKIP","floor":13},{"not_picked":["RobotSpaceExplorer:ImprovisedAttack","RobotSpaceExplorer:ScrapMissile","RobotSpaceExplorer:MiniDrones"],"picked":"SKIP","floor":14}],"player_experience":1087627,"relics_obtained":[{"floor":9,"key":"Matryoshka"},{"floor":12,"key":"Simple Rune"}],"event_choices":[{"damage_healed":0,"gold_gain":0,"player_choice":"Got Potions","damage_taken":0,"max_hp_gain":0,"max_hp_loss":0,"event_name":"Lab","floor":5,"gold_loss":0}],"is_beta":false,"boss_relics":[],"items_purged_floors":[11],"is_endless":false,"potions_floor_spawned":[3,4,7,14],"killed_by":"The Guardian","ascension_level":0}}