{"host":"2hz3p8f82lqex3pd","time":1614148906,"event":{"mods":["AchievementEnabler","BaseMod","Minty Spire (QoL Compilation)"],"gold_per_floor":[116,116,128,16,91,91,102,102,102,102,114,172,172,15,15,115,115,126,51,51,51,51,51,51,50,103,128,43,43,43],"floor_reached":29,"language":"ENG","playtime":1962,"items_purged":["Defend_P"],"score":227,"play_id":"cf127eb9-b84a-4be5-b5bf-bc5134bc14fc","local_time":"20210224014146","is_ascension_mode":false,"campfire_choices":[{"data":"Weave","floor":6.0,"key":"SMITH"},{"data":"CutThroughFate","floor":8.0,"key":"SMITH"},{"data":"Perseverance","floor":10.0,"key":"SMITH"},{"data":"EmptyFist","floor":15.0,"key":"SMITH"},{"data":"ThirdEye","floor":23,"key":"SMITH"}],"circlet_count":0,"master_deck":["Strike_P","Strike_P","Strike_P","Strike_P","Defend_P","Defend_P","Vigilance+1","ThirdEye+1","Evaluate","Weave+1","Perseverance+1","CutThroughFate+1","EmptyFist+1","Sanctity","Establishment","PathToVictory"],"relics":["PureWater","Sundial","White Beast Statue","TheAbacus","Black Star","Dream Catcher","StoneCalendar","Pear"],"acts_visited":["Exordium","TheCity"],"potions_floor_usage":[27,27,27],"damage_taken":[{"damage":10.0,"enemies":"Cultist","floor":1.0,"turns":6.0},{"damage":1.0,"enemies":"Jaw Worm","floor":3.0,"turns":5.0},{"damage":0.0,"enemies":"2 Louse","floor":7.0,"turns":4.0},{"damage":1.0,"enemies":"Large Slime","floor":11.0,"turns":6.0},{"damage":0.0,"enemies":"3 Sentries","floor":12.0,"turns":10.0},{"damage":22.0,"enemies":"Slime Boss","floor":16.0,"turns":12.0},{"damage":4.0,"enemies":"Shell Parasite","floor":18.0,"turns":6.0},{"damage":17,"enemies":"2 Thieves","floor":25,"turns":5},{"damage":30,"enemies":"Gremlin Leader","floor":27,"turns":8},{"damage":31,"enemies":"Book of Stabbing","floor":29,"turns":5}],"seed_played":"-999356084778125794","potions_obtained":[{"floor":11.0,"key":"LiquidBronze"},{"floor":12.0,"key":"Fire Potion"},{"floor":16.0,"key":"BottledMiracle"},{"floor":18.0,"key":"Block Potion"},{"floor":25,"key":"SkillPotion"},{"floor":27,"key":"Strength Potion"}],"is_trial":false,"path_per_floor":["M","?","M","$","?","R","M","R","T","R","M","?","?","$","R","B",null,"M","$","?","$","$","R","?","M","T","E","?","E"],"character_chosen":"WATCHER","items_purchased":["Weave","Perseverance","TheAbacus"],"campfire_rested":0,"item_purchase_floors":[4,4,14],"current_hp_per_floor":[62,62,61,61,50,50,50,50,50,50,49,49,49,49,49,27,72,68,68,68,68,68,68,68,51,51,21,31,0,0],"gold":43,"neow_bonus":"REMOVE_CARD","is_daily":false,"chose_seed":false,"campfire_upgraded":5,"win_rate":0.0,"timestamp":1614148906,"path_taken":["M","?","M","$","?","R","M","R","T","R","M","?","?","$","R","BOSS","M","$","?","$","?","R","?","M","T","E","?","E"],"items_purchased_type":["Card","Card","Relic"],"build_version":"2020-12-22","purchased_purges":1,"victory":false,"max_hp_per_floor":[72,72,72,72,72,72,72,72,72,72,72,72,72,72,72,72,72,72,72,72,72,72,72,72,72,72,72,82,82,82],"card_choices":[{"not_picked":["EmptyBody","ClearTheMind"],"picked":"ThirdEye","floor":1.0},{"not_picked":["FlyingSleeves","BowlingBash"],"picked":"Evaluate","floor":3.0},{"not_picked":["Study","ForeignInfluence"],"picked":"CutThroughFate","floor":7.0},{"not_picked":["Consecrate","Crescendo"],"picked":"EmptyFist","floor":11.0},{"not_picked":["Consecrate","FollowUp"],"picked":"Sanctity","floor":12.0},{"not_picked":["Blasphemy","SpiritShield"],"picked":"Establishment","floor":16.0},{"not_picked":["ThirdEye","Sanctity","BowlingBash"],"picked":"SKIP","floor":18.0},{"not_picked":["Tantrum+1","Crescendo"],"picked":"PathToVictory","floor":25},{"not_picked":["Protect","PathToVictory","Consecrate"],"picked":"SKIP","floor":27}],"player_experience":200120,"relics_obtained":[{"floor":9.0,"key":"Sundial"},{"floor":27,"key":"Dream Catcher"},{"floor":27,"key":"StoneCalendar"}],"event_choices":[{"damage_healed":0.0,"max_hp_gain":0.0,"max_hp_loss":0.0,"gold_gain":0.0,"event_name":"Living Wall","player_choice":"Grow","floor":2.0,"gold_loss":0.0,"damage_taken":0.0,"cards_upgraded":["Vigilance"]},{"damage_healed":0.0,"max_hp_gain":0.0,"max_hp_loss":0.0,"gold_gain":75.0,"event_name":"World of Goop","player_choice":"Gather Gold","floor":5.0,"gold_loss":0.0,"damage_taken":11.0},{"damage_healed":0.0,"max_hp_gain":0.0,"max_hp_loss":0.0,"gold_gain":0.0,"event_name":"Dead Adventurer","player_choice":"Searched \u00272\u0027 times","floor":12.0,"gold_loss":0.0,"damage_taken":0.0,"relics_obtained":["White Beast Statue"]},{"damage_healed":0.0,"max_hp_gain":0.0,"max_hp_loss":0.0,"gold_gain":0.0,"event_name":"Liars Game","player_choice":"Ignored","floor":13.0,"gold_loss":0.0,"damage_taken":0.0},{"cards_removed":["Defend_P"],"damage_healed":0.0,"max_hp_gain":0.0,"max_hp_loss":0.0,"gold_gain":0.0,"event_name":"Back to Basics","player_choice":"Elegance","floor":20.0,"gold_loss":0.0,"damage_taken":0.0},{"damage_healed":0,"gold_gain":0,"player_choice":"Ignored","damage_taken":0,"max_hp_gain":0,"max_hp_loss":0,"event_name":"Ghosts","floor":24,"gold_loss":0},{"damage_healed":0,"gold_gain":0,"player_choice":"Obtained Relic","damage_taken":0,"relics_obtained":["Pear"],"max_hp_gain":0,"max_hp_loss":0,"event_name":"Addict","floor":28,"gold_loss":85}],"is_beta":false,"boss_relics":[{"not_picked":["Velvet Choker","Runic Dome"],"picked":"Black Star"}],"items_purged_floors":[19],"is_endless":false,"potions_floor_spawned":[11,12,16,18,25,27],"killed_by":"Book of Stabbing","ascension_level":0}}