{"host":"x3q4ieql2tr7v8o6","time":1614164043,"event":{"mods":["BaseMod","Bestiary","Better Altar","Better Match","Better Note","Better Sensory Stone","Better Skull","Better Third Choice","Colored Map","Colored Powertips","Curses Come First","Minty Spire (QoL Compilation)","StSLib"],"gold_per_floor":[117,267,47,47,122,122,140,140,212,226,40,52,68,81,81,159,159,170,170,170,189,11,11,22,22,22,22,22,50,66,77,77,148,148,164,164,189,23,0,0,32,32,32,332,351,351,385,396,396,396],"floor_reached":51,"language":"ENG","playtime":2477,"items_purged":["Doubt","Burn+1","Decay"],"score":1338,"play_id":"f2b1cd50-8549-4d85-aac0-290cb18215cb","local_time":"20210224105403","is_ascension_mode":true,"campfire_choices":[{"data":"Armaments","floor":6.0,"key":"SMITH"},{"data":"Body Slam","floor":8.0,"key":"SMITH"},{"floor":15.0,"key":"REST"},{"data":"Demon Form","floor":23.0,"key":"SMITH"},{"floor":25.0,"key":"REST"},{"data":"Dark Embrace","floor":27.0,"key":"SMITH"},{"floor":32.0,"key":"REST"},{"floor":40.0,"key":"DIG"},{"floor":42.0,"key":"DIG"},{"floor":44.0,"key":"DIG"},{"floor":46.0,"key":"DIG"},{"floor":49.0,"key":"REST"}],"circlet_count":0,"master_deck":["AscendersBane","Bash","Corruption","Twin Strike","Armaments+1","Body Slam+1","Evolve","Shrug It Off","Flex+1","Inflame","Double Tap+1","Disarm+1","Shockwave+1","Feed","Demon Form+1","Twin Strike","Hemokinesis","Reckless Charge","Sword Boomerang","Thunderclap","Bloodletting+1","Exhume+1","Dark Embrace+1","Entrench+1","Insight+1","Fire Breathing","True Grit+1","Pummel","Second Wind+1","Entrench+1","Ghostly Armor+1","Offering+1","Thinking Ahead+1","Deep Breath+1","Feel No Pain","Rage+1","Shockwave+1","Body Slam+1","Body Slam"],"relics":["Burning Blood","Toxic Egg 2","Pandora\u0027s Box","Shuriken","Kunai","Bronze Scales","Busted Crown","Shovel","Red Mask","Thread and Needle","InkBottle","Meat on the Bone","Ornamental Fan","Old Coin","Regal Pillow","Incense Burner"],"acts_visited":["Exordium","TheCity","TheBeyond"],"potions_floor_usage":[],"damage_taken":[{"damage":6.0,"enemies":"Cultist","floor":1.0,"turns":3.0},{"damage":13.0,"enemies":"2 Louse","floor":7.0,"turns":3.0},{"damage":17.0,"enemies":"Jaw Worm","floor":10.0,"turns":5.0},{"damage":23.0,"enemies":"Exordium Thugs","floor":12.0,"turns":6.0},{"damage":3.0,"enemies":"Blue Slaver","floor":13.0,"turns":4.0},{"damage":7.0,"enemies":"Red Slaver","floor":14.0,"turns":4.0},{"damage":38.0,"enemies":"Slime Boss","floor":16.0,"turns":10.0},{"damage":12.0,"enemies":"Chosen","floor":18.0,"turns":6.0},{"damage":17.0,"enemies":"2 Thieves","floor":21.0,"turns":4.0},{"damage":14.0,"enemies":"Chosen and Byrds","floor":24.0,"turns":7.0},{"damage":45.0,"enemies":"Gremlin Leader","floor":29.0,"turns":6.0},{"damage":1.0,"enemies":"Snake Plant","floor":30.0,"turns":4.0},{"damage":18.0,"enemies":"Snecko","floor":31.0,"turns":4.0},{"damage":75.0,"enemies":"Collector","floor":33.0,"turns":8.0},{"damage":9.0,"enemies":"Orb Walker","floor":35.0,"turns":3.0},{"damage":0.0,"enemies":"Mind Bloom Boss Battle","floor":37.0,"turns":7.0},{"damage":15.0,"enemies":"Giant Head","floor":41.0,"turns":5.0},{"damage":8.0,"enemies":"3 Shapes","floor":45.0,"turns":6.0},{"damage":17.0,"enemies":"Reptomancer","floor":47.0,"turns":4.0},{"damage":11.0,"enemies":"Maw","floor":48.0,"turns":6.0},{"damage":87,"enemies":"Awakened One","floor":50,"turns":7}],"seed_played":"959956467766773843","potions_obtained":[{"floor":7.0,"key":"FairyPotion"},{"floor":13.0,"key":"Swift Potion"},{"floor":16.0,"key":"Energy Potion"},{"floor":35.0,"key":"DuplicationPotion"},{"floor":41.0,"key":"ElixirPotion"},{"floor":45.0,"key":"PowerPotion"}],"is_trial":false,"path_per_floor":["M","?","$","?","?","R","M","R","T","M","$","M","M","M","R","B",null,"M","?","?","M","$","R","M","R","T","R","T","E","M","M","R","B",null,"M","?","?","$","?","R","E","R","T","R","M","R","E","M","R","B",null],"character_chosen":"IRONCLAD","items_purchased":["Armaments","Body Slam","Evolve","Inflame","True Grit+1","Feel No Pain","Rage+1"],"campfire_rested":4,"item_purchase_floors":[3,3,3,11,22,38,38],"current_hp_per_floor":[68,68,68,68,57,57,50,50,50,39,39,22,25,24,46,14,60,54,54,54,46,46,46,38,61,61,61,61,22,30,18,42,8,63,60,60,69,69,69,69,60,60,60,60,61,61,50,57,87,22],"gold":396,"neow_bonus":"ONE_RANDOM_RARE_CARD","is_daily":false,"chose_seed":false,"campfire_upgraded":4,"win_rate":0.0,"timestamp":1614164043,"path_taken":["M","?","$","?","?","R","M","R","T","M","?","M","M","M","R","BOSS","M","?","?","M","$","R","M","R","T","R","?","E","M","M","R","BOSS","M","?","?","$","?","R","E","R","T","R","M","R","E","?","R","BOSS"],"items_purchased_type":["Card","Card","Card","Card","Card","Card","Card"],"build_version":"2020-12-22","purchased_purges":3,"victory":true,"max_hp_per_floor":[75,75,75,75,75,75,75,75,75,75,75,75,75,75,75,75,75,75,75,75,78,78,78,78,78,78,78,78,78,81,81,81,81,81,81,81,84,84,84,84,84,84,84,84,87,87,87,87,87,91],"card_choices":[{"not_picked":["Flex","Rage"],"picked":"Twin Strike","floor":1.0},{"not_picked":["True Grit","Iron Wave"],"picked":"Shrug It Off","floor":7.0},{"not_picked":["Rupture","Twin Strike"],"picked":"Flex+1","floor":10.0},{"not_picked":["Sentinel+1","Armaments+1"],"picked":"Double Tap+1","floor":12.0},{"not_picked":["True Grit+1","Headbutt"],"picked":"Disarm+1","floor":13.0},{"not_picked":["Wild Strike","Dual Wield+1"],"picked":"Shockwave+1","floor":14.0},{"not_picked":["Immolate","Bludgeon"],"picked":"Feed","floor":16.0},{"not_picked":["Armaments+1","Twin Strike"],"picked":"Entrench+1","floor":18.0},{"not_picked":["Sever Soul","True Grit+1"],"picked":"Fire Breathing","floor":21.0},{"not_picked":["Combust+1","Iron Wave"],"picked":"Pummel","floor":24.0},{"not_picked":["Rupture","Wild Strike"],"picked":"Second Wind+1","floor":29.0},{"not_picked":["Flex+1","Spot Weakness+1"],"picked":"Entrench+1","floor":30.0},{"not_picked":["Warcry+1","Combust"],"picked":"Ghostly Armor+1","floor":31.0},{"not_picked":["Bludgeon","Double Tap+1"],"picked":"Offering+1","floor":33.0},{"not_picked":["Flex+1"],"picked":"SKIP","floor":35.0},{"not_picked":[],"picked":"Thinking Ahead+1","floor":36.0},{"not_picked":[],"picked":"Deep Breath+1","floor":36.0},{"not_picked":[],"picked":"Shockwave+1","floor":41.0},{"not_picked":["Heavy Blade+1"],"picked":"SKIP","floor":45.0},{"not_picked":[],"picked":"Body Slam+1","floor":47.0},{"not_picked":[],"picked":"Body Slam","floor":48.0}],"player_experience":758080,"relics_obtained":[{"floor":9.0,"key":"Toxic Egg 2"},{"floor":26.0,"key":"Shuriken"},{"floor":28.0,"key":"Kunai"},{"floor":29.0,"key":"Bronze Scales"},{"floor":37.0,"key":"Shovel"},{"floor":40.0,"key":"Thread and Needle"},{"floor":41.0,"key":"InkBottle"},{"floor":42.0,"key":"Meat on the Bone"},{"floor":43.0,"key":"Ornamental Fan"},{"floor":44.0,"key":"Old Coin"},{"floor":46.0,"key":"Regal Pillow"},{"floor":47.0,"key":"Incense Burner"}],"event_choices":[{"damage_healed":0.0,"max_hp_gain":0.0,"max_hp_loss":0.0,"gold_gain":150.0,"event_name":"betterThird:BetterSerpent","player_choice":"AGREE","floor":2.0,"gold_loss":0.0,"damage_taken":117.0},{"damage_healed":68.0,"max_hp_gain":0.0,"max_hp_loss":75.0,"gold_gain":0.0,"event_name":"betterThird:BetterShining","player_choice":"Embrace Burn","floor":4.0,"gold_loss":0.0,"damage_taken":0.0},{"damage_healed":0.0,"max_hp_gain":0.0,"max_hp_loss":0.0,"gold_gain":75.0,"event_name":"betterThird:BetterGoop","player_choice":"Gold","floor":5.0,"gold_loss":0.0,"damage_taken":11.0},{"damage_healed":0.0,"max_hp_gain":0.0,"max_hp_loss":0.0,"gold_gain":0.0,"event_name":"betterAltar:BetterAltar","player_choice":" Defy","floor":19.0,"gold_loss":0.0,"damage_taken":0.0,"cards_obtained":["Decay"]},{"damage_healed":0.0,"max_hp_gain":0.0,"max_hp_loss":0.0,"gold_gain":0.0,"event_name":"betterThird:BetterWriting","player_choice":"Insight","floor":20.0,"gold_loss":0.0,"damage_taken":0.0,"cards_obtained":["Insight"]},{"damage_healed":0.0,"max_hp_gain":0.0,"max_hp_loss":0.0,"gold_gain":3.0,"event_name":"betterStone:BetterStone","player_choice":"1","floor":36.0,"gold_loss":0.0,"damage_taken":0.0},{"damage_healed":0.0,"max_hp_gain":0.0,"max_hp_loss":0.0,"gold_gain":0.0,"event_name":"MindBloom","player_choice":"Fight","floor":37.0,"gold_loss":0.0,"damage_taken":0.0},{"damage_healed":0.0,"max_hp_gain":0.0,"max_hp_loss":0.0,"gold_gain":0.0,"event_name":"Tomb of Lord Red Mask","player_choice":"Paid","floor":39.0,"gold_loss":23.0,"damage_taken":0.0,"relics_obtained":["Red Mask"]}],"is_beta":false,"boss_relics":[{"not_picked":["Runic Pyramid","Snecko Eye"],"picked":"Pandora\u0027s Box"},{"not_picked":["Tiny House","Runic Cube"],"picked":"Busted Crown"}],"items_purged_floors":[3,11,22],"is_endless":false,"potions_floor_spawned":[7,13,16,21,29,35,41,45],"ascension_level":16}}