{"host":"lr7e131drr5jge75","time":1614151730,"event":{"mods":["BaseMod","BetterRewards","Minty Spire (QoL Compilation)","Permanent Neow","Quick Restart","StSLib"],"gold_per_floor":[368,140,140,153,163,163,10,10,10,10,20,30,30,49,49,168,231,256,256,171,187,203,203,216,216,216,216,216,242,64,99,99,203,203,221,271,294,304,314,314,332,332,332,54,66,85,97,109,109,109,109],"floor_reached":50,"language":"ENG","playtime":3201,"items_purged":["Normality","Vigilance","JustLucky"],"score":556,"play_id":"f938d50b-10b5-48dd-ba24-14a3469a29bf","local_time":"20210223232850","is_ascension_mode":false,"campfire_choices":[{"data":"WindmillStrike","floor":6.0,"key":"SMITH"},{"data":"Pray","floor":8.0,"key":"SMITH"},{"data":"Prostrate","floor":10.0,"key":"SMITH"},{"floor":15.0,"key":"REST"},{"data":"Fasting2","floor":23.0,"key":"SMITH"},{"floor":25.0,"key":"REST"},{"data":"DevaForm","floor":32.0,"key":"SMITH"},{"floor":40.0,"key":"REST"},{"floor":42.0,"key":"REST"},{"floor":49,"key":"REST"}],"circlet_count":0,"master_deck":["Strike_P","Strike_P","Strike_P","Strike_P","Defend_P+1","Defend_P+1","Prostrate+1","DevaForm+1","Fasting2+1","WindmillStrike+1","Pray+1","Evaluate+1","Prostrate+1","Pray","Establishment","Evaluate","DeceiveReality+1","FlyingSleeves+1","WindmillStrike+1","FollowUp","Parasite","FlyingSleeves+1"],"relics":["PureWater","Orrery","Damaru","Toy Ornithopter","Bloody Idol","Tiny House","Ice Cream","Lantern","Kunai","Happy Flower","Vajra","Empty Cage","Prayer Wheel","War Paint","Torii","DollysMirror"],"acts_visited":["Exordium","TheCity","TheBeyond"],"potions_floor_usage":[50],"damage_taken":[{"damage":0.0,"enemies":"2 Louse","floor":1.0,"turns":2.0},{"damage":1.0,"enemies":"Cultist","floor":4.0,"turns":5.0},{"damage":7.0,"enemies":"Jaw Worm","floor":5.0,"turns":4.0},{"damage":3.0,"enemies":"Looter","floor":11.0,"turns":3.0},{"damage":6.0,"enemies":"3 Louse","floor":12.0,"turns":3.0},{"damage":4.0,"enemies":"Large Slime","floor":14.0,"turns":3.0},{"damage":0.0,"enemies":"Slime Boss","floor":16.0,"turns":3.0},{"damage":20.0,"enemies":"2 Thieves","floor":18.0,"turns":4.0},{"damage":2.0,"enemies":"Spheric Guardian","floor":21.0,"turns":3.0},{"damage":1.0,"enemies":"Snake Plant","floor":22.0,"turns":4.0},{"damage":0.0,"enemies":"Snecko","floor":24.0,"turns":3.0},{"damage":9.0,"enemies":"Book of Stabbing","floor":31.0,"turns":4.0},{"damage":63.0,"enemies":"Champ","floor":33.0,"turns":8.0},{"damage":14.0,"enemies":"3 Darklings","floor":35.0,"turns":6.0},{"damage":7.0,"enemies":"Mind Bloom Boss Battle","floor":36.0,"turns":5.0},{"damage":16.0,"enemies":"3 Shapes","floor":38.0,"turns":3.0},{"damage":27.0,"enemies":"Sphere and 2 Shapes","floor":39.0,"turns":6.0},{"damage":26.0,"enemies":"Transient","floor":41.0,"turns":5.0},{"damage":8.0,"enemies":"Spire Growth","floor":45.0,"turns":4.0},{"damage":0.0,"enemies":"Writhing Mass","floor":46.0,"turns":4.0},{"damage":35.0,"enemies":"Transient","floor":47.0,"turns":5.0},{"damage":3,"enemies":"Sphere and 2 Shapes","floor":48,"turns":5},{"damage":65,"enemies":"Time Eater","floor":50,"turns":3}],"seed_played":"-7546650101814241013","potions_obtained":[{"floor":1.0,"key":"FearPotion"},{"floor":4.0,"key":"Weak Potion"},{"floor":5.0,"key":"BottledMiracle"},{"floor":17.0,"key":"Ancient Potion"},{"floor":22.0,"key":"Weak Potion"},{"floor":24.0,"key":"LiquidMemories"},{"floor":33.0,"key":"EssenceOfSteel"},{"floor":35.0,"key":"Energy Potion"},{"floor":39.0,"key":"BlessingOfTheForge"}],"is_trial":false,"path_per_floor":["M","$","?","M","M","R","$","R","T","R","M","M","?","M","R","B",null,"M","?","?","M","M","R","M","R","T","?","?","T","$","E","R","B",null,"M","?","T","M","M","R","M","R","T","$","M","M","M","M","R","B"],"character_chosen":"WATCHER","items_purchased":["Orrery","Damaru","GamblersBrew","DollysMirror"],"campfire_rested":5,"item_purchase_floors":[2,7,30,44],"current_hp_per_floor":[72,72,72,71,64,64,64,64,64,64,61,55,55,56,67,67,72,52,52,52,50,59,59,59,72,72,72,72,72,72,68,68,20,72,63,61,66,55,33,54,33,54,54,54,56,66,36,38,59,0,0],"gold":109,"neow_bonus":"TWO_FIFTY_GOLD","is_daily":false,"chose_seed":false,"campfire_upgraded":5,"win_rate":0.0,"timestamp":1614151730,"path_taken":["M","$","?","M","?","R","$","R","T","R","M","M","?","M","R","BOSS","M","?","?","M","M","R","M","R","T","?","?","?","$","E","R","BOSS","M","?","?","M","M","R","?","R","T","$","M","M","M","M","R","BOSS"],"items_purchased_type":["Relic","Relic","Potion","Relic"],"build_version":"2020-12-22","purchased_purges":3,"victory":false,"max_hp_per_floor":[72,72,72,72,72,72,72,72,72,72,72,72,67,67,67,67,72,72,72,72,72,72,72,72,72,72,72,72,72,72,72,72,72,72,72,72,72,72,72,72,72,72,72,72,72,72,72,72,72,72,72],"card_choices":[{"not_picked":["Wallop","FlurryOfBlows"],"picked":"Prostrate","floor":1.0},{"not_picked":["ReachHeaven","Consecrate"],"picked":"DevaForm","floor":2.0},{"not_picked":["FollowUp","TalkToTheHand"],"picked":"Fasting2","floor":2.0},{"not_picked":["WheelKick","FlurryOfBlows"],"picked":"WindmillStrike","floor":2.0},{"not_picked":["ThirdEye","Protect"],"picked":"JustLucky","floor":2.0},{"not_picked":["EmptyFist","ReachHeaven","ThirdEye"],"picked":"SKIP","floor":4.0},{"not_picked":["CarveReality","PathToVictory"],"picked":"Pray","floor":5.0},{"not_picked":["Meditate","Adaptation","SignatureMove"],"picked":"SKIP","floor":11.0},{"not_picked":["CutThroughFate","Study","PathToVictory"],"picked":"SKIP","floor":12.0},{"not_picked":["EmptyMind","CutThroughFate"],"picked":"Evaluate","floor":14.0},{"not_picked":["ClearTheMind+1","LikeWater+1","Consecrate"],"picked":"SKIP","floor":18.0},{"not_picked":["Worship+1","Halt"],"picked":"Prostrate+1","floor":21.0},{"not_picked":["Crescendo","SashWhip","PathToVictory"],"picked":"SKIP","floor":22.0},{"not_picked":["Weave","Tantrum","Consecrate+1"],"picked":"SKIP","floor":24.0},{"not_picked":["Blasphemy","PathToVictory"],"picked":"Pray","floor":31.0},{"not_picked":["Omniscience","LessonLearned"],"picked":"Establishment","floor":33.0},{"not_picked":["ClearTheMind+1","Protect","Consecrate"],"picked":"SKIP","floor":35.0},{"not_picked":["ClearTheMind","Prostrate+1"],"picked":"Evaluate","floor":36.0},{"not_picked":["CarveReality+1","Consecrate","ClearTheMind+1"],"picked":"SKIP","floor":38.0},{"not_picked":["FearNoEvil","BowlingBash+1","PathToVictory+1"],"picked":"SKIP","floor":38.0},{"not_picked":["Vengeance+1","LikeWater+1"],"picked":"DeceiveReality+1","floor":39.0},{"not_picked":["LikeWater","CutThroughFate+1","Collect"],"picked":"SKIP","floor":39.0},{"not_picked":["WreathOfFlame+1","PathToVictory+1"],"picked":"FlyingSleeves+1","floor":41.0},{"not_picked":["FlurryOfBlows","Adaptation+1","Consecrate"],"picked":"SKIP","floor":41.0},{"not_picked":["BattleHymn","EmptyBody+1"],"picked":"FollowUp","floor":45.0},{"not_picked":["FearNoEvil+1","WaveOfTheHand","BowlingBash"],"picked":"SKIP","floor":45.0},{"not_picked":["EmptyBody","PathToVictory"],"picked":"FlyingSleeves+1","floor":46.0},{"not_picked":["Crescendo+1","MasterReality","WaveOfTheHand+1"],"picked":"SKIP","floor":46.0},{"not_picked":["Adaptation","FollowUp+1","Prostrate+1"],"picked":"SKIP","floor":47.0},{"not_picked":["FearNoEvil+1","Evaluate+1","CarveReality+1"],"picked":"SKIP","floor":47.0},{"not_picked":["BowlingBash+1","Protect","ClearTheMind+1"],"picked":"SKIP","floor":48},{"not_picked":["CrushJoints","Prostrate","FearNoEvil+1"],"picked":"SKIP","floor":48}],"player_experience":34562,"relics_obtained":[{"floor":9.0,"key":"Toy Ornithopter"},{"floor":26.0,"key":"Kunai"},{"floor":29.0,"key":"Happy Flower"},{"floor":31.0,"key":"Vajra"},{"floor":36.0,"key":"Prayer Wheel"},{"floor":37.0,"key":"War Paint"},{"floor":43.0,"key":"Torii"}],"event_choices":[{"cards_removed":["Eruption"],"damage_healed":0.0,"max_hp_gain":0.0,"max_hp_loss":0.0,"gold_gain":0.0,"event_name":"Purifier","player_choice":"Purged","floor":3.0,"gold_loss":0.0,"damage_taken":0.0},{"damage_healed":0.0,"max_hp_gain":0.0,"max_hp_loss":5.0,"gold_gain":0.0,"event_name":"Golden Idol","player_choice":"Lose Max HP","floor":13.0,"gold_loss":0.0,"damage_taken":0.0,"relics_obtained":["Golden Idol"]},{"damage_healed":0.0,"max_hp_gain":0.0,"max_hp_loss":0.0,"gold_gain":0.0,"event_name":"The Mausoleum","player_choice":"Opened","floor":19.0,"gold_loss":0.0,"damage_taken":0.0,"relics_obtained":["Ice Cream"]},{"damage_healed":0.0,"max_hp_gain":0.0,"max_hp_loss":0.0,"gold_gain":0.0,"event_name":"Addict","player_choice":"Obtained Relic","floor":20.0,"gold_loss":85.0,"damage_taken":0.0,"relics_obtained":["Lantern"]},{"damage_healed":0.0,"max_hp_gain":0.0,"max_hp_loss":0.0,"gold_gain":0.0,"event_name":"Forgotten Altar","player_choice":"Gave Idol","floor":27.0,"relics_lost":["Golden Idol"],"gold_loss":0.0,"damage_taken":0.0,"relics_obtained":["Bloody Idol"]},{"damage_healed":0.0,"max_hp_gain":0.0,"max_hp_loss":0.0,"gold_gain":0.0,"event_name":"Ghosts","player_choice":"Ignored","floor":28.0,"gold_loss":0.0,"damage_taken":0.0},{"damage_healed":0.0,"max_hp_gain":0.0,"max_hp_loss":0.0,"gold_gain":0.0,"event_name":"MindBloom","player_choice":"Fight","floor":36.0,"gold_loss":0.0,"damage_taken":0.0}],"is_beta":false,"boss_relics":[{"not_picked":["SacredBark","Snecko Eye"],"picked":"Tiny House"},{"not_picked":["Coffee Dripper","Busted Crown"],"picked":"Empty Cage"}],"items_purged_floors":[2,30,44],"is_endless":false,"potions_floor_spawned":[1,4,5,12,22,24,33,35,39,41],"killed_by":"Time Eater","ascension_level":0}}