{"host":"7skunfutdkk39s14","time":1614141691,"event":{"mods":["BaseMod","Downfall","Infinite Spire","Minty Spire (QoL Compilation)","StSLib"],"gold_per_floor":[199,210,210,221,233,247,247,7,27,27,127,127,127,143,154,258,258,158,175,186,201,35,35,35,49,49,84,16,16,41,41,41,41],"floor_reached":31,"language":"ENG","playtime":2047,"items_purged":[],"score":292,"play_id":"424ca706-4ebe-49ff-ba72-94ff7870c1a9","local_time":"20210223234131","is_ascension_mode":false,"campfire_choices":[{"data":"hexamod:Sear","floor":1,"key":"SMITH"},{"floor":10,"key":"REST"},{"floor":12,"key":"RECALL"},{"data":"hexamod:VolcanoVisage","floor":18,"key":"SMITH"},{"floor":23,"key":"REST"},{"floor":29,"key":"REST"}],"circlet_count":0,"master_deck":["hexamod:Strike","hexamod:Strike","hexamod:Strike","hexamod:Strike","hexamod:Defend","hexamod:Defend","hexamod:Defend","hexamod:Defend","hexamod:Sear+1","hexamod:Float","hexamod:FastForward","hexamod:GhostflameBarrier+1","hexamod:NightmareStrike","hexamod:ChargedBarrage","hexamod:BurningTouch","hexamod:RainOfEmbers","hexamod:FlamesFromBeyond","hexamod:FifthSeal","hexamod:BurningTouch","hexamod:VolcanoVisage+1","hexamod:HeatCrush","hexamod:SuperheatedStrike","hexamod:Firestarter","hexamod:EtherealExpedition+1","Dramatic Entrance","hexamod:InspiringFlames","hexamod:ThermalTransfer","hexamod:SwordOfDarkness","hexamod:Hexaguard+1","hexamod:FastForward","hexamod:GhostShield","hexamod:HauntingEcho"],"relics":["hexamod:SpiritBrand","MealTicket","PreservedInsect","Sozu","downfall:HeartBlessingRed","Gremlin Horn","Sundial","Eternal Feather"],"acts_visited":["Exordium","TheCity"],"potions_floor_usage":[15,16,16,16,21],"damage_taken":[{"damage":0,"enemies":"Small Slimes","floor":2,"turns":3},{"damage":0,"enemies":"Cultist","floor":4,"turns":3},{"damage":3,"enemies":"2 Louse","floor":5,"turns":3},{"damage":4,"enemies":"Gremlin Gang","floor":6,"turns":6},{"damage":0,"enemies":"downfall:FleeingMerchant","floor":8,"turns":4},{"damage":20,"enemies":"Lots of Slimes","floor":9,"turns":6},{"damage":10,"enemies":"3 Louse","floor":14,"turns":3},{"damage":0,"enemies":"Exordium Thugs","floor":15,"turns":3},{"damage":42,"enemies":"DF_ARCHETYPE_STREAMLINE","floor":16,"turns":9},{"damage":5,"enemies":"Chosen","floor":19,"turns":3},{"damage":7,"enemies":"Shell Parasite","floor":20,"turns":3},{"damage":44,"enemies":"3 Cultists","floor":21,"turns":6},{"damage":6,"enemies":"downfall:FleeingMerchant","floor":22,"turns":4},{"damage":23,"enemies":"Shelled Parasite and Fungi","floor":25,"turns":4},{"damage":1,"enemies":"Gremlin Leader","floor":27,"turns":3},{"damage":5,"enemies":"downfall:FleeingMerchant","floor":28,"turns":4},{"damage":29,"enemies":"Nightmare","floor":30,"turns":6},{"damage":13,"enemies":"Snake Plant","floor":31,"turns":2}],"seed_played":"-9116947046988097221","potions_obtained":[{"floor":2,"key":"Block Potion"},{"floor":9,"key":"LiquidBronze"},{"floor":14,"key":"AttackPotion"},{"floor":15,"key":"FearPotion"},{"floor":16,"key":"SpeedPotion"}],"is_trial":false,"path_per_floor":["R","M","?","M","M","M","T","$","M","R","?","R","?","M","M","B",null,"R","M","M","M","$","R","T","M","?","E","$","R","NM","M"],"character_chosen":"THE_SPIRIT","items_purchased":["PreservedInsect","hexamod:RainOfEmbers","Dramatic Entrance","hexamod:InspiringFlames","hexamod:ThermalTransfer","hexamod:GhostShield"],"campfire_rested":3,"item_purchase_floors":[8,8,22,22,22,28],"current_hp_per_floor":[70,70,70,70,67,63,63,70,50,70,70,70,70,60,60,18,70,70,65,58,14,23,44,44,21,11,10,20,41,12,0,0,0],"gold":41,"neow_bonus":"HUNDRED_GOLD","is_daily":false,"chose_seed":false,"campfire_upgraded":2,"win_rate":0.0,"timestamp":1614141691,"path_taken":["R","M","?","M","M","M","T","$","?","R","?","R","?","?","M","BOSS","R","M","M","M","?","R","T","M","?","E","$","R","NM","M"],"items_purchased_type":["Relic","Card","Card","Card","Card","Card"],"build_version":"2020-12-22","purchased_purges":0,"victory":false,"max_hp_per_floor":[70,70,70,70,70,70,70,70,70,70,70,70,70,70,70,70,70,70,70,70,70,70,70,70,70,70,70,70,70,70,70,70,70],"card_choices":[{"not_picked":["hexamod:RecurringNightmare","hexamod:HeatCrush"],"picked":"hexamod:FastForward","floor":2},{"not_picked":["hexamod:NightmareGuise","hexamod:HeatMetal"],"picked":"hexamod:GhostflameBarrier","floor":4},{"not_picked":["hexamod:SpectralSpark","hexamod:FastForward"],"picked":"hexamod:NightmareStrike","floor":5},{"not_picked":["hexamod:InspiringFlames","hexamod:FastForward"],"picked":"hexamod:ChargedBarrage","floor":6},{"not_picked":["hexamod:GhostOfSpireFuture","hexamod:SecondSeal"],"picked":"hexamod:BurningTouch","floor":8},{"not_picked":["hexamod:AdvancingGuard","hexamod:BacktrackSmack"],"picked":"hexamod:FlamesFromBeyond","floor":9},{"not_picked":["hexamod:SpectralSpark","hexamod:FirstSeal"],"picked":"hexamod:FifthSeal","floor":14},{"not_picked":["hexamod:GhostShield","hexamod:Firestarter"],"picked":"hexamod:BurningTouch","floor":15},{"not_picked":["hexamod:TimeWarp","hexamod:SearingWound"],"picked":"hexamod:VolcanoVisage","floor":16},{"not_picked":["hexamod:BurningTouch+1","hexamod:SkipABeat+1"],"picked":"hexamod:HeatCrush","floor":19},{"not_picked":["hexamod:RadiantFlame","hexamod:CatchUp"],"picked":"hexamod:SuperheatedStrike","floor":20},{"not_picked":["hexamod:Again+1","hexamod:BurningTouch"],"picked":"hexamod:Firestarter","floor":21},{"not_picked":["hexamod:PhantomFireball","hexamod:ThirdSeal"],"picked":"hexamod:EtherealExpedition+1","floor":22},{"not_picked":["hexamod:BacktrackSmack","hexamod:ShieldOfDarkness+1"],"picked":"hexamod:SwordOfDarkness","floor":25},{"not_picked":["hexamod:PhantomFireball","hexamod:SpectralSpark+1"],"picked":"hexamod:Hexaguard+1","floor":27},{"not_picked":["hexamod:ChargedBarrage","hexamod:ThermalTransfer"],"picked":"hexamod:FastForward","floor":28},{"not_picked":["hexamod:FourthSeal","hexamod:AdvancingGuard"],"picked":"hexamod:HauntingEcho","floor":30}],"player_experience":741859,"relics_obtained":[{"floor":7,"key":"MealTicket"},{"floor":24,"key":"Gremlin Horn"},{"floor":27,"key":"Sundial"},{"floor":30,"key":"Eternal Feather"}],"event_choices":[{"damage_healed":0,"gold_gain":0,"player_choice":"Ignored","damage_taken":0,"max_hp_gain":0,"max_hp_loss":0,"event_name":"NoteForYourself","floor":3,"gold_loss":0}],"is_beta":false,"boss_relics":[{"not_picked":["Astrolabe","hexamod:IceCube"],"picked":"Sozu"}],"items_purged_floors":[],"is_endless":true,"potions_floor_spawned":[2,9,14,15,16,19,20,27],"killed_by":"Snake Plant","ascension_level":0}}