{"host":"bvp2uifzy1c463d9","time":1614208055,"event":{"mods":["AchievementEnabler","BaseMod","Better Note","Block Reminder","Bossed Relics","Colored Map","Colored Powertips","Highlight Path","Hubris","Infinite Spire","Minty Spire (QoL Compilation)","Relic Sorter","Relic Stats","Reliquary","Replay The Spire","StSLib","The Blue Laboratory","Wandering Minibosses"],"gold_per_floor":[13,13,28,28,40,72,88,117,117,117,142,142,125,50,50,145,145,160,60,49,49,49,49],"floor_reached":22,"language":"ENG","playtime":1274,"items_purged":["Strike_P","Strike_P"],"score":263,"play_id":"8d6eb38d-3714-4453-bf37-df7222d095a2","local_time":"20210224170735","is_ascension_mode":true,"campfire_choices":[{"floor":10.0,"key":"REST"},{"data":"Establishment","floor":12.0,"key":"SMITH"},{"data":"Perseverance","floor":15.0,"key":"SMITH"}],"circlet_count":0,"master_deck":["Strike_P","Strike_P","Defend_P","Defend_P","Defend_P","Eruption","Vigilance","Secret Weapon","DeceiveReality","Crescendo","Perseverance+1","Replay:BluntJabs","Wallop","Study","Establishment+1","ThirdEye","Replay:AllIn","Halt+1","Protect"],"relics":["infinitespire:Broken Mirror","WingedGreaves","Turnip","Yang","reliquary:RedCape"],"acts_visited":["Exordium","TheCity"],"potions_floor_usage":[],"damage_taken":[{"damage":0.0,"enemies":"Cultist","floor":1.0,"turns":2.0},{"damage":0.0,"enemies":"Jaw Worm","floor":3.0,"turns":2.0},{"damage":10.0,"enemies":"Small Slimes","floor":5.0,"turns":2.0},{"damage":18.0,"enemies":"Replay:BlueRogue","floor":6.0,"turns":4.0},{"damage":0.0,"enemies":"3 Louse","floor":7.0,"turns":2.0},{"damage":19.0,"enemies":"Lagavulin","floor":8.0,"turns":6.0},{"damage":0.0,"enemies":"Replay:BlueRogue","floor":11.0,"turns":3.0},{"damage":8.0,"enemies":"Large Slime","floor":13.0,"turns":7.0},{"damage":28.0,"enemies":"Hexaghost","floor":16.0,"turns":12.0},{"damage":13.0,"enemies":"Chosen","floor":18.0,"turns":6.0},{"damage":27,"enemies":"2 Thieves","floor":20,"turns":5},{"damage":36,"enemies":"Snecko","floor":22,"turns":3}],"seed_played":"-6001663011405052846","potions_obtained":[{"floor":1.0,"key":"blueLaboratory:NullPotion"},{"floor":3.0,"key":"blueLaboratory:PyrophylliteBrew"},{"floor":5.0,"key":"BottledMiracle"},{"floor":13.0,"key":"BlessingOfTheForge"}],"is_trial":false,"path_per_floor":["M","?","M","?","M","E","M","E","T","R","E","R","M","$","R","B",null,"M","$","M","?","M"],"character_chosen":"WATCHER","items_purchased":[],"campfire_rested":1,"item_purchase_floors":[],"current_hp_per_floor":[72,72,72,72,62,44,44,25,25,46,46,46,38,38,38,10,72,59,59,32,32,0,0],"gold":49,"neow_bonus":"RANDOM_COLORLESS_2","is_daily":false,"chose_seed":false,"campfire_upgraded":2,"win_rate":0.0,"timestamp":1614208055,"path_taken":["M","?","M","?","M","E","M","E","T","R","E","R","M","$","R","BOSS","M","$","?","?","M"],"items_purchased_type":[],"build_version":"2020-12-22","purchased_purges":2,"victory":false,"max_hp_per_floor":[72,72,72,72,72,72,72,72,72,72,72,72,72,72,72,72,72,72,72,72,72,72,72],"relic_stats":{"counters":[12,54],"Yang":[54],"Turnip":[0],"obtain_stats":[{"infinitespire:Broken Mirror":6,"Ring of Fury":2,"Yang":11,"WingedGreaves":8,"Turnip":9,"PureWater":0,"reliquary:RedCape":17},{"infinitespire:Broken Mirror":4,"Ring of Fury":1,"Yang":7,"WingedGreaves":6,"Turnip":6,"PureWater":0,"reliquary:RedCape":9},{"infinitespire:Broken Mirror":10,"Ring of Fury":2,"Yang":21,"WingedGreaves":18,"Turnip":18,"PureWater":0,"reliquary:RedCape":40}]},"card_choices":[{"not_picked":["Poisoned Strike","Chrysalis"],"picked":"Secret Weapon","floor":0.0},{"not_picked":["Replay:Battleflow","WreathOfFlame"],"picked":"DeceiveReality","floor":1.0},{"not_picked":["ThirdEye","Replay:Cycle"],"picked":"Crescendo","floor":3.0},{"not_picked":["Prostrate","Vengeance"],"picked":"Perseverance","floor":5.0},{"not_picked":["Consecrate","Alpha"],"picked":"Replay:BluntJabs","floor":6.0},{"not_picked":["Study","Evaluate"],"picked":"Wallop","floor":7.0},{"not_picked":["Wireheading","Replay:BluntJabs"],"picked":"Study","floor":8.0},{"not_picked":["Prostrate","SpiritShield"],"picked":"Establishment","floor":11.0},{"not_picked":["Replay:ManipulateFuture","Consecrate"],"picked":"ThirdEye","floor":13.0},{"not_picked":["Scrawl","Judgement"],"picked":"Replay:AllIn","floor":16.0},{"not_picked":["Replay:Cycle+1","FearNoEvil"],"picked":"Halt+1","floor":18.0},{"not_picked":["SashWhip","SandsOfTime"],"picked":"Protect","floor":20}],"player_experience":277614,"relics_obtained":[{"floor":2.0,"key":"Ring of Fury"},{"floor":6.0,"key":"infinitespire:Broken Mirror"},{"floor":8.0,"key":"WingedGreaves"},{"floor":9.0,"key":"Turnip"},{"floor":11.0,"key":"Yang"}],"event_choices":[{"cards_removed":["Defend_P"],"damage_healed":0.0,"max_hp_gain":0.0,"max_hp_loss":0.0,"gold_gain":0.0,"event_name":"Bonfire Elementals","player_choice":"Offered Basic","floor":4.0,"gold_loss":0.0,"damage_taken":0.0},{"damage_healed":0,"gold_gain":0,"player_choice":"Ignored","damage_taken":0,"max_hp_gain":0,"max_hp_loss":0,"event_name":"Vampires","floor":21,"gold_loss":0}],"is_beta":false,"boss_relics":[{"not_picked":["Abe\u0027s Treasure","SacredBark"],"picked":"reliquary:RedCape"}],"items_purged_floors":[14,19],"is_endless":false,"potions_floor_spawned":[1,3,5,13,20],"killed_by":"Snecko","ascension_level":3}}