{"host":"ta9jukzngm5b813r","time":1614139177,"event":{"mods":["BaseMod","Colored Map","Minty Spire (QoL Compilation)","Permanent Neow","Relic Stats","Replay The Spire","StSLib"],"gold_per_floor":[114,45,45,60,60,60,90,105,180,180,210,225,255,270,270,370,370,370],"floor_reached":17,"language":"ENG","playtime":554,"items_purged":[],"score":175,"play_id":"4528b544-58c7-4ba6-b97f-286d22cbe46d","local_time":"20210223195937","daily_mods":["Heirloom","Colorless Cards","DeadlyEvents"],"is_ascension_mode":false,"campfire_choices":[{"data":"Whirlwind","floor":6,"key":"SMITH"},{"floor":10,"key":"REST"},{"floor":15,"key":"REST"}],"circlet_count":0,"master_deck":["Strike_R","Strike_R","Strike_R","Strike_R","Strike_R","Defend_R","Defend_R","Defend_R","Defend_R","Bash","Whirlwind+1","Armaments+1","Iron Wave","Armaments+1","Apotheosis+1","Sadistic Nature","Hemogenesis"],"relics":["Burning Blood","Unceasing Top","Matryoshka","Toxic Egg 2","Mercury Hourglass","Art of War","Replay:PocketPolymizer","Nunchaku","Philosopher\u0027s Stone"],"acts_visited":["Exordium","TheCity"],"potions_floor_usage":[13,13,16],"damage_taken":[{"damage":5,"enemies":"Cultist","floor":1,"turns":4},{"damage":3,"enemies":"Jaw Worm","floor":4,"turns":4},{"damage":51,"enemies":"Lagavulin","floor":7,"turns":10},{"damage":0,"enemies":"2 Louse","floor":8,"turns":1},{"damage":23,"enemies":"Gremlin Nob","floor":11,"turns":4},{"damage":7,"enemies":"Blue Slaver","floor":12,"turns":3},{"damage":3,"enemies":"Lagavulin","floor":13,"turns":5},{"damage":0,"enemies":"3 Louse","floor":14,"turns":2},{"damage":51,"enemies":"The Guardian","floor":16,"turns":13}],"seed_played":"1986488565424594500","potions_obtained":[{"floor":8,"key":"ElixirPotion"},{"floor":11,"key":"ColorlessPotion"},{"floor":12,"key":"LiquidMemories"},{"floor":13,"key":"Fire Potion"},{"floor":14,"key":"Ancient Potion"}],"is_trial":false,"path_per_floor":["M","$","?","M","?","R","E","M","T","R","E","M","E","M","R","B",null],"character_chosen":"IRONCLAD","items_purchased":["Whirlwind"],"campfire_rested":2,"item_purchase_floors":[2],"current_hp_per_floor":[80,80,80,80,55,55,10,16,16,40,23,22,25,31,55,10,80,80],"gold":370,"neow_bonus":"","is_daily":true,"chose_seed":false,"campfire_upgraded":1,"win_rate":0.0,"timestamp":1614139177,"path_taken":["M","?","?","?","?","R","E","?","T","R","?","M","E","M","R","BOSS"],"items_purchased_type":["Card"],"build_version":"2020-12-22","purchased_purges":0,"victory":false,"max_hp_per_floor":[80,80,80,80,80,80,80,80,80,80,80,80,80,80,80,80,80,80],"relic_stats":{"Nunchaku":[1],"counters":[9,46],"Art of War":[5],"obtain_stats":[{"Nunchaku":13,"Matryoshka":5,"Replay:PocketPolymizer":11,"Philosopher\u0027s Stone":17,"Art of War":9,"Toxic Egg 2":7,"Burning Blood":0,"Unceasing Top":0,"Mercury Hourglass":9},{"Nunchaku":7,"Matryoshka":2,"Replay:PocketPolymizer":5,"Philosopher\u0027s Stone":9,"Art of War":4,"Toxic Egg 2":3,"Burning Blood":0,"Unceasing Top":0,"Mercury Hourglass":4},{"Nunchaku":31,"Matryoshka":8,"Replay:PocketPolymizer":23,"Philosopher\u0027s Stone":46,"Art of War":19,"Toxic Egg 2":18,"Burning Blood":0,"Unceasing Top":0,"Mercury Hourglass":19}],"Burning Blood":50,"Unceasing Top":[1],"Mercury Hourglass":[90]},"card_choices":[{"not_picked":["Wild Strike","Warcry"],"picked":"Heavy Blade","floor":1},{"not_picked":["Shockwave","Warcry","Feel No Pain"],"picked":"SKIP","floor":4},{"not_picked":["Transmutation+1","Shrug It Off+1"],"picked":"Armaments+1","floor":7},{"not_picked":["Clash","Warcry+1"],"picked":"Iron Wave","floor":8},{"not_picked":["Warcry+1","ReplayTheSpireMod:Strike From Hell"],"picked":"Armaments+1","floor":11},{"not_picked":["Reckless Charge","Clash"],"picked":"Apotheosis+1","floor":12},{"not_picked":["Specialist","Flash of Steel"],"picked":"Replay:BasicMightCard","floor":13},{"not_picked":["Havoc+1","Thunderclap","Headbutt"],"picked":"SKIP","floor":14},{"not_picked":["Brutality","The Bomb+1"],"picked":"Hemogenesis","floor":16}],"player_experience":249734,"relics_obtained":[{"floor":7,"key":"Toxic Egg 2"},{"floor":9,"key":"Mercury Hourglass"},{"floor":9,"key":"Art of War"},{"floor":11,"key":"Replay:PocketPolymizer"},{"floor":13,"key":"Nunchaku"}],"event_choices":[{"cards_removed":["Heavy Blade"],"damage_healed":0,"gold_gain":0,"player_choice":"Purged","damage_taken":0,"max_hp_gain":0,"max_hp_loss":0,"event_name":"Purifier","floor":3,"gold_loss":0},{"damage_healed":0,"gold_gain":0,"player_choice":"Success","damage_taken":25,"relics_obtained":["Matryoshka"],"max_hp_gain":0,"max_hp_loss":0,"event_name":"Scrap Ooze","floor":5,"gold_loss":0}],"is_beta":false,"boss_relics":[{"not_picked":["Pandora\u0027s Box","Runic Cube"],"picked":"Philosopher\u0027s Stone"}],"items_purged_floors":[],"is_endless":false,"potions_floor_spawned":[8,11,12,13,14],"ascension_level":0}}