{"host":"ppqll9nf92xyjrj9","time":1614144873,"event":{"mods":["Act Like it!","Arknights","BaseMod","Bestiary","Better Third Choice","Bossed Relics","Curses Come First","Ekko","Evolution","Hermit","Jorbs\u0027s Wanderer Trilogy","Keyboard Shortcuts","Marked Mod","Minty Spire (QoL Compilation)","Relic Stats","Shapeshifter Mod","Spicy Shops","StS++","StSLib","The Marked","The Runesmith","Weighted Paths","【遗物卡牌】REMEMod"],"gold_per_floor":[111,0,12,12,32,32,61,79,79,114,137,155,155,183,183,288,288,300,317,317,333,346,377,377,29,29,29,63,78,96,11,11,115,115,127,181,13,13,13,47,61,88,112,112,112,112,138,138,138],"floor_reached":48,"language":"ENG","playtime":7529,"items_purged":["Strike_B"],"score":707,"play_id":"e845d8a2-a18d-4582-9474-2fd591e9a136","local_time":"20210223213433","is_ascension_mode":true,"campfire_choices":[{"data":"Enlightenment","floor":6.0,"key":"SMITH"},{"data":"Electrodynamics","floor":13.0,"key":"SMITH"},{"floor":15.0,"key":"REST"},{"data":"Hologram","floor":24,"key":"SMITH"},{"floor":27,"key":"REST"},{"floor":32,"key":"REST"},{"floor":44,"key":"DIG"},{"data":"Zap","floor":46,"key":"SMITH"}],"circlet_count":0,"master_deck":["Compile Driver+1","Defend_B","Defend_B","Defend_B","Zap+1","Dualcast","The Bomb","Electrodynamics+1","Rebound","Enlightenment+1","Leap","Auto Shields","Hologram+1","Streamline","Coolheaded","REME_Shoggoth+1","StSpp:Mask","StSpp:Fierceness","StSpp:Converter","BootSequence+1","StSpp:Pointer+1","Turbo","StSpp:Channeliser+1","Multi-Cast","Turbo+1","Compile Driver+1","REME_ShortnessOfBreath","Beam Cell","Barrage","Steam+1","Steam+1"],"relics":["Cracked Core","EVO:Axolotl","REME_ComplimentaryCards","Lizard Tail","Letter Opener","Gremlin Horn","Bag of Marbles","StSpp:GiftCard","Empty Cage","StSpp:BrokenTotem","Membership Card","HornCleat","Lantern","Whetstone","Oddly Smooth Stone","Mercury Hourglass","Astrolabe","Shovel","Shuriken","Pantograph","Nunchaku","PreservedInsect","Toxic Egg 2","Ginger","Unceasing Top"],"acts_visited":["Exordium","TheCity","TheBeyond"],"potions_floor_usage":[36,36,40,40,42],"damage_taken":[{"damage":1.0,"enemies":"Jaw Worm","floor":1.0,"turns":3.0},{"damage":0.0,"enemies":"Small Slimes","floor":3.0,"turns":3.0},{"damage":0.0,"enemies":"Cultist","floor":5.0,"turns":3.0},{"damage":14.0,"enemies":"3 Sentries","floor":7.0,"turns":4.0},{"damage":10.0,"enemies":"Exordium Thugs","floor":8.0,"turns":3.0},{"damage":25.0,"enemies":"Lagavulin","floor":10.0,"turns":6.0},{"damage":1.0,"enemies":"2 Fungi Beasts","floor":12.0,"turns":3.0},{"damage":4.0,"enemies":"3 Sentries","floor":14.0,"turns":3.0},{"damage":30.0,"enemies":"Hexaghost","floor":16.0,"turns":5.0},{"damage":27,"enemies":"Shell Parasite","floor":18,"turns":4},{"damage":18,"enemies":"Spheric Guardian","floor":19,"turns":4},{"damage":4,"enemies":"Snecko","floor":21,"turns":3},{"damage":9,"enemies":"3 Cultists","floor":22,"turns":4},{"damage":13,"enemies":"Gremlin Leader","floor":23,"turns":4},{"damage":16,"enemies":"Book of Stabbing","floor":28,"turns":4},{"damage":0,"enemies":"Centurion and Healer","floor":29,"turns":1},{"damage":0,"enemies":"Snake Plant","floor":30,"turns":4},{"damage":45,"enemies":"Collector","floor":33,"turns":7},{"damage":2,"enemies":"3 Shapes","floor":35,"turns":2},{"damage":11,"enemies":"2 Orb Walkers","floor":36,"turns":3},{"damage":29,"enemies":"Nemesis","floor":40,"turns":4},{"damage":11,"enemies":"3 Darklings","floor":41,"turns":3},{"damage":0,"enemies":"Giant Head","floor":42,"turns":4},{"damage":21,"enemies":"Nemesis","floor":47,"turns":5},{"damage":25,"enemies":"Writhing Mass","floor":48,"turns":3}],"seed_played":"-9056290703900075983","potions_obtained":[{"floor":1.0,"key":"DuplicationPotion"},{"floor":8.0,"key":"Dexterity Potion"},{"floor":12.0,"key":"SkillPotion"},{"floor":14.0,"key":"FearPotion"},{"floor":16.0,"key":"FocusPotion"},{"floor":21,"key":"SkillPotion"},{"floor":41,"key":"Regen Potion"}],"is_trial":false,"path_per_floor":["M","?","M","?","M","R","E","M","T","E","T","M","R","E","R","B",null,"M","M","?","M","M","E","R","$","T","R","E","M","M","?","R","B",null,"M","?","$","?","$","E","M","E","T","R","T","R","E","M"],"character_chosen":"DEFECT","items_purchased":["Membership Card","HornCleat","Lantern","AttackPotion","Shuriken","Beam Cell","Energy Potion","Swift Potion","Strength Potion"],"campfire_rested":3,"item_purchase_floors":[25,25,25,25,37,39,39,39,39],"current_hp_per_floor":[74,80,80,80,80,80,66,56,56,31,31,30,30,26,50,20,81,54,36,36,32,23,10,10,10,10,34,18,18,18,18,42,40,81,79,68,68,68,68,39,28,40,40,40,40,40,19,0,0],"gold":138,"neow_bonus":"ONE_RANDOM_RARE_CARD","is_daily":false,"chose_seed":false,"campfire_upgraded":4,"win_rate":0.0,"timestamp":1614144873,"path_taken":["M","?","M","?","?","R","E","M","T","E","?","M","R","E","R","BOSS","M","M","?","M","M","E","R","$","T","R","E","M","M","?","R","BOSS","M","?","$","?","?","E","?","E","T","R","?","R","E","M"],"items_purchased_type":["Relic","Relic","Relic","Potion","Relic","Card","Potion","Potion","Potion"],"build_version":"2020-12-22","purchased_purges":1,"victory":false,"max_hp_per_floor":[75,81,81,81,81,81,81,81,81,81,81,81,81,81,81,81,81,81,81,81,81,81,81,81,81,81,81,81,81,81,81,81,81,81,81,81,81,81,81,81,81,81,81,81,81,81,81,81,81],"relic_stats":{"Gremlin Horn":[17,17],"counters":[25,91],"Astrolabe":[],"PreservedInsect":47,"Letter Opener":[171],"Whetstone":["Compile Driver","REME_Shoggoth"],"Ginger":[4],"Mercury Hourglass":[142],"Lizard Tail":40,"Nunchaku":[1],"Shovel":1,"Shuriken":[13],"Pantograph":0,"obtain_stats":[{"Lantern":25,"Gremlin Horn":10,"EVO:Axolotl":0,"StSpp:GiftCard":14,"Whetstone":26,"Ginger":45,"Empty Cage":17,"Lizard Tail":7,"Nunchaku":42,"HornCleat":25,"Shovel":36,"Pantograph":40,"Toxic Egg 2":44,"Cracked Core":0,"Astrolabe":34,"Oddly Smooth Stone":28,"PreservedInsect":43,"Letter Opener":9,"Mercury Hourglass":31,"Shuriken":37,"StSpp:BrokenTotem":23,"Bag of Marbles":11,"Membership Card":25,"Unceasing Top":47,"REME_ComplimentaryCards":0},{"Lantern":14,"Gremlin Horn":6,"EVO:Axolotl":0,"StSpp:GiftCard":8,"Whetstone":14,"Ginger":23,"Empty Cage":9,"Lizard Tail":4,"Nunchaku":23,"HornCleat":14,"Shovel":20,"Pantograph":21,"Toxic Egg 2":23,"Cracked Core":0,"Astrolabe":18,"Oddly Smooth Stone":15,"PreservedInsect":23,"Letter Opener":5,"Mercury Hourglass":17,"Shuriken":20,"StSpp:BrokenTotem":14,"Bag of Marbles":6,"Membership Card":14,"Unceasing Top":24,"REME_ComplimentaryCards":0},{"Lantern":52,"Gremlin Horn":22,"EVO:Axolotl":0,"StSpp:GiftCard":28,"Whetstone":52,"Ginger":83,"Empty Cage":33,"Lizard Tail":13,"Nunchaku":83,"HornCleat":52,"Shovel":73,"Pantograph":76,"Toxic Egg 2":83,"Cracked Core":0,"Astrolabe":68,"Oddly Smooth Stone":56,"PreservedInsect":83,"Letter Opener":16,"Mercury Hourglass":61,"Shuriken":73,"StSpp:BrokenTotem":52,"Bag of Marbles":22,"Membership Card":52,"Unceasing Top":88,"REME_ComplimentaryCards":0}],"Unceasing Top":[0]},"card_choices":[{"not_picked":["Turbo","Skim"],"picked":"Rebound","floor":1.0},{"not_picked":["Glacier","Compile Driver"],"picked":"Leap","floor":3.0},{"not_picked":["Glacier","Gash"],"picked":"Hologram","floor":5.0},{"not_picked":["Hyperbeam","Gash"],"picked":"Streamline","floor":7.0},{"not_picked":["Leap","Streamline"],"picked":"Coolheaded","floor":8.0},{"not_picked":["Multi-Cast","Heatsinks"],"picked":"REME_Shoggoth","floor":10.0},{"not_picked":["Steam","Double Energy"],"picked":"StSpp:Mask","floor":12.0},{"not_picked":["Barrage","REME_Compress"],"picked":"StSpp:Fierceness","floor":14.0},{"not_picked":["Thunder Strike","REME_Shoggoth"],"picked":"StSpp:Converter","floor":16.0},{"not_picked":["StSpp:Fierceness","Coolheaded+1"],"picked":"BootSequence+1","floor":18},{"not_picked":["Redo","Cold Snap","Beam Cell"],"picked":"SKIP","floor":19},{"not_picked":["BootSequence","StSpp:Saturation"],"picked":"StSpp:Pointer+1","floor":21},{"not_picked":["Ball Lightning","Sweeping Beam","Barrage"],"picked":"SKIP","floor":22},{"not_picked":["Beam Cell+1","Cold Snap","BootSequence"],"picked":"SKIP","floor":23},{"not_picked":["Coolheaded+1","Streamline+1"],"picked":"Turbo","floor":28},{"not_picked":["Streamline","Scrape","Sweeping Beam+1"],"picked":"SKIP","floor":29},{"not_picked":["Undo","StSpp:Igniter+1"],"picked":"StSpp:Channeliser+1","floor":30},{"not_picked":["Echo Form","StSpp:CopyPaste"],"picked":"Multi-Cast","floor":33},{"not_picked":["Streamline+1","Hello World"],"picked":"Turbo+1","floor":35},{"not_picked":["Hello World+1","REME_DataAnalysis"],"picked":"Compile Driver+1","floor":36},{"not_picked":["Good Instincts","The Bomb"],"picked":"REME_ShortnessOfBreath","floor":38},{"not_picked":["Force Field","Turbo+1"],"picked":"Barrage","floor":40},{"not_picked":["Sweeping Beam","Conserve Battery+1"],"picked":"Steam+1","floor":41},{"not_picked":["Sweeping Beam+1","Compile Driver","Rebound"],"picked":"SKIP","floor":42},{"not_picked":["Storm","Barrage+1"],"picked":"Steam+1","floor":47}],"player_experience":190520,"relics_obtained":[{"floor":7.0,"key":"Lizard Tail"},{"floor":9.0,"key":"Letter Opener"},{"floor":10.0,"key":"Gremlin Horn"},{"floor":11.0,"key":"Bag of Marbles"},{"floor":14.0,"key":"StSpp:GiftCard"},{"floor":23,"key":"StSpp:BrokenTotem"},{"floor":26,"key":"Whetstone"},{"floor":28,"key":"Oddly Smooth Stone"},{"floor":36,"key":"Shovel"},{"floor":40,"key":"Pantograph"},{"floor":42,"key":"Nunchaku"},{"floor":43,"key":"PreservedInsect"},{"floor":44,"key":"Toxic Egg 2"},{"floor":45,"key":"Ginger"},{"floor":47,"key":"Unceasing Top"}],"event_choices":[{"damage_healed":0.0,"max_hp_gain":0.0,"max_hp_loss":0.0,"gold_gain":0.0,"event_name":"betterThird:BetterSerpent","player_choice":"RENOUNCE","floor":2.0,"gold_loss":111.0,"damage_taken":111.0,"cards_obtained":["Enlightenment"]},{"damage_healed":0.0,"max_hp_gain":0.0,"max_hp_loss":0.0,"gold_gain":0.0,"cards_transformed":["Strike_B"],"event_name":"Living Wall","player_choice":"Change","floor":4.0,"gold_loss":0.0,"damage_taken":0.0,"cards_obtained":["Auto Shields"]},{"damage_healed":0,"gold_gain":0,"player_choice":"Ignored","damage_taken":0,"max_hp_gain":0,"max_hp_loss":0,"event_name":"Ghosts","floor":20,"gold_loss":0},{"damage_healed":0,"gold_gain":0,"player_choice":"Obtained Relic","damage_taken":0,"relics_obtained":["Mercury Hourglass"],"max_hp_gain":0,"max_hp_loss":0,"event_name":"Addict","floor":31,"gold_loss":85},{"damage_healed":0,"gold_gain":0,"player_choice":"Fight","damage_taken":0,"max_hp_gain":0,"max_hp_loss":0,"event_name":"Mysterious Sphere","floor":36,"gold_loss":0},{"damage_healed":0,"gold_gain":0,"player_choice":"Memory 1","damage_taken":0,"max_hp_gain":0,"max_hp_loss":0,"event_name":"SensoryStone","floor":38,"gold_loss":0}],"is_beta":false,"boss_relics":[{"not_picked":["REME_LowDesire","Sozu"],"picked":"Empty Cage"},{"not_picked":["SlaversCollar","Calling Bell"],"picked":"Astrolabe"}],"items_purged_floors":[37],"is_endless":false,"potions_floor_spawned":[1,8,12,14,16,21,28,30,33,35,41],"killed_by":"Writhing Mass","ascension_level":1}}