{"host":"kig4ty9d1aubg29s","time":1614129989,"event":{"mods":["BaseMod","Minty Spire (QoL Compilation)","READ ME - Guardian Mod","READ ME - Snecko Mod","StSLib","The Cursed","The Gatherer","The Hierophant","The Runesmith"],"gold_per_floor":[112,187,187,337,350,350,377,302,302,345,415,415,436,464,464,464,464],"floor_reached":16,"language":"KOR","playtime":405,"items_purged":[],"score":253,"play_id":"b8210577-279e-4259-b35f-fdff22bf1595","local_time":"20210224102629","is_ascension_mode":true,"campfire_choices":[{"floor":6,"key":"REST"},{"floor":12,"key":"REST"},{"data":"Leg Sweep","floor":15,"key":"SMITH"}],"circlet_count":0,"master_deck":["AscendersBane","Strike_G","Strike_G","Strike_G","Strike_G","Strike_G","Defend_G","Defend_G","Defend_G","Defend_G","Defend_G","Survivor","Neutralize+1","Dagger Throw","Dagger Throw","Distraction","Leg Sweep+1","Poisoned Stab","Catalyst"],"relics":["Ring of the Snake","NeowsBlessing","Runesmith:AutoHammer","CeramicFish","Gambling Chip","Bottled Lightning"],"acts_visited":["Exordium"],"potions_floor_usage":[14,16],"damage_taken":[{"damage":0,"enemies":"Small Slimes","floor":1,"turns":1},{"damage":0,"enemies":"Jaw Worm","floor":5,"turns":1},{"damage":0,"enemies":"Gremlin Nob","floor":7,"turns":1},{"damage":42,"enemies":"3 Sentries","floor":10,"turns":9},{"damage":2,"enemies":"2 Louse","floor":13,"turns":3},{"damage":7,"enemies":"Large Slime","floor":14,"turns":7},{"damage":35,"enemies":"Hexaghost","floor":16,"turns":11}],"seed_played":"-2163862063718638140","potions_obtained":[{"floor":10,"key":"Weak Potion"},{"floor":13,"key":"Swift Potion"},{"floor":14,"key":"FearPotion"}],"is_trial":false,"path_per_floor":["M","?","?","?","M","R","E","?","T","E","T","R","M","M","R","B"],"character_chosen":"THE_SILENT","items_purchased":[],"campfire_rested":2,"item_purchase_floors":[],"current_hp_per_floor":[59,48,48,48,48,66,66,66,66,24,24,43,41,34,34,0,0],"gold":464,"neow_bonus":"THREE_ENEMY_KILL","is_daily":false,"chose_seed":false,"campfire_upgraded":1,"win_rate":0.0,"timestamp":1614129989,"path_taken":["M","?","?","?","M","R","E","?","T","E","?","R","M","M","R","BOSS"],"items_purchased_type":[],"build_version":"2020-12-22","purchased_purges":0,"victory":false,"max_hp_per_floor":[66,66,66,66,66,66,66,66,66,66,66,66,66,66,66,66,66],"card_choices":[{"not_picked":["Bane","Outmaneuver"],"picked":"Dagger Throw","floor":1},{"not_picked":["Choke","Flying Knee"],"picked":"Dagger Throw","floor":5},{"not_picked":["Dodge and Roll","Predator"],"picked":"Distraction","floor":7},{"not_picked":["Wraith Form v2","Bouncing Flask"],"picked":"Leg Sweep","floor":10},{"not_picked":["Concentrate","Bane"],"picked":"Poisoned Stab","floor":13},{"not_picked":["Quick Slash","Cloak And Dagger"],"picked":"Catalyst","floor":14}],"player_experience":2017615,"relics_obtained":[{"floor":7,"key":"Runesmith:AutoHammer"},{"floor":9,"key":"CeramicFish"},{"floor":10,"key":"Gambling Chip"},{"floor":11,"key":"Bottled Lightning"}],"event_choices":[{"damage_healed":0,"gold_gain":75,"player_choice":"Gather Gold","damage_taken":11,"max_hp_gain":0,"max_hp_loss":0,"event_name":"World of Goop","floor":2,"gold_loss":0},{"damage_healed":0,"gold_gain":0,"player_choice":"Grow","damage_taken":0,"max_hp_gain":0,"max_hp_loss":0,"event_name":"Living Wall","floor":3,"gold_loss":0,"cards_upgraded":["Neutralize"]},{"damage_healed":0,"gold_gain":150,"player_choice":"AGREE","damage_taken":0,"max_hp_gain":0,"max_hp_loss":0,"event_name":"Liars Game","floor":4,"gold_loss":0,"cards_obtained":["Doubt"]},{"cards_removed":["Doubt"],"damage_healed":0,"gold_gain":0,"player_choice":"Card Removal","damage_taken":0,"max_hp_gain":0,"max_hp_loss":0,"event_name":"The Cleric","floor":8,"gold_loss":75}],"is_beta":false,"boss_relics":[],"items_purged_floors":[],"is_endless":false,"potions_floor_spawned":[10,13,14],"killed_by":"Hexaghost","ascension_level":18}}