{"host":"rsbhidffjle4v6w5","time":1614192373,"event":{"mods":["Act Like it!","Ascension Reborn","BaseMod","Better Note","Better Third Choice","BetterRewards","Block Reminder","Colored Map","Minty Spire (QoL Compilation)","Quick Restart","Replay The Spire","Ruina","StSLib"],"gold_per_floor":[112,174,186,186,186,216,216,249,249,279,304,322,84,84,84,184,184,204,224,241,241,251,251,284,284,284,294,212,212,244,88,88,186,186,197,197,215,215,215,215,215,227,250,250,303,332,332,364,364,364,364,364,58,87,87],"floor_reached":56,"language":"ENG","playtime":1922,"items_purged":[],"score":1332,"play_id":"c3660a90-2c28-4575-b238-9e8c60159bdc","local_time":"20210224214613","is_ascension_mode":false,"campfire_choices":[{"data":"Whirlwind","floor":7.0,"key":"SMITH"},{"floor":15.0,"key":"RECALL"},{"data":"ReplayTheSpireMod:Limb From Limb","floor":23.0,"key":"SMITH"},{"data":"Whirlwind","floor":25.0,"key":"SMITH"},{"data":"Bash","floor":32.0,"key":"SMITH"},{"data":"Inflame","floor":44.0,"key":"SMITH"},{"floor":49.0,"key":"DIG"},{"data":"Inflame","floor":52.0,"key":"SMITH"}],"circlet_count":0,"master_deck":["Strike_R","Strike_R","Strike_R","Strike_R","Strike_R","Defend_R","Defend_R","Defend_R","Defend_R","Bash+1","Whirlwind+1","Shrug It Off","ReplayTheSpireMod:Limb From Limb+1","Thunderclap","Whirlwind+1","Flame Barrier","Immolate+1","Battle Trance+1","Shrug It Off+1","Double Tap+1","Inflame+1","Corruption+1","Offering+1","Inflame+1","Inflame+1","Sentinel"],"relics":["Burning Blood","Incense Burner","Pondfish Scales","Gremlin Horn","ReplayTheSpireMod:Lightbulb","Thread and Needle","Odd Mushroom","Golden Egg","Molten Egg 2","Chameleon Ring","Mark of Pain","Iron Hammer","Vajra","Replay:Wax Seal","MutagenicStrength","HornCleat","Chemical X","SacredBark","Unceasing Top","Replay:Kaleidoscope","Juzu Bracelet","Oddly Smooth Stone","Bag of Preparation","Replay:Bottled Flurry"],"acts_visited":["Exordium","TheCity","TheBeyond","TheEnding"],"potions_floor_usage":[55,55,55,55],"damage_taken":[{"damage":6.0,"enemies":"Jaw Worm","floor":1.0,"turns":3.0},{"damage":2.0,"enemies":"2 Louse","floor":3.0,"turns":3.0},{"damage":10.0,"enemies":"3 Sentries","floor":6.0,"turns":4.0},{"damage":20.0,"enemies":"Replay:BlueRogue","floor":8.0,"turns":5.0},{"damage":6.0,"enemies":"The Mushroom Lair","floor":10.0,"turns":3.0},{"damage":16.0,"enemies":"Gremlin Nob","floor":11.0,"turns":4.0},{"damage":0.0,"enemies":"Small Slimes","floor":12.0,"turns":2.0},{"damage":36.0,"enemies":"Fading Forest","floor":16.0,"turns":11.0},{"damage":2.0,"enemies":"Shell Parasite","floor":18.0,"turns":4.0},{"damage":4.0,"enemies":"2 Thieves","floor":19.0,"turns":2.0},{"damage":0.0,"enemies":"Snake Plant","floor":20.0,"turns":2.0},{"damage":8.0,"enemies":"Shelled Parasite and Fungi","floor":22.0,"turns":4.0},{"damage":0.0,"enemies":"Gremlin Leader","floor":24.0,"turns":4.0},{"damage":11.0,"enemies":"Snecko","floor":27.0,"turns":4.0},{"damage":7.0,"enemies":"Replay:Snechameleon","floor":30.0,"turns":4.0},{"damage":40.0,"enemies":"Champ","floor":33.0,"turns":7.0},{"damage":0.0,"enemies":"3 Darklings","floor":35.0,"turns":2.0},{"damage":0.0,"enemies":"Orb Walker","floor":37.0,"turns":2.0},{"damage":8.0,"enemies":"Transient","floor":42.0,"turns":5.0},{"damage":10.0,"enemies":"2 Orb Walkers","floor":45.0,"turns":3.0},{"damage":13.0,"enemies":"Giant Head","floor":46.0,"turns":4.0},{"damage":6.0,"enemies":"R_Hoarder","floor":48.0,"turns":4.0},{"damage":14.0,"enemies":"Replay:Hell Engine","floor":50.0,"turns":5.0},{"damage":6.0,"enemies":"Shield and Spear","floor":54.0,"turns":4.0},{"damage":14,"enemies":"The Heart","floor":55,"turns":5}],"seed_played":"1636978925411603085","potions_obtained":[{"floor":1.0,"key":"EntropicBrew"},{"floor":10.0,"key":"Explosive Potion"},{"floor":11.0,"key":"BloodPotion"},{"floor":16.0,"key":"SpeedPotion"},{"floor":19.0,"key":"PowerPotion"},{"floor":20.0,"key":"Energy Potion"},{"floor":27.0,"key":"SmokeBomb"},{"floor":45.0,"key":"FearPotion"},{"floor":47.0,"key":"EntropicBrew"}],"is_trial":false,"path_per_floor":["M","?","M","?","$","E","R","E","T","?","E","M","$","?","R","B",null,"M","M","M","?","M","R","E","R","T","M","$","?","E","$","R","B",null,"M","?","M","$","?","?","?","M","T","R","?","E","R","E","R_BF","B",null,"R","$","E","B",null],"character_chosen":"IRONCLAD","items_purchased":["Whirlwind","Shrug It Off","ReplayTheSpireMod:Limb From Limb","Explosive Potion","Molten Egg 2","Replay:Wax Seal","Chemical X","Inflame","Bag of Preparation","LifebloodPotion"],"campfire_rested":0,"item_purchase_floors":[0,0,0,0,13,28,31,53,53,53],"current_hp_per_floor":[44,44,48,53,53,49,49,35,35,35,25,31,31,31,31,11,85,85,85,85,85,83,83,85,85,85,80,80,80,79,79,79,45,85,85,85,85,85,85,81,81,79,79,79,75,68,68,68,68,60,81,81,81,81,73],"gold":87,"neow_bonus":"","is_daily":false,"chose_seed":false,"campfire_upgraded":6,"win_rate":0.0,"timestamp":1614192373,"path_taken":["M","?","M","?","?","E","R","E","T","?","E","M","$","?","R","BOSS","M","?","M","?","M","R","E","R","T","M","$","?","E","?","R","BOSS","M","?","M","$","?","?","?","?","T","R","?","E","R","E","R_BF","BOSS","R","$","E","BOSS"],"items_purchased_type":["Card","Card","Card","Potion","Relic","Relic","Relic","Card","Relic","Potion"],"build_version":"2020-12-22","purchased_purges":0,"victory":true,"max_hp_per_floor":[80,80,80,85,85,85,85,85,85,85,85,85,85,85,85,85,85,85,85,85,85,85,85,85,85,85,85,85,85,85,85,85,85,85,85,85,85,85,85,81,81,81,81,81,81,81,81,81,81,81,81,81,81,81,81],"card_choices":[{"not_picked":["ReplayTheSpireMod:LeadingStrike","Run Through"],"picked":"Thunderclap","floor":1.0},{"not_picked":["Havoc","Clash","Wild Strike"],"picked":"SKIP","floor":3.0},{"not_picked":["Clash","Power Through"],"picked":"Whirlwind","floor":6.0},{"not_picked":["Replay:Many Hands","ReplayTheSpireMod:Strike From Hell","Shockwave"],"picked":"SKIP","floor":8.0},{"not_picked":["Whirlwind","Flex"],"picked":"Flame Barrier","floor":10.0},{"not_picked":["Blood for Blood","Run Through","Sword Boomerang"],"picked":"SKIP","floor":11.0},{"not_picked":["Sever Soul","Replay:Many Hands","Rampage"],"picked":"SKIP","floor":12.0},{"not_picked":["Limit Break","Corruption"],"picked":"Immolate+1","floor":16.0},{"not_picked":["Rampage+1","Defy Death","Flex"],"picked":"SKIP","floor":18.0},{"not_picked":["ReplayReversal","Carnage+1","ReplayTheSpireMod:Strike From Hell+1"],"picked":"SKIP","floor":19.0},{"not_picked":["Uppercut+1","Replay:Undeath\u0027s Touch+1"],"picked":"Battle Trance+1","floor":20.0},{"not_picked":["Uppercut+1","Infernal Blade","Dual Wield"],"picked":"SKIP","floor":22.0},{"not_picked":["ReplayTheSpireMod:Limb From Limb+1","Clothesline+1"],"picked":"Shrug It Off+1","floor":24.0},{"not_picked":["Twin Strike+1","Fire Breathing+1","Sword Boomerang+1"],"picked":"SKIP","floor":27.0},{"not_picked":["Infernal Blade","Armaments"],"picked":"Iron Wave+1","floor":30.0},{"not_picked":["Fiend Fire+1","Brutality"],"picked":"Double Tap","floor":33.0},{"not_picked":["Run Through+1","Thunderclap+1","Twin Strike+1"],"picked":"SKIP","floor":35.0},{"not_picked":["Thunderclap+1","Rage","Armaments"],"picked":"SKIP","floor":37.0},{"not_picked":["Ghostly Armor+1","Twin Strike+1","Searing Blow+1"],"picked":"SKIP","floor":42.0},{"not_picked":["Iron Wave+1","Armaments"],"picked":"Offering","floor":45.0},{"not_picked":["ReplayReversal","Heavy Blade+1","Thunderclap+1"],"picked":"SKIP","floor":46.0},{"not_picked":["Twin Strike+1","Battle Trance+1"],"picked":"Inflame","floor":48.0},{"not_picked":["ReplayTheSpireMod:Stacked+1","Impervious"],"picked":"Sentinel","floor":54.0}],"player_experience":1138296,"relics_obtained":[{"floor":6.0,"key":"Gremlin Horn"},{"floor":8.0,"key":"ReplayTheSpireMod:Lightbulb"},{"floor":9.0,"key":"Thread and Needle"},{"floor":10.0,"key":"Odd Mushroom"},{"floor":11.0,"key":"Golden Egg"},{"floor":24.0,"key":"Iron Hammer"},{"floor":26.0,"key":"Vajra"},{"floor":30.0,"key":"HornCleat"},{"floor":45.0,"key":"Unceasing Top"},{"floor":46.0,"key":"Replay:Kaleidoscope"},{"floor":48.0,"key":"Juzu Bracelet"},{"floor":49.0,"key":"Oddly Smooth Stone"},{"floor":54.0,"key":"Replay:Bottled Flurry"}],"event_choices":[{"damage_healed":0.0,"max_hp_gain":0.0,"max_hp_loss":0.0,"gold_gain":62.0,"event_name":"Golden Wing","player_choice":"Gained Gold","floor":2.0,"gold_loss":0.0,"damage_taken":0.0},{"damage_healed":0.0,"max_hp_gain":5.0,"max_hp_loss":0.0,"gold_gain":0.0,"event_name":"Big Fish","player_choice":"Donut","floor":4.0,"gold_loss":0.0,"damage_taken":0.0},{"damage_healed":0.0,"max_hp_gain":0.0,"max_hp_loss":0.0,"gold_gain":0.0,"event_name":"Mushrooms","player_choice":"Fought Mushrooms","floor":10.0,"gold_loss":0.0,"damage_taken":0.0},{"damage_healed":0.0,"max_hp_gain":0.0,"max_hp_loss":0.0,"gold_gain":0.0,"event_name":"WeMeetAgain","player_choice":"Gave Potion","floor":14.0,"gold_loss":0.0,"damage_taken":0.0,"relics_obtained":["Chameleon Ring"]},{"damage_healed":0.0,"max_hp_gain":0.0,"max_hp_loss":0.0,"gold_gain":0.0,"event_name":"betterNote:BetterNote","player_choice":"Ignored","floor":21.0,"gold_loss":0.0,"damage_taken":0.0,"cards_obtained":["Limit Break"]},{"damage_healed":0.0,"max_hp_gain":0.0,"max_hp_loss":0.0,"gold_gain":0.0,"event_name":"Drug Dealer","player_choice":"Inject Mutagens","floor":29.0,"gold_loss":0.0,"damage_taken":0.0,"relics_obtained":["MutagenicStrength"]},{"damage_healed":0.0,"max_hp_gain":0.0,"max_hp_loss":0.0,"gold_gain":0.0,"event_name":"Tomb of Lord Red Mask","player_choice":"Ignored","floor":36.0,"gold_loss":0.0,"damage_taken":0.0},{"cards_removed":["Iron Wave"],"damage_healed":0.0,"max_hp_gain":0.0,"max_hp_loss":0.0,"gold_gain":0.0,"event_name":"Falling","player_choice":"Removed Attack","floor":39.0,"gold_loss":0.0,"damage_taken":0.0},{"damage_healed":0.0,"max_hp_gain":0.0,"max_hp_loss":4.0,"gold_gain":0.0,"event_name":"Winding Halls","player_choice":"Max HP","floor":40.0,"gold_loss":0.0,"damage_taken":0.0},{"damage_healed":0.0,"max_hp_gain":0.0,"max_hp_loss":0.0,"gold_gain":0.0,"event_name":"Match and Keep!","player_choice":"2 cards matched","floor":41.0,"gold_loss":0.0,"damage_taken":0.0,"cards_obtained":["Inflame","Corruption"]},{"damage_healed":0.0,"max_hp_gain":0.0,"max_hp_loss":0.0,"gold_gain":0.0,"event_name":"Mysterious Sphere","player_choice":"Fight","floor":45.0,"gold_loss":0.0,"damage_taken":0.0}],"is_beta":false,"boss_relics":[{"not_picked":["Velvet Choker","Astrolabe"],"picked":"Mark of Pain"},{"not_picked":["Snecko Heart","Snecko Eye"],"picked":"SacredBark"}],"items_purged_floors":[],"is_endless":false,"potions_floor_spawned":[1,10,11,16,19,20,27,45],"ascension_level":0}}