{"host":"dh4nu8nelr2izibb","time":1614201477,"event":{"mods":["BaseMod","Better Skull","Better Third Choice","Card Filter","Card Forge","Curses Come First","Displayed Cursed Tome","Extra Virgin Snecko Oil","HololiveMod","Marisa????????","Minty Spire (QoL Compilation)","Poor People Problems","Quick Restart","Relic Filter","Reliquary","StSLib","The Servant 0.9.4","WarShipGirlsR/????R mod","Yakumo Yukari mod"],"gold_per_floor":[109,126,143,156,156,156,185,185,185,204,7,24,41,54,54,152,152,163,163,198,91,111,111,130,130,156,186,186,216,76,76,76,178,178,197,197,208,226,448,448,475,493,493,503,503,513,526,545,545,545,545],"floor_reached":50,"language":"ENG","playtime":2681,"items_purged":["Defend_S"],"score":949,"play_id":"f021db45-67e3-4071-94b5-9b74a90d522c","local_time":"20210224161757","is_ascension_mode":true,"campfire_choices":[{"data":"SilverBlades","floor":6.0,"key":"SMITH"},{"data":"SilverMatrix","floor":8.0,"key":"SMITH"},{"data":"MurderousAura","floor":15.0,"key":"SMITH"},{"floor":23.0,"key":"REST"},{"floor":25.0,"key":"REST"},{"data":"FloweringNight","floor":28.0,"key":"SMITH"},{"floor":32.0,"key":"REST"},{"data":"FlawlessForm","floor":40,"key":"SMITH"},{"data":"SilverBlades","floor":45,"key":"SMITH"},{"floor":49,"key":"REST"}],"circlet_count":0,"master_deck":["AscendersBane","Strike_S","Strike_S","Strike_S","Defend_S","Defend_S","Defend_S","KidneyShot","Exchange","Ricochet+1","SilverBlades+1","Barrier","BottledTime+1","SilverMatrix+1","DancingSilver","Defy","Sabotage","MurderousAura+1","Orbit","FlawlessForm+1","DoubleEdge+1","TimeTheft","FloweringNight+1","Desolation+1","SoulSculpture+1","Sunlight+1","GearUp","SilverBlades+1","Rearm","BottledTime","SoulSculpture+1","Desolation"],"relics":["Uniform","Hammer of Thor","Seething Fire","Anvil of the Gods","reliquary:SilkGlove","Mercury Hourglass","Philosopher\u0027s Stone","Red Mask","reliquary:ExpiredCoupon","Nunchaku","Blood Vial","Bottled Lightning","reliquary:Buckler","Cursed Key","Pen Nib"],"acts_visited":["Exordium","TheCity","TheBeyond"],"potions_floor_usage":[36,50,50],"damage_taken":[{"damage":9.0,"enemies":"Jaw Worm","floor":1.0,"turns":5.0},{"damage":2.0,"enemies":"Cultist","floor":2.0,"turns":4.0},{"damage":0.0,"enemies":"2 Louse","floor":3.0,"turns":2.0},{"damage":10.0,"enemies":"Exordium Thugs","floor":4.0,"turns":5.0},{"damage":13.0,"enemies":"3 Sentries","floor":7.0,"turns":7.0},{"damage":0.0,"enemies":"Looter","floor":10.0,"turns":4.0},{"damage":0.0,"enemies":"3 Louse","floor":12.0,"turns":4.0},{"damage":0.0,"enemies":"2 Fungi Beasts","floor":13.0,"turns":2.0},{"damage":1.0,"enemies":"Blue Slaver","floor":14.0,"turns":4.0},{"damage":0.0,"enemies":"Hexaghost","floor":16.0,"turns":9.0},{"damage":14.0,"enemies":"Chosen","floor":18.0,"turns":5.0},{"damage":39.0,"enemies":"Masked Bandits","floor":20.0,"turns":5.0},{"damage":6.0,"enemies":"Spheric Guardian","floor":22.0,"turns":2.0},{"damage":3.0,"enemies":"Centurion and Healer","floor":24.0,"turns":4.0},{"damage":9.0,"enemies":"Book of Stabbing","floor":27.0,"turns":5.0},{"damage":32.0,"enemies":"Slavers","floor":29.0,"turns":4.0},{"damage":37.0,"enemies":"Automaton","floor":33.0,"turns":7.0},{"damage":0,"enemies":"Orb Walker","floor":35,"turns":3},{"damage":0,"enemies":"Orin","floor":36,"turns":5},{"damage":16,"enemies":"3 Shapes","floor":37,"turns":2},{"damage":3,"enemies":"Sphere and 2 Shapes","floor":38,"turns":3},{"damage":0,"enemies":"Nemesis","floor":41,"turns":7},{"damage":3,"enemies":"Maw","floor":42,"turns":5},{"damage":20,"enemies":"Jaw Worm Horde","floor":44,"turns":3},{"damage":19,"enemies":"4 Shapes","floor":46,"turns":5},{"damage":0,"enemies":"Transient","floor":47,"turns":5},{"damage":4,"enemies":"Spire Growth","floor":48,"turns":4},{"damage":43,"enemies":"Donu and Deca","floor":50,"turns":5}],"seed_played":"-7620476080555888625","potions_obtained":[{"floor":1.0,"key":"Swift Potion"},{"floor":4.0,"key":"Weak Potion"},{"floor":16.0,"key":"FairyPotion"},{"floor":20.0,"key":"SkillPotion"},{"floor":24.0,"key":"Fruit Juice"},{"floor":33.0,"key":"SmokeBomb"},{"floor":35,"key":"LiquidBronze"},{"floor":38,"key":"AttackPotion"},{"floor":46,"key":"Swift Potion"}],"is_trial":false,"path_per_floor":["M","M","M","M","?","R","E","R","T","M","$","M","M","M","R","B",null,"M","?","?","?","M","R","M","R","T","E","R","E","$","?","R","B",null,"M","?","M","M","?","R","E","M","T","M","R","M","M","M","R","B"],"character_chosen":"THE_SERVANT","items_purchased":["Sabotage","Strength Potion","SoulSculpture"],"campfire_rested":4,"item_purchase_floors":[11,11,30],"current_hp_per_floor":[56,54,54,44,44,44,31,31,31,31,31,31,31,30,30,30,61,47,47,8,8,2,23,25,47,47,38,38,8,8,8,30,22,63,65,67,53,52,52,52,54,53,53,35,35,18,20,18,40,0,0],"gold":545,"neow_bonus":"TEN_PERCENT_HP_BONUS","is_daily":false,"chose_seed":false,"campfire_upgraded":6,"win_rate":0.0,"timestamp":1614201477,"path_taken":["M","M","M","M","?","R","E","R","T","M","$","M","M","M","R","BOSS","M","?","?","?","M","R","?","R","T","E","R","E","$","?","R","BOSS","M","?","M","M","?","R","E","M","T","M","R","M","M","M","R","BOSS"],"items_purchased_type":["Card","Potion","Card"],"build_version":"2020-12-22","purchased_purges":1,"victory":false,"max_hp_per_floor":[71,71,71,71,71,71,71,71,71,71,71,71,71,71,71,71,71,71,71,71,71,71,71,76,76,76,76,76,76,76,76,76,76,76,76,76,76,76,76,76,76,76,76,76,76,76,76,76,76,76,76],"card_choices":[{"not_picked":["Contraction","Starlight"],"picked":"Ricochet","floor":1.0},{"not_picked":["Spin","Moondial"],"picked":"SilverBlades","floor":2.0},{"not_picked":["Ricochet","Manipulate"],"picked":"Barrier","floor":3.0},{"not_picked":["ShatteredReality","Unruled"],"picked":"BottledTime","floor":4.0},{"not_picked":[],"picked":"SilverMatrix","floor":5.0},{"not_picked":["Unruled","GearUp"],"picked":"DancingSilver","floor":7.0},{"not_picked":["Ricochet","TimeWarp"],"picked":"Defy","floor":10.0},{"not_picked":["Ricochet","Hightail","Defy"],"picked":"SKIP","floor":12.0},{"not_picked":["Misdirection","Spin"],"picked":"MurderousAura","floor":13.0},{"not_picked":["Unruled","Alleviate"],"picked":"Orbit","floor":14.0},{"not_picked":["Duplication","ForgedInTime"],"picked":"FlawlessForm","floor":16.0},{"not_picked":["Spin","Replace","Unruled"],"picked":"SKIP","floor":18.0},{"not_picked":["TimeWarp","Replace"],"picked":"DoubleEdge+1","floor":20.0},{"not_picked":["Ricochet","DoubleEdge","Spin"],"picked":"SKIP","floor":22.0},{"not_picked":["Deadline","TimeWarp"],"picked":"TimeTheft","floor":24.0},{"not_picked":["ShiftingGears+1","BottledTime"],"picked":"FloweringNight","floor":27.0},{"not_picked":["Revamp+1","SpecialFormula"],"picked":"Desolation+1","floor":29.0},{"not_picked":["PendulumOfEternity","TrueSight"],"picked":"Sunlight","floor":33.0},{"not_picked":["DoubleEdge","Replace"],"picked":"GearUp","floor":35},{"not_picked":["Revamp","MoonPhase+1","DancingSilver"],"picked":"SKIP","floor":37},{"not_picked":["ShatteredReality","Replace+1","Orbit"],"picked":"SKIP","floor":38},{"not_picked":["Revamp","BottledTime"],"picked":"SilverBlades","floor":41},{"not_picked":["DoubleEdge","TimeWarp"],"picked":"Rearm","floor":42},{"not_picked":["FanOfKnives","ShiftingGears"],"picked":"BottledTime","floor":44},{"not_picked":["Ricochet","Rearm+1"],"picked":"SoulSculpture","floor":46},{"not_picked":["Replace+1","Deadline","TimeWarp"],"picked":"SKIP","floor":47},{"not_picked":["Ricochet+1","ForgedInTime"],"picked":"Desolation","floor":48}],"player_experience":1210518,"relics_obtained":[{"floor":7.0,"key":"reliquary:SilkGlove"},{"floor":9.0,"key":"Mercury Hourglass"},{"floor":20.0,"key":"Red Mask"},{"floor":26.0,"key":"Nunchaku"},{"floor":27.0,"key":"Blood Vial"},{"floor":29.0,"key":"reliquary:Buckler"},{"floor":41,"key":"Pen Nib"}],"event_choices":[{"damage_healed":0.0,"max_hp_gain":0.0,"max_hp_loss":0.0,"gold_gain":0.0,"event_name":"Vampires","player_choice":"Ignored","floor":19.0,"gold_loss":0.0,"damage_taken":0.0},{"damage_healed":0.0,"max_hp_gain":0.0,"max_hp_loss":0.0,"gold_gain":0.0,"event_name":"Masked Bandits","player_choice":"Fought Bandits","floor":20.0,"gold_loss":0.0,"damage_taken":0.0},{"damage_healed":0.0,"max_hp_gain":0.0,"max_hp_loss":0.0,"gold_gain":0.0,"event_name":"WeMeetAgain","player_choice":"Paid Gold","floor":21.0,"gold_loss":107.0,"damage_taken":0.0,"relics_obtained":["reliquary:ExpiredCoupon"]},{"damage_healed":0.0,"max_hp_gain":0.0,"max_hp_loss":0.0,"gold_gain":0.0,"event_name":"Ghosts","player_choice":"Ignored","floor":31.0,"gold_loss":0.0,"damage_taken":0.0},{"damage_healed":0,"gold_gain":0,"player_choice":"Fight","damage_taken":0,"max_hp_gain":0,"max_hp_loss":0,"event_name":"OrinTheCat","floor":36,"gold_loss":0},{"damage_healed":0,"gold_gain":222,"player_choice":"Wore Mask","damage_taken":0,"max_hp_gain":0,"max_hp_loss":0,"event_name":"Tomb of Lord Red Mask","floor":39,"gold_loss":0}],"is_beta":false,"boss_relics":[{"not_picked":["Empty Cage","Calling Bell"],"picked":"Philosopher\u0027s Stone"},{"not_picked":["SlaversCollar","Fusion Hammer"],"picked":"Cursed Key"}],"items_purged_floors":[11],"is_endless":false,"potions_floor_spawned":[1,4,10,16,20,24,33,35,38,41,46,47,48],"killed_by":"Donu and Deca","ascension_level":12}}