{"host":"q8niu1x2pgv94o1d","time":1614201007,"event":{"mods":["AchievementEnabler","BaseMod","Colored Map","Colored Powertips","Minty Spire (QoL Compilation)","StSLib"],"gold_per_floor":[114,126,126,201,201,201,233,79,106,122,150,167,167,201,201,272,322,336,347,347,347,361,391,391,391,391],"floor_reached":25,"language":"ENG","playtime":1864,"items_purged":["Regret"],"score":578,"play_id":"110f8b04-7053-4a2b-acb5-b888de5312f1","local_time":"20210224221007","is_ascension_mode":true,"campfire_choices":[{"data":"Anger","floor":6.0,"key":"SMITH"},{"data":"Rage","floor":13.0,"key":"SMITH"},{"data":"Berserk","floor":15.0,"key":"SMITH"},{"data":"1","floor":24,"key":"LIFT"}],"circlet_count":0,"master_deck":["AscendersBane","Strike_R","Strike_R","Strike_R+1","Defend_R","Defend_R","Defend_R","Bash","Fiend Fire","Second Wind","Anger+1","Fire Breathing","Hemokinesis","Rage+1","Flex","Berserk+1","Immolate","Armaments","Shrug It Off+1","Pummel","Reaper","Flame Barrier"],"relics":["Burning Blood","Juzu Bracelet","Centennial Puzzle","PreservedInsect","Happy Flower","Boot","Tiny House","Nilry\u0027s Codex","Girya"],"acts_visited":["Exordium","TheCity"],"potions_floor_usage":[18,23,23],"damage_taken":[{"damage":5.0,"enemies":"2 Louse","floor":1.0,"turns":3.0},{"damage":9.0,"enemies":"Small Slimes","floor":2.0,"turns":4.0},{"damage":36.0,"enemies":"Gremlin Nob","floor":7.0,"turns":4.0},{"damage":2.0,"enemies":"Jaw Worm","floor":10.0,"turns":3.0},{"damage":2.0,"enemies":"Lagavulin","floor":11.0,"turns":2.0},{"damage":12.0,"enemies":"Exordium Thugs","floor":12.0,"turns":4.0},{"damage":2.0,"enemies":"3 Sentries","floor":14.0,"turns":4.0},{"damage":30.0,"enemies":"The Guardian","floor":16.0,"turns":13.0},{"damage":16,"enemies":"Shell Parasite","floor":18,"turns":3},{"damage":10,"enemies":"Spheric Guardian","floor":19,"turns":4},{"damage":17,"enemies":"Centurion and Healer","floor":22,"turns":5},{"damage":21,"enemies":"Slavers","floor":23,"turns":5},{"damage":37,"enemies":"Book of Stabbing","floor":25,"turns":3}],"seed_played":"-1028677988071009879","potions_obtained":[{"floor":2.0,"key":"AttackPotion"},{"floor":7.0,"key":"PowerPotion"},{"floor":11.0,"key":"Ancient Potion"},{"floor":12.0,"key":"Block Potion"},{"floor":16.0,"key":"BloodPotion"},{"floor":19,"key":"SkillPotion"},{"floor":23,"key":"EssenceOfSteel"}],"is_trial":false,"path_per_floor":["M","M","?","?","?","R","E","$","T","M","E","M","R","E","R","B",null,"M","M","?","?","M","E","R","E"],"character_chosen":"IRONCLAD","items_purchased":["DistilledChaos"],"campfire_rested":0,"item_purchase_floors":[8],"current_hp_per_floor":[69,66,66,55,55,55,25,25,25,29,33,27,27,31,31,7,63,53,49,49,28,17,33,33,0,0],"gold":391,"neow_bonus":"TRANSFORM_CARD","is_daily":false,"chose_seed":false,"campfire_upgraded":3,"win_rate":0.0,"timestamp":1614201007,"path_taken":["M","M","?","?","?","R","E","?","T","M","E","M","R","E","R","BOSS","M","M","?","?","M","E","R","E"],"items_purchased_type":["Potion"],"build_version":"2020-12-22","purchased_purges":1,"victory":false,"max_hp_per_floor":[75,75,75,75,75,75,75,75,75,75,75,75,75,75,75,75,80,80,80,80,80,80,80,80,80,80],"card_choices":[{"not_picked":["Clash","Sever Soul"],"picked":"Second Wind","floor":1.0},{"not_picked":["Twin Strike","True Grit"],"picked":"Anger","floor":2.0},{"not_picked":["Clothesline","Heavy Blade"],"picked":"Fire Breathing","floor":7.0},{"not_picked":["Burning Pact","Heavy Blade"],"picked":"Hemokinesis","floor":10.0},{"not_picked":["Feel No Pain","Twin Strike"],"picked":"Rage","floor":11.0},{"not_picked":["Heavy Blade","Body Slam"],"picked":"Flex","floor":12.0},{"not_picked":["Headbutt","Dropkick"],"picked":"Berserk","floor":14.0},{"not_picked":["Juggernaut","Limit Break"],"picked":"Immolate","floor":16.0},{"not_picked":["Clash","Sentinel"],"picked":"Armaments","floor":17},{"not_picked":["Clash","Cleave","Heavy Blade"],"picked":"SKIP","floor":18},{"not_picked":["Burning Pact","Dual Wield"],"picked":"Shrug It Off+1","floor":19},{"not_picked":["Seeing Red","Battle Trance"],"picked":"Flame Barrier","floor":22},{"not_picked":["Dark Embrace","Flex","True Grit"],"picked":"SKIP","floor":23}],"player_experience":1832788,"relics_obtained":[{"floor":7.0,"key":"Centennial Puzzle"},{"floor":9.0,"key":"PreservedInsect"},{"floor":11.0,"key":"Happy Flower"},{"floor":14.0,"key":"Boot"},{"floor":21,"key":"Nilry\u0027s Codex"},{"floor":23,"key":"Girya"}],"event_choices":[{"damage_healed":0.0,"max_hp_gain":0.0,"max_hp_loss":0.0,"gold_gain":0.0,"event_name":"Big Fish","player_choice":"Box","floor":3.0,"gold_loss":0.0,"damage_taken":0.0,"relics_obtained":["Juzu Bracelet"],"cards_obtained":["Regret"]},{"damage_healed":0.0,"max_hp_gain":0.0,"max_hp_loss":0.0,"gold_gain":75.0,"event_name":"World of Goop","player_choice":"Gather Gold","floor":4.0,"gold_loss":0.0,"damage_taken":11.0},{"damage_healed":0.0,"max_hp_gain":0.0,"max_hp_loss":0.0,"gold_gain":0.0,"event_name":"Liars Game","player_choice":"Ignored","floor":5.0,"gold_loss":0.0,"damage_taken":0.0},{"damage_healed":0,"gold_gain":0,"cards_transformed":["Strike_R","Defend_R"],"player_choice":"Became Test Subject","damage_taken":0,"max_hp_gain":0,"max_hp_loss":0,"event_name":"Drug Dealer","floor":20,"gold_loss":0,"cards_obtained":["Pummel","Reaper"]},{"damage_healed":0,"gold_gain":0,"player_choice":"Obtained Book","damage_taken":21,"max_hp_gain":0,"max_hp_loss":0,"event_name":"Cursed Tome","floor":21,"gold_loss":0}],"is_beta":false,"boss_relics":[{"not_picked":["SacredBark","Pandora\u0027s Box"],"picked":"Tiny House"}],"items_purged_floors":[8],"is_endless":false,"potions_floor_spawned":[2,7,11,12,16,19,23],"killed_by":"Book of Stabbing","ascension_level":20}}