{"host":"w05x4i13f2m9joq1","time":1614209390,"event":{"mods":["100% Spire Juice","Act Like it!","BaseMod","Better Altar","Better Match","Better Note","Better Sensory Stone","Better Skull","Better Third Choice","BetterRewards","CapriCore","Colored Map","Colored Powertips","Defective Defect","Duelist Mod","Gensokyo","GifTheSpireLib","Googly Eyes","Infinite Spire","Ironclad Rager","Library of Ruina","Library of Ruina Extra","Lobotomy","LobotomyExtend","Marisa????????","Melee Mod","Minty Spire (QoL Compilation)","Morshu Shopkeeper - ENHANCED","MostiFishMod","Quick Restart","Rare Cards Sparkle","Reliquary","Replay The Spire","Ruina","Shop Mod","Spicy Shops","Spire Birthday Party","StSLib","The Animator","The IronCluck","Uncapped","everything is the same but u backflip on backflip","slay the spire mod where everything is the same but ironclad has a cowboy hat"],"gold_per_floor":[110,120,131,149,149,176,190,225,225,252,278,296,296,318,318,422,422,426,426],"floor_reached":18,"language":"ENG","playtime":1943,"items_purged":[],"score":273,"play_id":"c0f2775b-0d4d-467d-995f-b50daf3bd20a","local_time":"20210224182950","is_ascension_mode":true,"campfire_choices":[{"data":"Overcharge","floor":13,"key":"SMITH"},{"floor":15,"key":"REST"}],"circlet_count":0,"master_deck":["Dodge","LightDefense","LightAttack","LightAttack","LightAttack","LightDefense","LightDefense","LightDefense","ChargeAndCover","FocusedStrikes+1","GrazeTheGrass","QuickAttack","EnergyCycle","Finesse","Disposal","QuickSuppression","QuickSuppression","Overcharge+1","CleanUp","HighKick","FierceCharge","TrashDisposal"],"relics":["PageOfLibrarian","DaveBox","MetatronsCube","SynthV:TestCard","LetterFromLob","PageOfNosferatu","reliquary:QuartzCube","infinitespire:Midas Blood","reliquary:WritOfMandamus"],"acts_visited":["Exordium","TheCity"],"potions_floor_usage":[16,16],"damage_taken":[{"damage":0,"enemies":"2 Louse","floor":1,"turns":3},{"damage":0,"enemies":"Small Slimes","floor":2,"turns":3},{"damage":0,"enemies":"Cultist","floor":3,"turns":2},{"damage":5,"enemies":"Lots of Slimes","floor":4,"turns":3},{"damage":10,"enemies":"Lagavulin","floor":6,"turns":6},{"damage":7,"enemies":"Exordium Wildlife","floor":7,"turns":3},{"damage":4,"enemies":"3 Sentries","floor":8,"turns":5},{"damage":0,"enemies":"Lagavulin","floor":10,"turns":2},{"damage":14,"enemies":"Gremlin Gang","floor":11,"turns":4},{"damage":6,"enemies":"3 Louse","floor":12,"turns":5},{"damage":5,"enemies":"Lots of Slimes","floor":14,"turns":3},{"damage":7,"enemies":"Fading Forest","floor":16,"turns":11}],"seed_played":"-2733669840408067563","potions_obtained":[{"floor":3,"key":"Death Potion"},{"floor":7,"key":"Milkshake"},{"floor":8,"key":"LifebloodPotion"},{"floor":16,"key":"ColorlessPotion"}],"is_trial":false,"path_per_floor":["M","M","M","M","?","E","M","E","T","E","M","M","R","M","R","B",null,"M"],"character_chosen":"Librarian","items_purchased":[],"campfire_rested":1,"item_purchase_floors":[],"current_hp_per_floor":[60,60,60,55,55,45,43,47,47,57,45,43,43,38,61,73,77,0,0],"gold":426,"neow_bonus":"RANDOM_EVENT","is_daily":false,"chose_seed":false,"campfire_upgraded":1,"win_rate":0.0,"timestamp":1614209390,"path_taken":["M","M","M","M","?","E","?","E","T","E","M","M","R","M","R","BOSS","M"],"items_purchased_type":[],"build_version":"2020-12-22","purchased_purges":0,"victory":false,"max_hp_per_floor":[70,70,79,79,79,70,70,77,77,77,77,77,77,77,77,77,77,77,77],"card_choices":[{"not_picked":["FleetFootsteps","SerpentineBarrier","TendonChords","RipSpace","HandleRequest","MultiBlock","NightInTheBackstreets","SnakesPrey"],"picked":"GrazeTheGrass","floor":1},{"not_picked":["WillOfThePrescript","HandleRequest","StrongStrike","Tttonst","EndlessBattle","Ripple","PreparedMind","Multislash","MultiBlock","YouOnlyLiveOnce"],"picked":"QuickAttack","floor":2},{"not_picked":["Fence","ClassAndRespect","Leap_lor","Unlock1","Collision","Multislash","Rewind","SuppressingShot","UnavoidableGaze","Retaliate"],"picked":"EnergyCycle","floor":3},{"not_picked":["FierceCharge","TendonChords","FendThisOffIfYouCan","Diversion","ButterflySlash","SweepTheBackstreets","Outburst","BurningFlash","QuickAttack","IllEndYou","TieShanKao"],"picked":"SKIP","floor":4},{"not_picked":["Blind","Dramatic Entrance","Specialist","Forethought","ReplayUltimateDefense","Poisoned Strike","Survey Options","Mind Blast","Replay:Sssssssssshield","MostiFishMod:TheLastGuard"],"picked":"Finesse","floor":5},{"not_picked":["BiteOff","WildCard","InhaleSmoke","Leap_lor","FleetFootsteps","Faith","Standoff","MultiBlock","FlowOfTheSword","AsThePrescriptOrders"],"picked":"Disposal","floor":6},{"not_picked":["StrongStrike","ButterflySlash","WillOfThePrescript","FleshFillet","SearingSword","Parry","Track","SharpSwipe","CombatPreparation","Tailoring"],"picked":"QuickSuppression","floor":7},{"not_picked":["StrongStrike","CoordinatedAssault","Thrust","PinpointShot","Eliminate","BayonetCombat","Slice_lor","SinglePointStab","EnergyShield","SerpentSwordTechnique"],"picked":"QuickSuppression","floor":8},{"not_picked":["AutomatedMovement","BiteOff","Reload","YouOnlyLiveOnce","SmokingPipe","SharpSwipe","UnavoidableGaze","HeavyPeaks","GreatSerpentsImpact","BiAn"],"picked":"Overcharge","floor":10},{"not_picked":["Faith","ViolentFlame","GrazeTheGrass","Standoff","Leap_lor","FendThisOffIfYouCan","Quickness","UnavoidableGaze","AsThePrescriptOrders","StructuralAnalysis"],"picked":"CleanUp","floor":11},{"not_picked":["TendonChords","ClassAndRespect","IronWall","Ripple","Reload","StrongStrike","Parry","Diversion","StrikeDown","Decapitation"],"picked":"HighKick","floor":12},{"not_picked":["Bvapour","WillOfThePrescript","EnergyStrike","ChargeUp","Outburst","HiddenBlade","MultiHit","ClassAndRespect","TimeForALittleTest","Parry2"],"picked":"FierceCharge","floor":14},{"not_picked":["TieShanKao","BoundaryOfDeath","LeRegole","Suppress"],"picked":"TrashDisposal","floor":16}],"player_experience":222934,"relics_obtained":[{"floor":1,"key":"SynthV:TestCard"},{"floor":1,"key":"LetterFromLob"},{"floor":6,"key":"PageOfNosferatu"},{"floor":8,"key":"reliquary:QuartzCube"},{"floor":10,"key":"infinitespire:Midas Blood"}],"event_choices":[{"damage_healed":0,"gold_gain":1,"player_choice":"1","damage_taken":0,"max_hp_gain":0,"max_hp_loss":0,"event_name":"betterStone:BetterStone","floor":5,"gold_loss":0}],"is_beta":false,"boss_relics":[{"not_picked":["ChewingGum","RhineSuit"],"picked":"reliquary:WritOfMandamus"}],"items_purged_floors":[],"is_endless":false,"potions_floor_spawned":[3,7,8,10,16],"ascension_level":1}}