{"host":"nptej036rrbiurf5","time":1614141565,"event":{"mods":["BaseMod","Colored Map","Colored Powertips","DeckTracker","Minty Spire (QoL Compilation)","StSLib","SuperFastMode"],"gold_per_floor":[115,115,165,184,199,199,214,225,225,7,36,56,56,73,73,150,150,161,178,13,13,13],"floor_reached":21,"language":"KOR","playtime":550,"items_purged":[],"score":366,"play_id":"e73e8fc1-9477-49a5-b930-7f752007ef26","local_time":"20210224133925","is_ascension_mode":true,"campfire_choices":[{"data":"Fire Breathing","floor":6,"key":"SMITH"},{"data":"Evolve","floor":13,"key":"SMITH"},{"data":"Body Slam","floor":15,"key":"SMITH"}],"circlet_count":0,"master_deck":["AscendersBane","Strike_R","Strike_R","Strike_R","Strike_R","Strike_R","Defend_R","Defend_R","Defend_R","Defend_R","Bash","Pummel","Fire Breathing+1","Warcry","Carnage","Warcry","Reaper","Evolve+1","Body Slam+1","Offering","Shrug It Off","Wild Strike","Dark Embrace","Intimidate"],"relics":["Burning Blood","Dead Branch","Singing Bowl","OrangePellets","Oddly Smooth Stone","Cursed Key"],"acts_visited":["Exordium","TheCity"],"potions_floor_usage":[7,11,16],"damage_taken":[{"damage":12,"enemies":"2 Louse","floor":1,"turns":4},{"damage":1,"enemies":"Cultist","floor":4,"turns":3},{"damage":14,"enemies":"Jaw Worm","floor":5,"turns":4},{"damage":6,"enemies":"2 Fungi Beasts","floor":7,"turns":3},{"damage":11,"enemies":"Looter","floor":8,"turns":3},{"damage":32,"enemies":"Gremlin Nob","floor":11,"turns":4},{"damage":6,"enemies":"Exordium Wildlife","floor":12,"turns":3},{"damage":12,"enemies":"2 Fungi Beasts","floor":14,"turns":4},{"damage":6,"enemies":"Slime Boss","floor":16,"turns":6},{"damage":33,"enemies":"2 Thieves","floor":18,"turns":4},{"damage":18,"enemies":"Chosen","floor":19,"turns":6},{"damage":51,"enemies":"Snecko","floor":21,"turns":6}],"seed_played":"9220120904870415539","potions_obtained":[{"floor":1,"key":"SteroidPotion"},{"floor":4,"key":"BloodPotion"},{"floor":7,"key":"Fire Potion"},{"floor":11,"key":"SkillPotion"}],"is_trial":false,"path_per_floor":["M","?","?","M","M","R","M","M","T","$","E","M","R","M","R","B",null,"M","M","$","M"],"character_chosen":"IRONCLAD","items_purchased":["OrangePellets","Warcry","Dark Embrace","Intimidate"],"campfire_rested":0,"item_purchase_floors":[10,10,20,20],"current_hp_per_floor":[44,69,69,74,66,66,66,61,61,61,35,35,35,37,37,37,66,47,39,39,0,0],"gold":13,"neow_bonus":"ONE_RARE_RELIC","is_daily":false,"chose_seed":false,"campfire_upgraded":3,"win_rate":0.0,"timestamp":1614141565,"path_taken":["M","?","?","M","M","R","M","M","T","$","E","M","R","M","R","BOSS","M","?","$","M"],"items_purchased_type":["Relic","Card","Card","Card"],"build_version":"2020-12-22","purchased_purges":0,"victory":false,"max_hp_per_floor":[75,75,75,75,75,75,75,75,75,75,75,75,75,75,75,75,75,75,75,75,75,75],"card_choices":[{"not_picked":["Infernal Blade","Cleave"],"picked":"Pummel","floor":1},{"not_picked":["Iron Wave","Twin Strike"],"picked":"Fire Breathing","floor":4},{"not_picked":["Perfected Strike","Twin Strike"],"picked":"Warcry","floor":5},{"not_picked":["Warcry","Brutality"],"picked":"Carnage","floor":7},{"not_picked":["Twin Strike","Sword Boomerang","Combust"],"picked":"SKIP","floor":8},{"not_picked":["Dropkick","Entrench"],"picked":"Reaper","floor":11},{"not_picked":["Burning Pact","Clash"],"picked":"Evolve","floor":12},{"not_picked":["Sever Soul","Twin Strike"],"picked":"Body Slam","floor":14},{"not_picked":["Bludgeon","Exhume"],"picked":"Offering","floor":16},{"not_picked":["Sentinel","Wild Strike"],"picked":"Shrug It Off","floor":18},{"not_picked":["Shrug It Off","Cleave"],"picked":"Wild Strike","floor":19}],"player_experience":1025333,"relics_obtained":[{"floor":9,"key":"Singing Bowl"},{"floor":11,"key":"Oddly Smooth Stone"}],"event_choices":[{"damage_healed":25,"gold_gain":0,"player_choice":"Banana","damage_taken":0,"max_hp_gain":0,"max_hp_loss":0,"event_name":"Big Fish","floor":2,"gold_loss":0},{"damage_healed":0,"gold_gain":50,"player_choice":"Pray","damage_taken":0,"max_hp_gain":0,"max_hp_loss":0,"event_name":"Golden Shrine","floor":3,"gold_loss":0}],"is_beta":false,"boss_relics":[{"not_picked":["Ectoplasm","Fusion Hammer"],"picked":"Cursed Key"}],"items_purged_floors":[],"is_endless":false,"potions_floor_spawned":[1,4,7,11,14],"killed_by":"Snecko","ascension_level":20}}