{"host":"a9gsz7kv8aebwp1f","time":1614153054,"event":{"mods":["AchievementEnabler","BaseMod","Minty Spire (QoL Compilation)"],"gold_per_floor":[218,1,14,27,27,27,57,57,57,71,86,161,173,173,173,173,173],"floor_reached":16,"language":"KOR","playtime":444,"items_purged":[],"score":163,"play_id":"a55c8e32-730e-4843-a82a-70a5397586d7","local_time":"20210224165054","is_ascension_mode":true,"campfire_choices":[{"data":"Metamorphosis","floor":6,"key":"SMITH"},{"data":"Sword Boomerang","floor":8,"key":"SMITH"},{"floor":15,"key":"REST"}],"circlet_count":0,"master_deck":["AscendersBane","Strike_R","Strike_R","Strike_R","Strike_R","Defend_R","Defend_R","Defend_R","Defend_R","Bash","Flex","Metamorphosis+1","Sword Boomerang+1","Pommel Strike","Carnage","True Grit","Whirlwind","Shrug It Off","Injury"],"relics":["Burning Blood","Self Forming Clay","Matryoshka","Golden Idol"],"acts_visited":["Exordium"],"potions_floor_usage":[7,13,16],"damage_taken":[{"damage":4,"enemies":"2 Louse","floor":1,"turns":3},{"damage":11,"enemies":"Cultist","floor":3,"turns":4},{"damage":15,"enemies":"Small Slimes","floor":4,"turns":4},{"damage":16,"enemies":"Gremlin Nob","floor":7,"turns":3},{"damage":11,"enemies":"Exordium Wildlife","floor":10,"turns":3},{"damage":13,"enemies":"Blue Slaver","floor":11,"turns":2},{"damage":16,"enemies":"Large Slime","floor":13,"turns":6},{"damage":41,"enemies":"Hexaghost","floor":16,"turns":7}],"seed_played":"8012068166426914187","potions_obtained":[{"floor":1,"key":"PowerPotion"},{"floor":7,"key":"Swift Potion"},{"floor":10,"key":"ColorlessPotion"}],"is_trial":false,"path_per_floor":["M","$","M","M","?","R","E","R","T","M","M","?","M","?","R","B"],"character_chosen":"IRONCLAD","items_purchased":["Metamorphosis","Sword Boomerang"],"campfire_rested":1,"item_purchase_floors":[2,2],"current_hp_per_floor":[74,74,69,60,60,60,50,50,50,45,38,27,17,17,41,0,0],"gold":173,"neow_bonus":"HUNDRED_GOLD","is_daily":false,"chose_seed":false,"campfire_upgraded":2,"win_rate":0.0,"timestamp":1614153054,"path_taken":["M","$","M","M","?","R","E","R","T","?","M","?","M","?","R","BOSS"],"items_purchased_type":["Card","Card"],"build_version":"2020-12-22","purchased_purges":0,"victory":false,"max_hp_per_floor":[80,80,80,80,80,80,80,80,80,80,80,80,80,80,80,80,80],"card_choices":[{"not_picked":["Feel No Pain","Evolve"],"picked":"Flex","floor":1},{"not_picked":["Body Slam","Rupture"],"picked":"Pommel Strike","floor":3},{"not_picked":["Havoc","Dark Embrace"],"picked":"Carnage","floor":4},{"not_picked":["Anger","Offering"],"picked":"True Grit","floor":7},{"not_picked":["Clothesline","Havoc","Body Slam"],"picked":"SKIP","floor":10},{"not_picked":["Sentinel","Searing Blow"],"picked":"Whirlwind","floor":11},{"not_picked":["Clothesline","Iron Wave"],"picked":"Shrug It Off","floor":13}],"player_experience":482447,"relics_obtained":[{"floor":7,"key":"Self Forming Clay"},{"floor":9,"key":"Matryoshka"}],"event_choices":[{"cards_removed":["Strike_R"],"damage_healed":0,"gold_gain":0,"player_choice":"Purged","damage_taken":0,"max_hp_gain":0,"max_hp_loss":0,"event_name":"Purifier","floor":5,"gold_loss":0},{"damage_healed":0,"gold_gain":75,"player_choice":"Gather Gold","damage_taken":11,"max_hp_gain":0,"max_hp_loss":0,"event_name":"World of Goop","floor":12,"gold_loss":0},{"damage_healed":0,"gold_gain":0,"player_choice":"Take Wound","damage_taken":0,"relics_obtained":["Golden Idol"],"max_hp_gain":0,"max_hp_loss":0,"event_name":"Golden Idol","floor":14,"gold_loss":0,"cards_obtained":["Injury"]}],"is_beta":false,"boss_relics":[],"items_purged_floors":[],"is_endless":false,"potions_floor_spawned":[1,7,10],"killed_by":"Hexaghost","ascension_level":12}}