{"host":"232321312","time":1614177506,"event":{"mods":["BaseMod","Colored Powertips","Downfall","KinomotoSakuraMod(木之本樱)","LagranYue(拉格朗・月)","Marisa（F雨　魔理沙）","Minty Spire (QoL Compilation)","READ ME - Guardian Mod","Remilia（蕾米莉亚）","Replay The Spire","Shop Mod","StSLib","Td1madao Mod","The Construct","The Hierophant","The Senshi","The Servant 0.9.4","Yuri Mod"],"gold_per_floor":[99,99,158,158,158,187,256,68,68,94,94,94,94,94,94],"floor_reached":13,"language":"ZHS","playtime":745,"items_purged":["Slimebound:Strike_Slimebound"],"score":116,"play_id":"c71e4cd6-38ab-40b1-8738-ae9a25b2d6e4","local_time":"20210224223826","is_ascension_mode":true,"campfire_choices":[{"floor":1.0,"key":"DIG"},{"data":"Slimebound:RainOfGoop","floor":9.0,"key":"SMITH"},{"data":"Slimebound:Split","floor":11.0,"key":"SMITH"}],"circlet_count":0,"master_deck":["Slimebound:Strike_Slimebound","Slimebound:Strike_Slimebound","Slimebound:Tackle","Slimebound:Defend_Slimebound","Slimebound:Defend_Slimebound","Slimebound:Defend_Slimebound","Slimebound:Defend_Slimebound","Slimebound:Split+1","Slimebound:CorrosiveSpit","Slimebound:SplitBruiser","Slimebound:SplitLeeching","Slimebound:SplitMire","Slimebound:RainOfGoop+1","expansioncontent:LastStand","Slimebound:HauntingLick","Slimebound:AcidTongue","Slimebound:Schlurp","Slimebound:LevelUp"],"relics":["Slimebound:AbsorbEndCombat","LagranYue:RandomDrawCardRelic","downfall:HeartsMalice","Garlic","The Courier","AntiCross","Mirror","HornCleat","Akabeko"],"acts_visited":["Exordium"],"potions_floor_usage":[],"damage_taken":[{"damage":0.0,"enemies":"Jaw Worm","floor":2.0,"turns":1.0},{"damage":0.0,"enemies":"Gremlin Nob","floor":3.0,"turns":1.0},{"damage":0.0,"enemies":"2 Louse","floor":5.0,"turns":1.0},{"damage":36.0,"enemies":"Lagavulin","floor":6.0,"turns":4.0},{"damage":0.0,"enemies":"downfall:FleeingMerchant","floor":8.0,"turns":4.0},{"damage":3.0,"enemies":"Gremlin Nob","floor":10.0,"turns":3.0},{"damage":150,"enemies":"3 Sentries","floor":13,"turns":6}],"seed_played":"-4793460789821465905","potions_obtained":[],"is_trial":false,"path_per_floor":["R","M","?","?","M","E","T","$","R","E","R","?","E"],"character_chosen":"SLIMEBOUND","items_purchased":["expansioncontent:LastStand","Slimebound:HauntingLick"],"campfire_rested":0,"item_purchase_floors":[8,8],"current_hp_per_floor":[65,65,65,62,62,32,32,40,40,41,41,41,0,0,0],"gold":94,"neow_bonus":"THREE_ENEMY_KILL","is_daily":false,"chose_seed":false,"campfire_upgraded":2,"win_rate":0.0,"timestamp":1614177506,"path_taken":["R","M","?","?","M","E","T","$","R","E","R","?","E"],"items_purchased_type":["Card","Card"],"build_version":"2020-12-18","purchased_purges":1,"victory":false,"max_hp_per_floor":[65,65,65,65,65,65,65,65,65,65,65,65,65,65,65],"card_choices":[{"not_picked":["Slimebound:ComboTackle","Slimebound:BestDefense","Slimebound:Chomp"],"picked":"SKIP","floor":2.0},{"not_picked":["Slimebound:LevelUp","Slimebound:TongueLash"],"picked":"Slimebound:SplitBruiser","floor":3.0},{"not_picked":["Slimebound:ServeAndProtect","Slimebound:RollThrough"],"picked":"Slimebound:SplitLeeching","floor":5.0},{"not_picked":["Slimebound:BestDefense","Slimebound:RollThrough"],"picked":"Slimebound:SplitMire","floor":6.0},{"not_picked":["Slimebound:SlimeBrawl","Slimebound:HungryTackle"],"picked":"Slimebound:RainOfGoop","floor":8.0},{"not_picked":["Slimebound:SlimeBrawl","Slimebound:Dissolve"],"picked":"Slimebound:AcidTongue","floor":10.0}],"player_experience":732955,"relics_obtained":[{"floor":1.0,"key":"Garlic"},{"floor":6.0,"key":"Mirror"},{"floor":7.0,"key":"HornCleat"},{"floor":10.0,"key":"Akabeko"}],"event_choices":[{"damage_healed":0.0,"max_hp_gain":0.0,"max_hp_loss":0.0,"gold_gain":0.0,"event_name":"Scrap Ooze","player_choice":"Success","floor":4.0,"gold_loss":0.0,"damage_taken":3.0,"relics_obtained":["AntiCross"]}],"is_beta":true,"boss_relics":[],"items_purged_floors":[8],"is_endless":false,"potions_floor_spawned":[],"killed_by":"3 Sentries","ascension_level":1}}