{"host":"mxzdufzqk8sjj15q","time":1614126674,"event":{"mods":["2.2 Compatiblity","BaseMod","Better Note","Downfall","Googly Eyes","Minty Spire (QoL Compilation)","Random Character Button","Rare Cards Sparkle","StSLib","The Cursed","The Disciple","The Hierophant"],"gold_per_floor":[113,288,238,238,252,252,13,33,58,58,58,87,103,3,3,102,102,91,105,105,28,28,28,61,61,61,61,79,79,96,195,195,294,294,312,324,44,0,54,54,54,54,54,66,66,82,48,48,48,48],"floor_reached":51,"language":"ENG","playtime":2582,"items_purged":["TheCursedMod:Strike_TheCursed","TheCursedMod:Strike_TheCursed","TheCursedMod:Strike_TheCursed"],"score":784,"play_id":"cb26f4bf-5faa-4737-a8f1-22ed8ceed6f5","local_time":"20210223213114","is_ascension_mode":false,"campfire_choices":[{"data":"TheCursedMod:HellfireBreathing","floor":6,"key":"SMITH"},{"data":"TheCursedMod:SpitefulPlan","floor":11,"key":"SMITH"},{"data":"TheCursedMod:Torture","floor":15,"key":"SMITH"},{"data":"TheCursedMod:LuckyCharm","floor":23,"key":"SMITH"},{"data":"TheCursedMod:LuckyCharm","floor":27,"key":"SMITH"},{"data":"TheCursedMod:CleanUpWorkshop","floor":32,"key":"SMITH"},{"data":"TheCursedMod:OutForBlood","floor":40,"key":"SMITH"},{"data":"TheCursedMod:Neurasthenia","floor":42,"key":"SMITH"},{"data":"TheCursedMod:CursedWand","floor":45,"key":"SMITH"},{"data":"TheCursedMod:HellfireBreathing","floor":49,"key":"SMITH"}],"circlet_count":0,"master_deck":["TheCursedMod:Defend_TheCursed","TheCursedMod:Defend_TheCursed","TheCursedMod:Defend_TheCursed","TheCursedMod:Defend_TheCursed","TheCursedMod:CursedWand+1","TheCursedMod:CleanUpWorkshop+1","TheCursedMod:Dregs","TheCursedMod:HellfireBreathing+1","Doubt","TheCursedMod:SurpriseAttack","TheCursedMod:SpitefulPlan+1","Good Instincts","TheCursedMod:SurpriseAttack","TheCursedMod:CursedAmulet","TheCursedMod:Torture+1","TheCursedMod:AntiAging+1","TheCursedMod:CursedShiv+1","TheCursedMod:LuckyCharm+1","TheCursedMod:Neurasthenia+1","TheCursedMod:LuckyCharm+1","TheCursedMod:Obscuration+1","TheCursedMod:OutForBlood+1","TheCursedMod:LuckyCharm+1","TheCursedMod:RapidMovement+1","TheCursedMod:StingEye+1","Parasite","TheCursedMod:HellfireBreathing+1","TheCursedMod:HellfireBreathing+1"],"relics":["TheCursedMod:BlackMagic101","Pocketwatch","Unceasing Top","StrikeDummy","Sozu","Lizard Tail","Eternal Feather","Coffee Dripper","Medical Kit","Red Mask","WingedGreaves","Happy Flower"],"acts_visited":["Exordium","TheCity","TheBeyond"],"potions_floor_usage":[],"damage_taken":[{"damage":0,"enemies":"Jaw Worm","floor":1,"turns":5},{"damage":0,"enemies":"2 Louse","floor":5,"turns":3},{"damage":0,"enemies":"Cultist","floor":8,"turns":4},{"damage":8,"enemies":"Lagavulin","floor":12,"turns":8},{"damage":4,"enemies":"Looter","floor":13,"turns":3},{"damage":23,"enemies":"The Guardian","floor":16,"turns":7},{"damage":10,"enemies":"2 Thieves","floor":18,"turns":4},{"damage":0,"enemies":"Shell Parasite","floor":19,"turns":4},{"damage":29,"enemies":"Book of Stabbing","floor":24,"turns":6},{"damage":0,"enemies":"Snecko","floor":28,"turns":7},{"damage":10,"enemies":"3 Cultists","floor":30,"turns":7},{"damage":30,"enemies":"Collector","floor":33,"turns":13},{"damage":6,"enemies":"3 Shapes","floor":35,"turns":8},{"damage":30,"enemies":"Orb Walker","floor":36,"turns":6},{"damage":22,"enemies":"2 Orb Walkers","floor":39,"turns":9},{"damage":2,"enemies":"3 Darklings","floor":44,"turns":5},{"damage":0,"enemies":"Writhing Mass","floor":46,"turns":8},{"damage":0,"enemies":"Donu and Deca","floor":50,"turns":9}],"seed_played":"-2590388614808949909","potions_obtained":[{"floor":5,"key":"Strength Potion"},{"floor":12,"key":"Guardian:BlockOnCardUsePotion"}],"is_trial":false,"path_per_floor":["M","?","?","?","M","R","$","M","T","T","R","E","M","$","R","B",null,"M","M","?","$","?","R","E","?","T","R","M","?","M","?","R","B",null,"M","M","$","?","?","R","$","R","T","M","R","M","$","?","R","B",null],"character_chosen":"THE_CURSED","items_purchased":["TheCursedMod:SpitefulPlan","Good Instincts","TheCursedMod:LuckyCharm","Medical Kit","TheCursedMod:HellfireBreathing"],"campfire_rested":0,"item_purchase_floors":[7,7,21,37,47],"current_hp_per_floor":[82,82,82,79,79,79,79,79,79,79,79,71,67,67,67,44,82,74,76,76,76,76,76,50,50,50,62,65,47,40,40,52,25,103,100,73,73,73,54,69,69,84,84,85,100,103,103,103,118,121],"gold":48,"neow_bonus":"TEN_PERCENT_HP_BONUS","is_daily":false,"chose_seed":false,"campfire_upgraded":10,"win_rate":0.0,"timestamp":1614126674,"path_taken":["M","?","?","?","M","R","?","M","T","?","R","E","?","?","R","BOSS","M","M","?","$","?","R","E","?","T","R","M","?","M","?","R","BOSS","M","M","$","?","?","R","?","R","T","M","R","?","$","?","R","BOSS"],"items_purchased_type":["Card","Card","Card","Relic","Card"],"build_version":"2020-12-22","purchased_purges":3,"victory":true,"max_hp_per_floor":[82,82,82,82,82,82,82,82,82,82,82,82,82,82,82,82,82,84,86,86,86,86,86,89,89,89,89,92,97,100,100,100,103,103,106,109,109,109,112,112,112,112,112,115,115,118,118,118,118,121],"card_choices":[{"not_picked":["TheCursedMod:Obscuration","TheCursedMod:PrepareRite"],"picked":"TheCursedMod:HellfireBreathing","floor":1},{"not_picked":["TheCursedMod:CircleOfCorruption","TheCursedMod:VitalStrike"],"picked":"TheCursedMod:SurpriseAttack","floor":5},{"not_picked":["TheCursedMod:RavingStaff","TheCursedMod:CursedBlade"],"picked":"TheCursedMod:SurpriseAttack","floor":8},{"not_picked":["TheCursedMod:BloodBarrier","TheCursedMod:SaltUponWound"],"picked":"TheCursedMod:CursedAmulet","floor":12},{"not_picked":["TheCursedMod:CircleOfFocus","TheCursedMod:SaltUponWound"],"picked":"TheCursedMod:Torture","floor":13},{"not_picked":["TheCursedMod:ParallelWorld","TheCursedMod:CircleOfAbyss"],"picked":"TheCursedMod:AntiAging","floor":16},{"not_picked":["TheCursedMod:CursedBlade","TheCursedMod:SmokeScreen"],"picked":"TheCursedMod:CursedShiv+1","floor":18},{"not_picked":["TheCursedMod:CircleOfFlame","TheCursedMod:CursedBoomerang"],"picked":"TheCursedMod:Grudge+1","floor":19},{"not_picked":["TheCursedMod:Torture","TheCursedMod:CursedArmor"],"picked":"TheCursedMod:Neurasthenia","floor":24},{"not_picked":["TheCursedMod:RavingStaff+1","TheCursedMod:CircleOfCorruption","TheCursedMod:CursedMace"],"picked":"SKIP","floor":28},{"not_picked":["TheCursedMod:Evocation+1","TheCursedMod:CircleOfBlood"],"picked":"TheCursedMod:Obscuration+1","floor":30},{"not_picked":["TheCursedMod:StunningStrike","TheCursedMod:AntiAging"],"picked":"TheCursedMod:OutForBlood","floor":33},{"not_picked":["TheCursedMod:CursedMace","TheCursedMod:VitalStrike","TheCursedMod:CircleOfFlame"],"picked":"SKIP","floor":35},{"not_picked":["TheCursedMod:SoulCrush+1","TheCursedMod:HellfireBreathing+1"],"picked":"TheCursedMod:LuckyCharm+1","floor":36},{"not_picked":["TheCursedMod:WearCloak","TheCursedMod:DoubleShield"],"picked":"TheCursedMod:RapidMovement+1","floor":39},{"not_picked":["TheCursedMod:SpitefulPlan","TheCursedMod:CircleOfBlood+1"],"picked":"TheCursedMod:StingEye+1","floor":44},{"not_picked":["TheCursedMod:CircleOfCorruption+1","TheCursedMod:CursedRelics"],"picked":"TheCursedMod:HellfireBreathing+1","floor":46}],"player_experience":572745,"relics_obtained":[{"floor":10,"key":"Unceasing Top"},{"floor":12,"key":"StrikeDummy"},{"floor":24,"key":"Lizard Tail"},{"floor":26,"key":"Eternal Feather"},{"floor":39,"key":"WingedGreaves"},{"floor":43,"key":"Happy Flower"}],"event_choices":[{"damage_healed":0,"gold_gain":175,"player_choice":"AGREE","damage_taken":0,"max_hp_gain":0,"max_hp_loss":0,"event_name":"Liars Game","floor":2,"gold_loss":0,"cards_obtained":["Doubt"]},{"cards_removed":["TheCursedMod:Strike_TheCursed"],"damage_healed":0,"gold_gain":0,"player_choice":"Card Removal","damage_taken":0,"max_hp_gain":0,"max_hp_loss":0,"event_name":"The Cleric","floor":3,"gold_loss":50},{"damage_healed":0,"gold_gain":0,"player_choice":"Success","damage_taken":3,"relics_obtained":["Pocketwatch"],"max_hp_gain":0,"max_hp_loss":0,"event_name":"Scrap Ooze","floor":4,"gold_loss":0},{"damage_healed":0,"gold_gain":0,"player_choice":"Forge","damage_taken":0,"max_hp_gain":0,"max_hp_loss":0,"event_name":"Accursed Blacksmith","floor":20,"gold_loss":0,"cards_upgraded":["TheCursedMod:AntiAging"]},{"cards_removed":["TheCursedMod:AntiAging"],"damage_healed":0,"gold_gain":0,"player_choice":"Give","damage_taken":0,"max_hp_gain":0,"max_hp_loss":0,"event_name":"betterNote:BetterNote","floor":22,"gold_loss":0,"cards_obtained":["sneckomod:MasterEye"]},{"damage_healed":0,"gold_gain":0,"player_choice":"Read","damage_taken":0,"max_hp_gain":0,"max_hp_loss":0,"event_name":"The Library","floor":25,"gold_loss":0,"cards_obtained":["TheCursedMod:LuckyCharm"]},{"damage_healed":0,"gold_gain":0,"player_choice":"Shed Blood","damage_taken":23,"max_hp_gain":5,"max_hp_loss":0,"event_name":"Forgotten Altar","floor":29,"gold_loss":0},{"damage_healed":0,"gold_gain":99,"player_choice":"Stole From Cult","damage_taken":0,"max_hp_gain":0,"max_hp_loss":0,"event_name":"Nest","floor":31,"gold_loss":0},{"damage_healed":0,"gold_gain":0,"player_choice":"Paid","damage_taken":0,"relics_obtained":["Red Mask"],"max_hp_gain":0,"max_hp_loss":0,"event_name":"Tomb of Lord Red Mask","floor":38,"gold_loss":44},{"damage_healed":0,"gold_gain":0,"player_choice":"Fight","damage_taken":0,"max_hp_gain":0,"max_hp_loss":0,"event_name":"Mysterious Sphere","floor":39,"gold_loss":0},{"cards_removed":["TheCursedMod:Grudge"],"damage_healed":0,"gold_gain":0,"player_choice":"Removed Skill","damage_taken":0,"max_hp_gain":0,"max_hp_loss":0,"event_name":"Falling","floor":48,"gold_loss":0}],"is_beta":false,"boss_relics":[{"not_picked":["Cursed Key","TheCursedMod:BlackMagicAdvanced"],"picked":"Sozu"},{"not_picked":["Busted Crown","SacredBark"],"picked":"Coffee Dripper"}],"items_purged_floors":[7,14,37],"is_endless":false,"potions_floor_spawned":[5,12,18,33,35,46],"ascension_level":0}}