{"host":"j91vuht9qegouwcc","time":1614181640,"event":{"mods":["100% Spire Juice","Act Like it!","BaseMod","Better Skull","Koishi","Minty Spire (QoL Compilation)","StSLib","The Bug Knight","The Cursed","The Marked","The Servant 0.9.4","TheSwordswoman"],"gold_per_floor":[19,19,36,46,46,46,78,151,230,248,248,267,298,16,16,119,169,180,5,5,5,5,5,31,31,31,31,31,47,67,16,16,112,112,122,71,82,102,102,102,121,121,121,121,121,121,121,141,141,141],"floor_reached":51,"language":"ENG","playtime":4853,"items_purged":["HollowMod:NailStrikeStart","HollowMod:NailStrikeStart"],"score":696,"play_id":"5748219f-3eab-4952-a1a0-6ddc606bc70c","local_time":"20210224164720","is_ascension_mode":false,"campfire_choices":[{"data":"HollowMod:LifebloodCore","floor":6,"key":"SMITH"},{"data":"HollowMod:CloakDash","floor":11,"key":"SMITH"},{"data":"HollowMod:DashSlash","floor":15,"key":"SMITH"},{"data":"HollowMod:DoubleDash","floor":23,"key":"SMITH"},{"data":"HollowMod:DashSlash","floor":25,"key":"SMITH"},{"data":"HollowMod:DoubleDash","floor":27,"key":"SMITH"},{"data":"HollowMod:DashSlash","floor":32,"key":"SMITH"},{"data":"HollowMod:CloakDash","floor":40,"key":"SMITH"},{"data":"HollowMod:HornetsHelp","floor":42,"key":"SMITH"},{"data":"1","floor":44,"key":"LIFT"},{"data":"HollowMod:CloakDash","floor":49,"key":"SMITH"}],"circlet_count":0,"master_deck":["HollowMod:NailStrikeStart","HollowMod:QuickDashStart","HollowMod:QuickDashStart","HollowMod:QuickDashStart","HollowMod:FocusHealStart+1","HollowMod:PogoStrike","HollowMod:AwokenDreamNail","HollowMod:LifebloodCore+1","HollowMod:LifebloodCocoon","HollowMod:CloakDash+1","HollowMod:DoubleDash+1","HollowMod:DashSlash+1","HollowMod:DoubleDash+1","HollowMod:VengefulSpirit","HollowMod:NewJinnsSoul","HollowMod:DashSlash+1","HollowMod:RecoilStrike+1","HollowMod:SoulVessel","HollowMod:DungDefenderAura+1","HollowMod:DashSlash+1","HollowMod:HornetsHelp+1","HollowMod:NewJinnsSoul+1","HollowMod:ChannelNail+1","HollowMod:CloakDash+1","HollowMod:MylasSalvation","HollowMod:CloakDash+1"],"relics":["HollowMod:VesselMask","Blood Vial","Letter Opener","Bottled Lightning","Bottled Flame","Bronze Scales","Tiny House","Ginger","Gremlin Horn","Happy Flower","Velvet Choker","Mango","Girya"],"acts_visited":["Exordium","TheCity","TheBeyond"],"potions_floor_usage":[16,24,50,50],"damage_taken":[{"damage":0,"enemies":"Cultist","floor":1,"turns":4},{"damage":6,"enemies":"2 Louse","floor":3,"turns":3},{"damage":0,"enemies":"Jaw Worm","floor":4,"turns":3},{"damage":23,"enemies":"3 Sentries","floor":7,"turns":15},{"damage":2,"enemies":"Lots of Slimes","floor":10,"turns":5},{"damage":0,"enemies":"Exordium Wildlife","floor":12,"turns":5},{"damage":42,"enemies":"Gremlin Nob","floor":13,"turns":6},{"damage":65,"enemies":"The Guardian","floor":16,"turns":14},{"damage":14,"enemies":"Spheric Guardian","floor":18,"turns":6},{"damage":42,"enemies":"Slavers","floor":24,"turns":9},{"damage":0,"enemies":"Shell Parasite","floor":29,"turns":9},{"damage":0,"enemies":"Chosen and Byrds","floor":30,"turns":5},{"damage":0,"enemies":"HollowMod:NKGrimm","floor":33,"turns":18},{"damage":11,"enemies":"3 Darklings","floor":35,"turns":7},{"damage":0,"enemies":"3 Shapes","floor":37,"turns":4},{"damage":4,"enemies":"Sphere and 2 Shapes","floor":38,"turns":7},{"damage":0,"enemies":"Transient","floor":41,"turns":5},{"damage":0,"enemies":"HollowMod:SlobberingHusk","floor":48,"turns":11},{"damage":22,"enemies":"HollowMod:Radiance","floor":50,"turns":29}],"seed_played":"-7857247479185496198","potions_obtained":[{"floor":4,"key":"Weak Potion"},{"floor":7,"key":"FairyPotion"},{"floor":10,"key":"FairyPotion"},{"floor":16,"key":"ColorlessPotion"},{"floor":17,"key":"FearPotion"},{"floor":24,"key":"BlessingOfTheForge"},{"floor":30,"key":"SteroidPotion"},{"floor":37,"key":"Strength Potion"}],"is_trial":false,"path_per_floor":["M","$","M","M","?","R","E","T","T","M","R","M","E","$","R","B",null,"M","$","?","?","$","R","E","R","T","R","?","M","M","$","R","B",null,"M","$","M","M","T","R","M","R","T","R","?","$","?","M","R","B",null],"character_chosen":"THE_BUGKNIGHT","items_purchased":["Bronze Scales","HollowMod:NewJinnsSoul","HollowMod:SoulVessel","HollowMod:DashSlash","Fire Potion"],"campfire_rested":0,"item_purchase_floors":[14,14,19,31,36],"current_hp_per_floor":[75,75,69,69,69,69,56,56,56,56,56,64,24,24,24,19,80,66,66,66,51,51,51,23,23,23,23,23,31,39,39,39,51,85,80,80,85,85,99,99,99,99,99,99,99,99,99,99,99,89],"gold":141,"neow_bonus":"TRANSFORM_TWO_CARDS","is_daily":false,"chose_seed":false,"campfire_upgraded":10,"win_rate":0.0,"timestamp":1614181640,"path_taken":["M","?","M","M","?","R","E","?","T","M","R","?","E","$","R","BOSS","M","$","?","?","?","R","E","R","T","R","?","M","M","$","R","BOSS","M","$","M","M","?","R","M","R","T","R","?","$","?","M","R","BOSS"],"items_purchased_type":["Relic","Card","Card","Card","Potion"],"build_version":"2020-12-22","purchased_purges":2,"victory":true,"max_hp_per_floor":[75,75,75,75,75,75,75,75,75,75,75,75,75,75,75,75,80,80,80,80,85,85,85,85,85,85,85,85,85,85,85,85,85,85,85,85,85,85,99,99,99,99,99,99,99,99,99,99,99,99],"card_choices":[{"not_picked":["HollowMod:NewLittleFool","HollowMod:ChannelNail"],"picked":"HollowMod:LifebloodCocoon","floor":1},{"not_picked":["HollowMod:HowlingWraiths","HollowMod:WraithStrike"],"picked":"HollowMod:CloakDash","floor":3},{"not_picked":["HollowMod:GoodIntentions","HollowMod:ShadowDash"],"picked":"HollowMod:DoubleDash","floor":4},{"not_picked":["HollowMod:DesolateDive","HollowMod:LordofShades"],"picked":"HollowMod:DashSlash","floor":7},{"not_picked":["HollowMod:DashSlash","HollowMod:SoulEater"],"picked":"HollowMod:DoubleDash","floor":10},{"not_picked":["HollowMod:ShadowDash","HollowMod:VengefulVoid"],"picked":"HollowMod:VengefulSpirit","floor":12},{"not_picked":["HollowMod:PureNailStrike","HollowMod:BaldurShell","HollowMod:BlackTendrils"],"picked":"SKIP","floor":13},{"not_picked":["HollowMod:VoidDash","HollowMod:PureVessel"],"picked":"HollowMod:theNailsmith","floor":16},{"not_picked":["HollowMod:CloakDash","HollowMod:SiblingsSouls"],"picked":"HollowMod:DashSlash","floor":17},{"not_picked":["HollowMod:SoulEater+1","HollowMod:FallenFury+1"],"picked":"HollowMod:RecoilStrike+1","floor":18},{"not_picked":["HollowMod:SoulStrike+1","HollowMod:MidwifesHunger"],"picked":"HollowMod:DungDefenderAura+1","floor":24},{"not_picked":["HollowMod:BrokenVessel","HollowMod:SharpenedShadows","HollowMod:CrystalDash"],"picked":"SKIP","floor":29},{"not_picked":["HollowMod:InfectedAttack","HollowMod:InfectionAssault","HollowMod:LifebloodCocoon"],"picked":"SKIP","floor":30},{"not_picked":["HollowMod:Hiveblood","HollowMod:NewInfectedGuardian"],"picked":"HollowMod:HornetsHelp","floor":33},{"not_picked":["HollowMod:ShadowDash","HollowMod:PureNailStrike+1"],"picked":"HollowMod:NewJinnsSoul+1","floor":35},{"not_picked":["HollowMod:SoulEater+1","HollowMod:DesolateDive"],"picked":"HollowMod:ChannelNail+1","floor":37},{"not_picked":["HollowMod:DreamGate+1","HollowMod:MothsMistake+1"],"picked":"HollowMod:CloakDash","floor":38},{"not_picked":["HollowMod:VengefulVoid","HollowMod:InfectedAttack+1","HollowMod:ShadowDash+1"],"picked":"SKIP","floor":41},{"not_picked":["HollowMod:MawleksShell","HollowMod:MantisMark+1"],"picked":"HollowMod:CloakDash","floor":48}],"player_experience":13997,"relics_obtained":[{"floor":7,"key":"Blood Vial"},{"floor":8,"key":"Letter Opener"},{"floor":9,"key":"Bottled Lightning"},{"floor":13,"key":"Bottled Flame"},{"floor":24,"key":"Ginger"},{"floor":26,"key":"Gremlin Horn"},{"floor":39,"key":"Mango"},{"floor":43,"key":"Girya"}],"event_choices":[{"damage_healed":0,"gold_gain":0,"player_choice":"Shed Blood","damage_taken":20,"max_hp_gain":5,"max_hp_loss":0,"event_name":"Forgotten Altar","floor":21,"gold_loss":0},{"cards_removed":["HollowMod:theNailsmith"],"damage_healed":0,"gold_gain":0,"player_choice":"Gave Card","damage_taken":0,"relics_obtained":["Happy Flower"],"max_hp_gain":0,"max_hp_loss":0,"event_name":"WeMeetAgain","floor":28,"gold_loss":0}],"is_beta":false,"boss_relics":[{"not_picked":["Astrolabe","Sozu"],"picked":"Tiny House"},{"not_picked":["SacredBark","Philosopher\u0027s Stone"],"picked":"Velvet Choker"}],"items_purged_floors":[14,19],"is_endless":false,"potions_floor_spawned":[4,7,10,16,24,30,35,37,38],"ascension_level":0}}