{"host":"5n1fl7z5i1vf7jan","time":1614209688,"event":{"mods":["BaseMod","Minty Spire (QoL Compilation)","Quick Restart","Relic Stats"],"gold_per_floor":[113,132,148,148,69,69,89,89,89,109,141,161,194,207,207,285,285,295,220,220,44,44,79,79,79,105,105,121,139,139,139],"floor_reached":30,"language":"ENG","playtime":1038,"items_purged":["Strike_B"],"score":524,"play_id":"246103ff-247f-43da-be94-cde2f8839e01","local_time":"20210224153448","is_ascension_mode":true,"campfire_choices":[{"data":"Defragment","floor":6.0,"key":"SMITH"},{"data":"Loop","floor":8.0,"key":"SMITH"},{"data":"Echo Form","floor":15.0,"key":"SMITH"},{"data":"Chill","floor":24.0,"key":"SMITH"},{"data":"Seek","floor":27.0,"key":"SMITH"}],"circlet_count":0,"master_deck":["AscendersBane","Strike_B","Strike_B","Defend_B","Defend_B","Defend_B","Defend_B","Zap","Dualcast","Chill+1","Loop+1","Defragment+1","Compile Driver","Streamline","Go for the Eyes","Rip and Tear","Echo Form+1","Sweeping Beam","Cold Snap","Seek+1","Ball Lightning","Static Discharge","Decay","Defragment","Loop"],"relics":["Cracked Core","Bird Faced Urn","Smiling Mask","Mercury Hourglass","Vajra","Coffee Dripper","PreservedInsect"],"acts_visited":["TheCity"],"potions_floor_usage":[],"damage_taken":[{"damage":2.0,"enemies":"Cultist","floor":1.0,"turns":4.0},{"damage":0.0,"enemies":"2 Louse","floor":2.0,"turns":2.0},{"damage":1.0,"enemies":"Small Slimes","floor":3.0,"turns":4.0},{"damage":7.0,"enemies":"2 Fungi Beasts","floor":7.0,"turns":4.0},{"damage":3.0,"enemies":"Blue Slaver","floor":10.0,"turns":3.0},{"damage":26.0,"enemies":"Gremlin Nob","floor":11.0,"turns":4.0},{"damage":10.0,"enemies":"Exordium Thugs","floor":12.0,"turns":4.0},{"damage":4.0,"enemies":"Lagavulin","floor":13.0,"turns":5.0},{"damage":6.0,"enemies":"Looter","floor":14.0,"turns":2.0},{"damage":34.0,"enemies":"Slime Boss","floor":16.0,"turns":8.0},{"damage":29.0,"enemies":"Chosen","floor":18.0,"turns":4.0},{"damage":39.0,"enemies":"Book of Stabbing","floor":23.0,"turns":4.0},{"damage":0.0,"enemies":"2 Thieves","floor":25.0,"turns":1.0},{"damage":4.0,"enemies":"Centurion and Healer","floor":28.0,"turns":4.0},{"damage":10.0,"enemies":"Snake Plant","floor":29.0,"turns":3.0},{"damage":15,"enemies":"Shelled Parasite and Fungi","floor":30,"turns":1}],"seed_played":"8638394540158385894","potions_obtained":[{"floor":1.0,"key":"SkillPotion"},{"floor":3.0,"key":"Regen Potion"},{"floor":10.0,"key":"Strength Potion"},{"floor":13.0,"key":"DistilledChaos"},{"floor":18.0,"key":"SmokeBomb"},{"floor":23.0,"key":"AttackPotion"},{"floor":29.0,"key":"Swift Potion"}],"is_trial":false,"path_per_floor":["M","M","M","?","$","R","M","R","T","M","E","M","E","M","R","B",null,"M","?","?","$","?","E","R","M","T","R","M","M","M"],"character_chosen":"DEFECT","items_purchased":["Compile Driver","Streamline","Static Discharge","PotionOfCapacity"],"campfire_rested":0,"item_purchase_floors":[5,5,21,21],"current_hp_per_floor":[62,62,63,63,63,63,60,60,60,61,39,45,51,47,47,21,53,32,32,32,32,32,3,3,5,5,5,13,7,0,0],"gold":139,"neow_bonus":"ONE_RARE_RELIC","is_daily":false,"chose_seed":false,"campfire_upgraded":5,"win_rate":0.0,"timestamp":1614209688,"path_taken":["M","M","M","?","$","R","M","R","T","M","E","M","E","M","R","BOSS","M","?","?","$","?","E","R","M","T","R","M","M","M"],"items_purchased_type":["Card","Card","Card","Potion"],"build_version":"2020-12-22","purchased_purges":1,"victory":false,"max_hp_per_floor":[64,64,64,64,64,64,64,64,64,64,64,64,64,64,64,64,64,64,64,64,64,64,64,64,64,64,64,64,64,64,64],"relic_stats":{"counters":[16,55],"Bird Faced Urn":[78],"PreservedInsect":0,"Smiling Mask":25,"obtain_stats":[{"Bird Faced Urn":0,"Vajra":13,"PreservedInsect":26,"Coffee Dripper":17,"Cracked Core":0,"Smiling Mask":9,"Mercury Hourglass":11},{"Bird Faced Urn":0,"Vajra":8,"PreservedInsect":13,"Coffee Dripper":10,"Cracked Core":0,"Smiling Mask":4,"Mercury Hourglass":6},{"Bird Faced Urn":0,"Vajra":29,"PreservedInsect":47,"Coffee Dripper":39,"Cracked Core":0,"Smiling Mask":14,"Mercury Hourglass":21}],"Mercury Hourglass":[118]},"card_choices":[{"not_picked":["Capacitor","Fusion"],"picked":"Chill","floor":1.0},{"not_picked":["Hologram","Coolheaded"],"picked":"Loop","floor":2.0},{"not_picked":["Undo","Leap"],"picked":"Defragment","floor":3.0},{"not_picked":["Rebound","Stack"],"picked":"Go for the Eyes","floor":7.0},{"not_picked":["Fusion","Coolheaded"],"picked":"Rip and Tear","floor":10.0},{"not_picked":["Heatsinks","Self Repair"],"picked":"Echo Form","floor":11.0},{"not_picked":["Hologram","Stack"],"picked":"Sweeping Beam","floor":12.0},{"not_picked":["Lockon","Rip and Tear","Skim"],"picked":"SKIP","floor":13.0},{"not_picked":["Lockon","Scrape"],"picked":"Cold Snap","floor":14.0},{"not_picked":["Echo Form","Core Surge"],"picked":"Seek","floor":16.0},{"not_picked":["Turbo","Go for the Eyes"],"picked":"Ball Lightning","floor":18.0},{"not_picked":["Auto Shields","Hologram","Sweeping Beam+1"],"picked":"SKIP","floor":23.0},{"not_picked":["Rebound","Loop"],"picked":"Defragment","floor":28.0},{"not_picked":["Hello World","Electrodynamics"],"picked":"Loop","floor":29.0}],"player_experience":403663,"relics_obtained":[{"floor":9.0,"key":"Smiling Mask"},{"floor":11.0,"key":"Mercury Hourglass"},{"floor":13.0,"key":"Vajra"},{"floor":26.0,"key":"PreservedInsect"}],"event_choices":[{"damage_healed":0.0,"max_hp_gain":0.0,"max_hp_loss":0.0,"gold_gain":0.0,"event_name":"The Cleric","player_choice":"Leave","floor":4.0,"gold_loss":0.0,"damage_taken":0.0},{"cards_removed":["Strike_B"],"damage_healed":0.0,"max_hp_gain":0.0,"max_hp_loss":0.0,"gold_gain":0.0,"event_name":"Beggar","player_choice":"Gave Gold","floor":19.0,"gold_loss":75.0,"damage_taken":0.0},{"damage_healed":0.0,"max_hp_gain":0.0,"max_hp_loss":0.0,"gold_gain":0.0,"event_name":"Cursed Tome","player_choice":"Ignored","floor":20.0,"gold_loss":0.0,"damage_taken":0.0},{"damage_healed":0.0,"max_hp_gain":0.0,"max_hp_loss":0.0,"gold_gain":0.0,"event_name":"Forgotten Altar","player_choice":"Smashed Altar","floor":22.0,"gold_loss":0.0,"damage_taken":0.0,"cards_obtained":["Decay"]}],"is_beta":false,"boss_relics":[{"not_picked":["Black Star","SacredBark"],"picked":"Coffee Dripper"}],"items_purged_floors":[21],"is_endless":false,"potions_floor_spawned":[1,3,10,13,18,23,25,29],"killed_by":"Shelled Parasite and Fungi","ascension_level":20}}