{"host":"7nm1ow5v9mg4ehcw","time":1614169228,"event":{"mods":["BaseMod","Minty Spire (QoL Compilation)","Relic Stats","StSLib"],"gold_per_floor":[19,19,19,35,46,72,72,107,182,211,211,211,211,211,211,290,290,305,50,50,50,70,70,70],"floor_reached":23,"language":"ENG","playtime":1162,"items_purged":[],"score":410,"play_id":"376fb18b-4bb4-4b2b-8a93-b7aa65b1e6a3","local_time":"20210224132028","is_ascension_mode":true,"campfire_choices":[{"floor":7.0,"key":"REST"},{"data":"Bash","floor":11.0,"key":"SMITH"},{"floor":13.0,"key":"DIG"},{"floor":15.0,"key":"DIG"}],"circlet_count":0,"master_deck":["AscendersBane","Strike_R+1","Strike_R+1","Defend_R+1","Defend_R+1","Defend_R+1","Defend_R+1","Bash+1","True Grit","Combust","Spot Weakness","Clothesline","Power Through","Fiend Fire","Brutality","Heavy Blade","Dark Embrace","Decay","Disarm+1"],"relics":["Burning Blood","Shovel","Prayer Wheel","Juzu Bracelet","Pear","TungstenRod","Boot","Eternal Feather","Black Star","Blood Vial"],"acts_visited":["Exordium","TheCity"],"potions_floor_usage":[23],"damage_taken":[{"damage":8.0,"enemies":"2 Louse","floor":1.0,"turns":3.0},{"damage":7.0,"enemies":"Jaw Worm","floor":4.0,"turns":4.0},{"damage":1.0,"enemies":"Cultist","floor":5.0,"turns":4.0},{"damage":38.0,"enemies":"Lagavulin","floor":6.0,"turns":7.0},{"damage":43.0,"enemies":"Gremlin Nob","floor":8.0,"turns":6.0},{"damage":12.0,"enemies":"3 Sentries","floor":10.0,"turns":7.0},{"damage":7.0,"enemies":"Hexaghost","floor":16.0,"turns":9.0},{"damage":30.0,"enemies":"Shell Parasite","floor":18.0,"turns":8.0},{"damage":25.0,"enemies":"Chosen","floor":22.0,"turns":6.0},{"damage":41,"enemies":"Gremlin Leader","floor":23,"turns":5}],"seed_played":"-2990815588918264905","potions_obtained":[{"floor":4.0,"key":"Weak Potion"},{"floor":6.0,"key":"LiquidBronze"},{"floor":16.0,"key":"Explosive Potion"}],"is_trial":false,"path_per_floor":["M","?","?","M","M","E","R","E","T","E","R","?","R","?","R","B",null,"M","$","?","?","M","E"],"character_chosen":"IRONCLAD","items_purchased":["Blood Vial","Dark Embrace"],"campfire_rested":1,"item_purchase_floors":[19,19],"current_hp_per_floor":[66,66,71,70,75,43,67,30,40,34,34,28,28,28,28,27,74,50,50,50,50,33,0,0],"gold":70,"neow_bonus":"ONE_RARE_RELIC","is_daily":false,"chose_seed":false,"campfire_upgraded":1,"win_rate":0.0,"timestamp":1614169228,"path_taken":["M","?","?","M","?","E","R","E","T","E","R","?","R","?","R","BOSS","M","$","?","?","M","E"],"items_purchased_type":["Relic","Card"],"build_version":"2020-12-22","purchased_purges":0,"victory":false,"max_hp_per_floor":[75,75,80,80,80,80,80,80,90,90,90,90,90,90,90,90,90,90,90,90,90,90,90,90],"relic_stats":{"Blood Vial":4,"Shovel":2,"counters":[10,59],"Prayer Wheel":2,"Eternal Feather":0,"Juzu Bracelet":0,"Black Star":0,"Boot":[3],"obtain_stats":[{"Blood Vial":19,"Shovel":0,"Pear":9,"Prayer Wheel":6,"Eternal Feather":15,"Juzu Bracelet":8,"Black Star":17,"Boot":13,"Burning Blood":0,"TungstenRod":10},{"Blood Vial":8,"Shovel":0,"Pear":5,"Prayer Wheel":4,"Eternal Feather":6,"Juzu Bracelet":5,"Black Star":7,"Boot":6,"Burning Blood":0,"TungstenRod":6},{"Blood Vial":48,"Shovel":0,"Pear":24,"Prayer Wheel":18,"Eternal Feather":31,"Juzu Bracelet":24,"Black Star":40,"Boot":31,"Burning Blood":0,"TungstenRod":31}],"Burning Blood":54,"TungstenRod":50},"card_choices":[{"not_picked":["Clash","Metallicize"],"picked":"True Grit","floor":1.0},{"not_picked":["Iron Wave","Twin Strike"],"picked":"Spot Weakness","floor":4.0},{"not_picked":["Pommel Strike","Sentinel"],"picked":"Clothesline","floor":5.0},{"not_picked":["Sword Boomerang","Shockwave"],"picked":"Power Through","floor":6.0},{"not_picked":["Dropkick","Cleave"],"picked":"Fiend Fire","floor":8.0},{"not_picked":["Anger","Iron Wave","Rampage"],"picked":"SKIP","floor":10.0},{"not_picked":["Bludgeon","Feed"],"picked":"Brutality","floor":16.0},{"not_picked":["Thunderclap","Rupture"],"picked":"Heavy Blade","floor":18.0},{"not_picked":["Anger","Thunderclap","Clash"],"picked":"SKIP","floor":18.0},{"not_picked":["Perfected Strike+1","Anger"],"picked":"Disarm+1","floor":22.0},{"not_picked":["Pommel Strike","Heavy Blade","Havoc"],"picked":"SKIP","floor":22.0}],"player_experience":413071,"relics_obtained":[{"floor":6.0,"key":"Prayer Wheel"},{"floor":8.0,"key":"Juzu Bracelet"},{"floor":9.0,"key":"Pear"},{"floor":10.0,"key":"TungstenRod"},{"floor":13.0,"key":"Boot"},{"floor":15.0,"key":"Eternal Feather"}],"event_choices":[{"damage_healed":0.0,"max_hp_gain":0.0,"max_hp_loss":0.0,"gold_gain":0.0,"cards_transformed":["Strike_R"],"event_name":"Living Wall","player_choice":"Change","floor":2.0,"gold_loss":0.0,"damage_taken":0.0,"cards_obtained":["Combust"]},{"damage_healed":0.0,"max_hp_gain":5.0,"max_hp_loss":0.0,"gold_gain":0.0,"event_name":"Big Fish","player_choice":"Donut","floor":3.0,"gold_loss":0.0,"damage_taken":0.0},{"cards_removed":["Strike_R"],"damage_healed":0.0,"max_hp_gain":0.0,"max_hp_loss":0.0,"gold_gain":0.0,"event_name":"Golden Wing","player_choice":"Card Removal","floor":12.0,"gold_loss":0.0,"damage_taken":7.0},{"cards_removed":["Strike_R"],"damage_healed":0.0,"max_hp_gain":0.0,"max_hp_loss":0.0,"gold_gain":0.0,"event_name":"Bonfire Elementals","player_choice":"Offered Basic","floor":14.0,"gold_loss":0.0,"damage_taken":0.0},{"damage_healed":0.0,"max_hp_gain":0.0,"max_hp_loss":0.0,"gold_gain":0.0,"event_name":"Back to Basics","player_choice":"Simplicity","floor":20.0,"gold_loss":0.0,"damage_taken":0.0,"cards_upgraded":["Strike_R","Strike_R","Defend_R","Defend_R","Defend_R","Defend_R"]},{"damage_healed":0.0,"max_hp_gain":0.0,"max_hp_loss":0.0,"gold_gain":0.0,"event_name":"Forgotten Altar","player_choice":"Smashed Altar","floor":21.0,"gold_loss":0.0,"damage_taken":0.0,"cards_obtained":["Decay"]}],"is_beta":false,"boss_relics":[{"not_picked":["Coffee Dripper","SlaversCollar"],"picked":"Black Star"}],"items_purged_floors":[],"is_endless":false,"potions_floor_spawned":[4,6,16],"killed_by":"Gremlin Leader","ascension_level":20}}