{"host":"rn3kwqbcoeui7au7","time":1614148877,"event":{"mods":["Act Like it!","BaseMod","Colored Powertips","Downfall","Gensokyo","Minty Spire (QoL Compilation)","Relic Stats","Spicy Shops","StSLib"],"gold_per_floor":[99,112,145,145,161,177,177,5,5,18,53,66,66,82,100,205,205,5,5,5,19,19,47,98,108,0,29,29,29,29,339,352,452,452,352,371,388,388,388,225,225,254,267,267,281,281,281,311,327,327,327,361,62,62,62,62],"floor_reached":57,"language":"ZHS","playtime":7845,"items_purged":["Guardian:Strike_Guardian","Guardian:Strike_Guardian","Pride"],"score":1252,"play_id":"50db56eb-189d-4522-82c2-4fa15cf9da07","local_time":"20210224144117","is_ascension_mode":false,"campfire_choices":[{"floor":1,"key":"RECALL"},{"data":"Guardian:Repulse","floor":13,"key":"SMITH"},{"data":"Guardian:ConstructionForm","floor":18,"key":"SMITH"},{"data":"Gensokyo:SevenSchoolMysteries","floor":30,"key":"SMITH"},{"data":"Guardian:DecasProtection","floor":35,"key":"SMITH"},{"data":"Guardian:Emergency","floor":47,"key":"SMITH"},{"data":"Guardian:Suspension","floor":54,"key":"SMITH"}],"circlet_count":0,"master_deck":["Guardian:Strike_Guardian","Guardian:Strike_Guardian","Guardian:Defend_Guardian","Guardian:Defend_Guardian","Guardian:Defend_Guardian","Guardian:CurlUp","Guardian:TwinSlam","Guardian:TemporalStrike","Guardian:Suspension+1","Guardian:PrimingBeam","Guardian:Repulse+1","Guardian:TemporalShield","Guardian:DecasProtection+1","Guardian:SentryBeam","Guardian:Recover","Guardian:GuardianWhirl","Guardian:PiercingHide","Guardian:ConstructionForm+1","Carnage","Guardian:FloatingOrbs","Guardian:RollAttack","Guardian:ChargeCore","Guardian:TimeCapacitor","Gensokyo:SevenSchoolMysteries+1","Guardian:ShieldCharger","Gensokyo:ShootingStar","Guardian:Emergency+1","Guardian:SentryBeam+1","Gensokyo:MorningMist","expansioncontent:PolyBeam","Guardian:BronzeOrb","Guardian:TimeCapacitor+1","Gensokyo:PrivateSquare","Guardian:Planning","Guardian:Harden","Guardian:TimeBomb+1","Guardian:BronzeOrb"],"relics":["Guardian:ModeShifterPlus","NeowsBlessing","Orichalcum","InkBottle","downfall:HeartBlessingRed","downfall:HeartBlessingBlue","Gensokyo:RedStar","Pear","Happy Flower","Blood Vial","Art of War","bronze:MakeshiftBattery","downfall:HeartBlessingGreen","Blue Candle","Toy Ornithopter","Darkstone Periapt","Vajra"],"acts_visited":["Exordium","Gensokyo:Gensokyo","Gensokyo:Gensokyoer","TheEnding"],"potions_floor_usage":[10,16,16,31,33,42,48,50,50,56],"damage_taken":[{"damage":0,"enemies":"Gensokyo:3_Fairies","floor":2,"turns":1},{"damage":0,"enemies":"downfall:FleeingMerchant","floor":3,"turns":1},{"damage":0,"enemies":"Gensokyo:Gryphon","floor":5,"turns":1},{"damage":0,"enemies":"Gensokyo:2_Kodama","floor":6,"turns":4},{"damage":0,"enemies":"Gensokyo:LivingMonolith","floor":10,"turns":3},{"damage":8,"enemies":"Gensokyo:Mamizou","floor":11,"turns":11},{"damage":1,"enemies":"Gensokyo:2_Rabbits","floor":12,"turns":4},{"damage":2,"enemies":"Gensokyo:VengefulSpirit","floor":14,"turns":4},{"damage":0,"enemies":"Gensokyo:Kitsune","floor":15,"turns":3},{"damage":1,"enemies":"WA_ARCHETYPE_RETAIN","floor":16,"turns":7},{"damage":13,"enemies":"Gensokyo:Chomper","floor":21,"turns":4},{"damage":8,"enemies":"Gensokyo:Reisen","floor":23,"turns":6},{"damage":5,"enemies":"Gensokyo:AngelMirror","floor":25,"turns":4},{"damage":14,"enemies":"Gensokyo:Koishi","floor":27,"turns":8},{"damage":15,"enemies":"Gensokyo:Slime_Group","floor":31,"turns":6},{"damage":4,"enemies":"Gensokyo:Swordslinger","floor":32,"turns":4},{"damage":9,"enemies":"SI_MIRROR_ARCHETYPE","floor":33,"turns":11},{"damage":7,"enemies":"Gensokyo:3_Boulders","floor":36,"turns":5},{"damage":0,"enemies":"Gensokyo:AncientGuardian","floor":37,"turns":6},{"damage":35,"enemies":"Gensokyo:Kasen","floor":42,"turns":8},{"damage":2,"enemies":"Gensokyo:Sharpion","floor":43,"turns":5},{"damage":1,"enemies":"Gensokyo:SeedOfUnknown","floor":45,"turns":6},{"damage":26,"enemies":"Gensokyo:Marisa","floor":48,"turns":7},{"damage":7,"enemies":"Gensokyo:4_Bats","floor":49,"turns":4},{"damage":5,"enemies":"DF_ARCHETYPE_ORBS","floor":50,"turns":10},{"damage":35,"enemies":"downfall:CharBossMerchant","floor":52,"turns":8},{"damage":1,"enemies":"downfall:NeowBoss","floor":55,"turns":11},{"damage":51,"enemies":"downfall:NeowBossFinal","floor":56,"turns":11}],"seed_played":"3618094858669711798","potions_obtained":[{"floor":2,"key":"Explosive Potion"},{"floor":10,"key":"FearPotion"},{"floor":11,"key":"Fire Potion"},{"floor":15,"key":"FairyPotion"},{"floor":23,"key":"SteroidPotion"},{"floor":27,"key":"Fire Potion"},{"floor":31,"key":"Fruit Juice"},{"floor":33,"key":"Dexterity Potion"},{"floor":37,"key":"champ:CounterPotion"},{"floor":43,"key":"BlessingOfTheForge"},{"floor":48,"key":"Dexterity Potion"}],"is_trial":false,"path_per_floor":["R","M","$","?","M","M","T","$","?","M","E","M","R","M","M","B",null,"R","?","?","M","$","E","T","M","COS","E","?","?","R","M","M","B",null,"R","M","M","?","?","$","T","E","M","?","M","?","R","E","M","B",null,"E","$","R","B","B",null],"character_chosen":"GUARDIAN","items_purchased":["Guardian:PrimingBeam","Orichalcum","Guardian:TemporalShield","PowerPotion","expansioncontent:PolyBeam","Guardian:Gem_Yellow","Energy Potion","Dexterity Potion","Guardian:BronzeOrb"],"campfire_rested":0,"item_purchase_floors":[3,3,8,8,40,40,53,53,53],"current_hp_per_floor":[80,80,80,80,80,80,80,80,80,80,72,71,71,69,69,68,80,90,90,90,77,77,79,79,74,74,60,60,60,60,52,50,86,95,95,88,90,90,90,90,90,57,57,57,58,58,58,41,36,43,95,60,60,60,63,19],"gold":62,"neow_bonus":"THREE_ENEMY_KILL","is_daily":false,"chose_seed":false,"campfire_upgraded":6,"win_rate":0.0,"timestamp":1614148877,"path_taken":["R","M","$","?","M","M","T","$","?","M","E","M","R","M","M","BOSS","R","?","?","M","$","E","T","M","COS","E","?","?","R","?","M","BOSS","R","M","M","?","?","$","T","E","M","?","M","?","R","E","M","BOSS","E","$","R","BOSS","BOSS"],"items_purchased_type":["Card","Relic","Card","Potion","Card","Card","Potion","Potion","Card"],"build_version":"2020-12-22","purchased_purges":3,"victory":true,"max_hp_per_floor":[80,80,80,80,80,80,80,80,80,80,80,80,80,80,80,80,80,90,90,90,90,90,100,100,100,100,100,100,90,90,95,95,95,95,95,95,95,95,95,95,95,95,95,95,95,95,95,95,95,95,95,95,95,95,95,95],"relic_stats":{"Blood Vial":22,"Darkstone Periapt":0,"Happy Flower":[38],"counters":[28,163],"Blue Candle":[11],"Art of War":[8],"Orichalcum":[78],"obtain_stats":[{"Darkstone Periapt":48,"Pear":23,"NeowsBlessing":0,"Guardian:ModeShifterPlus":17,"downfall:HeartBlessingRed":18,"Happy Flower":24,"Blue Candle":41,"Guardian:ModeShifter":0,"Vajra":52,"downfall:HeartBlessingGreen":35,"Orichalcum":3,"Gensokyo:RedStar":19,"Blood Vial":27,"Frozen Eye":27,"downfall:HeartBlessingBlue":18,"Art of War":32,"InkBottle":11,"bronze:MakeshiftBattery":34,"Toy Ornithopter":42},{"Darkstone Periapt":23,"Pear":12,"NeowsBlessing":0,"Guardian:ModeShifterPlus":10,"downfall:HeartBlessingRed":10,"Happy Flower":12,"Blue Candle":19,"Guardian:ModeShifter":0,"Vajra":26,"downfall:HeartBlessingGreen":17,"Orichalcum":2,"Gensokyo:RedStar":10,"Blood Vial":14,"Frozen Eye":13,"downfall:HeartBlessingBlue":10,"Art of War":16,"InkBottle":6,"bronze:MakeshiftBattery":17,"Toy Ornithopter":20},{"Darkstone Periapt":119,"Pear":49,"NeowsBlessing":0,"Guardian:ModeShifterPlus":39,"downfall:HeartBlessingRed":39,"Happy Flower":49,"Blue Candle":93,"Guardian:ModeShifter":0,"Vajra":141,"downfall:HeartBlessingGreen":82,"Orichalcum":2,"Gensokyo:RedStar":39,"Blood Vial":61,"Frozen Eye":53,"downfall:HeartBlessingBlue":39,"Art of War":69,"InkBottle":21,"bronze:MakeshiftBattery":82,"Toy Ornithopter":101}],"InkBottle":[77],"Toy Ornithopter":20},"card_choices":[{"not_picked":["Guardian:Gem_Cyan","Guardian:Gem_Red"],"picked":"Guardian:TemporalStrike","floor":2},{"not_picked":["Guardian:ExploitGems","Guardian:ShieldSpikes"],"picked":"Guardian:Suspension","floor":3},{"not_picked":["Guardian:TemporalShield","Guardian:Suspension"],"picked":"Guardian:Gem_Purple","floor":5},{"not_picked":["Guardian:Planning","Guardian:TimeBomb"],"picked":"Guardian:Repulse","floor":6},{"not_picked":["Guardian:WalkerClaw","Guardian:VentSteam"],"picked":"Guardian:DecasProtection","floor":9},{"not_picked":["Guardian:Gem_Purple","Guardian:TimeCapacitor"],"picked":"Guardian:SentryBeam","floor":9},{"not_picked":["Guardian:Harden","Guardian:SpikerProtocol"],"picked":"Guardian:Recover","floor":10},{"not_picked":["Guardian:Gem_Lightblue","Guardian:Gem_Cyan"],"picked":"Guardian:GuardianWhirl","floor":11},{"not_picked":["Guardian:Planning","Guardian:PrimingBeam"],"picked":"Guardian:Gem_Red","floor":12},{"not_picked":["Guardian:Harden","Guardian:SpikerProtocol"],"picked":"Guardian:PiercingHide","floor":14},{"not_picked":["Guardian:PrimingBeam","Guardian:ArmoredProtocol","Guardian:TimeSifter"],"picked":"SKIP","floor":15},{"not_picked":["Guardian:FastForward","Guardian:StasisStrike"],"picked":"Guardian:ConstructionForm","floor":16},{"not_picked":["Guardian:ArmoredProtocol","Guardian:Gem_Blue"],"picked":"Guardian:FloatingOrbs","floor":21},{"not_picked":["Guardian:PrismaticBarrier","Guardian:Gem_Blue"],"picked":"Guardian:RollAttack","floor":23},{"not_picked":["Guardian:ChargeCore","Guardian:PrimingBeam"],"picked":"Guardian:Gem_Crimson","floor":25},{"not_picked":["Guardian:RollAttack+1","Guardian:RevengeProtocol+1"],"picked":"Guardian:Gem_Fragmented","floor":27},{"not_picked":["Guardian:DecasProtection","Guardian:SpikerProtocol"],"picked":"Guardian:ChargeCore","floor":27},{"not_picked":["Gensokyo:HAARP","Gensokyo:Doppelganger"],"picked":"Gensokyo:SevenSchoolMysteries","floor":29},{"not_picked":["Guardian:Suspension","Guardian:ArmoredProtocol+1"],"picked":"Guardian:ShieldCharger","floor":31},{"not_picked":["Guardian:ArmoredProtocol","Guardian:ShieldCharger","Guardian:TimeCapacitor"],"picked":"SKIP","floor":32},{"not_picked":[],"picked":"Gensokyo:ShootingStar","floor":33},{"not_picked":["Guardian:TimeSifter","Guardian:RevengeProtocol"],"picked":"Guardian:Gem_Synthetic","floor":33},{"not_picked":["Guardian:RefractedBeam+1","Guardian:ShieldCharger"],"picked":"Guardian:Emergency","floor":36},{"not_picked":["Guardian:TemporalStrike","Guardian:RollAttack"],"picked":"Guardian:SentryBeam+1","floor":37},{"not_picked":["Gensokyo:BrilliantDragonBullet","Gensokyo:EverlastingLife"],"picked":"Gensokyo:MorningMist","floor":39},{"not_picked":["Guardian:PrimingBeam","Guardian:Gem_Red"],"picked":"Guardian:BronzeOrb","floor":42},{"not_picked":["Guardian:MultiBeam+1","Guardian:PrismaticBarrier+1"],"picked":"Guardian:TimeCapacitor+1","floor":43},{"not_picked":["Guardian:VentSteam+1","Guardian:RollAttack"],"picked":"Guardian:Planning","floor":45},{"not_picked":["Guardian:Emergency","Guardian:WalkerClaw+1"],"picked":"Guardian:Gem_Green","floor":48},{"not_picked":["Guardian:Gem_Red","Guardian:PiercingHide"],"picked":"Guardian:Harden","floor":49},{"not_picked":["Guardian:TimeSifter","Guardian:RefractedBeam"],"picked":"Guardian:TimeBomb+1","floor":52}],"player_experience":192316,"relics_obtained":[{"floor":11,"key":"InkBottle"},{"floor":23,"key":"Pear"},{"floor":24,"key":"Happy Flower"},{"floor":27,"key":"Blood Vial"},{"floor":41,"key":"Blue Candle"},{"floor":42,"key":"Toy Ornithopter"},{"floor":48,"key":"Darkstone Periapt"},{"floor":52,"key":"Vajra"}],"event_choices":[],"is_beta":false,"boss_relics":[{"not_picked":["Empty Cage","Calling Bell"],"picked":"Guardian:ModeShifterPlus"},{"not_picked":["Astrolabe","Philosopher\u0027s Stone"],"picked":"bronze:MakeshiftBattery"}],"items_purged_floors":[3,8,53],"is_endless":false,"potions_floor_spawned":[2,10,11,14,15,23,27,31,33,37,43,48,49],"ascension_level":0}}