{"host":"q75fusloz6zmuoth","time":1614172485,"event":{"mods":["BaseMod","Filter the Spire","Minty Spire (QoL Compilation)","Relic Stats","StSLib"],"gold_per_floor":[109,129,144,144,156,156,200,200,200,241,92,127,152,183,183,311,311,325,341,341,355,375,409,409,409,458,458,501,501,501,539,539,663,663,684,684,704,720,720,720,764,764,845,885,885,206,246,246,246,246],"floor_reached":51,"language":"ENG","playtime":8946,"items_purged":["InnerPeace"],"score":1193,"play_id":"da9f22ca-a555-4bb8-8710-43554ea8e42d","local_time":"20210224141445","is_ascension_mode":true,"campfire_choices":[{"data":"Adaptation","floor":8.0,"key":"SMITH"},{"data":"Wallop","floor":15.0,"key":"SMITH"},{"data":"TalkToTheHand","floor":27.0,"key":"SMITH"},{"data":"Omniscience","floor":30.0,"key":"SMITH"},{"floor":32.0,"key":"REST"},{"data":"ClearTheMind","floor":40.0,"key":"SMITH"},{"data":"Pray","floor":45.0,"key":"SMITH"},{"floor":49,"key":"REST"}],"circlet_count":0,"master_deck":["Strike_P+1","Strike_P+1","Strike_P+1","Strike_P+1","Defend_P+1","Defend_P+1","Eruption","Prostrate+1","Collect+1","Tantrum+1","BowlingBash","FlyingSleeves+1","Adaptation+1","Wallop+1","EmptyBody","Brilliance","FearNoEvil","Tantrum","Omniscience+1","Study+1","TalkToTheHand+1","Conclude","Worship","Worship","Wallop","ClearTheMind+1","MasterReality","Dark Shackles","Prostrate","Meditate+1","Pray+1","Master of Strategy","ReachHeaven"],"relics":["Astrolabe","Golden Idol","FossilizedHelix","InkBottle","White Beast Statue","Regal Pillow","Mummified Hand","Sozu","Art of War","MutagenicStrength","Potion Belt","Akabeko","GremlinMask","Smiling Mask","Ancient Tea Set","Darkstone Periapt","Shuriken","Strange Spoon","Bag of Preparation","Bottled Lightning","MealTicket"],"acts_visited":["Exordium","TheCity","TheBeyond"],"potions_floor_usage":[50],"damage_taken":[{"damage":2.0,"enemies":"Jaw Worm","floor":1.0,"turns":2.0},{"damage":0.0,"enemies":"Small Slimes","floor":2.0,"turns":2.0},{"damage":0.0,"enemies":"Cultist","floor":3.0,"turns":2.0},{"damage":2.0,"enemies":"Looter","floor":5.0,"turns":2.0},{"damage":15.0,"enemies":"3 Sentries","floor":7.0,"turns":3.0},{"damage":0.0,"enemies":"Lagavulin","floor":10.0,"turns":5.0},{"damage":0.0,"enemies":"Gremlin Nob","floor":12.0,"turns":3.0},{"damage":0.0,"enemies":"2 Fungi Beasts","floor":13.0,"turns":2.0},{"damage":0.0,"enemies":"Lagavulin","floor":14.0,"turns":4.0},{"damage":0.0,"enemies":"Hexaghost","floor":16.0,"turns":4.0},{"damage":0.0,"enemies":"Spheric Guardian","floor":18.0,"turns":1.0},{"damage":0.0,"enemies":"Chosen","floor":19.0,"turns":3.0},{"damage":0.0,"enemies":"Centurion and Healer","floor":21.0,"turns":3.0},{"damage":8.0,"enemies":"Snake Plant","floor":22.0,"turns":4.0},{"damage":10.0,"enemies":"Gremlin Leader","floor":23.0,"turns":4.0},{"damage":14.0,"enemies":"Book of Stabbing","floor":28.0,"turns":3.0},{"damage":0.0,"enemies":"Slavers","floor":31.0,"turns":2.0},{"damage":56.0,"enemies":"Champ","floor":33.0,"turns":7.0},{"damage":0.0,"enemies":"3 Shapes","floor":35.0,"turns":2.0},{"damage":9.0,"enemies":"3 Darklings","floor":37.0,"turns":3.0},{"damage":0.0,"enemies":"Transient","floor":38.0,"turns":5.0},{"damage":35.0,"enemies":"Reptomancer","floor":41.0,"turns":5.0},{"damage":0.0,"enemies":"Nemesis","floor":44.0,"turns":3.0},{"damage":0.0,"enemies":"Giant Head","floor":47.0,"turns":3.0},{"damage":37,"enemies":"Donu and Deca","floor":50,"turns":5}],"seed_played":"2171997223981246640","potions_obtained":[{"floor":1.0,"key":"Energy Potion"},{"floor":10.0,"key":"FearPotion"},{"floor":12.0,"key":"GamblersBrew"},{"floor":13.0,"key":"AttackPotion"},{"floor":14.0,"key":"Regen Potion"},{"floor":16.0,"key":"Block Potion"}],"is_trial":false,"path_per_floor":["M","M","M","?","M","?","E","R","T","E","$","E","M","E","R","B",null,"M","M","?","M","M","E","?","?","T","R","E","?","R","E","R","B",null,"M","?","M","M","?","R","E","?","T","E","R","$","E","?","R","B",null],"character_chosen":"WATCHER","items_purchased":["Brilliance","Strange Spoon","Bag of Preparation","Bottled Lightning","ReachHeaven"],"campfire_rested":2,"item_purchase_floors":[11,46,46,46,46],"current_hp_per_floor":[70,70,70,56,54,54,39,39,39,39,39,39,39,39,39,39,67,67,67,67,67,59,49,49,49,49,49,35,35,35,35,67,11,67,67,67,58,58,58,58,23,23,23,23,23,23,23,23,58,35],"gold":246,"neow_bonus":"BOSS_RELIC","is_daily":false,"chose_seed":false,"campfire_upgraded":6,"win_rate":0.0,"timestamp":1614172485,"path_taken":["M","M","M","?","M","?","E","R","T","E","?","E","?","E","R","BOSS","BOSS","M","M","?","M","M","E","?","?","T","R","E","?","R","E","R","BOSS","M","?","?","M","?","R","E","?","T","E","R","$","E","?","R","BOSS"],"items_purchased_type":["Card","Relic","Relic","Relic","Card"],"build_version":"2020-12-22","purchased_purges":1,"victory":true,"max_hp_per_floor":[72,72,72,72,72,67,67,67,67,67,67,67,67,67,67,67,67,67,67,67,67,67,67,67,67,67,67,67,67,67,67,67,67,67,67,67,67,67,67,67,67,67,67,67,67,67,67,67,67,67],"relic_stats":{"Darkstone Periapt":0,"Regal Pillow":27,"counters":[25,82],"Golden Idol":211,"Astrolabe":["Prostrate","Collect","Tantrum"],"Bag of Preparation":[4],"Smiling Mask":25,"Sozu":14,"Strange Spoon":[9],"Mummified Hand":[35],"Shuriken":[4],"MealTicket":0,"Art of War":[4],"obtain_stats":[{"Potion Belt":26,"Darkstone Periapt":43,"Regal Pillow":12,"Golden Idol":6,"Astrolabe":0,"GremlinMask":29,"Bag of Preparation":46,"Smiling Mask":31,"Ancient Tea Set":41,"White Beast Statue":10,"Akabeko":28,"Sozu":17,"Strange Spoon":46,"Mummified Hand":14,"Shuriken":44,"MutagenicStrength":25,"MealTicket":47,"Art of War":23,"Bottled Lightning":46,"PureWater":0,"FossilizedHelix":7,"InkBottle":9},{"Potion Belt":15,"Darkstone Periapt":22,"Regal Pillow":7,"Golden Idol":4,"Astrolabe":0,"GremlinMask":16,"Bag of Preparation":23,"Smiling Mask":17,"Ancient Tea Set":22,"White Beast Statue":6,"Akabeko":16,"Sozu":10,"Strange Spoon":23,"Mummified Hand":9,"Shuriken":23,"MutagenicStrength":15,"MealTicket":24,"Art of War":15,"Bottled Lightning":23,"PureWater":0,"FossilizedHelix":5,"InkBottle":5},{"Potion Belt":44,"Darkstone Periapt":71,"Regal Pillow":19,"Golden Idol":8,"Astrolabe":0,"GremlinMask":47,"Bag of Preparation":74,"Smiling Mask":49,"Ancient Tea Set":71,"White Beast Statue":16,"Akabeko":47,"Sozu":29,"Strange Spoon":74,"Mummified Hand":25,"Shuriken":74,"MutagenicStrength":44,"MealTicket":77,"Art of War":44,"Bottled Lightning":74,"PureWater":0,"FossilizedHelix":11,"InkBottle":11}],"InkBottle":[31]},"card_choices":[{"not_picked":["Vengeance","Crescendo"],"picked":"BowlingBash","floor":1.0},{"not_picked":["SandsOfTime","JustLucky"],"picked":"FlyingSleeves","floor":2.0},{"not_picked":["Evaluate","FollowUp"],"picked":"Adaptation","floor":3.0},{"not_picked":["BowlingBash","Halt"],"picked":"Wallop","floor":5.0},{"not_picked":["WindmillStrike","Alpha"],"picked":"EmptyBody","floor":7.0},{"not_picked":["Wireheading","Study","Swivel"],"picked":"SKIP","floor":10.0},{"not_picked":["Study","Wireheading"],"picked":"FearNoEvil","floor":12.0},{"not_picked":["Indignation","WheelKick","FollowUp"],"picked":"SKIP","floor":13.0},{"not_picked":["WheelKick","WreathOfFlame"],"picked":"Tantrum","floor":14.0},{"not_picked":["SpiritShield","MasterReality"],"picked":"Omniscience","floor":16.0},{"not_picked":["FollowUp","ClearTheMind"],"picked":"Study+1","floor":18.0},{"not_picked":["FlurryOfBlows","ThirdEye+1"],"picked":"TalkToTheHand","floor":19.0},{"not_picked":["EmptyFist","Perseverance+1","Evaluate+1"],"picked":"SKIP","floor":21.0},{"not_picked":["FlyingSleeves","Collect+1"],"picked":"Conclude","floor":22.0},{"not_picked":["EmptyFist","Weave"],"picked":"Worship","floor":23.0},{"not_picked":["FearNoEvil","Study"],"picked":"Wallop","floor":28.0},{"not_picked":["ReachHeaven+1","FollowUp"],"picked":"ClearTheMind","floor":31.0},{"not_picked":["Wish","LessonLearned"],"picked":"MasterReality","floor":33.0},{"not_picked":["FlyingSleeves+1","Consecrate"],"picked":"InnerPeace","floor":35.0},{"not_picked":["Wallop+1","EmptyFist+1"],"picked":"Prostrate","floor":37.0},{"not_picked":["Crescendo","ClearTheMind+1"],"picked":"Meditate+1","floor":38.0},{"not_picked":["EmptyFist+1","FlurryOfBlows+1"],"picked":"Pray","floor":41.0},{"not_picked":["Jack Of All Trades","Panacea"],"picked":"Master of Strategy","floor":42.0},{"not_picked":["CrushJoints","Judgement","EmptyFist+1"],"picked":"SKIP","floor":44.0},{"not_picked":["PathToVictory+1","Evaluate+1","EmptyMind+1"],"picked":"SKIP","floor":47.0}],"player_experience":655969,"relics_obtained":[{"floor":7.0,"key":"FossilizedHelix"},{"floor":9.0,"key":"InkBottle"},{"floor":10.0,"key":"White Beast Statue"},{"floor":12.0,"key":"Regal Pillow"},{"floor":14.0,"key":"Mummified Hand"},{"floor":23.0,"key":"Art of War"},{"floor":26.0,"key":"Potion Belt"},{"floor":28.0,"key":"Akabeko"},{"floor":31.0,"key":"Smiling Mask"},{"floor":41.0,"key":"Ancient Tea Set"},{"floor":43.0,"key":"Darkstone Periapt"},{"floor":44.0,"key":"Shuriken"},{"floor":47.0,"key":"MealTicket"}],"event_choices":[{"damage_healed":0.0,"max_hp_gain":0.0,"max_hp_loss":0.0,"gold_gain":0.0,"event_name":"Shining Light","player_choice":"Entered Light","floor":4.0,"gold_loss":0.0,"damage_taken":14.0,"cards_upgraded":["Strike_P","FlyingSleeves"]},{"damage_healed":0.0,"max_hp_gain":0.0,"max_hp_loss":5.0,"gold_gain":0.0,"event_name":"Golden Idol","player_choice":"Lose Max HP","floor":6.0,"gold_loss":0.0,"damage_taken":0.0,"relics_obtained":["Golden Idol"]},{"damage_healed":0.0,"max_hp_gain":0.0,"max_hp_loss":0.0,"gold_gain":0.0,"event_name":"Back to Basics","player_choice":"Simplicity","floor":20.0,"gold_loss":0.0,"damage_taken":0.0,"cards_upgraded":["Strike_P","Strike_P","Strike_P","Defend_P","Defend_P"]},{"damage_healed":0.0,"max_hp_gain":0.0,"max_hp_loss":0.0,"gold_gain":0.0,"event_name":"The Library","player_choice":"Read","floor":24.0,"gold_loss":0.0,"damage_taken":0.0,"cards_obtained":["Worship"]},{"damage_healed":0.0,"max_hp_gain":0.0,"max_hp_loss":0.0,"gold_gain":0.0,"event_name":"Drug Dealer","player_choice":"Inject Mutagens","floor":25.0,"gold_loss":0.0,"damage_taken":0.0,"relics_obtained":["MutagenicStrength"]},{"damage_healed":0.0,"max_hp_gain":0.0,"max_hp_loss":0.0,"gold_gain":0.0,"event_name":"FaceTrader","player_choice":"Trade","floor":29.0,"gold_loss":0.0,"damage_taken":0.0,"relics_obtained":["GremlinMask"]},{"damage_healed":0.0,"max_hp_gain":0.0,"max_hp_loss":0.0,"gold_gain":0.0,"event_name":"Match and Keep!","player_choice":"1 cards matched","floor":36.0,"gold_loss":0.0,"damage_taken":0.0,"cards_obtained":["Dark Shackles"]},{"damage_healed":0.0,"max_hp_gain":0.0,"max_hp_loss":0.0,"gold_gain":0.0,"event_name":"Tomb of Lord Red Mask","player_choice":"Ignored","floor":39.0,"gold_loss":0.0,"damage_taken":0.0},{"damage_healed":0.0,"max_hp_gain":0.0,"max_hp_loss":0.0,"gold_gain":0.0,"event_name":"SensoryStone","player_choice":"Memory 1","floor":42.0,"gold_loss":0.0,"damage_taken":0.0},{"damage_healed":0,"gold_gain":0,"player_choice":"Ignored","damage_taken":0,"max_hp_gain":0,"max_hp_loss":0,"event_name":"Mysterious Sphere","floor":48,"gold_loss":0}],"is_beta":false,"boss_relics":[{"not_picked":["Fusion Hammer","Pandora\u0027s Box"],"picked":"Sozu"},{"not_picked":["Snecko Eye","Runic Dome","Busted Crown"]}],"items_purged_floors":[46],"is_endless":false,"potions_floor_spawned":[1,10,12,13,14,16,18,19,21,22,23,28,31,33,35,37,38,41,44,47],"ascension_level":4}}