{"host":"j1eo1fqrqta44853","time":1614206830,"event":{"mods":["Act Like it!","Bartender","BaseMod","Bestiary","Bossed Relics","CatGirl Mod","Custom Start","Downfall","Elementarium","Gensokyo","GungeonMod","HololiveMod","Hubris","Infinite Spire","KinomotoSakuraMod(????)","Koishi","Library of Ruina","Library of Ruina Extra","Lobotomy","LobotomyExtend","Marisa????????","Minty Spire (QoL Compilation)","Pale of the Ancients","Rare Cards Sparkle","Reimu??????","Reliquary","Replay The Spire","Ruina","SIMod","Shedinja","Spire Arcade","StSLib","The Alterego","The Jungle","The Marked","The Mystic","The Runesmith","The Senshi","The Vixen","TheBandit","Waifu the Spire","WarShipGirlsR/????R mod","Yakumo Yukari mod"],"gold_per_floor":[212,137,154,101,72,72,107,125,125,136,136,106,141,155,155,252,252,271,286,305,315,139,164,174,174,174,174,221,240,240,258,258,358,358,374,334,348,348,348,362,362,375,375,394,135,135,135,135,135,135,135,135,135,58,86,86,86],"floor_reached":56,"language":"ENG","playtime":6831,"items_purged":["Dodge"],"score":704,"play_id":"7a87eb04-6de4-4724-b371-606aa437872b","local_time":"20210224164710","is_ascension_mode":false,"campfire_choices":[{"floor":6,"key":"RECALL"},{"floor":11,"key":"REST"},{"data":"SunsetBlade","floor":15,"key":"SMITH"},{"data":"SilentMist","floor":25,"key":"SMITH"},{"floor":27,"key":"REST"},{"data":"PreparedMind","floor":32,"key":"SMITH"},{"data":"SilentMist","floor":41,"key":"SMITH"},{"data":"SilentNight","floor":47,"key":"SMITH"},{"data":"StayCalm","floor":49,"key":"SMITH"},{"data":"RatsGuideToSurvival","floor":53,"key":"SMITH"}],"circlet_count":0,"master_deck":["LightDefense","LightAttack","LightAttack","LightDefense","LightDefense","LightDefense","ChargeAndCover","FocusedStrikes","SunsetBlade+1","Faith","ViolentFlame","Parry2","Faith","Diversion","Slice_lor","RatsGuideToSurvival+1","SilentNight+1","ViolentFlame","SinglePointStab","WillProduceFineSilk","SuanNi+1","ViolentFlame","SilentMist+1","StayCalm+1","BayonetCombat","FrontalAssault+1","PreparedMind+1","GoinFirst+1","Parry2","SilentMist+1","Parry2+1","ForTheFamily","Parry2"],"relics":["PageOfLibrarian","Snack Pack","infinitespire:WardingShard","PageOfBlackSwan","Oddly Smooth Stone","Omamori","reliquary:Sod","Busted Crown","infinitespire:Broken Mirror","infinitespire:Bottled Soul","PageOfGalaxyChild"],"acts_visited":["Exordium","TheCity","TheBeyond","TheEnding"],"potions_floor_usage":[10,13,13,16,21,24,31,33,50,51],"damage_taken":[{"damage":0,"enemies":"Jaw Worm","floor":1,"turns":5},{"damage":2,"enemies":"2 Louse","floor":3,"turns":4},{"damage":30,"enemies":"Gremlin Nob","floor":7,"turns":5},{"damage":1,"enemies":"Cultist","floor":8,"turns":4},{"damage":8,"enemies":"2 Fungi Beasts","floor":10,"turns":6},{"damage":12,"enemies":"3 Sentries","floor":13,"turns":5},{"damage":4,"enemies":"3 Louse","floor":14,"turns":4},{"damage":8,"enemies":"Hexaghost","floor":16,"turns":7},{"damage":0,"enemies":"Spheric Guardian","floor":18,"turns":3},{"damage":9,"enemies":"Chosen","floor":19,"turns":4},{"damage":7,"enemies":"Centurion and Healer","floor":20,"turns":5},{"damage":20,"enemies":"Shelled Parasite and Fungi","floor":21,"turns":7},{"damage":9,"enemies":"Book of Stabbing","floor":23,"turns":6},{"damage":0,"enemies":"Cultist and Chosen","floor":24,"turns":6},{"damage":0,"enemies":"3 Cultists","floor":29,"turns":3},{"damage":0,"enemies":"Centurion and Healer","floor":31,"turns":5},{"damage":21,"enemies":"Collector","floor":33,"turns":7},{"damage":0,"enemies":"Orb Walker","floor":35,"turns":3},{"damage":8,"enemies":"3 Shapes","floor":37,"turns":4},{"damage":11,"enemies":"Writhing Mass","floor":40,"turns":5},{"damage":0,"enemies":"Transient","floor":42,"turns":5},{"damage":0,"enemies":"Maw","floor":44,"turns":5},{"damage":21,"enemies":"Donu and Deca","floor":50,"turns":6},{"damage":36,"enemies":"Donu and Deca","floor":51,"turns":19},{"damage":15,"enemies":"Shield and Spear","floor":55,"turns":7},{"damage":69,"enemies":"The Heart","floor":56,"turns":3}],"seed_played":"-7584980142299149103","potions_obtained":[{"floor":8,"key":"Regen Potion"},{"floor":10,"key":"Elixir"},{"floor":12,"key":"Slimebound:ThreeZeroPotion"},{"floor":12,"key":"Slimebound:ThreeZeroPotion"},{"floor":13,"key":"Energy Potion"},{"floor":18,"key":"BlessingOfTheForge"},{"floor":23,"key":"DemoMod:LeadSkinPotion"},{"floor":24,"key":"ZuzhouPotion:ReiMu"},{"floor":29,"key":"SkillPotion"},{"floor":40,"key":"Reflective Coating"},{"floor":44,"key":"Explosive Potion"}],"is_trial":false,"path_per_floor":["M","$","M","$","?","R","E","M","T","M","R","?","E","M","R","B",null,"M","M","M","M","$","E","M","R","T","R","?","M","?","M","R","B",null,"M","?","M","?","?","M","R","M","T","M","$","?","R","AVR","R","B",null,null,"R","$","E","B"],"character_chosen":"Librarian","items_purchased":["ViolentFlame","Oddly Smooth Stone","ViolentFlame","infinitespire:Bottled Soul","ForTheFamily"],"campfire_rested":2,"item_purchase_floors":[4,22,22,45,54],"current_hp_per_floor":[60,60,58,58,58,58,28,27,27,36,54,54,48,44,44,38,84,84,68,63,43,43,36,38,38,38,61,42,44,44,44,44,27,72,70,70,62,62,76,67,67,69,69,65,65,65,65,65,65,46,24,75,75,75,62,0,0],"gold":86,"neow_bonus":"HUNDRED_GOLD","is_daily":false,"chose_seed":false,"campfire_upgraded":7,"win_rate":0.0,"timestamp":1614206830,"path_taken":["M","$","M","$","?","R","E","M","T","M","R","?","E","M","R","BOSS","M","M","M","M","$","E","M","R","T","R","?","M","?","?","R","BOSS","M","?","?","?","?","?","R","M","T","M","?","?","R","AVR","R","BOSS","R","$","E","BOSS"],"items_purchased_type":["Card","Relic","Card","Relic","Card"],"build_version":"2020-12-22","purchased_purges":1,"victory":false,"max_hp_per_floor":[70,70,62,62,62,62,65,63,63,63,63,63,77,223,77,84,84,84,68,63,62,62,63,66,66,66,79,79,79,79,64,79,72,72,70,70,80,76,76,199,75,69,69,65,65,65,65,65,75,75,75,75,75,75,68,68,68],"card_choices":[{"not_picked":["ShockingBlow","YouOnlyLiveOnce","CutIn","AsThePrescriptOrders","HandlingWork","SerpentSwordTechnique","PinpointShot","Reload"],"picked":"SunsetBlade","floor":1},{"not_picked":["EnergyShield","Standoff","GuidanceOfTheGears","AGoldenOpportunity","Creak","RagingStormLove","MindWhip","Thrust"],"picked":"Faith","floor":3},{"not_picked":["Ripple","BiAn","VioletBlade","SunsetBlade","Faith","DaringDecision","FrontalAssault","GrazeTheGrass"],"picked":"Parry2","floor":7},{"not_picked":["BiAn","EnergyShield","SerpentSwordTechnique","SturdyDefense","MindPrepared","Thrust","Parry","SearingSword"],"picked":"Faith","floor":8},{"not_picked":["WillOfThePrescript","Rewind","StructuralAnalysis","SinglePointStab","HandleRequest","EnergyShield","Outburst","Faith"],"picked":"Diversion","floor":10},{"not_picked":["ScratchThat","SharpNails","GreatSerpentsImpact","BiXi","IllEndYou","AGoldenOpportunity","TraceOfFumes","ReadyUp"],"picked":"Slice_lor","floor":13},{"not_picked":["YouOnlyLiveOnce","HighKick","SparkingSpear","Reload","WillOfThePrescript","FlashOfSunup","ClassAndRespect","GroundSmash"],"picked":"RatsGuideToSurvival","floor":14},{"not_picked":["Castigation","Decapitation"],"picked":"SilentNight","floor":16},{"not_picked":["Observe","Multislash","EnergyStrike+1","FrontalAssault","CleanUp","VenomousFangs","Overcharge","Slice_lor"],"picked":"ViolentFlame","floor":18},{"not_picked":["FeatherShield","Thrust","WillProduceFineSilk","CoordinatedAssault+1","SharpSwipe","SunsetBlade","HiddenBlade+1","UndertakePrescript"],"picked":"SinglePointStab","floor":19},{"not_picked":["EnergyCycle","UnavoidableGaze+1","Faith+1","Creak","SmokingPipe","FendThisOffIfYouCan","UpbeatPerformance","EnergyShield"],"picked":"WillProduceFineSilk","floor":20},{"not_picked":["FlyingSword","Feast","Parry","ClassAndRespect","FrontalAssault","Retaliate","Mutilate","Laceration+1"],"picked":"SuanNi","floor":21},{"not_picked":["SuppressingShot","GaleKick+1","Outburst","Cruelty","Creak+1","Overcharge+1","HandleRequest","GuidanceOfTheGears"],"picked":"SilentMist","floor":23},{"not_picked":["ICanCookAnything","QuickAttack","Outburst","EndlessBattle","SpearedSweep","StructuralAnalysis","Wallop_lor+1","TasteMyFlamingBat"],"picked":"StayCalm","floor":24},{"not_picked":["HiddenBlade","EnergyCycle+1","Diversion","Suppress","GuidanceOfTheGears","Outburst+1","CookingPrep","Multislash+1"],"picked":"BayonetCombat","floor":28},{"not_picked":["Feast","ReadyUp","GuidanceOfTheGears","GreatSerpentsImpact","HeavyPeaks","DarkCloud","AlloutWar","UnavoidableGaze"],"picked":"FrontalAssault+1","floor":28},{"not_picked":["ChiWen+1","YoureTooSlow","Leap_lor","SkyClearingCut+1","Quickness","BackstreetsDash","FleetEdge","LawAndOrder","Diversion+1"],"picked":"SKIP","floor":29},{"not_picked":["Leap_lor","SpearedSweep","MultiBlock","Diversion","Faith+1","TheArtOfRapidSteps","PinpointShot","EnergyShield"],"picked":"PreparedMind","floor":31},{"not_picked":["Cruelty","BoundaryOfDeath"],"picked":"GoinFirst","floor":33},{"not_picked":["Thrust+1","SnakesPrey+1","TendonChords+1","GreatSerpentsImpact+1","FlyingSword+1","PreemptiveStrike"],"picked":"Parry2","floor":35},{"not_picked":["FierceCharge+1","SerpentSwordTechnique+1","Leap_lor","GoinFirst","NightInTheBackstreets","BiAn+1"],"picked":"SilentMist","floor":37},{"not_picked":["BulkyImpact+1","HeavyPeaks+1","Outburst","KeepItFresh+1","Overcharge","NightInTheBackstreets","FieryWaltz"],"picked":"SKIP","floor":40},{"not_picked":["DesperateStruggle+1","SerpentSwordTechnique+1","LoosenUp+1","GuardingStance","Leap_lor","CumulusWall+1","DefenseOrder+1"],"picked":"SKIP","floor":42},{"not_picked":["InhaleSmoke+1","HandleRequest","Parry+1","SnakeSlit+1","Deflect_lor","ProselytesBlade"],"picked":"Parry2+1","floor":44},{"not_picked":["Ripple","ShockRound+1","EnergyConversion","Multislash+1","IronWall","SkyClearingCut+1"],"picked":"Parry2","floor":55}],"player_experience":1162364,"relics_obtained":[{"floor":7,"key":"Snack Pack"},{"floor":13,"key":"infinitespire:WardingShard"},{"floor":23,"key":"Omamori"},{"floor":26,"key":"reliquary:Sod"},{"floor":43,"key":"infinitespire:Broken Mirror"},{"floor":55,"key":"PageOfGalaxyChild"}],"event_choices":[{"damage_healed":0,"gold_gain":0,"player_choice":"Bought 2 Potions","damage_taken":0,"max_hp_gain":0,"max_hp_loss":0,"event_name":"The Woman in Blue","floor":12,"gold_loss":0},{"damage_healed":0,"gold_gain":0,"player_choice":"Upgrade","damage_taken":0,"max_hp_gain":0,"max_hp_loss":0,"event_name":"Designer","floor":36,"gold_loss":40,"cards_upgraded":["GoinFirst"]},{"damage_healed":0,"gold_gain":0,"player_choice":"Max HP","damage_taken":0,"max_hp_gain":0,"max_hp_loss":4,"event_name":"Winding Halls","floor":38,"gold_loss":0},{"damage_healed":14,"gold_gain":0,"player_choice":"Full Heal","damage_taken":0,"max_hp_gain":0,"max_hp_loss":0,"event_name":"Wheel of Change","floor":39,"gold_loss":0},{"damage_healed":0,"gold_gain":0,"player_choice":"Upgraded","damage_taken":0,"max_hp_gain":0,"max_hp_loss":0,"event_name":"Upgrade Shrine","floor":46,"gold_loss":0,"cards_upgraded":["SuanNi"]}],"is_beta":false,"boss_relics":[{"not_picked":["Replay:Bronze Core","Sozu"],"picked":"PageOfBlackSwan"},{"not_picked":["Coffee Dripper","Cursed Key"],"picked":"Busted Crown"}],"items_purged_floors":[2],"is_endless":false,"potions_floor_spawned":[8,10,13,18,23,24,29,40,44],"killed_by":"The Heart","ascension_level":0}}