{"host":"btkbr53c3gip0r7d","time":1614124973,"event":{"mods":["BaseMod","Better Altar","Better Match","Better Note","Better Sensory Stone","Better Skull","Better Third Choice","Colored Map","Curses Come First","Downfall","Minty Spire (QoL Compilation)","StSLib","The Cursed","The Marked"],"gold_per_floor":[99,110,210,210,223,236,236,266,266,285,285,298,314,342,356,356,356,356],"floor_reached":16,"language":"ENG","playtime":1406,"items_purged":[],"score":114,"play_id":"d2e3fd92-e92f-4274-9b4b-3221ad8d2054","local_time":"20210223170253","is_ascension_mode":false,"campfire_choices":[{"data":"champ:CheapShot","floor":1.0,"key":"SMITH"},{"floor":11.0,"key":"REST"}],"circlet_count":0,"master_deck":["champ:Strike","champ:Defend","champ:Execute","champ:Taunt","champ:CheapShot+1","champ:Backstep","Normality","champ:TornadoPunch","champ:PreciseThrust","champ:Devastate","champ:Improvising","champ:MurderStrike","Writhe","champ:BladeFlurry","champ:DefensiveShout","champ:PreemptiveStrike","champ:Parry","champ:Lariat+1","champ:CheapShot"],"relics":["champ:ChampionCrown","Pen Nib","Question Card","Toxic Egg 2"],"acts_visited":["Exordium"],"potions_floor_usage":[15,16,16],"damage_taken":[{"damage":12.0,"enemies":"Small Slimes","floor":2.0,"turns":4.0},{"damage":10.0,"enemies":"2 Louse","floor":5.0,"turns":2.0},{"damage":10.0,"enemies":"Cultist","floor":6.0,"turns":3.0},{"damage":59.0,"enemies":"Lagavulin","floor":8.0,"turns":6.0},{"damage":9.0,"enemies":"3 Louse","floor":10.0,"turns":3.0},{"damage":10.0,"enemies":"Red Slaver","floor":12.0,"turns":3.0},{"damage":22.0,"enemies":"Blue Slaver","floor":13.0,"turns":4.0},{"damage":46.0,"enemies":"3 Sentries","floor":14.0,"turns":7.0},{"damage":11,"enemies":"Large Slime","floor":15,"turns":5},{"damage":15,"enemies":"WA_ARCHETYPE_RETAIN","floor":16,"turns":4}],"seed_played":"1522191771100066444","potions_obtained":[{"floor":5.0,"key":"LiquidMemories"},{"floor":6.0,"key":"SpeedPotion"},{"floor":10.0,"key":"FearPotion"},{"floor":15,"key":"DuplicationPotion"}],"is_trial":false,"path_per_floor":["R","M","?","?","M","M","T","E","?","M","R","M","M","E","M","B"],"character_chosen":"THE_CHAMP","items_purchased":[],"campfire_rested":1,"item_purchase_floors":[],"current_hp_per_floor":[63,61,61,61,61,61,61,42,42,33,60,60,48,12,11,0,0,0],"gold":356,"neow_bonus":"THREE_RARE_CARDS","is_daily":false,"chose_seed":false,"campfire_upgraded":1,"win_rate":0.0,"timestamp":1614124973,"path_taken":["R","M","?","?","?","M","T","E","?","M","R","M","?","E","M","BOSS"],"items_purchased_type":[],"build_version":"2020-12-22","purchased_purges":0,"victory":false,"max_hp_per_floor":[90,90,90,90,90,90,90,90,90,90,90,90,90,90,90,90,90,90],"card_choices":[{"not_picked":["champ:DancingMaster","champ:StrikeOfGenius"],"picked":"champ:CheapShot","floor":0.0},{"not_picked":["champ:GutPunch","champ:Circumvent"],"picked":"champ:Backstep","floor":2.0},{"not_picked":["champ:GutPunch","champ:FlashCut"],"picked":"champ:TornadoPunch","floor":5.0},{"not_picked":["champ:FanOfKnives","champ:GutPunch"],"picked":"champ:PreciseThrust","floor":6.0},{"not_picked":["champ:Circumvent","champ:IgnorePain"],"picked":"champ:Devastate","floor":8.0},{"not_picked":["champ:RisingSlash","champ:CrownThrow","champ:ShieldWall"],"picked":"champ:DefensiveShout","floor":10.0},{"not_picked":["champ:Shatter","champ:DefensiveShout","champ:Circumvent"],"picked":"champ:PreemptiveStrike","floor":12.0},{"not_picked":["champ:Circumvent","champ:RisingSlash","champ:CrownThrow"],"picked":"champ:Parry","floor":13.0},{"not_picked":["champ:CrownThrow","champ:CrookedStrike","champ:Shatter"],"picked":"champ:Lariat+1","floor":14.0},{"not_picked":["champ:Duel","champ:CrownThrow","champ:FalseCounter+1"],"picked":"champ:CheapShot","floor":15}],"player_experience":1529722,"relics_obtained":[{"floor":7.0,"key":"Pen Nib"},{"floor":8.0,"key":"Question Card"},{"floor":14.0,"key":"Toxic Egg 2"}],"event_choices":[],"is_beta":false,"boss_relics":[],"items_purged_floors":[],"is_endless":false,"potions_floor_spawned":[5,6,10,15],"killed_by":"WA_ARCHETYPE_RETAIN","ascension_level":0}}