{"host":"8g24zuco0epbjwbo","time":1614188321,"event":{"mods":["BaseMod","Library of Ruina","Library of Ruina Extra","Minty Spire (QoL Compilation)","Relic Stats","StSLib"],"gold_per_floor":[110,125,0,19,36,61,61,93,93,127,146,166,184,207,207,303,303,317,317,196,211,211,236,254,289,289,318,266,266,285,285,285,382,382,399,499,202,214,214,243,243,67,92,92,92,125,125,157,157,157,157],"floor_reached":52,"language":"ENG","playtime":1959,"items_purged":["LightAttack"],"score":1086,"play_id":"f54ebf1e-4fe7-4670-a071-f8118056b8de","local_time":"20210224123841","is_ascension_mode":true,"campfire_choices":[{"data":"Reload","floor":7,"key":"SMITH"},{"data":"Reload","floor":15,"key":"SMITH"},{"data":"ForTheFamily","floor":29,"key":"SMITH"},{"data":"FrontalAssault","floor":32,"key":"SMITH"},{"data":"UnforgettableMelody","floor":41,"key":"SMITH"},{"data":"StructuralAnalysis","floor":45,"key":"SMITH"},{"data":"GuardingStance","floor":47,"key":"SMITH"},{"data":"SturdyDefense","floor":49,"key":"SMITH"}],"circlet_count":0,"master_deck":["Dodge","CoordinatedAssault","SinglePointStab","Reload+1","GuardingStance+1","Reload+1","TendonChords","SuppressingShot","SharpNails","BackAttack","SinglePointStab","SunsetBlade","SilentMist","ForTheFamily+1","Parry2","FrontalAssault+1","FrontalAssault+1","FrontalAssault+1","WillProduceFineSilk","StrikeDown","StructuralAnalysis+1","DeepDrag","ViolentFlame","UnforgettableMelody+1","Cruelty","SturdyDefense+1","Tailoring","ViolentFlame","FrontalAssault+1","Reload+1","Reload+1","SinglePointStab","Panache","ViolentFlame+1"],"relics":["PageOfLibrarian","Letter Opener","Centennial Puzzle","Gremlin Horn","Potion Belt","PageOfOzma","PageOfSingingMachine","Philosopher\u0027s Stone","GremlinMask","PageOfMountain","Dream Catcher","FossilizedHelix","Boot","Pandora\u0027s Box","PageOfAlriune","Anchor","DollysMirror","PageOfTodaysShyLook","Orichalcum","PageOfSpiderBud"],"acts_visited":["Exordium","TheCity","TheBeyond"],"potions_floor_usage":[13,50,50,50,51,51],"damage_taken":[{"damage":0,"enemies":"Small Slimes","floor":1,"turns":3},{"damage":0,"enemies":"Cultist","floor":2,"turns":4},{"damage":0,"enemies":"Jaw Worm","floor":4,"turns":3},{"damage":6,"enemies":"Red Slaver","floor":5,"turns":4},{"damage":1,"enemies":"3 Sentries","floor":6,"turns":6},{"damage":0,"enemies":"Gremlin Nob","floor":8,"turns":4},{"damage":6,"enemies":"Lagavulin","floor":10,"turns":4},{"damage":0,"enemies":"2 Fungi Beasts","floor":11,"turns":2},{"damage":0,"enemies":"Lots of Slimes","floor":12,"turns":3},{"damage":0,"enemies":"3 Louse","floor":13,"turns":2},{"damage":3,"enemies":"The Guardian","floor":16,"turns":5},{"damage":2,"enemies":"Shell Parasite","floor":18,"turns":2},{"damage":4,"enemies":"Chosen","floor":21,"turns":3},{"damage":0,"enemies":"Gremlin Leader","floor":23,"turns":4},{"damage":0,"enemies":"3 Cultists","floor":24,"turns":3},{"damage":19,"enemies":"Book of Stabbing","floor":25,"turns":4},{"damage":13,"enemies":"Slavers","floor":27,"turns":4},{"damage":0,"enemies":"Shelled Parasite and Fungi","floor":30,"turns":2},{"damage":48,"enemies":"Collector","floor":33,"turns":4},{"damage":0,"enemies":"Orb Walker","floor":35,"turns":2},{"damage":0,"enemies":"3 Shapes","floor":38,"turns":2},{"damage":0,"enemies":"Reptomancer","floor":40,"turns":4},{"damage":0,"enemies":"Giant Head","floor":46,"turns":4},{"damage":0,"enemies":"Reptomancer","floor":48,"turns":2},{"damage":43,"enemies":"Time Eater","floor":50,"turns":7},{"damage":20,"enemies":"Time Eater","floor":51,"turns":4}],"seed_played":"-5645340992783465617","potions_obtained":[{"floor":4,"key":"Ancient Potion"},{"floor":5,"key":"Weak Potion"},{"floor":8,"key":"Fire Potion"},{"floor":11,"key":"Fruit Juice"},{"floor":12,"key":"SneckoOil"},{"floor":13,"key":"DistilledChaos"},{"floor":25,"key":"PowerPotion"}],"is_trial":false,"path_per_floor":["M","M","?","M","M","E","R","E","T","E","M","M","M","T","R","B",null,"M","?","$","M","?","E","M","E","T","E","$","R","M","?","R","B",null,"M","?","$","M","?","E","R","$","T","?","R","E","R","E","R","B",null,null],"character_chosen":"Librarian","items_purchased":["SunsetBlade","FrontalAssault","ViolentFlame","PageOfAlriune","DollysMirror","SinglePointStab"],"campfire_rested":0,"item_purchase_floors":[20,28,37,37,42,42],"current_hp_per_floor":[60,60,60,60,54,53,53,56,56,56,59,62,72,72,72,77,90,88,88,88,90,81,89,90,71,71,66,66,66,66,48,48,5,95,95,95,95,95,95,92,92,92,92,92,92,92,92,92,92,54,37],"gold":157,"neow_bonus":"THREE_CARDS","is_daily":false,"chose_seed":false,"campfire_upgraded":8,"win_rate":0.0,"timestamp":1614188321,"path_taken":["M","M","?","M","M","E","R","E","T","E","M","M","?","?","R","BOSS","M","?","$","?","?","E","?","E","T","E","$","R","M","?","R","BOSS","M","?","$","?","?","E","R","$","T","?","R","E","R","E","R","BOSS"],"items_purchased_type":["Card","Card","Card","Relic","Relic","Card"],"build_version":"2020-12-22","purchased_purges":1,"victory":true,"max_hp_per_floor":[63,75,75,85,85,85,85,85,85,85,85,85,90,90,90,90,90,90,90,90,90,90,90,90,90,90,90,90,90,90,95,95,95,95,95,95,95,95,95,92,92,92,92,92,92,92,92,92,92,92,92],"relic_stats":{"Centennial Puzzle":[26],"Dream Catcher":0,"Gremlin Horn":[25,25],"counters":[26,91],"Pandora\u0027s Box":["StrikeDown","StructuralAnalysis","DeepDrag","ViolentFlame","UnforgettableMelody","Cruelty","SturdyDefense","Tailoring"],"Letter Opener":[117],"Orichalcum":[12],"Boot":[48],"obtain_stats":[{"Potion Belt":9,"PageOfMountain":23,"Gremlin Horn":8,"PageOfOzma":10,"GremlinMask":19,"PageOfAlriune":37,"Letter Opener":3,"PageOfSingingMachine":14,"Orichalcum":46,"Boot":27,"PageOfSpiderBud":48,"PageOfLibrarian":0,"Centennial Puzzle":6,"Dream Catcher":25,"Anchor":40,"DollysMirror":42,"Philosopher\u0027s Stone":17,"Pandora\u0027s Box":34,"PageOfTodaysShyLook":43,"FossilizedHelix":26},{"Potion Belt":6,"PageOfMountain":14,"Gremlin Horn":6,"PageOfOzma":7,"GremlinMask":12,"PageOfAlriune":20,"Letter Opener":2,"PageOfSingingMachine":10,"Orichalcum":23,"Boot":17,"PageOfSpiderBud":24,"PageOfLibrarian":0,"Centennial Puzzle":5,"Dream Catcher":16,"Anchor":22,"DollysMirror":22,"Philosopher\u0027s Stone":11,"Pandora\u0027s Box":19,"PageOfTodaysShyLook":22,"FossilizedHelix":16},{"Potion Belt":24,"PageOfMountain":49,"Gremlin Horn":24,"PageOfOzma":28,"GremlinMask":42,"PageOfAlriune":68,"Letter Opener":7,"PageOfSingingMachine":35,"Orichalcum":78,"Boot":60,"PageOfSpiderBud":80,"PageOfLibrarian":0,"Centennial Puzzle":20,"Dream Catcher":56,"Anchor":74,"DollysMirror":74,"Philosopher\u0027s Stone":40,"Pandora\u0027s Box":66,"PageOfTodaysShyLook":74,"FossilizedHelix":56}]},"card_choices":[{"not_picked":["Wallop_lor","OpportunitySpotted"],"picked":"CoordinatedAssault","floor":0},{"not_picked":["Outburst","SharpNails","GreatSerpentsImpact","Leap_lor","ToOvercomeCrisis","EnergyShield","Transpierce","PinpointShot"],"picked":"SinglePointStab","floor":1},{"not_picked":["Wallop_lor","IdentifyWeakpoint","ToWhereThePrescriptPoints","MindPrepared","CumulusWall","ExtractFuel","QuickAttack","NightInTheBackstreets"],"picked":"Reload","floor":2},{"not_picked":["Outburst","SuppressingShot","EnergyStrike","Punishment","StrikeDown","Standoff","Unlock1","IllEndYou"],"picked":"GuardingStance","floor":4},{"not_picked":["FierceCharge","AsThePrescriptOrders","SunsetBlade","Pound","GaleKick","GuidanceOfTheGears","HardRehearsal","RushDown"],"picked":"Reload","floor":5},{"not_picked":["DefenseOrder","Parry","PreparedMind","HiddenBlade","MindCrush","HandleRequest","SparkingSpear","ClassAndRespect"],"picked":"TendonChords","floor":6},{"not_picked":["DefenseOrder","Faith","Unlock1","UnavoidableGaze","GroundSmash","Eject","ButterflySlash","SenseQuarry"],"picked":"SuppressingShot","floor":8},{"not_picked":["Diversion","Leap_lor","SenseQuarry","AssaultOrder","FaintMemories","ButterflySlash","GuardingStance","CookingPrep","Disposal"],"picked":"SKIP","floor":10},{"not_picked":["SmokingPipe","PreemptiveStrike","Commandeering","ChopItOff","BiteOff","CumulusWall","StrongStrike","ExtractFuel"],"picked":"SharpNails","floor":11},{"not_picked":["Mutilate","QuickAttack","CoordinatedAssault","Track","StrikeDown","Clone","YoureAHindrance","FleetEdge"],"picked":"BackAttack","floor":12},{"not_picked":["Diversion","HiddenBlade","ShockingBlow","DarkCloud","SnakesPrey","EnergyCycle","BizarreAttack","InnerArdor"],"picked":"SinglePointStab","floor":13},{"not_picked":["BulkyImpact","Brawl","InhaleSmoke","Eliminate","NightInTheBackstreets","FleetFootsteps","Suppress","DefenseOrder+1","Overpower"],"picked":"SKIP","floor":18},{"not_picked":["SpearedSweep","StartinOutLightly","YouOnlyLiveOnce","Eject","BackstreetsDash+1","AutonomousRush+1","SerpentSwordTechnique","DefenseOrder","ShockRound"],"picked":"SKIP","floor":21},{"not_picked":["CombatPreparation","DefenseOrder","GrazeTheGrass","Quickness","WillOfThePrescript+1","StayCalm+1","YourShield+1","EnergyBeam"],"picked":"SilentMist","floor":23},{"not_picked":["DefenseOrder+1","BackAttack","ViolentFlame+1","SkyClearingCut","Outburst","FleetEdge","StayCalm","Parry2"],"picked":"ForTheFamily","floor":24},{"not_picked":["FlyingSword","MultiBlock+1","FlamingDragonFist","SuppressingShot","DaringDecision","SparkingSpear","HighKick","SpearedSweep"],"picked":"Parry2","floor":25},{"not_picked":["JiaoTu","UnavoidableGaze+1","Standoff","Ripple","ShockingBlow","Faith","CoordinatedAssault","BladeWhirl"],"picked":"FrontalAssault+1","floor":27},{"not_picked":["Standoff+1","Guardian_lor+1","Outburst+1","SomberProcuration+1","GatherIntel","GoinFirst","EnergyConversion","ClassAndRespect"],"picked":"FrontalAssault+1","floor":30},{"not_picked":["TrashDisposal","EnergyBeam"],"picked":"WillProduceFineSilk","floor":33},{"not_picked":["PreemptiveStrike+1","HandleRequest+1","EnergyStrike+1","ReadyUp","VenomousFangs","GreatSerpentsImpact+1","FlowOfTheSword","LawAndOrder+1","ShockRound"],"picked":"SKIP","floor":35},{"not_picked":["Diversion","OpportunitySpotted","Faith+1","StructuralAnalysis+1","PreparedMind","FeelinGood","NightInTheBackstreets+1","FleetEdge"],"picked":"FrontalAssault+1","floor":38},{"not_picked":["AsThePrescriptOrders+1","WillOfThePrescript+1","EnergyCycle","CoordinatedAssault","Overcharge+1","LoosenUp+1","TimeForALittleTest","Standoff"],"picked":"Reload+1","floor":40},{"not_picked":["Violence","Mind Blast","Enlightenment","Panacea","Transmutation","Swift Strike","Trip","Flash of Steel"],"picked":"Panache","floor":44},{"not_picked":["Parry+1","InkOver+1","TendonChords+1","EnergyCycle+1","DimensionalRift","Zzzzzap","Laceration+1","ScratchThat"],"picked":"ViolentFlame+1","floor":46},{"not_picked":["EnergyConversion+1","SkitterAway","EnergyStrike+1","GuardingStance+1","Outburst+1","SuppressingShot+1","EndlessBattle+1","Wallop_lor","SharpSwipe"],"picked":"SKIP","floor":48}],"player_experience":370025,"relics_obtained":[{"floor":6,"key":"Centennial Puzzle"},{"floor":8,"key":"Gremlin Horn"},{"floor":9,"key":"Potion Belt"},{"floor":10,"key":"PageOfOzma"},{"floor":14,"key":"PageOfSingingMachine"},{"floor":23,"key":"PageOfMountain"},{"floor":25,"key":"Dream Catcher"},{"floor":26,"key":"FossilizedHelix"},{"floor":27,"key":"Boot"},{"floor":40,"key":"Anchor"},{"floor":43,"key":"PageOfTodaysShyLook"},{"floor":46,"key":"Orichalcum"},{"floor":48,"key":"PageOfSpiderBud"}],"event_choices":[{"damage_healed":0,"gold_gain":0,"player_choice":"Paid Gold","damage_taken":0,"relics_obtained":["Letter Opener"],"max_hp_gain":0,"max_hp_loss":0,"event_name":"WeMeetAgain","floor":3,"gold_loss":125},{"damage_healed":0,"gold_gain":0,"player_choice":"Trade","damage_taken":0,"relics_obtained":["GremlinMask"],"max_hp_gain":0,"max_hp_loss":0,"event_name":"FaceTrader","floor":19,"gold_loss":0},{"damage_healed":0,"gold_gain":0,"player_choice":"Damaged","damage_taken":9,"max_hp_gain":0,"max_hp_loss":0,"event_name":"Wheel of Change","floor":22,"gold_loss":0},{"damage_healed":0,"gold_gain":0,"player_choice":"Shed Blood","damage_taken":23,"max_hp_gain":5,"max_hp_loss":0,"event_name":"Forgotten Altar","floor":31,"gold_loss":0},{"damage_healed":0,"gold_gain":100,"player_choice":"Pray","damage_taken":0,"max_hp_gain":0,"max_hp_loss":0,"event_name":"Golden Shrine","floor":36,"gold_loss":0},{"damage_healed":0,"gold_gain":0,"player_choice":"Ignored","damage_taken":0,"max_hp_gain":0,"max_hp_loss":0,"event_name":"Tomb of Lord Red Mask","floor":39,"gold_loss":0},{"damage_healed":0,"gold_gain":0,"player_choice":"Memory 1","damage_taken":0,"max_hp_gain":0,"max_hp_loss":0,"event_name":"SensoryStone","floor":44,"gold_loss":0}],"is_beta":false,"boss_relics":[{"not_picked":["Astrolabe","Cursed Key"],"picked":"Philosopher\u0027s Stone"},{"not_picked":["Runic Pyramid","Black Star"],"picked":"Pandora\u0027s Box"}],"items_purged_floors":[20],"is_endless":false,"potions_floor_spawned":[4,5,8,11,12,13,23,25,27,30,33,35,48],"ascension_level":1}}