{"host":"rs1c3lkx7vj3kohb","time":1614173844,"event":{"mods":["Act Like it!","BaseMod","BetterRewards","Chen","Colored Map","Colored Powertips","Friendly Minions","Gensokyo","Gremlin Mod","Hermit","Hero for Fun","KinomotoSakuraMod(ƒæ÷Æ±æ”£)","Koishi","KomeijiMod","Luminous","Marisa£®ÏF”Í°°ƒß¿Ì…≥£©","Minty Spire (QoL Compilation)","Onozuka Komachi Mod","Prisma Mod","Quick Restart","Reimu£®≤©¿ˆ¡È√Œ£©","Remilia£®¿Ÿ√◊¿Ú—«£©","Shop Mod","StSLib","The Administrix","The Alterego","The Cursed","The Senshi","The Servant 0.9.4","Waifu the Spire","WarShipGirlsR/’ΩΩ¢…Ÿ≈ÆR mod","Yakumo Yukari mod","Yohane!","Youmu£®ªÍ∆«—˝√Œ£©","Yuri Mod","Yuyuko"],"gold_per_floor":[109,129,129,144,144,144,319,351,351,351,377,390,406,78,78,176,226,238,17,33,33,45,76,76,133,158,158,198,276,636,676,676,827,827,845,845,870,888,425,425,510,606,660,678,713,725,725,745,745,770,770,770,326,405,430],"floor_reached":56,"language":"ZHS","playtime":4522,"items_purged":["PrismaMod:MiyuCommonDefend","Doubt","PrismaMod:MiyuCommonAttack","PrismaMod:MiyuCommonAttack","PrismaMod:MiyuCommonAttack"],"score":1725,"play_id":"1f996190-6def-44a0-b60b-30dd029ad1c8","local_time":"20210224213724","is_ascension_mode":false,"campfire_choices":[{"data":"PrismaMod:MiyuUncommonDexBuff","floor":6.0,"key":"SMITH"},{"data":"PrismaMod:MiyuCheapChannelAttack","floor":10.0,"key":"SMITH"},{"data":"PrismaMod:MiyuOrbIncreasePerm","floor":15.0,"key":"SMITH"},{"data":"PrismaMod:MiyuCheapChannelDefend","floor":27.0,"key":"SMITH"},{"data":"PrismaMod:MiyuCheapChannelAttack","floor":32,"key":"SMITH"},{"data":"PrismaMod:MiyuOrbIncreasePerm","floor":40,"key":"SMITH"},{"data":"Madness","floor":47,"key":"SMITH"},{"floor":49,"key":"RECALL"},{"data":"Madness","floor":52,"key":"SMITH"}],"circlet_count":0,"master_deck":["PrismaMod:MiyuCommonDefend","PrismaMod:MiyuCommonDefend+1","PrismaMod:MiyuCommonDefend","PrismaMod:MiyuCommonDefend+1","PrismaMod:MiyuCommonAttack","PrismaMod:MiyuCommonAttack+1","PrismaMod:MiyuCheapChannelAttack+1","PrismaMod:MiyuCheapChannelDefend+1","PrismaMod:MiyuUncommonDexBuff+1","PrismaMod:MiyuDevil","PrismaMod:MiyuCheapStrBuff+1","PrismaMod:MiyuEvokeAllAttack","PrismaMod:MiyuUncommonDexBuff+1","PrismaMod:MiyuUncommonDexBuff+1","PrismaMod:MiyuOrbIncreasePerm+1","PrismaMod:MiyuUncommonStrBuff+1","PrismaMod:MiyuBride","PrismaMod:MiyuUberAttack+1","PrismaMod:MiyuCarnivalAttack+1","PrismaMod:MiyuUncommonDexBuff+1","PrismaMod:MiyuEvokeCheapAttack","PrismaMod:MiyuUberAOEAttack","PrismaMod:MiyuEvokeBuffStr","PrismaMod:MiyuCheapChannelAttack+1","PrismaMod:MiyuEvokeBuffStr","PrismaMod:MiyuUncommonStrBuff+1","PrismaMod:MiyuBride","Madness+1","Madness+1","PrismaMod:MiyuUncommonStrBuff+1","PrismaMod:MiyuOrbIncreasePerm+1","PrismaMod:MiyuCheapDexBuff+1","PrismaMod:MiyuUncommonDexBuff+1"],"relics":["PrismaMod:PrismaSapphire","NitorisBag","Frozen Egg 2","Lizard Tail","theSenshi:SuperSailorFukuRelic","Boot","Shovel","Gambling Chip","Sling","Tiny House","yuri:PortableGlitches","alterego_mod:SomeoneToFightFor","Pear","MealTicket","FossilizedHelix","SlaversCollar","Membership Card","Pen Nib","Orichalcum","InkBottle","Calipers","Bronze Scales","StoneCalendar","Ornamental Fan","Whetstone","Toolbox","Turnip"],"acts_visited":["Exordium","TheCity","TheBeyond","TheEnding"],"potions_floor_usage":[50,54,55,55],"damage_taken":[{"damage":4.0,"enemies":"Jaw Worm","floor":1.0,"turns":4.0},{"damage":0.0,"enemies":"2 Louse","floor":2.0,"turns":2.0},{"damage":0.0,"enemies":"Cultist","floor":4.0,"turns":3.0},{"damage":0.0,"enemies":"Lagavulin","floor":8.0,"turns":6.0},{"damage":4.0,"enemies":"3 Sentries","floor":11.0,"turns":6.0},{"damage":0.0,"enemies":"3 Louse","floor":12.0,"turns":3.0},{"damage":0.0,"enemies":"Exordium Thugs","floor":13.0,"turns":4.0},{"damage":7.0,"enemies":"The Guardian","floor":16.0,"turns":6.0},{"damage":1.0,"enemies":"Shell Parasite","floor":18.0,"turns":5.0},{"damage":12.0,"enemies":"2 Thieves","floor":20.0,"turns":5.0},{"damage":8.0,"enemies":"Cultist and Chosen","floor":22.0,"turns":6.0},{"damage":25.0,"enemies":"Gremlin Leader","floor":23.0,"turns":5.0},{"damage":4.0,"enemies":"Slavers","floor":25.0,"turns":4.0},{"damage":0.0,"enemies":"Centurion and Healer","floor":28.0,"turns":6.0},{"damage":0.0,"enemies":"Book of Stabbing","floor":29.0,"turns":6.0},{"damage":8,"enemies":"Snake Plant","floor":31,"turns":4},{"damage":0,"enemies":"Champ","floor":33,"turns":8},{"damage":0,"enemies":"3 Shapes","floor":35,"turns":4},{"damage":24,"enemies":"3 Darklings","floor":38,"turns":5},{"damage":1,"enemies":"Nemesis","floor":41,"turns":5},{"damage":22,"enemies":"2 Orb Walkers","floor":42,"turns":7},{"damage":29,"enemies":"Jaw Worm Horde","floor":44,"turns":3},{"damage":1,"enemies":"Reptomancer","floor":45,"turns":5},{"damage":0,"enemies":"Sphere and 2 Shapes","floor":46,"turns":5},{"damage":28,"enemies":"3 Darklings","floor":48,"turns":5},{"damage":21,"enemies":"Time Eater","floor":50,"turns":7},{"damage":14,"enemies":"Shield and Spear","floor":54,"turns":7},{"damage":39,"enemies":"The Heart","floor":55,"turns":7}],"seed_played":"-4031616248720506170","potions_obtained":[{"floor":13.0,"key":"MagicPotion:ReiMu"},{"floor":16.0,"key":"GamblersBrew"},{"floor":17.0,"key":"GrandPatriotsElixir:ReiMu"},{"floor":20.0,"key":"DistilledChaos"},{"floor":23.0,"key":"Fruit Juice"},{"floor":25.0,"key":"SteroidPotion"},{"floor":29.0,"key":"SteroidPotion"},{"floor":31,"key":"LiquidMemories"},{"floor":35,"key":"LiquidBronze"},{"floor":41,"key":"PowerPotion"}],"is_trial":false,"path_per_floor":["M","M","?","M","T","R","?","E","T","R","E","M","M","$","R","B",null,"M","$","M","?","M","E","?","E","T","R","M","E","?","M","R","B",null,"M","?","T","M","$","R","E","?","T","M","E","M","R","M","R","B",null,"R","$","E","B",null],"character_chosen":"MIYU","items_purchased":["PrismaMod:MiyuUncommonDexBuff","NitorisBag","Frozen Egg 2","PrismaMod:MiyuUncommonStrBuff+1","Sling","PrismaMod:MiyuUncommonDexBuff+1","PrismaMod:MiyuEvokeCheapAttack","Membership Card","PrismaMod:MiyuUncommonStrBuff+1","PrismaMod:MiyuOrbIncreasePerm","AttackPotion","Pen Nib","Orichalcum","Ornamental Fan","Whetstone","RedTea","Energy Potion","Toolbox"],"campfire_rested":0,"item_purchase_floors":[0,0,0,14,14,19,19,39,39,39,39,39,39,53,53,53,53,53],"current_hp_per_floor":[41,41,26,26,26,26,26,26,26,26,22,22,22,22,22,15,80,79,79,71,56,52,27,27,46,46,46,64,68,32,28,28,32,100,100,87,87,88,100,100,99,77,77,56,63,67,67,43,43,22,100,100,100,94,55],"gold":430,"neow_bonus":"","is_daily":false,"chose_seed":false,"campfire_upgraded":8,"win_rate":0.0,"timestamp":1614173844,"path_taken":["M","M","?","M","?","R","?","E","T","R","E","M","M","$","R","BOSS","M","$","M","?","M","E","?","E","T","R","M","E","?","?","R","BOSS","M","?","?","M","$","R","E","?","T","M","E","M","R","?","R","BOSS","R","$","E","BOSS"],"items_purchased_type":["Card","Relic","Relic","Card","Relic","Card","Card","Relic","Card","Card","Potion","Relic","Relic","Relic","Relic","Potion","Potion","Relic"],"build_version":"2020-12-22","purchased_purges":5,"victory":true,"max_hp_per_floor":[75,75,75,75,75,75,75,75,75,75,75,75,75,75,75,75,80,80,80,80,85,85,85,85,100,100,100,100,100,100,100,100,100,100,100,100,100,100,100,100,100,100,100,100,100,100,100,100,100,100,100,100,100,100,100],"card_choices":[{"not_picked":["PrismaMod:MiyuCommonAOEAttack","PrismaMod:MiyuMaid"],"picked":"PrismaMod:MiyuDevil","floor":1.0},{"not_picked":["PrismaMod:MiyuCheapEvoke","PrismaMod:MiyuCheapAttack2"],"picked":"PrismaMod:MiyuCheapStrBuff+1","floor":2.0},{"not_picked":["PrismaMod:MiyuUncommonAOEAttack","PrismaMod:MiyuUncommonDefend","PrismaMod:MiyuAttackChannelWeak"],"picked":"SKIP","floor":4.0},{"not_picked":["PrismaMod:MiyuEvokeBuffDex","PrismaMod:MiyuChannelAttackEvoke","PrismaMod:MiyuEvokeAllAttack"],"picked":"SKIP","floor":8.0},{"not_picked":["PrismaMod:MiyuEvokeBuffDex","PrismaMod:MiyuChannelAttackEvoke"],"picked":"PrismaMod:MiyuEvokeAllAttack","floor":8.0},{"not_picked":["PrismaMod:MiyuEvokeCheapAttack","PrismaMod:MiyuAttackChannelVul"],"picked":"PrismaMod:MiyuUncommonDexBuff+1","floor":11.0},{"not_picked":["PrismaMod:MiyuAttackChannelAttack","PrismaMod:MiyuCarnivalAttack"],"picked":"PrismaMod:MiyuUncommonDexBuff+1","floor":12.0},{"not_picked":["PrismaMod:MiyuUberAttack","PrismaMod:MiyuEvokeBuffStr"],"picked":"PrismaMod:MiyuOrbIncreasePerm","floor":13.0},{"not_picked":["PrismaMod:MiyuDefendChannelDefend","PrismaMod:MiyuChannelAttackEvoke"],"picked":"PrismaMod:MiyuBride","floor":16.0},{"not_picked":["PrismaMod:MiyuUncommonDefend","PrismaMod:MiyuCheapPlate+1"],"picked":"PrismaMod:MiyuUberAttack","floor":17.0},{"not_picked":["PrismaMod:MiyuDefenseExplosion","PrismaMod:MiyuCheapChannelHeal"],"picked":"PrismaMod:MiyuCarnivalAttack","floor":18.0},{"not_picked":["PrismaMod:MiyuDefenseExplosion+1","PrismaMod:MiyuCheapStrBuff+1","PrismaMod:MiyuAttackChannelAttack"],"picked":"SKIP","floor":20.0},{"not_picked":["PrismaMod:MiyuEvokeCheapDefend","PrismaMod:MiyuUncommonDefend"],"picked":"PrismaMod:MiyuUberAOEAttack","floor":22.0},{"not_picked":["PrismaMod:MiyuEvokeAllAttack","PrismaMod:MiyuEvokeAllDefend"],"picked":"PrismaMod:MiyuEvokeBuffStr","floor":23.0},{"not_picked":["PrismaMod:MiyuCheapChannelHeal","PrismaMod:MiyuCheapDefend1"],"picked":"PrismaMod:MiyuCheapChannelAttack","floor":25.0},{"not_picked":["PrismaMod:MiyuEvokeBuffDex","PrismaMod:MiyuAttackChannelWeak"],"picked":"PrismaMod:MiyuEvokeBuffStr","floor":28.0},{"not_picked":["PrismaMod:MiyuCheapChannelVul","PrismaMod:MiyuDefenseExplosion"],"picked":"PrismaMod:MiyuUncommonStrBuff+1","floor":29.0},{"not_picked":["PrismaMod:MiyuUncommonAttack+1","PrismaMod:MiyuDefenseExplosion+1","PrismaMod:MiyuCheapStrBuff+1"],"picked":"SKIP","floor":31},{"not_picked":["PrismaMod:MiyuCarnivalDefend","PrismaMod:MiyuUberDefend"],"picked":"PrismaMod:MiyuBride","floor":33},{"not_picked":["PrismaMod:MiyuCheapChannelAttack","PrismaMod:MiyuUncommonAttack+1","PrismaMod:MiyuCommonAOEAttack"],"picked":"SKIP","floor":35},{"not_picked":["PrismaMod:MiyuCheapAttack1","PrismaMod:MiyuEvokeCheapDefend","PrismaMod:MiyuEvokeBuffStr"],"picked":"SKIP","floor":38},{"not_picked":["PrismaMod:MiyuUberAttack+1","PrismaMod:MiyuUberDefend"],"picked":"PrismaMod:MiyuCheapDexBuff+1","floor":41},{"not_picked":["PrismaMod:MiyuEvokeBuffStr","PrismaMod:MiyuUncommonStrBuff+1"],"picked":"PrismaMod:MiyuUncommonDexBuff+1","floor":42},{"not_picked":["PrismaMod:MiyuCheapChannelVul","PrismaMod:MiyuCheapStrBuff+1","PrismaMod:MiyuUncommonPlate"],"picked":"SKIP","floor":44},{"not_picked":["PrismaMod:MiyuCheapChannelRandom","PrismaMod:MiyuUncommonPlate+1","PrismaMod:MiyuUncommonAttack"],"picked":"SKIP","floor":45},{"not_picked":["PrismaMod:MiyuEvokeCheapDefend","PrismaMod:MiyuEvokeBuffDex","PrismaMod:MiyuUncommonDefend"],"picked":"SKIP","floor":46},{"not_picked":["PrismaMod:MiyuCheapAttack1","PrismaMod:MiyuCheapChannelRandom+1","PrismaMod:MiyuCheapChannelWeak"],"picked":"SKIP","floor":48},{"not_picked":["PrismaMod:MiyuCommonAOEAttack","PrismaMod:MiyuEvokeAll+1","PrismaMod:MiyuMaid+1"],"picked":"SKIP","floor":54}],"player_experience":490957,"relics_obtained":[{"floor":5.0,"key":"theSenshi:SuperSailorFukuRelic"},{"floor":8.0,"key":"Boot"},{"floor":9.0,"key":"Shovel"},{"floor":11.0,"key":"Gambling Chip"},{"floor":23.0,"key":"yuri:PortableGlitches"},{"floor":25.0,"key":"Pear"},{"floor":26.0,"key":"MealTicket"},{"floor":29.0,"key":"FossilizedHelix"},{"floor":41,"key":"InkBottle"},{"floor":42,"key":"Calipers"},{"floor":43,"key":"Bronze Scales"},{"floor":45,"key":"StoneCalendar"},{"floor":54,"key":"Turnip"}],"event_choices":[{"damage_healed":0.0,"max_hp_gain":0.0,"max_hp_loss":0.0,"gold_gain":0.0,"event_name":"Shining Light","player_choice":"Entered Light","floor":3.0,"gold_loss":0.0,"damage_taken":15.0,"cards_upgraded":["PrismaMod:MiyuCommonDefend","PrismaMod:MiyuCommonAttack"]},{"damage_healed":0.0,"max_hp_gain":0.0,"max_hp_loss":0.0,"gold_gain":175.0,"event_name":"Liars Game","player_choice":"AGREE","floor":7.0,"gold_loss":0.0,"damage_taken":0.0,"cards_obtained":["Doubt"]},{"damage_healed":0.0,"max_hp_gain":5.0,"max_hp_loss":0.0,"gold_gain":0.0,"event_name":"Forgotten Altar","player_choice":"Shed Blood","floor":21.0,"gold_loss":0.0,"damage_taken":20.0},{"damage_healed":0.0,"max_hp_gain":0.0,"max_hp_loss":0.0,"gold_gain":0.0,"event_name":"∞Æµƒ…Ò •ª®‘∞","player_choice":"Choice 2","floor":24.0,"gold_loss":0.0,"damage_taken":0.0,"relics_obtained":["alterego_mod:SomeoneToFightFor"]},{"damage_healed":0,"gold_gain":360,"player_choice":"GOLD GOLD GOLD GOLD ","damage_taken":36,"max_hp_gain":0,"max_hp_loss":0,"event_name":"Knowing Skull","floor":30,"potions_obtained":[],"gold_loss":0,"cards_obtained":[]},{"damage_healed":0,"gold_gain":0,"player_choice":"Embrace Madness","damage_taken":13,"max_hp_gain":0,"max_hp_loss":0,"event_name":"Winding Halls","floor":36,"gold_loss":0,"cards_obtained":["Madness","Madness"]},{"damage_healed":0,"gold_gain":0,"player_choice":"Fight","damage_taken":0,"max_hp_gain":0,"max_hp_loss":0,"event_name":"Mysterious Sphere","floor":42,"gold_loss":0}],"is_beta":false,"boss_relics":[{"not_picked":["SacredBark","Busted Crown"],"picked":"Tiny House"},{"not_picked":["Runic Pyramid","Cursed Key"],"picked":"SlaversCollar"}],"items_purged_floors":[0,14,19,39,53],"is_endless":false,"potions_floor_spawned":[13,16,20,23,25,29,31,35,41,42,45],"ascension_level":0}}