{"host":"dhv3u8yhd2rnugsp","time":1614127627,"event":{"mods":["100% Spire Juice","BaseMod","Block Reminder","Colored Map","Googly Eyes","Highlight Path","Minty Spire (QoL Compilation)","Permanent Neow","Quick Restart","Random Character Button","StSLib"],"gold_per_floor":[110,122,122,122,44,44,60,91,91,32,52,66,78,105,105,178,178,197,35,35,35,35,63,63,96,96,96,110,110,124,144,144,144,144],"floor_reached":33,"language":"ENG","playtime":1602,"items_purged":[],"score":590,"play_id":"84b8b819-2eec-47a0-b749-497380eb80f9","local_time":"20210223184707","is_ascension_mode":true,"campfire_choices":[{"data":"Accuracy","floor":6,"key":"SMITH"},{"data":"Cloak And Dagger","floor":15,"key":"SMITH"},{"floor":24,"key":"REST"},{"data":"Envenom","floor":27,"key":"SMITH"},{"data":"Blade Dance","floor":29,"key":"SMITH"},{"data":"Dash","floor":32,"key":"SMITH"}],"circlet_count":0,"master_deck":["AscendersBane","Survivor","Neutralize+1","Dash+1","Cloak And Dagger","Accuracy+1","Quick Slash","Crippling Poison","PiercingWail","Cloak And Dagger+1","Adrenaline","Envenom+1","Venomology","Poisoned Stab","Dodge and Roll","Bullet Time","Dagger Spray","Backstab","Blade Dance+1","Deflect","Cloak And Dagger","Corpse Explosion","Prepared"],"relics":["Ring of the Snake","MealTicket","Thread and Needle","CaptainsWheel","Strawberry","Pandora\u0027s Box","Lantern","Bronze Scales","Centennial Puzzle"],"acts_visited":["Exordium","TheCity"],"potions_floor_usage":[8,14,18,23,23,25,25,28,31,33],"damage_taken":[{"damage":0,"enemies":"2 Louse","floor":1,"turns":3},{"damage":2,"enemies":"Small Slimes","floor":2,"turns":5},{"damage":0,"enemies":"Cultist","floor":7,"turns":4},{"damage":9,"enemies":"Lagavulin","floor":8,"turns":7},{"damage":0,"enemies":"2 Fungi Beasts","floor":11,"turns":4},{"damage":0,"enemies":"Exordium Thugs","floor":12,"turns":6},{"damage":0,"enemies":"3 Louse","floor":13,"turns":4},{"damage":1,"enemies":"3 Sentries","floor":14,"turns":7},{"damage":31,"enemies":"The Guardian","floor":16,"turns":16},{"damage":0,"enemies":"Spheric Guardian","floor":18,"turns":4},{"damage":44,"enemies":"Gremlin Leader","floor":23,"turns":9},{"damage":8,"enemies":"Slavers","floor":25,"turns":6},{"damage":0,"enemies":"Chosen","floor":28,"turns":1},{"damage":2,"enemies":"Centurion and Healer","floor":30,"turns":4},{"damage":0,"enemies":"Snake Plant","floor":31,"turns":2},{"damage":57,"enemies":"Champ","floor":33,"turns":10}],"seed_played":"-2628820321281066336","potions_obtained":[{"floor":7,"key":"CunningPotion"},{"floor":11,"key":"Explosive Potion"},{"floor":14,"key":"SneckoOil"},{"floor":16,"key":"ColorlessPotion"},{"floor":18,"key":"FearPotion"},{"floor":20,"key":"Block Potion"},{"floor":20,"key":"Regen Potion"},{"floor":23,"key":"ColorlessPotion"},{"floor":28,"key":"Poison Potion"}],"is_trial":false,"path_per_floor":["M","M","?","?","$","R","M","E","T","$","M","M","M","E","R","B",null,"M","$","?","$","?","E","R","E","T","R","M","R","M","M","R","B"],"character_chosen":"THE_SILENT","items_purchased":["Accuracy","PiercingWail","Lantern"],"campfire_rested":1,"item_purchase_floors":[5,10,19],"current_hp_per_floor":[59,57,37,37,52,52,52,43,43,58,58,58,58,64,64,33,63,63,73,73,73,52,23,46,38,38,38,38,38,36,36,36,0,0],"gold":144,"neow_bonus":"RANDOM_COMMON_RELIC","is_daily":false,"chose_seed":false,"campfire_upgraded":5,"win_rate":0.0,"timestamp":1614127627,"path_taken":["M","M","?","?","$","R","M","E","T","$","?","M","M","E","R","BOSS","M","$","?","?","?","E","R","E","T","R","M","R","M","M","R","BOSS"],"items_purchased_type":["Card","Card","Relic"],"build_version":"2020-12-22","purchased_purges":0,"victory":false,"max_hp_per_floor":[66,66,66,66,66,66,66,66,66,66,66,66,66,73,73,73,73,73,73,73,73,78,78,78,78,78,78,78,78,78,78,78,78,78],"card_choices":[{"not_picked":["Bane","Backflip"],"picked":"Dash","floor":1},{"not_picked":["Dagger Throw","Distraction"],"picked":"Cloak And Dagger","floor":2},{"not_picked":["Poisoned Stab","Riddle With Holes"],"picked":"Quick Slash","floor":7},{"not_picked":["Distraction","Sucker Punch"],"picked":"Crippling Poison","floor":8},{"not_picked":["Dagger Spray","Outmaneuver"],"picked":"Cloak And Dagger","floor":11},{"not_picked":["Expertise","Phantasmal Killer","Flying Knee"],"picked":"SKIP","floor":12},{"not_picked":["Dodge and Roll","Deadly Poison","Poisoned Stab"],"picked":"SKIP","floor":13},{"not_picked":["Quick Slash","Reflex"],"picked":"Adrenaline","floor":14},{"not_picked":["Die Die Die","Storm of Steel"],"picked":"Envenom","floor":16},{"not_picked":["Caltrops","Flying Knee","Heel Hook"],"picked":"SKIP","floor":18},{"not_picked":["Slice","Caltrops","Poisoned Stab"],"picked":"SKIP","floor":23},{"not_picked":["Outmaneuver","Choke"],"picked":"Corpse Explosion","floor":25},{"not_picked":["Deflect","Riddle With Holes+1","Deadly Poison"],"picked":"SKIP","floor":28},{"not_picked":["Bouncing Flask","Flying Knee"],"picked":"Prepared","floor":30},{"not_picked":["Dash","Prepared+1","Dagger Spray"],"picked":"SKIP","floor":31}],"player_experience":1674674,"relics_obtained":[{"floor":8,"key":"Thread and Needle"},{"floor":9,"key":"CaptainsWheel"},{"floor":14,"key":"Strawberry"},{"floor":23,"key":"Bronze Scales"},{"floor":25,"key":"Centennial Puzzle"}],"event_choices":[{"damage_healed":0,"gold_gain":0,"player_choice":"Entered Light","damage_taken":20,"max_hp_gain":0,"max_hp_loss":0,"event_name":"Shining Light","floor":3,"gold_loss":0,"cards_upgraded":["Strike_G","Neutralize"]},{"cards_removed":["Strike_G"],"damage_healed":0,"gold_gain":0,"player_choice":"Offered Basic","damage_taken":0,"max_hp_gain":0,"max_hp_loss":0,"event_name":"Bonfire Elementals","floor":4,"gold_loss":0},{"damage_healed":0,"gold_gain":0,"player_choice":"Got Potions","damage_taken":0,"max_hp_gain":0,"max_hp_loss":0,"event_name":"Lab","floor":20,"gold_loss":0},{"damage_healed":0,"gold_gain":0,"player_choice":"Shed Blood","damage_taken":26,"max_hp_gain":5,"max_hp_loss":0,"event_name":"Forgotten Altar","floor":22,"gold_loss":0}],"is_beta":false,"boss_relics":[{"not_picked":["Runic Dome","Tiny House"],"picked":"Pandora\u0027s Box"}],"items_purged_floors":[],"is_endless":false,"potions_floor_spawned":[7,11,14,16,18,23,28],"killed_by":"Champ","ascension_level":20}}