{"host":"sav7uxregyirlf69","time":1614143599,"event":{"mods":["AchievementEnabler","BaseMod","Colored Map","DeckTracker","Keyboard Shortcuts","Minty Spire (QoL Compilation)","READ ME - Guardian Mod","StSLib","SuperFastMode"],"gold_per_floor":[109,109,123,138,154,154,169,169,169,183,183,200,211,239,239,316,316,329,379,390,11,31,31,44,71,71,99,99,42,73,73,73,145,145,164,178,90,105,30,60,80,110,110,138,138,149,165,176,176,176,176],"floor_reached":50,"language":"KOR","playtime":1369,"items_purged":["Strike_R"],"score":1281,"play_id":"d47a6753-a396-4da1-9706-0ecaeb399320","local_time":"20210224141319","is_ascension_mode":true,"campfire_choices":[{"data":"Apotheosis","floor":6.0,"key":"SMITH"},{"data":"Barricade","floor":8.0,"key":"SMITH"},{"data":"Perfected Strike","floor":11.0,"key":"SMITH"},{"data":"Body Slam","floor":15.0,"key":"SMITH"},{"floor":23.0,"key":"REST"},{"floor":32.0,"key":"REST"},{"floor":45,"key":"REST"},{"floor":49,"key":"RECALL"}],"circlet_count":0,"master_deck":["AscendersBane","Strike_R","Strike_R","Defend_R","Defend_R+1","Defend_R","Defend_R","Bash","Apotheosis+1","Shrug It Off","Barricade+1","Wild Strike","Perfected Strike+1","Shrug It Off","Body Slam+1","Offering+1","Perfected Strike","Pommel Strike","Evolve","Finesse","Battle Trance","Perfected Strike","Body Slam+1","Entrench","Power Through","Pummel","Cleave"],"relics":["Burning Blood","Singing Bowl","Fusion Hammer","Orrery","Du-Vu Doll","Paper Frog","War Paint","Red Mask","Matryoshka","SacredBark","StrikeDummy","Shuriken","Orichalcum","Dead Branch","Dream Catcher"],"acts_visited":["Exordium","TheCity","TheBeyond"],"potions_floor_usage":[40,42,44,48],"damage_taken":[{"damage":3.0,"enemies":"2 Louse","floor":1.0,"turns":4.0},{"damage":0.0,"enemies":"Cultist","floor":3.0,"turns":5.0},{"damage":1.0,"enemies":"Small Slimes","floor":4.0,"turns":4.0},{"damage":10.0,"enemies":"Gremlin Gang","floor":5.0,"turns":3.0},{"damage":13.0,"enemies":"Blue Slaver","floor":7.0,"turns":3.0},{"damage":21.0,"enemies":"Exordium Wildlife","floor":10.0,"turns":4.0},{"damage":11.0,"enemies":"Large Slime","floor":12.0,"turns":6.0},{"damage":2.0,"enemies":"Blue Slaver","floor":13.0,"turns":5.0},{"damage":0.0,"enemies":"Lagavulin","floor":14.0,"turns":6.0},{"damage":48.0,"enemies":"Slime Boss","floor":16.0,"turns":8.0},{"damage":9.0,"enemies":"2 Thieves","floor":18.0,"turns":3.0},{"damage":21.0,"enemies":"3 Byrds","floor":20.0,"turns":3.0},{"damage":22.0,"enemies":"Snake Plant","floor":22.0,"turns":3.0},{"damage":1.0,"enemies":"3 Cultists","floor":24.0,"turns":4.0},{"damage":19.0,"enemies":"Gremlin Leader","floor":25.0,"turns":7.0},{"damage":10.0,"enemies":"Slavers","floor":27.0,"turns":4.0},{"damage":28.0,"enemies":"Masked Bandits","floor":30.0,"turns":4.0},{"damage":20.0,"enemies":"Champ","floor":33.0,"turns":11.0},{"damage":31.0,"enemies":"3 Darklings","floor":35.0,"turns":9.0},{"damage":7.0,"enemies":"3 Shapes","floor":36.0,"turns":7.0},{"damage":9.0,"enemies":"Jaw Worm Horde","floor":38.0,"turns":5.0},{"damage":9,"enemies":"Reptomancer","floor":40,"turns":8},{"damage":12,"enemies":"Sphere and 2 Shapes","floor":41,"turns":5},{"damage":19,"enemies":"Nemesis","floor":42,"turns":7},{"damage":26,"enemies":"Reptomancer","floor":44,"turns":7},{"damage":26,"enemies":"3 Darklings","floor":46,"turns":6},{"damage":24,"enemies":"Writhing Mass","floor":47,"turns":9},{"damage":6,"enemies":"Transient","floor":48,"turns":6},{"damage":21,"enemies":"Donu and Deca","floor":50,"turns":2}],"seed_played":"-6508805574741333205","potions_obtained":[{"floor":1.0,"key":"Explosive Potion"},{"floor":7.0,"key":"EssenceOfSteel"},{"floor":10.0,"key":"AttackPotion"},{"floor":16.0,"key":"LiquidBronze"},{"floor":24.0,"key":"SkillPotion"},{"floor":25.0,"key":"DuplicationPotion"},{"floor":30.0,"key":"Block Potion"},{"floor":40,"key":"AttackPotion"},{"floor":41,"key":"ColorlessPotion"},{"floor":47,"key":"GamblersBrew"}],"is_trial":false,"path_per_floor":["M","?","M","M","M","R","M","R","T","M","R","M","M","E","R","B",null,"M","?","M","$","M","R","M","E","T","E","?","$","?","T","R","B",null,"M","M","$","M","?","E","M","E","T","E","R","M","M","M","R","B"],"character_chosen":"IRONCLAD","items_purchased":["Evolve","Finesse","Orrery","Block Potion","Entrench"],"campfire_rested":3,"item_purchase_floors":[21,21,21,29,37],"current_hp_per_floor":[68,68,68,68,64,64,57,57,57,42,42,37,41,49,49,7,54,51,51,36,42,28,51,58,47,47,45,45,45,25,25,50,38,76,51,52,52,49,49,48,44,33,33,15,46,28,12,14,14,0,0],"gold":176,"neow_bonus":"RANDOM_COLORLESS_2","is_daily":false,"chose_seed":false,"campfire_upgraded":4,"win_rate":0.0,"timestamp":1614143599,"path_taken":["M","?","M","M","M","R","M","R","T","M","R","M","?","E","R","BOSS","M","?","M","$","?","R","M","E","T","E","?","?","?","?","R","BOSS","M","M","?","?","?","E","M","E","T","E","R","M","M","M","R","BOSS"],"items_purchased_type":["Card","Card","Relic","Potion","Card"],"build_version":"2020-12-22","purchased_purges":1,"victory":false,"max_hp_per_floor":[68,68,68,68,68,68,68,68,68,68,68,68,68,70,70,70,70,70,70,70,76,78,78,80,82,82,84,84,84,86,86,86,88,88,88,90,90,90,90,92,94,96,96,98,100,102,104,106,106,106,106],"card_choices":[{"not_picked":["Metamorphosis","Transmutation"],"picked":"Apotheosis","floor":0.0},{"not_picked":["Iron Wave","Cleave"],"picked":"Shrug It Off","floor":1.0},{"not_picked":["Shrug It Off","Cleave"],"picked":"Barricade","floor":3.0},{"not_picked":["Clothesline","Infernal Blade"],"picked":"Wild Strike","floor":4.0},{"not_picked":["Flex","Wild Strike"],"picked":"Perfected Strike","floor":5.0},{"not_picked":["Combust","Sword Boomerang"],"picked":"Shrug It Off","floor":7.0},{"not_picked":["Cleave","Heavy Blade","Havoc"],"picked":"SKIP","floor":10.0},{"not_picked":["Flex","Hemokinesis","Rampage"],"picked":"SKIP","floor":12.0},{"not_picked":["Sentinel","Clash"],"picked":"Body Slam","floor":13.0},{"not_picked":["Blood for Blood","Berserk","Twin Strike"],"picked":"Singing Bowl","floor":14.0},{"not_picked":["Barricade","Immolate"],"picked":"Offering","floor":16.0},{"not_picked":["Anger","Thunderclap"],"picked":"Perfected Strike","floor":18.0},{"not_picked":["Heavy Blade","Armaments"],"picked":"Pommel Strike","floor":20.0},{"not_picked":["Clothesline","Headbutt","Searing Blow+1"],"picked":"Singing Bowl","floor":21.0},{"not_picked":["Thunderclap","Clash"],"picked":"Battle Trance","floor":21.0},{"not_picked":["Thunderclap","Wild Strike"],"picked":"Perfected Strike","floor":21.0},{"not_picked":["Pommel Strike","Immolate","Havoc"],"picked":"Singing Bowl","floor":21.0},{"not_picked":["Uppercut","Juggernaut","Evolve"],"picked":"Singing Bowl","floor":21.0},{"not_picked":["Armaments","Clash","Wild Strike+1"],"picked":"Singing Bowl","floor":22.0},{"not_picked":["Warcry","Headbutt","Armaments"],"picked":"Singing Bowl","floor":24.0},{"not_picked":["Whirlwind","Shrug It Off","Headbutt"],"picked":"Singing Bowl","floor":25.0},{"not_picked":["Clash+1","Feed","Armaments"],"picked":"Singing Bowl","floor":27.0},{"not_picked":["Flex","Thunderclap","Armaments"],"picked":"Singing Bowl","floor":30.0},{"not_picked":["Exhume","Bludgeon","Demon Form"],"picked":"Singing Bowl","floor":33.0},{"not_picked":["Ghostly Armor","Sword Boomerang"],"picked":"Body Slam+1","floor":35.0},{"not_picked":["Disarm+1","Reckless Charge+1","Havoc"],"picked":"Singing Bowl","floor":36.0},{"not_picked":["Heavy Blade","Rampage"],"picked":"Power Through","floor":38.0},{"not_picked":["Warcry","Exhume","Iron Wave"],"picked":"Singing Bowl","floor":40},{"not_picked":["Heavy Blade","Shrug It Off","Body Slam"],"picked":"Singing Bowl","floor":41},{"not_picked":["Iron Wave","Pummel+1","Armaments+1"],"picked":"Singing Bowl","floor":42},{"not_picked":["Body Slam","Thunderclap","Pummel"],"picked":"Singing Bowl","floor":44},{"not_picked":["Shrug It Off+1","Iron Wave","Thunderclap"],"picked":"Singing Bowl","floor":45},{"not_picked":["Wild Strike","Clash+1","Pommel Strike"],"picked":"Singing Bowl","floor":46},{"not_picked":["Feed","Clothesline","Perfected Strike"],"picked":"Singing Bowl","floor":47},{"not_picked":["Sword Boomerang+1","Twin Strike","Armaments+1"],"picked":"Singing Bowl","floor":48}],"player_experience":1681965,"relics_obtained":[{"floor":14.0,"key":"Singing Bowl"},{"floor":25.0,"key":"Du-Vu Doll"},{"floor":26.0,"key":"Paper Frog"},{"floor":27.0,"key":"War Paint"},{"floor":30.0,"key":"Red Mask"},{"floor":31.0,"key":"Matryoshka"},{"floor":40,"key":"StrikeDummy"},{"floor":42,"key":"Shuriken"},{"floor":43,"key":"Orichalcum"},{"floor":43,"key":"Dead Branch"},{"floor":44,"key":"Dream Catcher"}],"event_choices":[{"damage_healed":0.0,"max_hp_gain":0.0,"max_hp_loss":0.0,"gold_gain":0.0,"event_name":"Match and Keep!","player_choice":"0 cards matched","floor":2.0,"gold_loss":0.0,"damage_taken":0.0,"cards_obtained":[]},{"damage_healed":0.0,"max_hp_gain":0.0,"max_hp_loss":0.0,"gold_gain":50.0,"event_name":"Golden Shrine","player_choice":"Pray","floor":19.0,"gold_loss":0.0,"damage_taken":0.0},{"damage_healed":0.0,"max_hp_gain":0.0,"max_hp_loss":0.0,"gold_gain":0.0,"event_name":"Vampires","player_choice":"Ignored","floor":28.0,"gold_loss":0.0,"damage_taken":0.0},{"damage_healed":0.0,"max_hp_gain":0.0,"max_hp_loss":0.0,"gold_gain":0.0,"event_name":"Masked Bandits","player_choice":"Fought Bandits","floor":30.0,"gold_loss":0.0,"damage_taken":0.0},{"damage_healed":0.0,"max_hp_gain":0.0,"max_hp_loss":0.0,"gold_gain":0.0,"cards_transformed":["Strike_R","Strike_R"],"event_name":"Designer","player_choice":"Transformed Cards","floor":39.0,"gold_loss":75.0,"damage_taken":0.0,"cards_obtained":["Pummel","Cleave"]}],"is_beta":false,"boss_relics":[{"not_picked":["Calling Bell","Runic Cube"],"picked":"Fusion Hammer"},{"not_picked":["SlaversCollar","Tiny House"],"picked":"SacredBark"}],"items_purged_floors":[21],"is_endless":false,"potions_floor_spawned":[1,7,10,13,16,24,25,30,40,41,47],"killed_by":"Donu and Deca","ascension_level":20}}