{"host":"fybjbjipkr3lrybm","time":1614193417,"event":{"mods":["BaseMod","Colored Map","Colored Powertips","DeckTracker","Downfall","GungeonMod","Hermit","Hero for Fun","Highlight Path","Minty Spire (QoL Compilation)","Quick Restart","Relic Stats","StSLib","The Bladedancer","The Bug Knight","The Cursed","The Disciple","The Druid","The Forsaken","The Gatherer","The Hierophant","The Judge","The Necromancer","The Runesmith","The Servant 0.9.4"],"gold_per_floor":[118,193,204,204,214,247,41,41,41,41,101,111,111,111,111,111,111],"floor_reached":16,"language":"ENG","playtime":827,"items_purged":[],"score":98,"play_id":"67de5630-b4f3-4ac9-a5b0-a15ab459a60f","local_time":"20210224110337","is_ascension_mode":false,"campfire_choices":[{"floor":8,"key":"REST"},{"floor":15,"key":"REST"}],"circlet_count":0,"master_deck":["Runesmith:Strike_RS","Runesmith:Strike_RS","Runesmith:Strike_RS","Runesmith:Strike_RS","Runesmith:Defend_RS","Runesmith:Defend_RS","Runesmith:Defend_RS","Runesmith:Defend_RS","Runesmith:CraftFirestone","Runesmith:Fortify","Runesmith:HeatExchange","Runesmith:CraftIncendium","theForsaken:PlagueCurse","Runesmith:HeatedChisel","Runesmith:RuneHurl","Runesmith:Grindstone","Runesmith:PoweredAnvil"],"relics":["Runesmith:BrokenRuby","NeowsBlessing","theForsaken:PlagueMask","DemoMod:ClearGuonStone","Oddly Smooth Stone","Letter Opener","Pear"],"acts_visited":["Exordium"],"potions_floor_usage":[6],"damage_taken":[{"damage":0,"enemies":"Small Slimes","floor":1,"turns":1},{"damage":0,"enemies":"2 Louse","floor":3,"turns":1},{"damage":0,"enemies":"Jaw Worm","floor":5,"turns":1},{"damage":58,"enemies":"Gremlin Nob","floor":6,"turns":5},{"damage":20,"enemies":"Lagavulin Event","floor":11,"turns":8},{"damage":5,"enemies":"3 Louse","floor":12,"turns":3},{"damage":54,"enemies":"Hexaghost","floor":16,"turns":10}],"seed_played":"-982585668168230751","potions_obtained":[{"floor":1,"key":"Block Potion"},{"floor":12,"key":"Swift Potion"}],"is_trial":false,"path_per_floor":["M","?","M","?","M","E","$","R","T","?","?","M","?","?","R","B"],"character_chosen":"RUNESMITH_CLASS","items_purchased":["Runesmith:Grindstone","Oddly Smooth Stone"],"campfire_rested":2,"item_purchase_floors":[7,7],"current_hp_per_floor":[70,59,59,59,59,1,1,22,22,45,35,30,30,30,54,0,0],"gold":111,"neow_bonus":"THREE_ENEMY_KILL","is_daily":false,"chose_seed":false,"campfire_upgraded":0,"win_rate":0.0,"timestamp":1614193417,"path_taken":["M","?","M","?","M","E","?","R","T","?","?","?","?","?","R","BOSS"],"items_purchased_type":["Card","Relic"],"build_version":"2020-12-22","purchased_purges":0,"victory":false,"max_hp_per_floor":[70,70,70,70,70,70,70,70,70,70,80,80,80,80,80,80,80],"relic_stats":{"counters":[7,28],"Letter Opener":[15],"obtain_stats":[{"Runesmith:BrokenRuby":0,"Pear":11,"NeowsBlessing":0,"Oddly Smooth Stone":7,"DemoMod:GlassGuonStoneRelic":1,"Letter Opener":9,"DemoMod:ClearGuonStone":6,"theForsaken:PlagueMask":4},{"Runesmith:BrokenRuby":0,"Pear":5,"NeowsBlessing":0,"Oddly Smooth Stone":4,"DemoMod:GlassGuonStoneRelic":1,"Letter Opener":4,"DemoMod:ClearGuonStone":4,"theForsaken:PlagueMask":2},{"Runesmith:BrokenRuby":0,"Pear":16,"NeowsBlessing":0,"Oddly Smooth Stone":8,"DemoMod:GlassGuonStoneRelic":1,"Letter Opener":8,"DemoMod:ClearGuonStone":8,"theForsaken:PlagueMask":2}]},"card_choices":[{"not_picked":["Runesmith:EnergizedChisel","Runesmith:Accelerate"],"picked":"Runesmith:HeatExchange","floor":1},{"not_picked":["Runesmith:HammerTime","Runesmith:HeatedChisel"],"picked":"Runesmith:CraftIncendium","floor":3},{"not_picked":["Runesmith:FrozenChisel","Runesmith:ElementalConversion"],"picked":"Runesmith:HeatedChisel","floor":5},{"not_picked":["Runesmith:CraftVitae","Runesmith:ChargedHammer"],"picked":"Runesmith:RuneHurl","floor":6},{"not_picked":["Runesmith:FieryHammer","Runesmith:HammerThrow"],"picked":"Runesmith:PoweredAnvil","floor":12}],"player_experience":34812,"relics_obtained":[{"floor":6,"key":"DemoMod:ClearGuonStone"},{"floor":9,"key":"Letter Opener"},{"floor":11,"key":"Pear"}],"event_choices":[{"damage_healed":0,"gold_gain":75,"player_choice":"Gather Gold","damage_taken":11,"max_hp_gain":0,"max_hp_loss":0,"event_name":"World of Goop","floor":2,"gold_loss":0},{"damage_healed":0,"gold_gain":0,"player_choice":"Obtain Plague Curse","damage_taken":0,"max_hp_gain":0,"max_hp_loss":0,"event_name":"Plague Doctor","floor":4,"gold_loss":0,"cards_obtained":["theForsaken:PlagueCurse"]},{"damage_healed":23,"gold_gain":0,"player_choice":"Banana","damage_taken":0,"max_hp_gain":0,"max_hp_loss":0,"event_name":"Big Fish","floor":10,"gold_loss":0},{"damage_healed":0,"gold_gain":0,"player_choice":"Searched \u00271\u0027 times","damage_taken":0,"max_hp_gain":0,"max_hp_loss":0,"event_name":"Dead Adventurer","floor":11,"gold_loss":0},{"damage_healed":0,"gold_gain":0,"player_choice":"Fled","damage_taken":0,"max_hp_gain":0,"max_hp_loss":0,"event_name":"Scrap Ooze","floor":13,"gold_loss":0},{"damage_healed":0,"gold_gain":0,"player_choice":"Ignored","damage_taken":0,"max_hp_gain":0,"max_hp_loss":0,"event_name":"Golden Idol","floor":14,"gold_loss":0}],"is_beta":false,"boss_relics":[],"items_purged_floors":[],"is_endless":false,"potions_floor_spawned":[1,12],"killed_by":"Hexaghost","ascension_level":0}}