{"host":"x8s7139x96bc3le0","time":1614165033,"event":{"mods":["AchievementEnabler","BaseMod","Bestiary","Minty Spire (QoL Compilation)","Relic Stats","ojb\u0027s Better Paths Mod","ojb\u0027s Info Mod"],"gold_per_floor":[111,91,101,119,135,135,155,187,187,62,82,97,97,129,129,204,204,216,216,234,253,253,253,253],"floor_reached":23,"language":"ENG","playtime":1176,"items_purged":["Strike_G"],"score":434,"play_id":"8d5129e9-c8e8-43ec-9126-f76ffde63c51","local_time":"20210224121033","is_ascension_mode":true,"campfire_choices":[{"data":"Neutralize","floor":6.0,"key":"SMITH"},{"data":"Phantasmal Killer","floor":13.0,"key":"SMITH"},{"floor":15.0,"key":"REST"}],"circlet_count":0,"master_deck":["AscendersBane","Strike_G","Strike_G","Strike_G","Strike_G","Defend_G","Defend_G","Defend_G","Defend_G","Defend_G","Survivor","Neutralize+1","Sucker Punch","Slice","Blade Dance","Phantasmal Killer+1","Terror","Masterful Stab","Dagger Spray","Dash","Corpse Explosion","RitualDagger","Backstab"],"relics":["Ring of the Snake","Smiling Mask","Bag of Preparation","Bottled Flame","Tiny Chest","Runic Dome"],"acts_visited":["Exordium","TheCity"],"potions_floor_usage":[23],"damage_taken":[{"damage":1.0,"enemies":"2 Louse","floor":1.0,"turns":4.0},{"damage":2.0,"enemies":"Cultist","floor":3.0,"turns":4.0},{"damage":0.0,"enemies":"Small Slimes","floor":4.0,"turns":3.0},{"damage":7.0,"enemies":"3 Louse","floor":5.0,"turns":5.0},{"damage":6.0,"enemies":"Large Slime","floor":7.0,"turns":7.0},{"damage":30.0,"enemies":"Lagavulin","floor":8.0,"turns":9.0},{"damage":0.0,"enemies":"Looter","floor":11.0,"turns":3.0},{"damage":0.0,"enemies":"Lots of Slimes","floor":12.0,"turns":2.0},{"damage":5.0,"enemies":"Gremlin Nob","floor":14.0,"turns":3.0},{"damage":0.0,"enemies":"Slime Boss","floor":16.0,"turns":3.0},{"damage":6.0,"enemies":"Shell Parasite","floor":18.0,"turns":5.0},{"damage":15.0,"enemies":"2 Thieves","floor":20.0,"turns":3.0},{"damage":31.0,"enemies":"Snake Plant","floor":21.0,"turns":5.0},{"damage":30,"enemies":"Gremlin Leader","floor":23,"turns":2}],"seed_played":"-5062150715912529118","potions_obtained":[{"floor":1.0,"key":"Strength Potion"},{"floor":2.0,"key":"Fruit Juice"},{"floor":5.0,"key":"DuplicationPotion"},{"floor":20.0,"key":"Dexterity Potion"}],"is_trial":false,"path_per_floor":["M","?","M","M","M","R","M","E","T","$","M","M","R","E","R","B",null,"M","?","M","M","?","E"],"character_chosen":"THE_SILENT","items_purchased":["Masterful Stab"],"campfire_rested":1,"item_purchase_floors":[10],"current_hp_per_floor":[58,63,61,61,54,54,48,18,18,18,18,18,18,13,34,34,62,56,50,35,4,27,0,0],"gold":253,"neow_bonus":"RANDOM_COMMON_RELIC","is_daily":false,"chose_seed":false,"campfire_upgraded":2,"win_rate":0.0,"timestamp":1614165033,"path_taken":["M","?","?","M","M","R","M","E","T","$","?","M","R","E","R","BOSS","M","?","M","M","?","E"],"items_purchased_type":["Card"],"build_version":"2020-12-22","purchased_purges":1,"victory":false,"max_hp_per_floor":[66,71,71,71,71,71,71,71,71,71,71,71,71,71,71,71,71,71,71,71,71,71,71,71],"relic_stats":{"counters":[14,58],"Tiny Chest":0,"Bag of Preparation":[16],"Smiling Mask":25,"obtain_stats":[{"Runic Dome":17,"Bottled Flame":9,"Tiny Chest":14,"Bag of Preparation":8,"Smiling Mask":0,"Ring of the Snake":0},{"Runic Dome":10,"Bottled Flame":6,"Tiny Chest":9,"Bag of Preparation":6,"Smiling Mask":0,"Ring of the Snake":0},{"Runic Dome":43,"Bottled Flame":32,"Tiny Chest":40,"Bag of Preparation":32,"Smiling Mask":0,"Ring of the Snake":0}],"Ring of the Snake":[28]},"card_choices":[{"not_picked":["Crippling Poison","Outmaneuver"],"picked":"Sucker Punch","floor":1.0},{"not_picked":["Infinite Blades","Sucker Punch"],"picked":"Slice","floor":3.0},{"not_picked":["Prepared","Acrobatics","Outmaneuver"],"picked":"SKIP","floor":4.0},{"not_picked":["Dodge and Roll","Choke"],"picked":"Blade Dance","floor":5.0},{"not_picked":["Blade Dance","Quick Slash"],"picked":"Phantasmal Killer","floor":7.0},{"not_picked":["Leg Sweep","Concentrate"],"picked":"Terror","floor":8.0},{"not_picked":["Expertise","Backflip"],"picked":"Dagger Spray","floor":11.0},{"not_picked":["Sucker Punch","PiercingWail","Dagger Spray"],"picked":"SKIP","floor":12.0},{"not_picked":["Setup","Deadly Poison"],"picked":"Dash","floor":14.0},{"not_picked":["Grand Finale","Doppelganger"],"picked":"Corpse Explosion","floor":16.0},{"not_picked":["Distraction","Expertise","Masterful Stab"],"picked":"SKIP","floor":18.0},{"not_picked":["Caltrops","Bane+1"],"picked":"Backstab","floor":20.0},{"not_picked":["Cloak And Dagger","Flying Knee","Setup"],"picked":"SKIP","floor":21.0}],"player_experience":883934,"relics_obtained":[{"floor":8.0,"key":"Bag of Preparation"},{"floor":9.0,"key":"Bottled Flame"},{"floor":14.0,"key":"Tiny Chest"}],"event_choices":[{"damage_healed":0.0,"max_hp_gain":0.0,"max_hp_loss":0.0,"gold_gain":0.0,"event_name":"The Woman in Blue","player_choice":"Bought 1 Potion","floor":2.0,"gold_loss":0.0,"damage_taken":0.0},{"damage_healed":0.0,"max_hp_gain":0.0,"max_hp_loss":0.0,"gold_gain":0.0,"event_name":"Nest","player_choice":"Joined the Cult","floor":19.0,"gold_loss":0.0,"damage_taken":6.0,"cards_obtained":["RitualDagger"]},{"damage_healed":23.0,"max_hp_gain":0.0,"max_hp_loss":0.0,"gold_gain":0.0,"event_name":"The Library","player_choice":"Heal","floor":22.0,"gold_loss":0.0,"damage_taken":0.0}],"is_beta":false,"boss_relics":[{"not_picked":["Calling Bell","Sozu"],"picked":"Runic Dome"}],"items_purged_floors":[10],"is_endless":false,"potions_floor_spawned":[1,5,11,12,20,21],"killed_by":"Gremlin Leader","ascension_level":14}}