{"host":"vpaavrwbmey593fx","time":1614149487,"event":{"mods":["AchievementEnabler","BaseMod","Bestiary","Colored Map","Colored Powertips","DeckTracker","Minty Spire (QoL Compilation)","Relic Sorter"],"gold_per_floor":[118,197,197,210,20,20,52,52,78,90,90,118,129,157,157,254,254,268,268,193,292,292,292,305,81,105,105,205,239,239,255,255,358,358,374,169,169,183,199,234,234,267,267,315,315,0,0,15,15,15,15,15,15,47,47],"floor_reached":56,"language":"ENG","playtime":5836,"items_purged":["Decay"],"score":1768,"play_id":"5c126216-0150-45e7-ba44-f7e75cf5e90d","local_time":"20210223225127","is_ascension_mode":true,"campfire_choices":[{"data":"Terror","floor":6.0,"key":"SMITH"},{"data":"Skewer","floor":8.0,"key":"SMITH"},{"floor":15.0,"key":"REST"},{"data":"Phantasmal Killer","floor":23.0,"key":"SMITH"},{"data":"Dagger Spray","floor":27.0,"key":"SMITH"},{"data":"Footwork","floor":30.0,"key":"SMITH"},{"floor":32.0,"key":"REST"},{"data":"Night Terror","floor":41.0,"key":"SMITH"},{"floor":45.0,"key":"RECALL"},{"data":"Burst","floor":49.0,"key":"SMITH"},{"floor":52,"key":"REST"}],"circlet_count":0,"master_deck":["AscendersBane","Strike_G","Strike_G+1","Strike_G+1","Strike_G","Defend_G","Defend_G","Defend_G+1","Defend_G","Survivor","Neutralize","Backflip","Backstab+1","Skewer+1","Terror+1","Blade Dance+1","PiercingWail+1","Prepared","Phantasmal Killer+1","Dagger Spray+1","PiercingWail+1","Footwork+1","Night Terror+1","Blur","Burst+1","Concentrate+1","Backflip+1","PiercingWail"],"relics":["Ring of the Snake","Pen Nib","Nunchaku","Letter Opener","ClockworkSouvenir","Tingsha","Ancient Tea Set","Runic Pyramid","Enchiridion","Chemical X","MealTicket","CaptainsWheel","Bottled Flame","Singing Bowl","Cursed Key","War Paint","Whetstone","Prayer Wheel","Bottled Lightning","Bag of Marbles"],"acts_visited":["Exordium","TheCity","TheBeyond","TheEnding"],"potions_floor_usage":[50,55,55,55,55,55],"damage_taken":[{"damage":0.0,"enemies":"2 Louse","floor":1.0,"turns":4.0},{"damage":0.0,"enemies":"Small Slimes","floor":4.0,"turns":2.0},{"damage":22.0,"enemies":"3 Sentries","floor":7.0,"turns":8.0},{"damage":0.0,"enemies":"Jaw Worm","floor":10.0,"turns":3.0},{"damage":0.0,"enemies":"Gremlin Nob","floor":12.0,"turns":2.0},{"damage":0.0,"enemies":"Large Slime","floor":13.0,"turns":3.0},{"damage":14.0,"enemies":"3 Sentries","floor":14.0,"turns":7.0},{"damage":8.0,"enemies":"Slime Boss","floor":16.0,"turns":10.0},{"damage":0.0,"enemies":"Chosen","floor":18.0,"turns":3.0},{"damage":6.0,"enemies":"3 Byrds","floor":24.0,"turns":3.0},{"damage":0.0,"enemies":"Colosseum Slavers","floor":28.0,"turns":3.0},{"damage":17.0,"enemies":"Colosseum Nobs","floor":28.0,"turns":4.0},{"damage":0.0,"enemies":"Gremlin Leader","floor":29.0,"turns":3.0},{"damage":0.0,"enemies":"Snecko","floor":31.0,"turns":2.0},{"damage":8.0,"enemies":"Collector","floor":33.0,"turns":6.0},{"damage":9.0,"enemies":"3 Shapes","floor":35.0,"turns":6.0},{"damage":0.0,"enemies":"Orb Walker","floor":38.0,"turns":1.0},{"damage":7.0,"enemies":"Jaw Worm Horde","floor":39.0,"turns":3.0},{"damage":0.0,"enemies":"Nemesis","floor":40.0,"turns":3.0},{"damage":0.0,"enemies":"Reptomancer","floor":42.0,"turns":1.0},{"damage":3.0,"enemies":"2 Orb Walkers","floor":44.0,"turns":3.0},{"damage":0.0,"enemies":"Maw","floor":48.0,"turns":4.0},{"damage":43,"enemies":"Time Eater","floor":50,"turns":8},{"damage":29,"enemies":"Shield and Spear","floor":54,"turns":7},{"damage":41,"enemies":"The Heart","floor":55,"turns":10}],"seed_played":"2071728986160686120","potions_obtained":[{"floor":4.0,"key":"AttackPotion"},{"floor":7.0,"key":"SpeedPotion"},{"floor":12.0,"key":"BlessingOfTheForge"},{"floor":16.0,"key":"Ancient Potion"},{"floor":24.0,"key":"Regen Potion"},{"floor":33.0,"key":"EntropicBrew"},{"floor":35.0,"key":"Dexterity Potion"},{"floor":40.0,"key":"SkillPotion"},{"floor":48.0,"key":"SpeedPotion"},{"floor":54,"key":"FearPotion"}],"is_trial":false,"path_per_floor":["M","?","?","M","$","R","E","R","T","M","?","E","M","E","R","B",null,"M","?","?","?","?","R","M","$","T","R","?","E","R","M","R","B",null,"M","$","?","M","M","E","R","E","T","?","R","$","?","M","R","B",null,"R","$","E","B",null],"character_chosen":"THE_SILENT","items_purchased":["Terror","ClockworkSouvenir","Chemical X","Footwork","War Paint","SteroidPotion","Bottled Lightning"],"campfire_rested":3,"item_purchase_floors":[5,5,25,25,36,36,46],"current_hp_per_floor":[63,63,49,49,49,49,27,27,27,27,27,27,27,13,34,26,59,59,59,59,59,43,43,37,37,37,37,20,29,29,29,50,42,63,56,71,71,71,66,68,68,68,68,67,67,78,80,82,82,39,71,82,82,53,12],"gold":47,"neow_bonus":"THREE_CARDS","is_daily":false,"chose_seed":false,"campfire_upgraded":7,"win_rate":0.0,"timestamp":1614149487,"path_taken":["M","?","?","M","$","R","E","R","T","M","?","E","M","E","R","BOSS","M","?","?","?","?","R","M","$","T","R","?","E","R","M","R","BOSS","M","$","?","?","M","E","R","E","T","?","R","?","?","M","R","BOSS","R","$","E","BOSS"],"items_purchased_type":["Card","Relic","Relic","Card","Relic","Potion","Relic"],"build_version":"2020-12-22","purchased_purges":1,"victory":true,"max_hp_per_floor":[70,70,70,70,70,70,70,70,70,70,70,70,70,70,70,70,70,70,70,70,70,70,70,70,70,70,70,70,70,70,70,70,70,70,72,72,72,72,74,76,76,76,76,78,78,78,80,82,82,82,82,82,82,82,82],"card_choices":[{"not_picked":["Deflect","Expertise"],"picked":"Backflip","floor":0.0},{"not_picked":["Backflip","Calculated Gamble"],"picked":"Backstab","floor":1.0},{"not_picked":["Expertise","Setup"],"picked":"Skewer","floor":4.0},{"not_picked":["Masterful Stab","Flying Knee","Reflex"],"picked":"SKIP","floor":7.0},{"not_picked":["Deflect","PiercingWail"],"picked":"Blade Dance","floor":10.0},{"not_picked":["Deflect","Flechettes"],"picked":"PiercingWail","floor":12.0},{"not_picked":["Blade Dance","Dodge and Roll","Caltrops"],"picked":"SKIP","floor":13.0},{"not_picked":["Backstab","Bane"],"picked":"Prepared","floor":14.0},{"not_picked":["Adrenaline","A Thousand Cuts"],"picked":"Phantasmal Killer","floor":16.0},{"not_picked":["Deflect","Dagger Throw"],"picked":"Dagger Spray","floor":18.0},{"not_picked":["Caltrops+1","Dagger Spray"],"picked":"PiercingWail+1","floor":24.0},{"not_picked":["Envenom","Quick Slash"],"picked":"Night Terror","floor":29.0},{"not_picked":["Underhanded Strike","Eviscerate+1"],"picked":"Blur","floor":31.0},{"not_picked":["Phantasmal Killer","Glass Knife"],"picked":"Burst","floor":33.0},{"not_picked":["Acrobatics","Dagger Throw","Blade Dance+1"],"picked":"Singing Bowl","floor":35.0},{"not_picked":["Prepared+1","Choke+1"],"picked":"Concentrate+1","floor":38.0},{"not_picked":["Outmaneuver+1","Flying Knee","Deadly Poison"],"picked":"Singing Bowl","floor":39.0},{"not_picked":["Sucker Punch","Backstab+1","Corpse Explosion"],"picked":"Singing Bowl","floor":40.0},{"not_picked":["Doppelganger","Expertise+1"],"picked":"Backflip+1","floor":42.0},{"not_picked":["Flying Knee+1","Underhanded Strike+1","Deadly Poison"],"picked":"Singing Bowl","floor":44.0},{"not_picked":["Impatience","Chrysalis","Sadistic Nature"],"picked":"Singing Bowl","floor":47.0},{"not_picked":["Cloak And Dagger+1","Deflect+1","Dagger Spray+1"],"picked":"Singing Bowl","floor":48.0},{"not_picked":["Riddle With Holes","Sucker Punch+1","Well Laid Plans+1"],"picked":"SKIP","floor":48.0},{"not_picked":["Flying Knee","Outmaneuver+1"],"picked":"PiercingWail","floor":54}],"player_experience":416856,"relics_obtained":[{"floor":7.0,"key":"Tingsha"},{"floor":9.0,"key":"Pen Nib"},{"floor":12.0,"key":"Letter Opener"},{"floor":14.0,"key":"Ancient Tea Set"},{"floor":22.0,"key":"Enchiridion"},{"floor":26.0,"key":"MealTicket"},{"floor":28.0,"key":"CaptainsWheel"},{"floor":28.0,"key":"Bottled Flame"},{"floor":29.0,"key":"Singing Bowl"},{"floor":40.0,"key":"Whetstone"},{"floor":42.0,"key":"Nunchaku"},{"floor":44.0,"key":"Prayer Wheel"},{"floor":54,"key":"Bag of Marbles"}],"event_choices":[{"damage_healed":0.0,"max_hp_gain":0.0,"max_hp_loss":0.0,"gold_gain":79.0,"event_name":"Golden Wing","player_choice":"Gained Gold","floor":2.0,"gold_loss":0.0,"damage_taken":0.0},{"damage_healed":0.0,"max_hp_gain":0.0,"max_hp_loss":0.0,"gold_gain":0.0,"event_name":"Shining Light","player_choice":"Entered Light","floor":3.0,"gold_loss":0.0,"damage_taken":14.0,"cards_upgraded":["Strike_G","Defend_G"]},{"damage_healed":0.0,"max_hp_gain":0.0,"max_hp_loss":0.0,"gold_gain":0.0,"event_name":"Liars Game","player_choice":"Ignored","floor":11.0,"gold_loss":0.0,"damage_taken":0.0},{"damage_healed":0.0,"max_hp_gain":0.0,"max_hp_loss":0.0,"gold_gain":0.0,"event_name":"Vampires","player_choice":"Ignored","floor":19.0,"gold_loss":0.0,"damage_taken":0.0},{"cards_removed":["Strike_G"],"damage_healed":0.0,"max_hp_gain":0.0,"max_hp_loss":0.0,"gold_gain":0.0,"event_name":"Beggar","player_choice":"Gave Gold","floor":20.0,"gold_loss":75.0,"damage_taken":0.0},{"damage_healed":0.0,"max_hp_gain":0.0,"max_hp_loss":0.0,"gold_gain":99.0,"event_name":"Nest","player_choice":"Stole From Cult","floor":21.0,"gold_loss":0.0,"damage_taken":0.0},{"damage_healed":0.0,"max_hp_gain":0.0,"max_hp_loss":0.0,"gold_gain":0.0,"event_name":"Cursed Tome","player_choice":"Obtained Book","floor":22.0,"gold_loss":0.0,"damage_taken":16.0},{"damage_healed":0.0,"max_hp_gain":0.0,"max_hp_loss":0.0,"gold_gain":0.0,"event_name":"Colosseum","player_choice":"Fight","floor":28.0,"gold_loss":0.0,"damage_taken":0.0},{"damage_healed":0.0,"max_hp_gain":0.0,"max_hp_loss":0.0,"gold_gain":0.0,"event_name":"Colosseum","player_choice":"Fought Nobs","floor":28.0,"gold_loss":0.0,"damage_taken":0.0},{"cards_removed":["Defend_G"],"damage_healed":0.0,"max_hp_gain":0.0,"max_hp_loss":0.0,"gold_gain":0.0,"event_name":"Bonfire Elementals","player_choice":"Offered Basic","floor":37.0,"gold_loss":0.0,"damage_taken":0.0},{"damage_healed":0.0,"max_hp_gain":0.0,"max_hp_loss":0.0,"gold_gain":0.0,"event_name":"Mysterious Sphere","player_choice":"Fight","floor":44.0,"gold_loss":0.0,"damage_taken":0.0},{"damage_healed":0.0,"max_hp_gain":0.0,"max_hp_loss":0.0,"gold_gain":0.0,"event_name":"SensoryStone","player_choice":"Memory 1","floor":47.0,"gold_loss":0.0,"damage_taken":0.0}],"is_beta":false,"boss_relics":[{"not_picked":["HoveringKite","Sozu"],"picked":"Runic Pyramid"},{"not_picked":["Runic Dome","Snecko Eye"],"picked":"Cursed Key"}],"items_purged_floors":[46],"is_endless":false,"potions_floor_spawned":[4,7,12,16,24,28,33,35,40,48,54],"ascension_level":10}}