{"host":"nbofzmb1hl9rnais","time":1614208597,"event":{"mods":["BaseMod","Colored Map","Hermit","Minty Spire (QoL Compilation)","StSLib","The Bug Knight"],"gold_per_floor":[113,113,125,135,135,135,165,184,184,184,184],"floor_reached":10,"language":"ENG","playtime":698,"items_purged":[],"score":71,"play_id":"be8393fd-41f5-4ecd-a3a9-ad315aca4f75","local_time":"20210224151637","daily_mods":["SealedDeck"],"is_ascension_mode":true,"campfire_choices":[{"data":"HollowMod:LuriensSpire","floor":6,"key":"SMITH"}],"circlet_count":0,"master_deck":["HollowMod:MothsMistake","HollowMod:MothsMistake","HollowMod:DashSlash","HollowMod:InfectedAttack","HollowMod:InfectedAttack","HollowMod:LuriensSpire+1","HollowMod:SiblingsShadow","ClearTheMind","EmptyFist","LikeWater","HollowMod:NewJinnsSoul","HollowMod:WhiteLadysBlessing","HollowMod:HuntersJournal","Perseverance"],"relics":["PureWater","CaptainsWheel","StoneCalendar","Du-Vu Doll"],"acts_visited":["Exordium"],"potions_floor_usage":[10],"damage_taken":[{"damage":12,"enemies":"Jaw Worm","floor":1,"turns":3},{"damage":19,"enemies":"2 Louse","floor":3,"turns":3},{"damage":0,"enemies":"Small Slimes","floor":4,"turns":4},{"damage":6,"enemies":"Lagavulin","floor":7,"turns":5},{"damage":9,"enemies":"Red Slaver","floor":8,"turns":3},{"damage":23,"enemies":"3 Sentries","floor":10,"turns":4}],"seed_played":"-9194785274085945164","potions_obtained":[{"floor":4,"key":"Swift Potion"}],"is_trial":true,"path_per_floor":["M","?","M","M","?","R","E","M","T","E"],"character_chosen":"WATCHER","items_purchased":[],"campfire_rested":0,"item_purchase_floors":[],"current_hp_per_floor":[60,48,29,29,34,34,28,19,19,0,0],"gold":184,"neow_bonus":"","is_daily":false,"chose_seed":false,"campfire_upgraded":1,"win_rate":0.0,"timestamp":1614208597,"path_taken":["M","?","M","M","?","R","E","M","T","E"],"items_purchased_type":[],"build_version":"2020-12-22","purchased_purges":0,"victory":false,"max_hp_per_floor":[72,72,72,72,77,77,77,77,77,77,77],"card_choices":[{"not_picked":["HollowMod:SiblingsShadow","Worship"],"picked":"HollowMod:NewJinnsSoul","floor":1},{"not_picked":["PathToVictory","HollowMod:LifebloodCocoon"],"picked":"HollowMod:WhiteLadysBlessing","floor":3},{"not_picked":["Halt","HollowMod:SoulShaman"],"picked":"HollowMod:HuntersJournal","floor":4},{"not_picked":["BowlingBash","FlurryOfBlows"],"picked":"Perseverance","floor":7},{"not_picked":["Sanctity","HollowMod:SoulStrike","HollowMod:HeavyBlow"],"picked":"SKIP","floor":8}],"player_experience":218562,"relics_obtained":[{"floor":7,"key":"StoneCalendar"},{"floor":9,"key":"Du-Vu Doll"}],"event_choices":[{"damage_healed":0,"gold_gain":0,"player_choice":"Success","damage_taken":12,"relics_obtained":["CaptainsWheel"],"max_hp_gain":0,"max_hp_loss":0,"event_name":"Scrap Ooze","floor":2,"gold_loss":0},{"damage_healed":0,"gold_gain":0,"player_choice":"Donut","damage_taken":0,"max_hp_gain":5,"max_hp_loss":0,"event_name":"Big Fish","floor":5,"gold_loss":0}],"is_beta":false,"boss_relics":[],"items_purged_floors":[],"is_endless":false,"potions_floor_spawned":[4],"killed_by":"3 Sentries","ascension_level":1}}