{"host":"vfjw5z5u57sxa51v","time":1614187581,"event":{"mods":["AchievementEnabler","Act Like it!","Aspiration","BaseMod","Bestiary","Better Altar","Better Match","Better Note","Better Sensory Stone","Better Skull","Better Synergies","Better Third Choice","BetterRewards","CCEM2","Colored Map","Conspire","Dota2Spire","Downfall","GifTheSpireLib","GungeonMod","Halation","Highlight Path","Hubris","Infinite Spire","Jedi Mod","Minty Spire (QoL Compilation)","Permanent Neow","Reliquary","Replay The Spire","Shop Mod","Spicy Shops","StSLib","Stuff the Spire","The Cursed","The Disciple","The Gatherer","Unceasing Turn Reminder","everything is the same but u backflip on backflip"],"gold_per_floor":[114,41,41,60,60,60,91,91,126,196,267,267,267,416,416,616,616],"floor_reached":16,"language":"DEU","playtime":957,"items_purged":[],"score":100,"play_id":"a9b960f8-bc66-48d7-bcf3-bec5d3a929d2","local_time":"20210224182621","is_ascension_mode":false,"campfire_choices":[{"data":"DemoMod:ShadowBullets","floor":6,"key":"SMITH"},{"data":"DemoMod:ManualReload","floor":8,"key":"SMITH"},{"floor":12,"key":"REST"}],"circlet_count":0,"master_deck":["DemoMod:Strike_Huntress","DemoMod:Strike_Huntress","DemoMod:Strike_Huntress","DemoMod:Defend_Huntress","DemoMod:Defend_Huntress","DemoMod:Defend_Huntress","DemoMod:Defend_Huntress","DemoMod:Roll","DemoMod:ManualReload+1","DemoMod:RustySidearm","DemoMod:CrossBow","DemoMod:DirectionalPad","DemoMod:ShadowBullets+1","StuffTheSpire:Innocence","DemoMod:DirectionalPad","Pain","DemoMod:PracticeMakesPerfect","DemoMod:HuntsMan","DemoMod:LifeOrb","DemoMod:Purify"],"relics":["DemoMod:Dog","WarpedTongs","Darkstone Periapt","Replay:Bandana","hubris:Towel"],"acts_visited":["Exordium"],"potions_floor_usage":[16],"damage_taken":[{"damage":4,"enemies":"2 Louse","floor":1,"turns":3},{"damage":4,"enemies":"conspire:RoseBush","floor":4,"turns":4},{"damage":15,"enemies":"Gremlin Nob","floor":7,"turns":5},{"damage":7,"enemies":"Cultist","floor":9,"turns":6},{"damage":3,"enemies":"Cultist","floor":10,"turns":3},{"damage":5,"enemies":"Exordium Wildlife","floor":11,"turns":5},{"damage":4,"enemies":"Large Slime","floor":14,"turns":5},{"damage":58,"enemies":"Slime Boss","floor":16,"turns":10}],"seed_played":"5431053936884174577","potions_obtained":[{"floor":1,"key":"AttackPotion"},{"floor":11,"key":"hexamod:SoulburnPotion"}],"is_trial":false,"path_per_floor":["M","$","?","M","?","R","E","R","T","M","M","R","?","M","R_BF","B"],"character_chosen":"HUNTRESS","items_purchased":["DemoMod:ShadowBullets"],"campfire_rested":1,"item_purchase_floors":[2],"current_hp_per_floor":[73,73,66,62,62,62,47,47,40,37,32,55,55,51,51,0,0],"gold":616,"neow_bonus":"TEN_PERCENT_HP_BONUS","is_daily":false,"chose_seed":false,"campfire_upgraded":2,"win_rate":0.0,"timestamp":1614187581,"path_taken":["M","$","?","M","?","R","E","R","T","?","M","R","?","M","R_BF","BOSS"],"items_purchased_type":["Card"],"build_version":"2020-12-22","purchased_purges":0,"victory":false,"max_hp_per_floor":[77,77,77,77,77,77,77,77,77,77,77,77,77,77,77,77,77],"card_choices":[{"not_picked":["DemoMod:Unmoved","DemoMod:FortunesFavor"],"picked":"DemoMod:DirectionalPad","floor":1},{"not_picked":["DemoMod:Camera","DemoMod:TeaPot"],"picked":"DemoMod:DirectionalPad","floor":4},{"not_picked":["DemoMod:AC15","DemoMod:FortunesFavor"],"picked":"DemoMod:PracticeMakesPerfect","floor":7},{"not_picked":["DemoMod:HardPowerCard","DemoMod:Ejector"],"picked":"DemoMod:HuntsMan","floor":9},{"not_picked":["DemoMod:DoubleSwitch","DemoMod:SAA","DemoMod:HardPowerCard"],"picked":"SKIP","floor":10},{"not_picked":["DemoMod:AC15","DemoMod:FastSwitch"],"picked":"DemoMod:LifeOrb","floor":11},{"not_picked":["DemoMod:DoubleSwitch","DemoMod:RadGun"],"picked":"DemoMod:Purify","floor":14}],"player_experience":47718,"relics_obtained":[{"floor":7,"key":"Darkstone Periapt"},{"floor":9,"key":"Replay:Bandana"}],"event_choices":[{"damage_healed":0,"gold_gain":0,"player_choice":"Rummage","damage_taken":0,"relics_obtained":["WarpedTongs"],"max_hp_gain":0,"max_hp_loss":0,"event_name":"Accursed Blacksmith","floor":5,"gold_loss":0,"cards_obtained":["Pain"]}],"is_beta":false,"boss_relics":[],"items_purged_floors":[],"is_endless":false,"potions_floor_spawned":[1,11],"killed_by":"Slime Boss","ascension_level":0}}