{"host":"dj20jyxj5yo6mk8a","time":1614175002,"event":{"mods":["AchievementEnabler","BaseMod","BetterRewards","Card Forge","Minty Spire (QoL Compilation)","Replay The Spire","StSLib"],"gold_per_floor":[113,124,124,135,135,135,161,161,210,210,223,248,49,60,60,158,158,171,171,191,290,290,290,29,60,60,95,10,35,35,65,65,168,168,185,200,219,105,311,344,355,382,382,401,430,2,28,48,48,48,48,48,48,80,80,80],"floor_reached":55,"language":"ENG","playtime":2540,"items_purged":[],"score":1460,"play_id":"8cbe2ede-d25d-404b-a7ff-bf065c376ed9","local_time":"20210224105642","is_ascension_mode":true,"campfire_choices":[{"floor":6,"key":"RECALL"},{"floor":8,"key":"REST"}],"circlet_count":0,"master_deck":["Strike_G+1","Strike_G+1","Strike_G+1","Strike_G+1","Defend_G+1","Defend_G+1","Defend_G+1","Defend_G+1","Defend_G+1","Survivor+1","Neutralize+1","Footwork+1","White Noise+1","BecomeAlmighty+1","Dark Echo+1","Blind+1","Dark Shackles+1","Discovery+1","Dramatic Entrance+1","Good Instincts+1","LiveForever+1","Poisoned Strike+1","Sadistic Nature+1","RitualDagger+1","Trip+1","White Noise+1","Dark Echo+1","BecomeAlmighty+1","Dramatic Entrance+1","Discovery+1","Dark Shackles+1","Good Instincts+1","LiveForever+1","Sadistic Nature+1","Trip+1","White Noise+1","Discovery+1","LiveForever+1","Sadistic Nature+1","Poisoned Strike+1","Dagger Spray+1","Good Instincts+1","Dash+1","Bouncing Flask+1","Footwork+1","White Noise+1","Pot Of Greed+1","Pot Of Greed+1","Pot Of Greed+1","Pot Of Greed+1","Endless Agony+1","Blade Dance+1","Pot Of Greed+1","Parasite","Cloak And Dagger+1","Envenom+1","Poisoned Stab+1"],"relics":["Hammer of Thor","Seething Fire","Anvil of the Gods","SlaversCollar","Juzu Bracelet","ReplayTheSpireMod:TigerMarble","BargainBundle","Coffee Dripper","Smiling Mask","Bottled Flame","Snack Pack","Grinning Jar","The Courier","Vampiric Spirits","Incense Burner","Pocketwatch","WristBlade","Bronze Scales","Nunchaku","Replay:Accelerometer","Art of War","Replay:WaspNest","Snake Skull","Blue Doll","Letter Opener","Pen Nib"],"acts_visited":["Exordium","TheCity","TheBeyond","TheEnding"],"potions_floor_usage":[16,16,16],"damage_taken":[{"damage":0,"enemies":"2 Louse","floor":1,"turns":1},{"damage":0,"enemies":"Small Slimes","floor":2,"turns":2},{"damage":0,"enemies":"Cultist","floor":4,"turns":3},{"damage":0,"enemies":"Lagavulin","floor":7,"turns":4},{"damage":3,"enemies":"Exordium Wildlife","floor":11,"turns":2},{"damage":0,"enemies":"Gremlin Nob","floor":12,"turns":2},{"damage":3,"enemies":"Blue Slaver","floor":14,"turns":2},{"damage":0,"enemies":"Hexaghost","floor":16,"turns":6},{"damage":4,"enemies":"Chosen","floor":18,"turns":3},{"damage":0,"enemies":"Shell Parasite","floor":20,"turns":1},{"damage":6,"enemies":"Book of Stabbing","floor":25,"turns":4},{"damage":16,"enemies":"Replay:Snechameleon","floor":27,"turns":3},{"damage":0,"enemies":"Gremlin Leader","floor":29,"turns":3},{"damage":30,"enemies":"Slavers","floor":31,"turns":3},{"damage":0,"enemies":"Collector","floor":33,"turns":4},{"damage":10,"enemies":"3 Darklings","floor":35,"turns":2},{"damage":0,"enemies":"Orb Walker","floor":36,"turns":2},{"damage":0,"enemies":"Writhing Mass","floor":37,"turns":7},{"damage":0,"enemies":"Giant Head","floor":40,"turns":7},{"damage":0,"enemies":"Sphere and 2 Shapes","floor":41,"turns":1},{"damage":0,"enemies":"Reptomancer","floor":42,"turns":2},{"damage":0,"enemies":"Maw","floor":44,"turns":5},{"damage":45,"enemies":"Nemesis","floor":45,"turns":3},{"damage":0,"enemies":"Giant Head","floor":47,"turns":8},{"damage":20,"enemies":"Writhing Mass","floor":48,"turns":5},{"damage":57,"enemies":"Awakened One","floor":50,"turns":8},{"damage":37,"enemies":"Shield and Spear","floor":54,"turns":4},{"damage":73,"enemies":"The Heart","floor":55,"turns":3}],"seed_played":"-7945211431812908621","potions_obtained":[{"floor":15,"key":"LifebloodPotion"},{"floor":15,"key":"FearPotion"}],"is_trial":false,"path_per_floor":["M","M","?","M","?","R","E","R","T","?","M","E","$","M","R","B",null,"M","?","M","?","?","R","$","E","T","E","?","E","$","E","R","B",null,"M","M","M","$","?","E","M","E","T","M","E","$","E","M","R","B",null,"R","$","E","B"],"character_chosen":"THE_SILENT","items_purchased":["BargainBundle","Footwork","Bottled Flame","Bronze Scales","Replay:WaspNest","Snake Skull","Blue Doll"],"campfire_rested":1,"item_purchase_floors":[13,13,24,38,46,46,46],"current_hp_per_floor":[70,70,70,70,70,70,70,70,70,70,67,67,67,64,64,64,70,66,66,66,66,66,66,66,64,64,50,50,70,70,40,40,55,70,60,70,70,70,53,70,70,70,70,70,27,27,64,50,50,15,70,70,70,39,0,0],"gold":80,"neow_bonus":"BOSS_RELIC","is_daily":false,"chose_seed":false,"campfire_upgraded":0,"win_rate":0.0,"timestamp":1614175002,"path_taken":["M","M","?","M","?","R","E","R","T","?","M","E","$","M","R","BOSS","M","?","M","?","?","R","$","E","T","E","?","E","$","E","R","BOSS","M","M","M","$","?","E","M","E","T","M","E","?","E","M","R","BOSS","R","$","E","BOSS"],"items_purchased_type":["Relic","Card","Relic","Relic","Relic","Relic","Relic"],"build_version":"2020-12-22","purchased_purges":0,"victory":false,"max_hp_per_floor":[70,70,70,70,70,70,70,70,70,70,70,70,70,70,70,70,70,70,70,70,70,70,70,70,70,70,70,70,70,70,70,70,70,70,70,70,70,70,70,70,70,70,70,70,70,70,70,70,70,70,70,70,70,70,70,70],"card_choices":[{"not_picked":["Deadly Poison","Acrobatics"],"picked":"Dagger Spray","floor":1},{"not_picked":["Underhanded Strike","Flying Knee","Slice"],"picked":"SKIP","floor":2},{"not_picked":["PiercingWail","Fluid Movement","Slice"],"picked":"SKIP","floor":4},{"not_picked":["Dodge and Roll","Concentrate"],"picked":"Dash","floor":7},{"not_picked":["Bane","Underhanded Strike","Hidden Blade"],"picked":"SKIP","floor":11},{"not_picked":["Hidden Blade","Unload"],"picked":"Bouncing Flask","floor":12},{"not_picked":["All Out Attack","Predator","PiercingWail"],"picked":"SKIP","floor":14},{"not_picked":["Calculated Gamble","Terror","Slice"],"picked":"SKIP","floor":18},{"not_picked":["Slice","PiercingWail","Sucker Punch"],"picked":"SKIP","floor":20},{"not_picked":["Eviscerate+1","Underhanded Strike","ReplayTheSpireMod:From All Sides"],"picked":"SKIP","floor":25},{"not_picked":["Deflect+1","Predator"],"picked":"Endless Agony+1","floor":27},{"not_picked":["Flechettes","Cloak And Dagger","Leg Sweep"],"picked":"SKIP","floor":29},{"not_picked":["Bane+1","Well Laid Plans","Blade Dance"],"picked":"SKIP","floor":31},{"not_picked":["Masterful Stab+1","Dagger Spray","Outmaneuver+1"],"picked":"SKIP","floor":35},{"not_picked":["Flying Knee","Bane"],"picked":"Blade Dance+1","floor":36},{"not_picked":["Outmaneuver","Blur+1"],"picked":"Cloak And Dagger+1","floor":37},{"not_picked":["ReplayTheSpireMod:Speed Training+1","Flying Knee+1"],"picked":"Envenom","floor":40},{"not_picked":["Terror","Hidden Blade"],"picked":"Poisoned Stab+1","floor":41},{"not_picked":["Sucker Punch+1","Underhanded Strike+1","PiercingWail"],"picked":"SKIP","floor":42},{"not_picked":["Underhanded Strike+1","Eviscerate","Bane+1"],"picked":"SKIP","floor":44},{"not_picked":["Cloak And Dagger","Outmaneuver+1","Atom Bomb"],"picked":"SKIP","floor":45},{"not_picked":["Quick Slash+1","Predator+1","Flying Knee+1"],"picked":"SKIP","floor":47},{"not_picked":["Toxin Wave","Flying Knee+1","ReplayTheSpireMod:Speed Training"],"picked":"SKIP","floor":48},{"not_picked":["Night Terror","Sneak Up","ReplayTheSpireMod:Scrap Shanks+1"],"picked":"SKIP","floor":54}],"player_experience":124466,"relics_obtained":[{"floor":7,"key":"Juzu Bracelet"},{"floor":12,"key":"ReplayTheSpireMod:TigerMarble"},{"floor":25,"key":"Snack Pack"},{"floor":26,"key":"Grinning Jar"},{"floor":27,"key":"The Courier"},{"floor":29,"key":"Incense Burner"},{"floor":31,"key":"Pocketwatch"},{"floor":40,"key":"Nunchaku"},{"floor":42,"key":"Replay:Accelerometer"},{"floor":45,"key":"Art of War"},{"floor":47,"key":"Letter Opener"},{"floor":54,"key":"Pen Nib"}],"event_choices":[{"damage_healed":0,"gold_gain":0,"player_choice":"Ignored","damage_taken":0,"max_hp_gain":0,"max_hp_loss":0,"event_name":"Liars Game","floor":3,"gold_loss":0},{"cards_removed":["Strike_G"],"damage_healed":0,"gold_gain":0,"player_choice":"Offered Basic","damage_taken":0,"max_hp_gain":0,"max_hp_loss":0,"event_name":"Bonfire Elementals","floor":10,"gold_loss":0},{"damage_healed":0,"gold_gain":99,"player_choice":"Stole From Cult","damage_taken":0,"max_hp_gain":0,"max_hp_loss":0,"event_name":"Nest","floor":21,"gold_loss":0},{"damage_healed":0,"gold_gain":0,"player_choice":"Copied","damage_taken":0,"max_hp_gain":0,"max_hp_loss":0,"event_name":"Duplicator","floor":22,"gold_loss":0,"cards_obtained":["White Noise"]},{"damage_healed":0,"gold_gain":0,"player_choice":"Obtained Relic","damage_taken":0,"relics_obtained":["Vampiric Spirits"],"max_hp_gain":0,"max_hp_loss":0,"event_name":"Addict","floor":28,"gold_loss":85}],"is_beta":false,"boss_relics":[{"not_picked":["Calling Bell","Kintsugi"],"picked":"Coffee Dripper"},{"not_picked":["Fusion Hammer","Snecko Eye"],"picked":"WristBlade"}],"items_purged_floors":[],"is_endless":false,"potions_floor_spawned":[2,7,16,18,25,31,35,37,42,48,54],"killed_by":"The Heart","ascension_level":4}}