{"host":"6lsob4l0icwczu35","time":1614153241,"event":{"mods":["BaseMod","Curses Come First","Minty Spire (QoL Compilation)","Relic Stats","StSLib"],"gold_per_floor":[111,211,231,249,259,287,298,328,328,353,353,353,135,151,151,250,250,269,269,55,68,86,86,86],"floor_reached":23,"language":"ENG","playtime":897,"items_purged":["Defend_R","Flex"],"score":298,"play_id":"b99a6f24-22a4-4600-b229-4c73c8e71196","local_time":"20210224095401","is_ascension_mode":true,"campfire_choices":[{"floor":12.0,"key":"REST"},{"data":"Pummel","floor":15.0,"key":"SMITH"}],"circlet_count":0,"master_deck":["Strike_R","Strike_R","Strike_R","Strike_R","Strike_R","Defend_R","Defend_R","Bash","Pummel+1","Sever Soul","Perfected Strike","Shrug It Off","Perfected Strike","Carnage","Reaper","Shrug It Off+1","Limit Break","Warcry","Battle Trance","Clash"],"relics":["Runic Dome","Ancient Tea Set","Singing Bowl","Dead Branch","Prayer Wheel","Brimstone","SlaversCollar","Question Card"],"acts_visited":["TheCity"],"potions_floor_usage":[16],"damage_taken":[{"damage":0.0,"enemies":"2 Louse","floor":1.0,"turns":3.0},{"damage":1.0,"enemies":"Cultist","floor":3.0,"turns":3.0},{"damage":2.0,"enemies":"Small Slimes","floor":4.0,"turns":4.0},{"damage":23.0,"enemies":"Red Slaver","floor":5.0,"turns":4.0},{"damage":10.0,"enemies":"Lagavulin","floor":6.0,"turns":4.0},{"damage":2.0,"enemies":"Exordium Thugs","floor":7.0,"turns":4.0},{"damage":16.0,"enemies":"Gremlin Nob","floor":8.0,"turns":3.0},{"damage":12.0,"enemies":"3 Sentries","floor":10.0,"turns":6.0},{"damage":0.0,"enemies":"Large Slime","floor":14.0,"turns":2.0},{"damage":33,"enemies":"The Guardian","floor":16,"turns":5},{"damage":13,"enemies":"Spheric Guardian","floor":18,"turns":3},{"damage":11,"enemies":"Shell Parasite","floor":21,"turns":2},{"damage":13,"enemies":"3 Cultists","floor":22,"turns":4},{"damage":52,"enemies":"Gremlin Leader","floor":23,"turns":3}],"seed_played":"-6861461031155442930","potions_obtained":[{"floor":1.0,"key":"Strength Potion"},{"floor":3.0,"key":"AttackPotion"},{"floor":7.0,"key":"Swift Potion"},{"floor":14.0,"key":"FearPotion"},{"floor":21,"key":"LiquidBronze"},{"floor":22,"key":"Energy Potion"}],"is_trial":false,"path_per_floor":["M","?","M","M","M","E","M","E","T","E","?","R","$","M","R","B",null,"M","T","$","M","M","E"],"character_chosen":"IRONCLAD","items_purchased":["Brimstone","Limit Break","Warcry"],"campfire_rested":1,"item_purchase_floors":[13,20,20],"current_hp_per_floor":[72,72,71,69,46,36,34,18,18,8,8,32,32,36,36,3,65,54,54,54,45,52,0,0],"gold":86,"neow_bonus":"BOSS_RELIC","is_daily":false,"chose_seed":false,"campfire_upgraded":1,"win_rate":0.0,"timestamp":1614153241,"path_taken":["M","?","M","M","?","E","M","E","T","E","?","R","$","M","R","BOSS","M","?","?","M","M","E"],"items_purchased_type":["Relic","Card","Card"],"build_version":"2020-12-22","purchased_purges":2,"victory":false,"max_hp_per_floor":[80,80,80,80,80,80,80,80,80,82,82,82,82,86,86,86,86,88,88,88,90,92,92,92],"relic_stats":{"Singing Bowl":12,"counters":[14,50],"Dead Branch":[14],"Prayer Wheel":4,"Question Card":4,"obtain_stats":[{"Runic Dome":0,"SlaversCollar":17,"Singing Bowl":8,"Brimstone":13,"Dead Branch":9,"Prayer Wheel":10,"Ancient Tea Set":6,"Question Card":19,"Burning Blood":0},{"Runic Dome":0,"SlaversCollar":10,"Singing Bowl":7,"Brimstone":8,"Dead Branch":7,"Prayer Wheel":8,"Ancient Tea Set":5,"Question Card":11,"Burning Blood":0},{"Runic Dome":0,"SlaversCollar":38,"Singing Bowl":25,"Brimstone":31,"Dead Branch":25,"Prayer Wheel":31,"Ancient Tea Set":18,"Question Card":41,"Burning Blood":0}]},"card_choices":[{"not_picked":["Thunderclap","Ghostly Armor"],"picked":"Pummel","floor":1.0},{"not_picked":["Sentinel","Wild Strike"],"picked":"Flex","floor":3.0},{"not_picked":["Rage","Clash"],"picked":"Sever Soul","floor":4.0},{"not_picked":["Blood for Blood","Carnage"],"picked":"Perfected Strike","floor":5.0},{"not_picked":["Disarm","Iron Wave"],"picked":"Shrug It Off","floor":6.0},{"not_picked":["Cleave","Pummel"],"picked":"Perfected Strike","floor":7.0},{"not_picked":["Shrug It Off","Feed"],"picked":"Carnage","floor":8.0},{"not_picked":["Battle Trance","Twin Strike","Disarm"],"picked":"Singing Bowl","floor":10.0},{"not_picked":["Cleave","Entrench","Combust"],"picked":"Singing Bowl","floor":14.0},{"not_picked":["Inflame","Anger","Shrug It Off"],"picked":"Singing Bowl","floor":14.0},{"not_picked":["Exhume","Berserk"],"picked":"Reaper","floor":16},{"not_picked":["True Grit","Body Slam","Cleave"],"picked":"Singing Bowl","floor":18},{"not_picked":["Blood for Blood","Body Slam"],"picked":"Shrug It Off+1","floor":18},{"not_picked":["Blood for Blood","Twin Strike","Clothesline","Searing Blow"],"picked":"Singing Bowl","floor":21},{"not_picked":["Clash","Blood for Blood","Cleave"],"picked":"Battle Trance","floor":21},{"not_picked":["Wild Strike","Dropkick","Rupture+1","Metallicize"],"picked":"Singing Bowl","floor":22},{"not_picked":["Flex+1","Rampage","Clothesline"],"picked":"Clash","floor":22}],"player_experience":314015,"relics_obtained":[{"floor":6.0,"key":"Ancient Tea Set"},{"floor":8.0,"key":"Singing Bowl"},{"floor":9.0,"key":"Dead Branch"},{"floor":10.0,"key":"Prayer Wheel"},{"floor":19,"key":"Question Card"}],"event_choices":[{"damage_healed":0.0,"max_hp_gain":0.0,"max_hp_loss":0.0,"gold_gain":100.0,"event_name":"Wheel of Change","player_choice":"Gold","floor":2.0,"gold_loss":0.0,"damage_taken":0.0},{"cards_removed":["Defend_R"],"damage_healed":0.0,"max_hp_gain":0.0,"max_hp_loss":0.0,"gold_gain":0.0,"event_name":"Wheel of Change","player_choice":"Card Removal","floor":11.0,"gold_loss":0.0,"damage_taken":0.0}],"is_beta":false,"boss_relics":[{"not_picked":["Sozu","Cursed Key"],"picked":"SlaversCollar"}],"items_purged_floors":[13,20],"is_endless":false,"potions_floor_spawned":[1,3,7,14,21,22],"killed_by":"Gremlin Leader","ascension_level":8}}