{"host":"iawk615p0198zs2h","time":1614155585,"event":{"mods":["BaseMod","Better Third Choice","BetterRewards","Downfall","Gold Saver","Minty Spire (QoL Compilation)","Quick Restart","Rare Cards Sparkle","Replay The Spire","Spicy Shops","StSLib"],"gold_per_floor":[112,125,135,154,17,17,49,49,49,79,96,96,96,110,110,230,230,250,250,273,66,66,106,121,140,140,3,50,59,103,128,137,260,260,289,589,608,638,638,638],"floor_reached":39,"language":"ENG","playtime":2539,"items_purged":["Strike_R","Defend_R","Strike_R","Decay","Strike_R","Strike_R"],"score":718,"play_id":"c315cf05-b131-40c9-ad70-a1b1a314a4a1","local_time":"20210224093305","is_ascension_mode":true,"campfire_choices":[{"data":"Rampage","floor":6.0,"key":"SMITH"},{"data":"Armaments","floor":12.0,"key":"SMITH"},{"data":"Carnage","floor":15.0,"key":"SMITH"},{"data":"Berserk","floor":29.0,"key":"SMITH"},{"data":"Disarm","floor":32,"key":"SMITH"}],"circlet_count":0,"master_deck":["Defend_R","Defend_R","Rampage+1","Armaments+1","Clothesline","Carnage+1","Reaper","Uppercut","Disarm+1","Dark Shackles","Disarm","Berserk+1","Offering","Disarm+1","Pommel Strike+1","Inflame+1"],"relics":["Burning Blood","Membership Card","Sling","Mirror","Replay:PocketPolymizer","Turnip","Golden Idol","Sozu","Letter Opener","Matryoshka","ReplayTheSpireMod:Spearhead","Eternal Feather","Replay:Rubber Ducky","CeramicFish","Chameleon Ring","Black Star"],"acts_visited":["Exordium","TheCity","TheBeyond"],"potions_floor_usage":[],"damage_taken":[{"damage":1.0,"enemies":"Cultist","floor":1.0,"turns":3.0},{"damage":0.0,"enemies":"Small Slimes","floor":2.0,"turns":3.0},{"damage":6.0,"enemies":"Jaw Worm","floor":3.0,"turns":5.0},{"damage":14.0,"enemies":"Blue Slaver","floor":4.0,"turns":4.0},{"damage":8.0,"enemies":"Gremlin Nob","floor":7.0,"turns":3.0},{"damage":33.0,"enemies":"3 Sentries","floor":10.0,"turns":8.0},{"damage":6.0,"enemies":"Exordium Thugs","floor":11.0,"turns":5.0},{"damage":0.0,"enemies":"Large Slime","floor":14.0,"turns":5.0},{"damage":18.0,"enemies":"The Guardian","floor":16.0,"turns":12.0},{"damage":23.0,"enemies":"Spheric Guardian","floor":18.0,"turns":4.0},{"damage":22.0,"enemies":"Chosen","floor":20.0,"turns":5.0},{"damage":17.0,"enemies":"Replay:Snechameleon","floor":23.0,"turns":6.0},{"damage":4.0,"enemies":"Snake Plant","floor":24.0,"turns":3.0},{"damage":2.0,"enemies":"Snecko","floor":25.0,"turns":4.0},{"damage":32.0,"enemies":"Gremlin Leader","floor":28.0,"turns":8.0},{"damage":35.0,"enemies":"Slavers","floor":30.0,"turns":7.0},{"damage":23.0,"enemies":"Shelled Parasite and Fungi","floor":31.0,"turns":5.0},{"damage":19,"enemies":"Collector","floor":33,"turns":12},{"damage":17,"enemies":"3 Darklings","floor":35,"turns":5},{"damage":30,"enemies":"3 Shapes","floor":37,"turns":4},{"damage":43,"enemies":"Sphere and 2 Shapes","floor":38,"turns":7},{"damage":42,"enemies":"2 Orb Walkers","floor":39,"turns":3}],"seed_played":"-3148607093695310036","potions_obtained":[{"floor":2.0,"key":"LifebloodPotion"},{"floor":3.0,"key":"BlessingOfTheForge"},{"floor":10.0,"key":"Fire Potion"},{"floor":11.0,"key":"Cursed Concoction"}],"is_trial":false,"path_per_floor":["M","M","M","M","$","R","E","?","T","E","M","R","?","M","R","B",null,"M","?","M","$","?","E","M","M","T","$","E","R","E","M","R","B",null,"M","?","M","M","?"],"character_chosen":"IRONCLAD","items_purchased":["Membership Card","Sling","Dark Shackles","Replay:Rubber Ducky"],"campfire_rested":0,"item_purchase_floors":[0,5,21,27],"current_hp_per_floor":[78,80,80,72,72,72,70,75,75,48,48,48,48,54,54,42,79,62,62,46,46,46,42,44,48,48,48,28,34,23,12,18,17,79,74,74,61,29,0,0],"gold":638,"neow_bonus":"","is_daily":false,"chose_seed":false,"campfire_upgraded":5,"win_rate":0.0,"timestamp":1614155585,"path_taken":["M","M","M","M","?","R","E","?","T","E","M","R","?","?","R","BOSS","M","?","M","$","?","E","M","M","T","$","E","R","E","?","R","BOSS","M","?","M","?","?"],"items_purchased_type":["Relic","Relic","Card","Relic"],"build_version":"2020-12-22","purchased_purges":6,"victory":false,"max_hp_per_floor":[80,80,80,80,80,80,80,85,85,85,85,85,79,79,79,79,79,79,79,79,79,79,79,79,79,79,79,79,79,79,79,79,79,79,79,79,79,79,79,79],"card_choices":[{"not_picked":["Run Through","Anger","Wild Strike"],"picked":"SKIP","floor":1.0},{"not_picked":["Replay:Undeath\u0027s Touch","Wild Strike"],"picked":"Rampage","floor":2.0},{"not_picked":["Demonic Infusion","Twin Strike","Thunderclap"],"picked":"SKIP","floor":3.0},{"not_picked":["Intimidate","Flex","Burning Pact"],"picked":"SKIP","floor":4.0},{"not_picked":["Searing Blow","Warcry","Rampage"],"picked":"SKIP","floor":7.0},{"not_picked":["ReplayTheSpireMod:Muscle Training","Pummel","Burning Pact"],"picked":"SKIP","floor":10.0},{"not_picked":["Twin Strike","ReplayReversal"],"picked":"Armaments","floor":11.0},{"not_picked":["Iron Wave","Blood for Blood"],"picked":"Clothesline","floor":14.0},{"not_picked":["Brutality","Bludgeon"],"picked":"Reaper","floor":16.0},{"not_picked":["Anger","Run Through+1"],"picked":"Uppercut","floor":18.0},{"not_picked":["Twin Strike","Pommel Strike"],"picked":"Disarm","floor":20.0},{"not_picked":["Replay:Undeath\u0027s Touch","Flex+1","ReplayTheSpireMod:Corrosion Curse"],"picked":"SKIP","floor":23.0},{"not_picked":["Infernal Blade","Clothesline+1","Headbutt+1"],"picked":"SKIP","floor":24.0},{"not_picked":["Twin Strike","Replay:Undeath\u0027s Touch+1"],"picked":"Disarm","floor":25.0},{"not_picked":["Twin Strike","ReplayTheSpireMod:Strike From Hell"],"picked":"Berserk","floor":28.0},{"not_picked":["Life Link","Run Through","Anger"],"picked":"SKIP","floor":30.0},{"not_picked":["Defy Death","Dark Embrace","Evolve"],"picked":"SKIP","floor":31.0},{"not_picked":["Flex","Anger+1"],"picked":"Pommel Strike+1","floor":35},{"not_picked":["Warcry","Clash+1","Searing Blow"],"picked":"SKIP","floor":37},{"not_picked":["Fire Breathing","Thunderclap+1"],"picked":"Inflame+1","floor":38}],"player_experience":225434,"relics_obtained":[{"floor":7.0,"key":"Mirror"},{"floor":9.0,"key":"Replay:PocketPolymizer"},{"floor":10.0,"key":"Turnip"},{"floor":23.0,"key":"Matryoshka"},{"floor":26.0,"key":"ReplayTheSpireMod:Spearhead"},{"floor":26.0,"key":"Eternal Feather"},{"floor":28.0,"key":"CeramicFish"},{"floor":30.0,"key":"Chameleon Ring"}],"event_choices":[{"damage_healed":0.0,"max_hp_gain":5.0,"max_hp_loss":0.0,"gold_gain":0.0,"event_name":"Big Fish","player_choice":"Donut","floor":8.0,"gold_loss":0.0,"damage_taken":0.0},{"damage_healed":0.0,"max_hp_gain":0.0,"max_hp_loss":6.0,"gold_gain":0.0,"event_name":"Golden Idol","player_choice":"Lose Max HP","floor":13.0,"gold_loss":0.0,"damage_taken":0.0,"relics_obtained":["Golden Idol"]},{"damage_healed":0.0,"max_hp_gain":0.0,"max_hp_loss":0.0,"gold_gain":0.0,"event_name":"Accursed Blacksmith","player_choice":"Forge","floor":22.0,"gold_loss":0.0,"damage_taken":0.0,"cards_upgraded":["Disarm"]},{"damage_healed":0,"gold_gain":300,"player_choice":"Gold","damage_taken":0,"max_hp_gain":0,"max_hp_loss":0,"event_name":"Wheel of Change","floor":36,"gold_loss":0},{"damage_healed":0,"gold_gain":0,"player_choice":"Fight","damage_taken":0,"max_hp_gain":0,"max_hp_loss":0,"event_name":"Mysterious Sphere","floor":39,"gold_loss":0}],"is_beta":false,"boss_relics":[{"not_picked":["Busted Crown","Black Blood"],"picked":"Sozu"},{"not_picked":["Runic Dome","ChewingGum"],"picked":"Black Star"}],"items_purged_floors":[0,0,5,21,21,27],"is_endless":false,"potions_floor_spawned":[2,3,10,11,18,23,24,30,33,35,37],"killed_by":"2 Orb Walkers","ascension_level":3}}