{"host":"syozzdlzcqop4jia","time":1614126708,"event":{"mods":["AchievementEnabler","BaseMod","Colored Map","Colored Powertips","Minty Spire (QoL Compilation)","Quick Restart"],"gold_per_floor":[118,133,153,171,187,187,187,204,204,217,217,230,249,267,267,370,370,384,229,229,243,259,259,259,358,385,402,413,413,413,66,66,66,66],"floor_reached":33,"language":"ENG","playtime":1437,"items_purged":["Strike_B"],"score":295,"play_id":"6aae6af7-333a-4264-8211-9f747459fab3","local_time":"20210224013148","is_ascension_mode":true,"campfire_choices":[{"floor":6,"key":"REST"},{"data":"Glacier","floor":11,"key":"SMITH"},{"floor":15,"key":"REST"},{"floor":23,"key":"REST"},{"floor":29,"key":"REST"},{"floor":32,"key":"REST"}],"circlet_count":0,"master_deck":["Strike_B+1","Strike_B","Strike_B","Defend_B","Defend_B","Defend_B","Defend_B","Zap","Dualcast","Glacier+1","Loop","Sweeping Beam+1","Rip and Tear","Chaos","Sunder","Sweeping Beam","Glacier","Creative AI","Sweeping Beam+1","Capacitor","Buffer","Chaos"],"relics":["Cracked Core","FaceOfCleric","Mercury Hourglass","Nuclear Battery","MutagenicStrength","Boot","Vajra","Whetstone"],"acts_visited":["Exordium","TheCity"],"potions_floor_usage":[],"damage_taken":[{"damage":11,"enemies":"Small Slimes","floor":1,"turns":3},{"damage":0,"enemies":"Cultist","floor":2,"turns":5},{"damage":0,"enemies":"2 Louse","floor":3,"turns":5},{"damage":0,"enemies":"Blue Slaver","floor":4,"turns":6},{"damage":19,"enemies":"Lots of Slimes","floor":5,"turns":5},{"damage":7,"enemies":"2 Fungi Beasts","floor":8,"turns":4},{"damage":2,"enemies":"Large Slime","floor":10,"turns":5},{"damage":12,"enemies":"Looter","floor":12,"turns":3},{"damage":28,"enemies":"Gremlin Gang","floor":13,"turns":3},{"damage":0,"enemies":"Blue Slaver","floor":14,"turns":3},{"damage":31,"enemies":"The Guardian","floor":16,"turns":14},{"damage":0,"enemies":"Spheric Guardian","floor":18,"turns":3},{"damage":30,"enemies":"Shell Parasite","floor":21,"turns":7},{"damage":40,"enemies":"Centurion and Healer","floor":22,"turns":7},{"damage":19,"enemies":"Snake Plant","floor":27,"turns":3},{"damage":6,"enemies":"Cultist and Chosen","floor":28,"turns":4},{"damage":106,"enemies":"Champ","floor":33,"turns":13}],"seed_played":"6382070651670409470","potions_obtained":[{"floor":1,"key":"Strength Potion"},{"floor":2,"key":"PowerPotion"},{"floor":5,"key":"DistilledChaos"}],"is_trial":false,"path_per_floor":["M","M","M","M","M","R","?","M","T","M","R","M","M","M","R","B",null,"M","$","?","M","M","R","$","?","T","M","M","R","?","$","R","B"],"character_chosen":"DEFECT","items_purchased":["Capacitor","Chaos","Vajra","Whetstone"],"campfire_rested":5,"item_purchase_floors":[19,31,31,31],"current_hp_per_floor":[71,71,71,71,52,76,76,70,70,69,69,58,31,32,58,28,88,89,89,89,60,21,48,48,48,48,30,25,52,52,52,79,0,0],"gold":66,"neow_bonus":"TEN_PERCENT_HP_BONUS","is_daily":false,"chose_seed":false,"campfire_upgraded":1,"win_rate":0.0,"timestamp":1614126708,"path_taken":["M","M","M","M","M","R","?","?","T","M","R","M","M","M","R","BOSS","M","$","?","M","M","R","$","?","T","M","M","R","?","?","R","BOSS"],"items_purchased_type":["Card","Card","Relic","Relic"],"build_version":"2020-12-22","purchased_purges":1,"victory":false,"max_hp_per_floor":[82,82,82,82,82,82,82,83,83,84,84,85,86,87,87,88,88,89,89,89,90,91,91,91,91,91,92,93,93,93,93,93,93,93],"card_choices":[{"not_picked":["Steam Power","Fusion"],"picked":"Glacier","floor":1},{"not_picked":["Rebound","Static Discharge"],"picked":"Loop","floor":2},{"not_picked":["Conserve Battery","Compile Driver"],"picked":"Sweeping Beam","floor":3},{"not_picked":["Coolheaded","Undo","Barrage"],"picked":"SKIP","floor":4},{"not_picked":["Gash","Streamline"],"picked":"Rip and Tear","floor":5},{"not_picked":["Doom and Gloom","Auto Shields"],"picked":"Chaos","floor":8},{"not_picked":["Force Field","Streamline","Coolheaded"],"picked":"SKIP","floor":10},{"not_picked":["Barrage","Turbo"],"picked":"Sunder","floor":12},{"not_picked":["Coolheaded","Chill"],"picked":"Sweeping Beam","floor":13},{"not_picked":["Streamline","Turbo"],"picked":"Glacier","floor":14},{"not_picked":["Hyperbeam","Meteor Strike"],"picked":"Creative AI","floor":16},{"not_picked":["Blizzard","Steam Power"],"picked":"Sweeping Beam+1","floor":18},{"not_picked":["Leap+1","Gash","Barrage+1"],"picked":"SKIP","floor":21},{"not_picked":["Coolheaded","Turbo","Beam Cell"],"picked":"SKIP","floor":22},{"not_picked":["Beam Cell+1","Hologram"],"picked":"Buffer","floor":27},{"not_picked":["Skim+1","Cold Snap+1","Doom and Gloom+1"],"picked":"SKIP","floor":28}],"player_experience":732765,"relics_obtained":[{"floor":9,"key":"Mercury Hourglass"},{"floor":26,"key":"Boot"}],"event_choices":[{"damage_healed":0,"gold_gain":0,"player_choice":"Trade","damage_taken":0,"relics_obtained":["FaceOfCleric"],"max_hp_gain":0,"max_hp_loss":0,"event_name":"FaceTrader","floor":7,"gold_loss":0},{"damage_healed":0,"gold_gain":0,"player_choice":"Inject Mutagens","damage_taken":0,"relics_obtained":["MutagenicStrength"],"max_hp_gain":0,"max_hp_loss":0,"event_name":"Drug Dealer","floor":20,"gold_loss":0},{"damage_healed":0,"gold_gain":99,"player_choice":"Stole From Cult","damage_taken":0,"max_hp_gain":0,"max_hp_loss":0,"event_name":"Nest","floor":25,"gold_loss":0},{"damage_healed":0,"gold_gain":0,"player_choice":"Ignored","damage_taken":0,"max_hp_gain":0,"max_hp_loss":0,"event_name":"Vampires","floor":30,"gold_loss":0}],"is_beta":false,"boss_relics":[{"not_picked":["SlaversCollar","Velvet Choker"],"picked":"Nuclear Battery"}],"items_purged_floors":[19],"is_endless":false,"potions_floor_spawned":[1,2,5,8,18,27],"killed_by":"Champ","ascension_level":2}}