{"host":"9kesdg97wkrx2bva","time":1614204017,"event":{"mods":["AchievementEnabler","BaseMod","Colored Map","GifTheSpireLib","Infinite Spire","Minty Spire (QoL Compilation)","Replay The Spire","StSLib"],"gold_per_floor":[117,117,136,116,136,136,151,151,151,151,222,250,6,56,72,72,72],"floor_reached":16,"language":"ENG","playtime":2098,"items_purged":["Strike_G"],"score":190,"play_id":"fb41ccb7-2624-4121-ad83-1fd7cfe86f06","local_time":"20210224160017","is_ascension_mode":true,"campfire_choices":[{"data":"Noxious Fumes","floor":6,"key":"SMITH"},{"data":"Neutralize","floor":10,"key":"SMITH"}],"circlet_count":0,"master_deck":["AscendersBane","Strike_G","Strike_G","Strike_G","Defend_G","Defend_G","Defend_G","Defend_G","Defend_G","Survivor","Neutralize+1","Quick Slash","Bane","Noxious Fumes+1","Poisoned Stab","Die Die Die","Noxious Fumes","PiercingWail"],"relics":["Ring of the Snake","NeowsBlessing","infinitespire:Broken Mirror","Blood Vial","Membership Card"],"acts_visited":["Exordium"],"potions_floor_usage":[7,15],"damage_taken":[{"damage":0,"enemies":"Jaw Worm","floor":1,"turns":1},{"damage":0,"enemies":"2 Louse","floor":3,"turns":1},{"damage":0,"enemies":"Cultist","floor":5,"turns":1},{"damage":0,"enemies":"3 Louse","floor":7,"turns":2},{"damage":11,"enemies":"3 Sentries","floor":12,"turns":7},{"damage":12,"enemies":"Lots of Slimes","floor":15,"turns":3},{"damage":48,"enemies":"Gremlin Nob","floor":16,"turns":4}],"seed_played":"2906474212422534960","potions_obtained":[{"floor":3,"key":"Explosive Potion"},{"floor":4,"key":"ColorlessPotion"}],"is_trial":false,"path_per_floor":["M","?","M","?","M","R","M","PTL","PTL","R","T","E","$","?","M","E"],"character_chosen":"THE_SILENT","items_purchased":["Membership Card","Noxious Fumes"],"campfire_rested":0,"item_purchase_floors":[13,13],"current_hp_per_floor":[59,59,59,59,59,59,59,59,59,59,59,48,48,48,38,0,0],"gold":72,"neow_bonus":"THREE_ENEMY_KILL","is_daily":false,"chose_seed":false,"campfire_upgraded":2,"win_rate":0.0,"timestamp":1614204017,"path_taken":["M","?","M","?","?","R","M","PTL","PTL","R","T","E","$","?","M","E"],"items_purchased_type":["Relic","Card"],"build_version":"2020-12-22","purchased_purges":1,"victory":false,"max_hp_per_floor":[66,66,66,66,66,66,66,66,66,66,66,66,66,66,66,66,66],"card_choices":[{"not_picked":["Sucker Punch","Blade Dance"],"picked":"Quick Slash","floor":1},{"not_picked":["Dodge and Roll","Expertise"],"picked":"Bane","floor":3},{"not_picked":["ReplayTheSpireMod:Shiv Toss","Blur"],"picked":"Noxious Fumes","floor":5},{"not_picked":["Dagger Throw","Slice"],"picked":"Poisoned Stab","floor":7},{"not_picked":["Skewer","Dodge and Roll"],"picked":"Die Die Die","floor":12},{"not_picked":["Acrobatics","Outmaneuver"],"picked":"PiercingWail","floor":15}],"player_experience":1053351,"relics_obtained":[{"floor":11,"key":"infinitespire:Broken Mirror"},{"floor":12,"key":"Blood Vial"}],"event_choices":[{"cards_removed":["Strike_G"],"damage_healed":0,"gold_gain":0,"player_choice":"Forget","damage_taken":0,"max_hp_gain":0,"max_hp_loss":0,"event_name":"Living Wall","floor":2,"gold_loss":0},{"damage_healed":0,"gold_gain":0,"player_choice":"Bought 1 Potion","damage_taken":0,"max_hp_gain":0,"max_hp_loss":0,"event_name":"The Woman in Blue","floor":4,"gold_loss":0},{"damage_healed":0,"gold_gain":50,"player_choice":"Pray","damage_taken":0,"max_hp_gain":0,"max_hp_loss":0,"event_name":"Golden Shrine","floor":14,"gold_loss":0}],"is_beta":false,"boss_relics":[],"items_purged_floors":[13],"is_endless":false,"potions_floor_spawned":[3,5],"killed_by":"Gremlin Nob","ascension_level":18}}