{"host":"kj5ejyofr70ax6r3","time":1614188346,"event":{"mods":["BaseMod","BetterRewards","Colored Map","Downfall","GifTheSpireLib","Minty Spire (QoL Compilation)","Replay The Spire","Shop Mod","StSLib"],"gold_per_floor":[99,99,130,280,304,304,304,336,43,43,7,52,52,82,114,134,134,134],"floor_reached":16,"language":"ENG","playtime":1089,"items_purged":["downfall:Icky"],"score":100,"play_id":"04956495-e980-445e-89b7-b36b9d8ad0be","local_time":"20210224113906","is_ascension_mode":false,"campfire_choices":[{"floor":1,"key":"RECALL"},{"data":"bronze:Repulsor","floor":6,"key":"SMITH"},{"data":"expansioncontent:StudyTheSpire","floor":10,"key":"SMITH"}],"circlet_count":0,"master_deck":["bronze:Strike","bronze:Strike","bronze:Strike","bronze:Strike","bronze:Defend","bronze:Defend","bronze:Defend","bronze:Replicate","bronze:Goto","bronze:Repulsor+1","bronze:DelayedSlice","bronze:Terminator","bronze:DelayedSlice","bronze:ChosenStrike","expansioncontent:StudyTheSpire+1","bronze:Fortify","bronze:Optimize","bronze:OilSpill","bronze:Assembly","bronze:ClassDefault","bronze:InfiniteBeams"],"relics":["bronze:BronzeCore","Replay:Bandana","Pet Ghost"],"acts_visited":["Exordium"],"potions_floor_usage":[14,16,16],"damage_taken":[{"damage":2,"enemies":"2 Louse","floor":3,"turns":3},{"damage":3,"enemies":"Cultist","floor":5,"turns":5},{"damage":1,"enemies":"Jaw Worm","floor":8,"turns":4},{"damage":10,"enemies":"downfall:FleeingMerchant","floor":9,"turns":4},{"damage":0,"enemies":"downfall:FleeingMerchant","floor":11,"turns":4},{"damage":5,"enemies":"Lagavulin","floor":12,"turns":4},{"damage":28,"enemies":"Exordium Wildlife","floor":14,"turns":3},{"damage":9,"enemies":"2 Fungi Beasts","floor":15,"turns":2},{"damage":43,"enemies":"WA_ARCHETYPE_RETAIN","floor":16,"turns":4}],"seed_played":"-7503991808095264947","potions_obtained":[{"floor":5,"key":"BlessingOfTheForge"},{"floor":8,"key":"SkillPotion"},{"floor":14,"key":"Fire Potion"}],"is_trial":false,"path_per_floor":["R","?","M","?","M","R","T","M","$","R","$","E","?","M","M","B"],"character_chosen":"THE_AUTOMATON","items_purchased":["bronze:ChosenStrike","expansioncontent:StudyTheSpire","bronze:Optimize"],"campfire_rested":0,"item_purchase_floors":[9,9,11],"current_hp_per_floor":[70,70,68,68,65,65,65,64,54,54,54,49,49,21,12,0,0,0],"gold":134,"neow_bonus":"RANDOM_COMMON_RELIC","is_daily":false,"chose_seed":false,"campfire_upgraded":2,"win_rate":0.0,"timestamp":1614188346,"path_taken":["R","?","?","?","M","R","T","M","?","R","$","E","?","M","M","BOSS"],"items_purchased_type":["Card","Card","Card"],"build_version":"2020-12-22","purchased_purges":1,"victory":false,"max_hp_per_floor":[70,70,70,70,70,70,70,70,70,70,70,70,70,70,70,70,70,70],"card_choices":[{"not_picked":["bronze:Constructor","bronze:DarkDash"],"picked":"bronze:Repulsor","floor":3},{"not_picked":["bronze:CloningBeam","bronze:Safeguard"],"picked":"bronze:DelayedSlice","floor":5},{"not_picked":["bronze:Branch","bronze:Flail"],"picked":"bronze:Terminator","floor":8},{"not_picked":["bronze:BuggyMess","bronze:Turbo"],"picked":"bronze:DelayedSlice","floor":9},{"not_picked":["bronze:FineTuning","bronze:BuggyMess"],"picked":"bronze:Fortify","floor":11},{"not_picked":["bronze:Shield","bronze:Shell"],"picked":"bronze:OilSpill","floor":12},{"not_picked":["bronze:Deprecate","bronze:BugBarrage"],"picked":"bronze:ClassDefault","floor":14},{"not_picked":["bronze:Mutator","bronze:CutThrough"],"picked":"bronze:InfiniteBeams","floor":15}],"player_experience":219324,"relics_obtained":[{"floor":12,"key":"Pet Ghost"}],"event_choices":[{"cards_removed":["bronze:Defend"],"damage_healed":0,"gold_gain":0,"player_choice":"Took Card","damage_taken":0,"max_hp_gain":0,"max_hp_loss":0,"event_name":"NoteForYourself","floor":2,"gold_loss":0,"cards_obtained":["Iron Wave"]}],"is_beta":false,"boss_relics":[],"items_purged_floors":[9],"is_endless":false,"potions_floor_spawned":[5,8,14],"killed_by":"WA_ARCHETYPE_RETAIN","ascension_level":0}}