{"host":"za9ilm1uiwmpmin1","time":1614174271,"event":{"mods":["AchievementEnabler","Act Like it!","BaseMod","Friendly Minions","Gensokyo","KomeijiMod","Library of Ruina","Library of Ruina Extra","Lobotomy","Minty Spire (QoL Compilation)","MostiFishMod","StSLib","TestMod","Waifu the Spire"],"gold_per_floor":[114,140,140,140,152,178,191,221,221,20,48,65,65,287,287,393,393,408,0,0,51,149,224,224,598,598,598,668,727,727,727,727,832,832,925,456,519,519,519,595,655,731,731,731,753,273,273,300,300,315,315,315,315,108,138,356],"floor_reached":57,"language":"ZHS","playtime":2694,"items_purged":["LightAttack"],"score":2259,"play_id":"3b9d3964-9310-445e-b29f-ddaef4e8d1af","local_time":"20210224214431","is_ascension_mode":true,"campfire_choices":[{"data":"ExtractFuel","floor":13,"key":"SMITH"},{"data":"FrontalAssault","floor":15,"key":"SMITH"},{"data":"Quickness","floor":24,"key":"SMITH"},{"data":"FocusedStrikes","floor":27,"key":"SMITH"},{"data":"ChargeAndCover","floor":30,"key":"SMITH"},{"floor":32,"key":"RECALL"},{"data":"SilentMist","floor":44,"key":"SMITH"},{"data":"TrashDisposal","floor":49,"key":"SMITH"},{"data":"CoordinatedAssault","floor":53,"key":"SMITH"}],"circlet_count":0,"master_deck":["LightDefense+1","ChargeAndCover+1","Quickness+1","ExtractFuel+1","FrontalAssault+1","Fence+1","GutHarvesting+1","TrashDisposal+1","SilentMist+1","CoordinatedAssault+1","Gensokyo:BlemishedSteel","SenseQuarry"],"relics":["PageOfLibrarian","DaveBox","testmod-TestBox","testmod-Temperance","RhineSuit","SynthV:TestCard","The Courier","Happy Flower","PageOfPorccubus","testmod-DragonStarHat","testmod-Acrobat","Art of War","testmod-Motorcycle","testmod-Muramasa","Transparent","SynthV:MejaisSoulstealer","Orichalcum","PageOfSnowWhitesApple","PageOfTodaysShyLook","Akabeko","PageOfRedShoes","PageOfScorchedGirl","Gensokyo:SongOfSouls","GreenFoldingFan","War Paint","Oddly Smooth Stone","MostiFishMod:AdaptiveDefenses","Gensokyo:DualWield","Centennial Puzzle","PreservedInsect","PageOfFreischutz","Civilization","BirthdayGift-Icosahedron","Toy Ornithopter","PageOfGreed","PageOfTheQueenOfHatred","PageOfNosferatu"],"acts_visited":["Exordium","Gensokyo:Gensokyo","Gensokyo:Gensokyoer","TheEnding"],"potions_floor_usage":[50,56,56],"damage_taken":[{"damage":0,"enemies":"Gensokyo:2_Kodama","floor":1,"turns":3},{"damage":0,"enemies":"Gensokyo:Aya","floor":2,"turns":6},{"damage":0,"enemies":"Gensokyo:3_Fairies","floor":5,"turns":4},{"damage":0,"enemies":"Gensokyo:Aya","floor":6,"turns":5},{"damage":0,"enemies":"Gensokyo:Gryphon","floor":7,"turns":2},{"damage":0,"enemies":"Gensokyo:Mamizou","floor":8,"turns":6},{"damage":0,"enemies":"Gensokyo:Aya","floor":11,"turns":6},{"damage":0,"enemies":"Gensokyo:VengefulSpirit","floor":12,"turns":4},{"damage":0,"enemies":"Gensokyo:2_Rabbits","floor":14,"turns":3},{"damage":0,"enemies":"Gensokyo:Reimu","floor":16,"turns":6},{"damage":16,"enemies":"Gensokyo:AngelMirror","floor":18,"turns":1},{"damage":48,"enemies":"Gensokyo:2_Gloops","floor":22,"turns":3},{"damage":48,"enemies":"Gensokyo:Reisen","floor":23,"turns":3},{"damage":51,"enemies":"Gensokyo:Tenshi","floor":25,"turns":3},{"damage":34,"enemies":"Gensokyo:Koishi","floor":28,"turns":2},{"damage":51,"enemies":"Gensokyo:Wraith","floor":29,"turns":3},{"damage":85,"enemies":"Gensokyo:Kaguya","floor":33,"turns":5},{"damage":34,"enemies":"Gensokyo:3_Boulders","floor":35,"turns":2},{"damage":17,"enemies":"Gensokyo:AncientGuardian","floor":37,"turns":1},{"damage":42,"enemies":"Gensokyo:Marisa","floor":40,"turns":2},{"damage":17,"enemies":"Gensokyo:4_Bats","floor":41,"turns":1},{"damage":51,"enemies":"Gensokyo:Doremy","floor":42,"turns":3},{"damage":36,"enemies":"Gensokyo:AtlasGolem","floor":45,"turns":2},{"damage":78,"enemies":"Gensokyo:Scarlet_Devils","floor":50,"turns":5},{"damage":21,"enemies":"Shield and Spear","floor":55,"turns":2},{"damage":67,"enemies":"The Heart","floor":56,"turns":4}],"seed_played":"-5402645304120033390","potions_obtained":[{"floor":2,"key":"Regen Potion"},{"floor":7,"key":"DuplicationPotion"},{"floor":11,"key":"Weak Potion"},{"floor":14,"key":"SteroidPotion"},{"floor":23,"key":"Swift Potion"}],"is_trial":false,"path_per_floor":["M","?","?","?","M","E","M","E","T","COS","E","M","R","M","R","B",null,"M","COS","?","T","M","E","R","E","T","R","E","M","R","?","R","B",null,"M","$","M","?","?","E","M","E","T","R","M","COS","?","T","R","B",null,null,"R","$","E","B",null],"character_chosen":"Librarian","items_purchased":["War Paint","SilentMist","Oddly Smooth Stone","MostiFishMod:AdaptiveDefenses","PageOfGreed"],"campfire_rested":0,"item_purchase_floors":[36,36,36,36,54],"current_hp_per_floor":[60,60,49,49,49,49,49,53,53,53,57,59,59,61,61,67,78,82,82,82,82,82,82,82,87,87,87,87,87,87,87,87,76,78,78,78,78,78,78,78,78,78,78,78,78,78,78,78,78,79,79,79,79,79,82,86],"gold":356,"neow_bonus":"THREE_CARDS","is_daily":false,"chose_seed":false,"campfire_upgraded":8,"win_rate":0.0,"timestamp":1614174271,"path_taken":["M","?","?","?","M","E","M","E","T","COS","E","M","R","?","R","BOSS","M","COS","?","?","M","E","R","E","T","R","E","M","R","?","R","BOSS","M","$","M","?","?","E","?","E","T","R","M","COS","?","?","R","BOSS","R","$","E","BOSS"],"items_purchased_type":["Relic","Card","Relic","Relic","Relic"],"build_version":"2020-12-22","purchased_purges":1,"victory":true,"max_hp_per_floor":[74,74,74,74,78,78,78,78,78,78,86,86,86,86,86,82,82,82,82,82,82,82,87,87,87,87,87,87,87,87,87,87,78,78,78,78,78,78,78,78,78,78,78,78,78,78,78,78,78,79,79,79,79,79,82,86],"card_choices":[{"not_picked":["GuidanceOfTheGears","YourShield","SilentNight","SnakesPrey","GuardingStance","WillBeTasty","ForcefulGesture","RhinoRam"],"picked":"Quickness","floor":1},{"not_picked":["Eject","ScratchThat","WaitUp","GrazeTheGrass","GoinFirst","ElectricShock","FlamingDragonFist","MultiHit","UpbeatPerformance","WillOfThePrescript","DarkCloud"],"picked":"SKIP","floor":2},{"not_picked":["GrazeTheGrass","EnergyBeam","IronWall","FleetEdge","BackAttack","EnergyStrike","PinpointShot","DesperateStruggle","MultiBlock","TheRedNotes","Eject"],"picked":"SKIP","floor":5},{"not_picked":["Unlock1","Gigigig","SkitterAway","Creak","MultiBlock","LossOfSenses","MultiHit","Retaliate","GrazeTheGrass","BlazingStrike"],"picked":"ExtractFuel","floor":6},{"not_picked":["Pound","Track","StrikeDown","FeelinGood","GrazeTheGrass","FervidEmotions","ViolentFlame","NightInTheBackstreets","FleetFootsteps","ShrineToMusic","RipSpace"],"picked":"SKIP","floor":7},{"not_picked":["SmokingPipe","BiAn","MultiHit","CoordinatedAssault","LawAndOrder","GrazeTheGrass","Standoff","Parry2","MindPrepared","Clone"],"picked":"FrontalAssault","floor":8},{"not_picked":["SinglePointStab","Zzzzzap","AutonomousRush","ForcefulGesture","EnergyStrike","SearingSword","Outburst","PreemptiveStrike","FormingStorm","GrazeTheGrass","FierceCharge"],"picked":"SKIP","floor":11},{"not_picked":["SnakesPrey","UndertakePrescript","EnergyStrike","TendonChords","EnergyShield","Rewind","WillBeTasty","FervidEmotions","Reload","Clone"],"picked":"Fence","floor":12},{"not_picked":["StrongStrike","YoureAHindrance","YoureTooSlow","GuardingStance","Observe","PreemptiveStrike","Thirst","GuidanceOfTheGears","HiddenBlade","ClassAndRespect","Juggling"],"picked":"SKIP","floor":14},{"not_picked":["Multislash+1","SuppressingShot","HighKick","NightInTheBackstreets","BiAn","SharpSwipe","StructuralAnalysis+1","QuickSuppression","Leap_lor","MultiHit"],"picked":"GutHarvesting","floor":18},{"not_picked":["QuickSuppression","Struggle+1","ConcentratedFire+1","Brawl","HiddenBlade","DirtyBlow","BiAn","UnavoidableGaze","Eliminate","LoosenUp","Outburst"],"picked":"SKIP","floor":22},{"not_picked":["SerpentSwordTechnique+1","WillOfThePrescript","DesperateStruggle+1","WillProduceFineSilk","StrikeDown","SunsetBlade","SinglePointStab","ScratchThat","GrazeTheGrass","TimeForALittleTest","FervidEmotions+1"],"picked":"SKIP","floor":23},{"not_picked":["QuickSuppression","EnergyStrike","UpbeatPerformance","MultiBlock","UndertakePrescript","Guardian_lor","PreparedMind","RatsGuideToSurvival","BiXi","TheArtOfRapidSteps+1","NightInTheBackstreets"],"picked":"SKIP","floor":25},{"not_picked":["QuickSuppression","EnergyStrike","UpbeatPerformance","MultiBlock","UndertakePrescript","Guardian_lor","PreparedMind","RatsGuideToSurvival","BiXi","TheArtOfRapidSteps+1","NightInTheBackstreets"],"picked":"SKIP","floor":25},{"not_picked":["DesperateStruggle+1","GuardingStance+1","StrongStrike","SinglePointStab+1","GreatSerpentsImpact","BiAn","Punishment","EnergyCycle","FierceCharge","Collision","FleetFootsteps"],"picked":"SKIP","floor":28},{"not_picked":["MultiBlock","TendonChords","DefenseOrder","SummaryJudgment+1","FaintMemories","HandleRequest","SuppressingShot+1","Diversion","DirtyBlow+1","YouOnlyLiveOnce","InnerArdor"],"picked":"SKIP","floor":29},{"not_picked":["EnergyBeam","ChargeUp","Decapitation","Deflect_lor"],"picked":"TrashDisposal","floor":33},{"not_picked":["AlloutWar","FleetEdge+1","ViolentFlame","Quickness","AbsorbImpact","CoordinatedAssault","BiAn+1","ScatteringSlash","Tailoring","Gigigig","Standoff+1"],"picked":"SKIP","floor":35},{"not_picked":["StrongStrike+1","StrikeDown","SpearedSweep","PreparedMind","NightInTheBackstreets","SkitterAway","RatsGuideToSurvival+1","SturdyDefense","Leap_lor+1","Parry+1"],"picked":"CoordinatedAssault","floor":37},{"not_picked":["CookingPrep","Reload","Faith+1","MindPrepared+1","HiddenBlade+1","Diversion","EnergyCycle","WaitUp+1","CumulusWall","SmokingPipe","ClassAndRespect"],"picked":"SKIP","floor":40},{"not_picked":["EnergyConversion","LawAndOrder+1","DimensionalRift+1","BackAttack+1","Faith","SkitterAway+1","WillOfThePrescript+1","QuickAttack","MirageStorm","Slice_lor","SunsetBlade"],"picked":"SKIP","floor":41},{"not_picked":["StructuralAnalysis","ChiWen","OpportunitySpotted+1","BackAttack","InkOver","Commandeering","Observe","NonstopAssault+1","BladeWhirl","BackstreetsDash","Wallop_lor"],"picked":"SKIP","floor":42},{"not_picked":["StructuralAnalysis","ChiWen","OpportunitySpotted+1","BackAttack","InkOver","Commandeering","Observe","NonstopAssault+1","BladeWhirl","BackstreetsDash","Wallop_lor"],"picked":"SKIP","floor":42},{"not_picked":["Eradication","FieryWaltz","BiAn","EndlessBattle","GuidanceOfTheGears+1","StrongStrike","InnerArdor","SerpentSwordTechnique+1","TendonChords","DestructiveImpact","Pound"],"picked":"SKIP","floor":45},{"not_picked":["HighKick+1","GuidanceOfTheGears","Struggle+1","Diversion","SearingSword","Brawl","Parry2","GuardingStance","SpearedSweep+1","QuickAttack+1"],"picked":"SenseQuarry","floor":55}],"player_experience":897421,"relics_obtained":[{"floor":1,"key":"SynthV:TestCard"},{"floor":2,"key":"The Courier"},{"floor":6,"key":"PageOfPorccubus"},{"floor":8,"key":"testmod-DragonStarHat"},{"floor":11,"key":"testmod-Acrobat"},{"floor":21,"key":"Orichalcum"},{"floor":23,"key":"PageOfSnowWhitesApple"},{"floor":25,"key":"PageOfTodaysShyLook"},{"floor":26,"key":"Akabeko"},{"floor":28,"key":"PageOfScorchedGirl"},{"floor":40,"key":"Centennial Puzzle"},{"floor":42,"key":"PreservedInsect"},{"floor":43,"key":"PageOfFreischutz"},{"floor":48,"key":"Toy Ornithopter"},{"floor":55,"key":"PageOfTheQueenOfHatred"}],"event_choices":[{"damage_healed":0,"gold_gain":0,"player_choice":"Swap Relic","damage_taken":0,"relics_obtained":["Technique"],"max_hp_gain":0,"max_hp_loss":0,"event_name":"给自己的盒子","floor":20,"relics_lost":["Technique"],"gold_loss":0}],"is_beta":false,"boss_relics":[{"not_picked":["BloodWine","Snecko Eye"],"picked":"Transparent"},{"not_picked":["Empty Cage","MoonlightInvasionPlan"],"picked":"GreenFoldingFan"}],"items_purged_floors":[36],"is_endless":false,"potions_floor_spawned":[2,7,11,14,23,37,42,55],"ascension_level":5}}