{"host":"9rqk712yu6s3287p","time":1614153070,"event":{"mods":["ATMod(°¢èªMod)","Act Like it!","BaseMod","CapriCore","Chen","Gensokyo","Googly Eyes","Marisa£¨ìFÓê¡¡Ä§ÀíÉ³£©","Minty Spire (QoL Compilation)","MostiFishMod","Onozuka Komachi Mod","Reimu£¨²©ÀöÁéÃÎ£©","Remilia_Scarlet Moed£¨ÀÙÃ×ÀòÑÇ¡¤Ë¹¿¨À×ÌØ£©3.3.5","Remilia£¨ÀÙÃ×ÀòÑÇ£©","Replay The Spire","RumiaBox-Â¶Ã×æ«µÄÉñÃØºÐ×Ó","StSLib","The Administrix","The Immortal","The Servant 0.9.4","Yakumo Yukari mod","Youmu£¨»êÆÇÑýÃÎ£©","Yuyuko","[IsaacMod]ÒÔÈö¼âËþ","¡¾ÒÅÎï¿¨ÅÆ¡¿REMEMod"],"gold_per_floor":[147,192,243,288,336,414,486,671,765,810,915,927,1120,1241,1253,1581,1593,1691,1703,1901,2058,2209,2420,2585,2712,2802,2997,3133,3276,3471,3598,3610,4014,4026,4223,4370,4469,3700,3842,3962,4073,4208,4235,4370,4532,4717,4828,4957,4957,4990,5026,5026,5026,4305,4456,4495],"floor_reached":57,"language":"ZHS","playtime":3890,"items_purged":["HellCatastrophe+1"],"score":4783,"play_id":"c3f14bd9-6850-43e7-a5ea-cea5adc8c817","local_time":"20210224155110","daily_mods":["Shiny","Vintage","Heirloom","Time Dilation","Flight","Elite Swarm","Lethality","Midas","Binary"],"is_ascension_mode":true,"campfire_choices":[{"data":"BloodRain+1","floor":15.0,"key":"PURGE"},{"floor":32.0,"key":"RECALL"},{"floor":49.0,"key":"DIG"},{"floor":53.0,"key":"REST"}],"circlet_count":0,"master_deck":["AscendersBane","TricksterDevil+1","BatForm+1","ForecastOfChange+1","CurseOfVladTepes+1","ScarletMeister+1","QueenOfMidnight+1","BloodyHallows+1","HeartBreak+1","EquivalentExchange+1","KillingBlow+1","BloodyCatastrophe+1","ChaoticDestiny+1","BloodySeventeenLaser+1","ScarletCoffin+1","DemonKingCradle+1","TransientEternity+1","CeilingFear+1","Pot Of Greed+1","Pot Of Greed+1","CurseOfTheBell"],"relics":["Snecko Eye","Busted Crown","HushsDoor","Void","YumHeart","Du-Vu Doll","REME_LimitBreaker","AT_ArcaneBoots","SynthV:TestCard","Replay:Bottled Flurry","Letter Opener","Boot","AT_ChloranthyRing","REME_HandOfSuture","SSSystem","DeathBook","AT_SeraphEmbrace","Kunai","Akabeko","MawBank","PreservedInsect","Art of War","White Beast Statue","BloodBag","MagicDraw3","PureWhite:ReiMu","Anchor","DeadEye","AT_MibuBalloonWealth","Mastiff:ReiMu","BookofShadows","Ancient Tea Set","ReplayTheSpireMod:Shallot","AT_TrinityForce","REME_ArchaeologicalTools","Ccalipers","SalivaCoin","CrazyTorch:ReiMu","AT_BellDemon","Oddly Smooth Stone","ReplayTheSpireMod:Lightbulb","MagicDraw2","D6","Damocles","SharpPlug","Mercury Hourglass","Calipers","Pet Ghost","Blue Doll","Torii","MagicDraw4","GodSword7","Bag of Marbles","ReplayTheSpireMod:Ninjato","Counterbalance","PillsDrop","AnarchistCookbook","Toxic Egg 2","RedBat","MagicDraw1","TheBean","TuHaoJin","Nunchaku","BionicSphere","InkBottle","Bottled Lightning","MaYiHuaBei","Blue Candle","HornCleat","BelialBook","Bag of Preparation","Shuriken","Lantern","Gremlin Horn","Molten Egg 2","BlankCard","Replay:Wax Seal","AT_BladeRuinedKing","Mirror","Diplopia","Calling Bell","Omamori","Replay:Bottled Eggs","AT_DeathDance","Blood Vial","PokeGo","Replay:Bandana","Toy Ornithopter","AT_ImmortalShieldbow","Turnip","Orichalcum","AT_Manta","HowToJump","Onion Ring","BargainBundle","Sundial","UnicornStump","AT_BellowingDragoncrestRing","SumBook","Replay:WaspNest","Replay:Bottled Steam","TheBible","Replay:Rubber Ducky","ScarletDevilRocket","Pen Nib","RuthlessExorcism:ReiMu","StoneCalendar","Vajra","Singing Bowl","Garlic","GodSword5","Pantograph","AT_TimeSand","SecretRecord","Replay:Accelerometer","AT_RedNoBalance","Bottled Tornado","OriginationStaff","Replay:Towering Pillar of Hats","AT_RabadonDeathcap","ImprovedEquipment","REME_HourglassOfDeath","LastBattle","GodSword4","Quantum Egg","TimeFreeze","Divine Protection","Golden Egg","GnawedLeaf","Bottled Flame","Mummified Hand"],"acts_visited":["Exordium","TheCity","TheBeyond","TheEnding"],"potions_floor_usage":[],"damage_taken":[{"damage":28.0,"enemies":"2 Louse","floor":1.0,"turns":4.0},{"damage":0.0,"enemies":"Cultist","floor":2.0,"turns":3.0},{"damage":0.0,"enemies":"Small Slimes","floor":3.0,"turns":3.0},{"damage":7.0,"enemies":"Looter","floor":4.0,"turns":4.0},{"damage":10.0,"enemies":"Gremlin Gang","floor":5.0,"turns":5.0},{"damage":36.0,"enemies":"3 Sentries","floor":6.0,"turns":4.0},{"damage":0.0,"enemies":"2 Fungi Beasts","floor":7.0,"turns":2.0},{"damage":20.0,"enemies":"Lagavulin","floor":8.0,"turns":3.0},{"damage":20.0,"enemies":"Exordium Wildlife","floor":10.0,"turns":3.0},{"damage":12.0,"enemies":"Gremlin Nob","floor":11.0,"turns":2.0},{"damage":15.0,"enemies":"Lagavulin","floor":13.0,"turns":3.0},{"damage":8.0,"enemies":"Gremlin Nob","floor":14.0,"turns":2.0},{"damage":12.0,"enemies":"Slime Boss","floor":16.0,"turns":6.0},{"damage":4.0,"enemies":"2 Thieves","floor":18.0,"turns":4.0},{"damage":44.0,"enemies":"3 Byrds","floor":20.0,"turns":3.0},{"damage":0.0,"enemies":"Shelled Parasite and Fungi","floor":21.0,"turns":1.0},{"damage":0.0,"enemies":"Cultist and Chosen","floor":22.0,"turns":2.0},{"damage":4.0,"enemies":"Slavers","floor":23.0,"turns":2.0},{"damage":0.0,"enemies":"3 Cultists","floor":24.0,"turns":3.0},{"damage":0.0,"enemies":"REME_1_Revenger","floor":25.0,"turns":1.0},{"damage":0.0,"enemies":"Slavers","floor":27.0,"turns":2.0},{"damage":0.0,"enemies":"Replay:Snechameleon","floor":28.0,"turns":1.0},{"damage":0.0,"enemies":"Centurion and Healer","floor":29.0,"turns":2.0},{"damage":0.0,"enemies":"Slavers","floor":30.0,"turns":3.0},{"damage":0.0,"enemies":"REME_1_Revenger","floor":31.0,"turns":1.0},{"damage":0.0,"enemies":"Pondfish","floor":33.0,"turns":3.0},{"damage":0.0,"enemies":"3 Darklings","floor":35.0,"turns":1.0},{"damage":0.0,"enemies":"3 Shapes","floor":36.0,"turns":2.0},{"damage":0.0,"enemies":"Writhing Mass","floor":37.0,"turns":2.0},{"damage":0.0,"enemies":"Sphere and 2 Shapes","floor":39.0,"turns":1.0},{"damage":0.0,"enemies":"R_Hoarder","floor":40.0,"turns":1.0},{"damage":0.0,"enemies":"Giant Head","floor":41.0,"turns":1.0},{"damage":0.0,"enemies":"R_Hoarder","floor":42.0,"turns":1.0},{"damage":0.0,"enemies":"Nemesis","floor":44.0,"turns":1.0},{"damage":0.0,"enemies":"R_Hoarder","floor":45.0,"turns":2.0},{"damage":0.0,"enemies":"Reptomancer","floor":46.0,"turns":1.0},{"damage":0.0,"enemies":"R_Hoarder","floor":47.0,"turns":1.0},{"damage":0.0,"enemies":"Nemesis","floor":48.0,"turns":1.0},{"damage":0.0,"enemies":"Replay:Hell Engine","floor":50.0,"turns":1.0},{"damage":0.0,"enemies":"Time Eater","floor":51.0,"turns":1.0},{"damage":0.0,"enemies":"Shield and Spear","floor":55.0,"turns":2.0},{"damage":0,"enemies":"The Heart","floor":56,"turns":1}],"seed_played":"6532377332609882962","potions_obtained":[{"floor":1.0,"key":"Energy Potion"},{"floor":1.0,"key":"Ancient Potion"},{"floor":2.0,"key":"Energy Potion"},{"floor":3.0,"key":"SteroidPotion"},{"floor":5.0,"key":"Adrenaline Potion"},{"floor":5.0,"key":"Fire Potion"},{"floor":5.0,"key":"FearPotion"},{"floor":6.0,"key":"LiquidMemories"},{"floor":6.0,"key":"ColorlessPotion"},{"floor":7.0,"key":"Energy Potion"},{"floor":10.0,"key":"PowerPotion"},{"floor":11.0,"key":"FairyPotion"},{"floor":13.0,"key":"GrandPatriotsElixir:ReiMu"},{"floor":20.0,"key":"Swift Potion"},{"floor":21.0,"key":"LiquidMemories"},{"floor":22.0,"key":"MagicPotion:ReiMu"},{"floor":23.0,"key":"Swift Potion"},{"floor":25.0,"key":"Adrenaline Potion"},{"floor":27.0,"key":"FairyPotion"},{"floor":39.0,"key":"EntropicBrew"},{"floor":39.0,"key":"DestinyDice"},{"floor":40.0,"key":"LiquidMemories"},{"floor":41.0,"key":"GamblersBrew"},{"floor":44.0,"key":"Swift Potion"},{"floor":45.0,"key":"REME_GoldPotion"},{"floor":45.0,"key":"AttackPotion"},{"floor":46.0,"key":"Flashbang"}],"is_trial":true,"path_per_floor":["M","M","M","M","M","E","M","E","T","M","E","?","E","E","R","B",null,"M","$","M","M","M","E","M","E","T","E","E","M","E","E","R","B",null,"M","M","M","$","M","E","E","E","T","E","E","E","E","E","R","B","B",null,"R","$","E","B",null],"character_chosen":"REMILIA","items_purchased":["Onion Ring","BargainBundle","Sundial","Quantum Egg","TimeFreeze","Eternal Feather"],"campfire_rested":1,"item_purchase_floors":[38,38,38,54,54,54],"current_hp_per_floor":[60,60,60,57,70,64,64,60,60,60,64,49,74,74,74,74,76,76,76,76,76,76,76,83,84,84,79,74,74,74,74,74,74,74,69,69,69,69,69,69,69,69,69,71,71,76,75,47,47,80,80,80,80,80,82,82],"gold":4495,"neow_bonus":"","is_daily":false,"chose_seed":false,"campfire_upgraded":0,"win_rate":0.0,"timestamp":1614153070,"path_taken":["M","M","M","M","M","E","M","E","T","M","E","?","E","E","R","BOSS","M","$","M","M","M","E","M","E","T","E","E","M","E","E","R","BOSS","M","M","M","$","M","E","E","E","T","E","E","E","E","E","R","BOSS","BOSS","R","$","E","BOSS"],"items_purchased_type":["Relic","Relic","Relic","Relic","Relic","Relic"],"build_version":"2020-12-22","purchased_purges":1,"victory":true,"max_hp_per_floor":[70,70,70,70,70,70,70,77,77,77,77,77,77,77,77,77,77,77,77,77,77,77,77,84,84,84,79,74,74,74,74,74,74,74,69,69,69,69,69,69,69,69,69,71,71,76,78,80,80,80,80,80,80,80,82,82],"card_choices":[{"not_picked":["BloodySeventeenLaser","ForecastOfChange"],"picked":"SKIP","floor":6.0},{"not_picked":["BloodySeventeenLaser","TricksterDevil"],"picked":"SKIP","floor":8.0},{"not_picked":["BloodyHallows","ForecastOfChange"],"picked":"SKIP","floor":11.0},{"not_picked":["QueenOfMidnight","BloodyHallows"],"picked":"SKIP","floor":13.0},{"not_picked":["KillingBlow","QueenOfMidnight"],"picked":"SKIP","floor":14.0},{"not_picked":["CeilingFear","TransientEternity"],"picked":"SKIP","floor":23.0},{"not_picked":["EquivalentExchange","ChaoticDestiny"],"picked":"SKIP","floor":25.0},{"not_picked":["QueenOfMidnight","BatForm"],"picked":"SKIP","floor":27.0},{"not_picked":["ForecastOfChange","HellCatastrophe"],"picked":"SKIP","floor":28.0},{"not_picked":["KillingBlow+1","DemonKingCradle"],"picked":"SKIP","floor":30.0},{"not_picked":["KillingBlow+1","DemonKingCradle"],"picked":"SKIP","floor":30.0},{"not_picked":["KillingBlow+1","DemonKingCradle"],"picked":"SKIP","floor":30.0},{"not_picked":["HeartBreak+1","BloodySeventeenLaser+1"],"picked":"SKIP","floor":31.0},{"not_picked":["DemonKingCradle","BloodRain+1"],"picked":"SKIP","floor":40.0},{"not_picked":["EquivalentExchange","BatForm"],"picked":"SKIP","floor":41.0},{"not_picked":["DemonKingCradle","BloodRain+1"],"picked":"SKIP","floor":42.0},{"not_picked":["DemonKingCradle","BloodRain+1"],"picked":"SKIP","floor":42.0},{"not_picked":["ChaoticDestiny+1","KillingBlow+1"],"picked":"Singing Bowl","floor":44.0},{"not_picked":["BatForm","CeilingFear+1"],"picked":"SKIP","floor":45.0},{"not_picked":["TransientEternity","EquivalentExchange"],"picked":"Singing Bowl","floor":46.0},{"not_picked":["QueenOfMidnight","TricksterDevil"],"picked":"Singing Bowl","floor":47.0},{"not_picked":["ChaoticDestiny+1","ScarletCoffin+1"],"picked":"Singing Bowl","floor":48.0},{"not_picked":["DemonKingCradle","BloodySeventeenLaser+1"],"picked":"Singing Bowl","floor":55}],"player_experience":601561,"relics_obtained":[{"floor":1.0,"key":"Du-Vu Doll"},{"floor":1.0,"key":"REME_LimitBreaker"},{"floor":1.0,"key":"AT_SpeedBoots"},{"floor":1.0,"key":"SynthV:TestCard"},{"floor":2.0,"key":"Replay:Bottled Flurry"},{"floor":2.0,"key":"Letter Opener"},{"floor":3.0,"key":"Boot"},{"floor":3.0,"key":"AT_ChloranthyRing"},{"floor":3.0,"key":"REME_HandOfSuture"},{"floor":4.0,"key":"SSSystem"},{"floor":4.0,"key":"CeramicFish"},{"floor":5.0,"key":"DeathBook"},{"floor":5.0,"key":"Potion Belt"},{"floor":5.0,"key":"AT_ArchangelStaff"},{"floor":5.0,"key":"Kunai"},{"floor":5.0,"key":"Akabeko"},{"floor":6.0,"key":"MawBank"},{"floor":6.0,"key":"Smiling Mask"},{"floor":6.0,"key":"PreservedInsect"},{"floor":6.0,"key":"Replay:Baseball"},{"floor":7.0,"key":"Art of War"},{"floor":7.0,"key":"White Beast Statue"},{"floor":7.0,"key":"Tea:ReiMu"},{"floor":8.0,"key":"BloodDonationMachine"},{"floor":8.0,"key":"Replay:Ringing Soul"},{"floor":9.0,"key":"MagicDraw3"},{"floor":10.0,"key":"PureWhite:ReiMu"},{"floor":10.0,"key":"Anchor"},{"floor":10.0,"key":"GodSword6"},{"floor":11.0,"key":"ReplayTheSpireMod:TigerMarble"},{"floor":11.0,"key":"DeadEye"},{"floor":13.0,"key":"ReplayFunnel"},{"floor":14.0,"key":"Mastiff:ReiMu"},{"floor":14.0,"key":"Tiny Chest"},{"floor":16.0,"key":"BookofShadows"},{"floor":16.0,"key":"Ancient Tea Set"},{"floor":16.0,"key":"ReplayTheSpireMod:Shallot"},{"floor":16.0,"key":"Replay:Bottled Snecko"},{"floor":18.0,"key":"REME_ArchaeologicalTools"},{"floor":18.0,"key":"Centennial Puzzle"},{"floor":18.0,"key":"Ccalipers"},{"floor":20.0,"key":"SalivaCoin"},{"floor":20.0,"key":"Dream Catcher"},{"floor":20.0,"key":"BookOfRevelations"},{"floor":20.0,"key":"CrazyTorch:ReiMu"},{"floor":21.0,"key":"AT_BellDemon"},{"floor":21.0,"key":"Oddly Smooth Stone"},{"floor":21.0,"key":"AT_RedTearstoneRing"},{"floor":22.0,"key":"ReplayTheSpireMod:Lightbulb"},{"floor":22.0,"key":"MagicDraw2"},{"floor":22.0,"key":"D6"},{"floor":22.0,"key":"Snack Pack"},{"floor":23.0,"key":"Damocles"},{"floor":23.0,"key":"GodSword3"},{"floor":23.0,"key":"SharpPlug"},{"floor":23.0,"key":"Mercury Hourglass"},{"floor":23.0,"key":"PunchingBag"},{"floor":24.0,"key":"Strawberry"},{"floor":24.0,"key":"Calipers"},{"floor":24.0,"key":"Pet Ghost"},{"floor":24.0,"key":"Blue Doll"},{"floor":24.0,"key":"Torii"},{"floor":24.0,"key":"MagicDraw4"},{"floor":25.0,"key":"GodSword7"},{"floor":25.0,"key":"Bag of Marbles"},{"floor":25.0,"key":"ReplayTheSpireMod:Ninjato"},{"floor":25.0,"key":"Counterbalance"},{"floor":26.0,"key":"PillsDrop"},{"floor":27.0,"key":"AnarchistCookbook"},{"floor":27.0,"key":"Toxic Egg 2"},{"floor":27.0,"key":"RedBat"},{"floor":27.0,"key":"MagicDraw1"},{"floor":27.0,"key":"TheBean"},{"floor":27.0,"key":"TuHaoJin"},{"floor":28.0,"key":"Nunchaku"},{"floor":28.0,"key":"BionicSphere"},{"floor":28.0,"key":"InkBottle"},{"floor":28.0,"key":"Bottled Lightning"},{"floor":29.0,"key":"AT_SilvercatRing"},{"floor":29.0,"key":"MaYiHuaBei"},{"floor":29.0,"key":"Blue Candle"},{"floor":29.0,"key":"HornCleat"},{"floor":29.0,"key":"BelialBook"},{"floor":30.0,"key":"Bag of Preparation"},{"floor":30.0,"key":"Shuriken"},{"floor":30.0,"key":"Lantern"},{"floor":30.0,"key":"Gremlin Horn"},{"floor":30.0,"key":"AT_LudenTempest"},{"floor":30.0,"key":"Molten Egg 2"},{"floor":31.0,"key":"BlankCard"},{"floor":31.0,"key":"Replay:Wax Seal"},{"floor":31.0,"key":"AT_BladeRuinedKing"},{"floor":31.0,"key":"Grinning Jar"},{"floor":33.0,"key":"War Paint"},{"floor":33.0,"key":"Mirror"},{"floor":33.0,"key":"Diplopia"},{"floor":34.0,"key":"Omamori"},{"floor":34.0,"key":"Replay:Bottled Eggs"},{"floor":34.0,"key":"Replay:Arrowhead"},{"floor":35.0,"key":"AT_DeathDance"},{"floor":35.0,"key":"Blood Vial"},{"floor":35.0,"key":"MealTicket"},{"floor":35.0,"key":"PokeGo"},{"floor":36.0,"key":"AT_EbonyIvory"},{"floor":36.0,"key":"Replay:Bandana"},{"floor":36.0,"key":"Toy Ornithopter"},{"floor":36.0,"key":"AT_ImmortalShieldbow"},{"floor":37.0,"key":"Turnip"},{"floor":37.0,"key":"Orichalcum"},{"floor":37.0,"key":"AT_Manta"},{"floor":37.0,"key":"HowToJump"},{"floor":39.0,"key":"UnicornStump"},{"floor":39.0,"key":"AT_BellowingDragoncrestRing"},{"floor":39.0,"key":"AntiCross"},{"floor":39.0,"key":"SumBook"},{"floor":39.0,"key":"Regal Pillow"},{"floor":40.0,"key":"Replay:WaspNest"},{"floor":40.0,"key":"Replay:Bottled Steam"},{"floor":40.0,"key":"TheBible"},{"floor":40.0,"key":"REME_PuzzleBoxRelic"},{"floor":41.0,"key":"Replay:Rubber Ducky"},{"floor":41.0,"key":"ScarletDevilRocket"},{"floor":41.0,"key":"Pen Nib"},{"floor":41.0,"key":"RuthlessExorcism:ReiMu"},{"floor":42.0,"key":"Whetstone"},{"floor":42.0,"key":"StoneCalendar"},{"floor":42.0,"key":"Vajra"},{"floor":42.0,"key":"DoctorsRemote"},{"floor":44.0,"key":"Singing Bowl"},{"floor":44.0,"key":"Replay:Mystery Machine"},{"floor":44.0,"key":"Garlic"},{"floor":44.0,"key":"ZombieArmy"},{"floor":45.0,"key":"GodSword5"},{"floor":45.0,"key":"Pantograph"},{"floor":45.0,"key":"AT_TimeSand"},{"floor":45.0,"key":"Dead Branch"},{"floor":46.0,"key":"SecretRecord"},{"floor":46.0,"key":"StrikeDummy"},{"floor":46.0,"key":"Replay:Accelerometer"},{"floor":46.0,"key":"AT_SilverBalance"},{"floor":47.0,"key":"Bottled Tornado"},{"floor":47.0,"key":"OriginationStaff"},{"floor":47.0,"key":"Replay:Towering Pillar of Hats"},{"floor":47.0,"key":"AT_RabadonDeathcap"},{"floor":48.0,"key":"ImprovedEquipment"},{"floor":48.0,"key":"Leech"},{"floor":48.0,"key":"REME_HourglassOfDeath"},{"floor":48.0,"key":"LastBattle"},{"floor":49.0,"key":"GodSword4"},{"floor":55,"key":"Divine Protection"},{"floor":55,"key":"Golden Egg"},{"floor":55,"key":"GnawedLeaf"},{"floor":55,"key":"Bottled Flame"},{"floor":55,"key":"Mummified Hand"}],"event_choices":[],"is_beta":false,"boss_relics":[{"not_picked":["Transparent","AT_MortalBlade"],"picked":"AT_TrinityForce"},{"not_picked":[]},{"not_picked":["Sozu","TimeKeys"],"picked":"Calling Bell"},{"not_picked":[]}],"items_purged_floors":[38],"is_endless":false,"potions_floor_spawned":[3,5,6,8,10,11,13,14,16,18,20,21,22,23,24,25,27,28,29,30,31,33,35,36,37,39,40,41,42,44,45,46,47,48,55],"ascension_level":20}}