{"host":"4i5my69dv6e41930","time":1614153664,"event":{"mods":["AchievementEnabler","BaseMod","Minty Spire (QoL Compilation)","Relic Stats"],"gold_per_floor":[10,25,43,56,70,70,70],"floor_reached":6,"language":"ENG","playtime":493,"items_purged":[],"score":80,"play_id":"b8d90079-393c-4653-8924-ce89fc551e11","local_time":"20210224030104","is_ascension_mode":true,"campfire_choices":[],"circlet_count":0,"master_deck":["AscendersBane","Strike_G","Strike_G","Strike_G","Strike_G","Strike_G","Defend_G","Defend_G","Defend_G","Defend_G","Defend_G","Survivor","Neutralize","Adrenaline","Poisoned Stab","Deadly Poison","PiercingWail","Slice"],"relics":["Ring of the Snake"],"acts_visited":["Exordium"],"potions_floor_usage":[4,4,5],"damage_taken":[{"damage":3.0,"enemies":"Jaw Worm","floor":1.0,"turns":5.0},{"damage":8.0,"enemies":"Small Slimes","floor":2.0,"turns":3.0},{"damage":1.0,"enemies":"Cultist","floor":3.0,"turns":3.0},{"damage":27,"enemies":"Exordium Thugs","floor":4,"turns":6},{"damage":3,"enemies":"3 Louse","floor":5,"turns":5},{"damage":23,"enemies":"Lagavulin","floor":6,"turns":6}],"seed_played":"-6921777377701919092","potions_obtained":[{"floor":2.0,"key":"Block Potion"},{"floor":3.0,"key":"DuplicationPotion"},{"floor":4,"key":"SpeedPotion"}],"is_trial":false,"path_per_floor":["M","M","M","M","M","E"],"character_chosen":"THE_SILENT","items_purchased":[],"campfire_rested":0,"item_purchase_floors":[],"current_hp_per_floor":[56,48,47,20,17,0,0],"gold":70,"neow_bonus":"THREE_RARE_CARDS","is_daily":false,"chose_seed":false,"campfire_upgraded":0,"win_rate":0.0,"timestamp":1614153664,"path_taken":["M","M","M","M","M","E"],"items_purchased_type":[],"build_version":"2020-12-22","purchased_purges":0,"victory":false,"max_hp_per_floor":[66,66,66,66,66,66,66],"relic_stats":{"counters":[6,28],"obtain_stats":[{"Ring of the Snake":0},{"Ring of the Snake":0},{"Ring of the Snake":0}],"Ring of the Snake":[12]},"card_choices":[{"not_picked":["Doppelganger","Night Terror"],"picked":"Adrenaline","floor":0.0},{"not_picked":["Tactician","Heel Hook"],"picked":"Poisoned Stab","floor":1.0},{"not_picked":["Outmaneuver","Underhanded Strike"],"picked":"Deadly Poison","floor":2.0},{"not_picked":["Blur","Heel Hook","Escape Plan"],"picked":"SKIP","floor":3.0},{"not_picked":["Dodge and Roll","Slice"],"picked":"PiercingWail","floor":4},{"not_picked":["Bane","Finisher"],"picked":"Slice","floor":5}],"player_experience":146377,"relics_obtained":[],"event_choices":[],"is_beta":false,"boss_relics":[],"items_purged_floors":[],"is_endless":false,"potions_floor_spawned":[2,3,4],"killed_by":"Lagavulin","ascension_level":20}}