{"host":"9gd2vfcpq4ax5tj2","time":1614166132,"event":{"mods":["BaseMod","Colored Map","Minty Spire (QoL Compilation)","StSLib"],"gold_per_floor":[112,125,200,200,300,339,339,363,410,441,214,239,264,282,282,407,470,488,488,128,146,146,146,167,167,167,182,162,205,205,2,2,122,122,142,475,475,475],"floor_reached":39,"language":"ENG","playtime":2190,"items_purged":["Strike_B","Pain","Injury"],"score":632,"play_id":"3e3879c3-2725-4431-a624-85cac9d72b21","local_time":"20210224215852","is_ascension_mode":false,"campfire_choices":[{"floor":7,"key":"REST"},{"floor":15,"key":"REST"},{"data":"Chaos","floor":23,"key":"SMITH"},{"floor":25,"key":"REST"},{"data":"Loop","floor":30,"key":"SMITH"},{"floor":32,"key":"REST"}],"circlet_count":0,"master_deck":["Strike_B","Strike_B","Strike_B","Defend_B","Defend_B","Defend_B","Defend_B","Zap","Dualcast","Conserve Battery+1","Loop+1","Cold Snap","Sweeping Beam","Cold Snap","Chaos+1","Compile Driver","Echo Form","Machine Learning","Cold Snap+1","Sweeping Beam+1","Multi-Cast","Reboot","FTL"],"relics":["Cracked Core","Anchor","Vajra","Happy Flower","Pantograph","TheAbacus","Tiny House","WarpedTongs","Singing Bowl","Letter Opener","Bag of Preparation","Prayer Wheel","Inserter"],"acts_visited":["Exordium","TheCity","TheBeyond"],"potions_floor_usage":[16,24,29,38,38,38],"damage_taken":[{"damage":2,"enemies":"Jaw Worm","floor":1,"turns":3},{"damage":0,"enemies":"2 Louse","floor":2,"turns":3},{"damage":34,"enemies":"Lagavulin","floor":6,"turns":10},{"damage":0,"enemies":"Small Slimes","floor":8,"turns":3},{"damage":22,"enemies":"Gremlin Nob","floor":10,"turns":4},{"damage":0,"enemies":"Looter","floor":12,"turns":2},{"damage":0,"enemies":"Lots of Slimes","floor":13,"turns":3},{"damage":5,"enemies":"Exordium Thugs","floor":14,"turns":4},{"damage":28,"enemies":"Slime Boss","floor":16,"turns":17},{"damage":20,"enemies":"3 Byrds","floor":18,"turns":5},{"damage":1,"enemies":"Chosen","floor":21,"turns":5},{"damage":24,"enemies":"Shelled Parasite and Fungi","floor":24,"turns":7},{"damage":22,"enemies":"Snake Plant","floor":27,"turns":4},{"damage":20,"enemies":"Gremlin Leader","floor":29,"turns":7},{"damage":27,"enemies":"Automaton","floor":33,"turns":8},{"damage":7,"enemies":"Orb Walker","floor":35,"turns":5},{"damage":35,"enemies":"Time Eater","floor":38,"turns":9}],"seed_played":"556540828191290880","potions_obtained":[{"floor":2,"key":"Swift Potion"},{"floor":8,"key":"GamblersBrew"},{"floor":13,"key":"Block Potion"},{"floor":17,"key":"Swift Potion"},{"floor":24,"key":"SteroidPotion"},{"floor":28,"key":"PotionOfCapacity"},{"floor":33,"key":"FocusPotion"}],"is_trial":false,"path_per_floor":["M","M","?","?","?","E","R","M","T","E","$","M","M","M","R","B",null,"M","?","$","M","T","R","M","R","T","M","?","E","R","$","R","B",null,"M","?","?","B",null],"character_chosen":"DEFECT","items_purchased":["TheAbacus","Singing Bowl","Regen Potion"],"campfire_rested":4,"item_purchase_floors":[11,20,31],"current_hp_per_floor":[73,73,62,62,62,28,50,50,50,28,28,28,28,23,45,42,80,60,60,60,59,59,59,37,61,61,41,41,21,21,21,46,44,84,79,79,79,66],"gold":475,"neow_bonus":"RANDOM_COMMON_RELIC","is_daily":false,"chose_seed":false,"campfire_upgraded":2,"win_rate":0.0,"timestamp":1614166132,"path_taken":["M","M","?","?","?","E","R","?","T","E","$","M","M","M","R","BOSS","M","?","$","?","?","R","?","R","T","M","?","E","R","$","R","BOSS","M","?","?","BOSS"],"items_purchased_type":["Relic","Relic","Potion"],"build_version":"2020-12-22","purchased_purges":3,"victory":true,"max_hp_per_floor":[75,75,75,75,75,75,75,75,75,75,75,75,75,75,75,75,80,80,80,80,80,80,80,82,82,82,84,84,84,84,84,84,84,84,86,86,86,86],"card_choices":[{"not_picked":["Stack","Sweeping Beam"],"picked":"Conserve Battery","floor":1},{"not_picked":["Rebound","Conserve Battery"],"picked":"Loop","floor":2},{"not_picked":["Stack","Redo"],"picked":"Cold Snap","floor":6},{"not_picked":["Go for the Eyes","Leap"],"picked":"Sweeping Beam","floor":8},{"not_picked":["Compile Driver","Coolheaded"],"picked":"Cold Snap","floor":10},{"not_picked":["Compile Driver","Beam Cell"],"picked":"Chaos","floor":12},{"not_picked":["Sweeping Beam","Rebound"],"picked":"Compile Driver","floor":13},{"not_picked":["Force Field","Fusion"],"picked":"Echo Form","floor":14},{"not_picked":["All For One","Seek"],"picked":"Machine Learning","floor":16},{"not_picked":["Stack","Barrage"],"picked":"Cold Snap+1","floor":18},{"not_picked":["Gash","Lockon"],"picked":"Sweeping Beam+1","floor":21},{"not_picked":["Auto Shields","Gash","Reinforced Body"],"picked":"Singing Bowl","floor":24},{"not_picked":["Beam Cell","Turbo","BootSequence"],"picked":"Singing Bowl","floor":27},{"not_picked":["Reinforced Body","Coolheaded+1"],"picked":"Multi-Cast","floor":29},{"not_picked":["Creative AI","Buffer"],"picked":"Reboot","floor":33},{"not_picked":["Sweeping Beam+1","Tempest","Beam Cell"],"picked":"Singing Bowl","floor":35},{"not_picked":["Stack","Redo"],"picked":"FTL","floor":35}],"player_experience":121027,"relics_obtained":[{"floor":6,"key":"Vajra"},{"floor":9,"key":"Happy Flower"},{"floor":10,"key":"Pantograph"},{"floor":22,"key":"Letter Opener"},{"floor":26,"key":"Bag of Preparation"},{"floor":29,"key":"Prayer Wheel"}],"event_choices":[{"damage_healed":0,"gold_gain":75,"player_choice":"Gather Gold","damage_taken":11,"max_hp_gain":0,"max_hp_loss":0,"event_name":"World of Goop","floor":3,"gold_loss":0},{"damage_healed":0,"gold_gain":0,"player_choice":"Take Wound","damage_taken":0,"relics_obtained":["Golden Idol"],"max_hp_gain":0,"max_hp_loss":0,"event_name":"Golden Idol","floor":4,"gold_loss":0,"cards_obtained":["Injury"]},{"damage_healed":0,"gold_gain":100,"player_choice":"Gold","damage_taken":0,"max_hp_gain":0,"max_hp_loss":0,"event_name":"Wheel of Change","floor":5,"gold_loss":0},{"damage_healed":0,"gold_gain":0,"player_choice":"Rummage","damage_taken":0,"relics_obtained":["WarpedTongs"],"max_hp_gain":0,"max_hp_loss":0,"event_name":"Accursed Blacksmith","floor":19,"gold_loss":0,"cards_obtained":["Pain"]},{"damage_healed":0,"gold_gain":0,"player_choice":"Bought 1 Potion","damage_taken":0,"max_hp_gain":0,"max_hp_loss":0,"event_name":"The Woman in Blue","floor":28,"gold_loss":0},{"damage_healed":0,"gold_gain":333,"player_choice":"Gave Idol","damage_taken":0,"max_hp_gain":0,"max_hp_loss":0,"event_name":"The Moai Head","floor":36,"relics_lost":["Golden Idol"],"gold_loss":0},{"damage_healed":0,"gold_gain":0,"player_choice":"Took Portal","damage_taken":0,"max_hp_gain":0,"max_hp_loss":0,"event_name":"SecretPortal","floor":37,"gold_loss":0}],"is_beta":false,"boss_relics":[{"not_picked":["Empty Cage","Runic Dome"],"picked":"Tiny House"},{"not_picked":["Astrolabe","SlaversCollar"],"picked":"Inserter"}],"items_purged_floors":[11,20,31],"is_endless":false,"potions_floor_spawned":[2,8,13,14,21,24,33,35],"ascension_level":0}}