{"host":"ayh4nqhr0ddw4ozv","time":1614151823,"event":{"mods":["BaseMod","Minty Spire (QoL Compilation)","Relic Stats","Replay The Spire","Robot Space Explorer","StSLib"],"gold_per_floor":[110,127,127,26,37,64,64,81,107,121,134,134,134,150,181,199,199,274,274,294,294,310,510,13,13,40,50,50,50,50,50,85,97,97,171,171,189,189,209,224,272,307,307,333,359,359,394,409,428,443,443,443,443,443,65,100,100,100],"floor_reached":57,"language":"ENG","playtime":4602,"items_purged":["Pain","Strike_B","Strike_B"],"score":1871,"play_id":"b5ba7666-6991-46e0-bb83-7ca2834fa111","local_time":"20210223233023","is_ascension_mode":true,"campfire_choices":[{"data":"Sweeping Beam","floor":7,"key":"SMITH"},{"floor":17,"key":"REST"},{"data":"Hologram","floor":25,"key":"SMITH"},{"data":"Ghostly","floor":31,"key":"SMITH"},{"data":"Ghostly","floor":34,"key":"SMITH"},{"floor":43,"key":"REST"},{"floor":46,"key":"RECALL"}],"circlet_count":0,"master_deck":["AscendersBane","Defend_B","Defend_B","Defend_B","Zap","Dualcast","Darkness+1","Lockon+1","Aggregate+1","Panic Button","Sweeping Beam+1","Hologram+1","Conserve Battery","Cold Snap+1","Doom and Gloom","Electrodynamics","Go for the Eyes+1","Seek","Multi-Cast","Panic Button+1","Steam","Chill","Ghostly+1","Ghostly+1","Ghostly","Ghostly","Ghostly","Buffer","Coolheaded","Skim+1","Echo Form","Glacier+1","Stack+1","Capacitor"],"relics":["Astrolabe","WarpedTongs","Blue Doll","Orichalcum","Tiny Chest","Replay:Bronze Core","Iron Hammer","Raider\u0027s Mask","Pondfish Scales","HornCleat","BranchBurnRelic","Snack Pack","Fusion Hammer","ReplayFunnel","Replay:Antivirus Software","Symbiotic Virus","Chameleon Ring","Whetstone","Strawberry","Onion Ring"],"acts_visited":["Exordium","TheCity","TheBeyond","TheEnding"],"potions_floor_usage":[11,15,32,42,57,57],"damage_taken":[{"damage":0,"enemies":"Small Slimes","floor":1,"turns":3},{"damage":0,"enemies":"Cultist","floor":2,"turns":4},{"damage":7,"enemies":"Jaw Worm","floor":5,"turns":2},{"damage":0,"enemies":"Lagavulin","floor":6,"turns":4},{"damage":12,"enemies":"3 Louse","floor":8,"turns":4},{"damage":1,"enemies":"Looter","floor":10,"turns":3},{"damage":5,"enemies":"Exordium Thugs","floor":11,"turns":3},{"damage":0,"enemies":"Lots of Slimes","floor":14,"turns":1},{"damage":11,"enemies":"Gremlin Nob","floor":15,"turns":3},{"damage":15,"enemies":"Large Slime","floor":16,"turns":4},{"damage":0,"enemies":"Slime Boss","floor":18,"turns":3},{"damage":3,"enemies":"Chosen","floor":20,"turns":5},{"damage":0,"enemies":"Spheric Guardian","floor":22,"turns":3},{"damage":7,"enemies":"Replay:Snechameleon","floor":26,"turns":5},{"damage":0,"enemies":"3 Cultists","floor":27,"turns":2},{"damage":0,"enemies":"Slavers","floor":32,"turns":5},{"damage":6,"enemies":"Snecko","floor":33,"turns":7},{"damage":0,"enemies":"Champ","floor":35,"turns":10},{"damage":0,"enemies":"Orb Walker","floor":37,"turns":7},{"damage":0,"enemies":"3 Shapes","floor":39,"turns":4},{"damage":0,"enemies":"Jaw Worm Horde","floor":40,"turns":4},{"damage":16,"enemies":"Giant Head","floor":42,"turns":11},{"damage":7,"enemies":"R_Hoarder","floor":44,"turns":12},{"damage":0,"enemies":"Giant Head","floor":47,"turns":8},{"damage":0,"enemies":"Transient","floor":48,"turns":5},{"damage":0,"enemies":"3 Darklings","floor":49,"turns":6},{"damage":0,"enemies":"Sphere and 2 Shapes","floor":50,"turns":6},{"damage":0,"enemies":"Donu and Deca","floor":52,"turns":11},{"damage":0,"enemies":"Shield and Spear","floor":56,"turns":14},{"damage":49,"enemies":"The Heart","floor":57,"turns":12}],"seed_played":"8288968502907058685","potions_obtained":[{"floor":2,"key":"Block Potion"},{"floor":6,"key":"Dexterity Potion"},{"floor":8,"key":"LiquidMemories"},{"floor":16,"key":"BlessingOfTheForge"},{"floor":18,"key":"Milkshake"},{"floor":35,"key":"Strength Potion"},{"floor":40,"key":"Milkshake"},{"floor":44,"key":"BlessingOfTheForge"},{"floor":48,"key":"GamblersBrew"},{"floor":50,"key":"SpeedPotion"},{"floor":51,"key":"Energy Potion"},{"floor":54,"key":"GamblersBrew"}],"is_trial":false,"path_per_floor":["M","M","?","$","M","E","R","M","T","M","M","PTL","PTL","M","E","M","R","B",null,"M","?","M","?","$","R","E","M","T","T","?","R","E","M","R","B",null,"M","?","M","M","T","E","R","E","T","R","E","M","M","M","R","B",null,"R","$","E","B"],"character_chosen":"DEFECT","items_purchased":["Hologram","Iron Hammer","Raider\u0027s Mask","Strawberry","LiquidMemories","Capacitor"],"campfire_rested":2,"item_purchase_floors":[4,24,24,55,55,55],"current_hp_per_floor":[64,64,64,64,57,57,57,45,45,44,39,39,39,39,28,13,34,34,62,59,46,46,46,46,46,39,39,39,39,38,38,38,32,32,38,38,38,38,38,38,38,22,33,38,38,38,38,38,38,38,38,38,38,38,45,45,0,0],"gold":100,"neow_bonus":"BOSS_RELIC","is_daily":false,"chose_seed":false,"campfire_upgraded":4,"win_rate":0.0,"timestamp":1614151823,"path_taken":["M","M","?","$","M","E","R","M","T","M","M","PTL","PTL","?","E","M","R","BOSS","M","?","M","?","$","R","E","?","T","?","?","R","E","M","R","BOSS","M","?","?","M","?","E","R","E","T","R","E","M","?","M","R","BOSS","R","$","E","BOSS"],"items_purchased_type":["Card","Relic","Relic","Relic","Potion","Card"],"build_version":"2020-12-22","purchased_purges":3,"victory":false,"max_hp_per_floor":[71,71,71,71,71,71,71,71,71,71,71,71,71,71,71,71,71,71,71,71,76,76,76,76,76,76,76,76,76,38,38,38,38,38,38,38,38,38,38,38,38,38,38,38,38,38,38,38,38,38,38,38,38,38,45,45,45,45],"relic_stats":{"counters":[30,171],"Astrolabe":["Darkness","Lockon","Aggregate"],"Tiny Chest":2,"Whetstone":["Go for the Eyes","Cold Snap"],"Orichalcum":[54],"obtain_stats":[{"ReplayFunnel":38,"Astrolabe":0,"Dead Branch":28,"Blue Doll":6,"Raider\u0027s Mask":24,"Whetstone":47,"Orichalcum":9,"WarpedTongs":3,"BranchBurnRelic":31,"Pondfish Scales":26,"HornCleat":29,"Chameleon Ring":44,"Replay:Bronze Core":19,"Strawberry":55,"Tiny Chest":15,"Onion Ring":56,"Iron Hammer":24,"Fusion Hammer":36,"Snack Pack":32,"Replay:Antivirus Software":41,"Cracked Core":0,"Symbiotic Virus":42},{"ReplayFunnel":19,"Astrolabe":0,"Dead Branch":15,"Blue Doll":4,"Raider\u0027s Mask":13,"Whetstone":24,"Orichalcum":5,"WarpedTongs":2,"BranchBurnRelic":15,"Pondfish Scales":14,"HornCleat":15,"Chameleon Ring":23,"Replay:Bronze Core":11,"Strawberry":28,"Tiny Chest":9,"Onion Ring":29,"Iron Hammer":13,"Fusion Hammer":18,"Snack Pack":16,"Replay:Antivirus Software":21,"Cracked Core":0,"Symbiotic Virus":22},{"ReplayFunnel":78,"Astrolabe":0,"Dead Branch":49,"Blue Doll":13,"Raider\u0027s Mask":42,"Whetstone":117,"Orichalcum":17,"WarpedTongs":7,"BranchBurnRelic":49,"Pondfish Scales":47,"HornCleat":49,"Chameleon Ring":109,"Replay:Bronze Core":34,"Strawberry":145,"Tiny Chest":27,"Onion Ring":159,"Iron Hammer":42,"Fusion Hammer":71,"Snack Pack":54,"Replay:Antivirus Software":86,"Cracked Core":0,"Symbiotic Virus":97}],"WarpedTongs":[132]},"card_choices":[{"not_picked":["Rebound","ReplaySolidLightProjector"],"picked":"Panic Button","floor":1},{"not_picked":["Aggregate","Beam Cell"],"picked":"Sweeping Beam","floor":2},{"not_picked":["Double Energy","Gash"],"picked":"Conserve Battery","floor":5},{"not_picked":["Turbo","Crystallizer","Streamline"],"picked":"SKIP","floor":6},{"not_picked":["ReplaySort","Hello World"],"picked":"Cold Snap","floor":8},{"not_picked":["Ball Lightning","Go for the Eyes"],"picked":"Doom and Gloom","floor":10},{"not_picked":["Cold Snap","Gash"],"picked":"Electrodynamics","floor":11},{"not_picked":["Turbo","Fusion","Force Field"],"picked":"SKIP","floor":14},{"not_picked":["Chaos","Crystallizer"],"picked":"Go for the Eyes","floor":15},{"not_picked":["Panic Button","Doom and Gloom"],"picked":"Seek","floor":16},{"not_picked":["Reboot","ReplayTheSpireMod:Omega Cannon"],"picked":"Multi-Cast","floor":18},{"not_picked":["White Noise","Darkness"],"picked":"Panic Button+1","floor":20},{"not_picked":["Leap","Turbo+1","Streamline"],"picked":"SKIP","floor":22},{"not_picked":["ReplayTheSpireMod:Omega Cannon","Blizzard"],"picked":"Steam","floor":26},{"not_picked":["Turbo","Sweeping Beam"],"picked":"Chill","floor":27},{"not_picked":["Conserve Battery","Reprogram","Leap"],"picked":"SKIP","floor":32},{"not_picked":["Force Field+1","Ball Lightning","Rebound"],"picked":"SKIP","floor":33},{"not_picked":["Amplify","Core Surge"],"picked":"Buffer","floor":35},{"not_picked":["Redo","Turbo+1"],"picked":"Coolheaded","floor":37},{"not_picked":["Turbo","Streamline"],"picked":"Skim+1","floor":39},{"not_picked":["Reboot","Steam Power","Streamline"],"picked":"SKIP","floor":40},{"not_picked":["Chill","Barrage","Panic Button"],"picked":"SKIP","floor":42},{"not_picked":["BasicCrystalCard","Auto Shields+1"],"picked":"Echo Form","floor":44},{"not_picked":["Panic Button","Ball Lightning","Barrage"],"picked":"SKIP","floor":47},{"not_picked":["Rebound","Conserve Battery"],"picked":"Glacier+1","floor":48},{"not_picked":["Barrage","Tempest+1"],"picked":"Stack+1","floor":49},{"not_picked":["Steam","Rebound","Redo"],"picked":"SKIP","floor":50},{"not_picked":["Crystallizer","Amplify","Beam Cell"],"picked":"SKIP","floor":56}],"player_experience":443828,"relics_obtained":[{"floor":6,"key":"Blue Doll"},{"floor":9,"key":"Orichalcum"},{"floor":15,"key":"Tiny Chest"},{"floor":26,"key":"Pondfish Scales"},{"floor":28,"key":"Dead Branch"},{"floor":29,"key":"HornCleat"},{"floor":32,"key":"Snack Pack"},{"floor":41,"key":"Replay:Antivirus Software"},{"floor":42,"key":"Symbiotic Virus"},{"floor":44,"key":"Chameleon Ring"},{"floor":47,"key":"Whetstone"},{"floor":56,"key":"Onion Ring"}],"event_choices":[{"damage_healed":0,"gold_gain":0,"player_choice":"Rummage","damage_taken":0,"relics_obtained":["WarpedTongs"],"max_hp_gain":0,"max_hp_loss":0,"event_name":"Accursed Blacksmith","floor":3,"gold_loss":0,"cards_obtained":["Pain"]},{"damage_healed":0,"gold_gain":0,"player_choice":"Shed Blood","damage_taken":18,"max_hp_gain":5,"max_hp_loss":0,"event_name":"Forgotten Altar","floor":21,"gold_loss":0},{"damage_healed":0,"gold_gain":200,"player_choice":"Gold","damage_taken":0,"max_hp_gain":0,"max_hp_loss":0,"event_name":"Wheel of Change","floor":23,"gold_loss":0},{"damage_healed":0,"gold_gain":0,"player_choice":"Became a Ghost","damage_taken":0,"max_hp_gain":0,"max_hp_loss":38,"event_name":"Ghosts","floor":30,"gold_loss":0,"cards_obtained":["Ghostly","Ghostly","Ghostly","Ghostly","Ghostly"]},{"damage_healed":0,"gold_gain":0,"player_choice":"Gave Potion","damage_taken":0,"relics_obtained":["ReplayFunnel"],"max_hp_gain":0,"max_hp_loss":0,"event_name":"WeMeetAgain","floor":38,"gold_loss":0}],"is_beta":false,"boss_relics":[{"not_picked":["Philosopher\u0027s Stone","SlaversCollar"],"picked":"Replay:Bronze Core"},{"not_picked":["Painkiller Herb","Replay:Ancient Bell"],"picked":"Fusion Hammer"}],"items_purged_floors":[4,24,55],"is_endless":false,"potions_floor_spawned":[2,6,8,16,18,20,26,35,37,40,44,48,50],"killed_by":"The Heart","ascension_level":14}}