{"host":"emzatosnsokm6754","time":1614141253,"event":{"mods":["Act Like it!","BaseMod","Bossed Relics","Colored Powertips","Energized Spire","Minty Spire (QoL Compilation)","Rare Cards Sparkle","Replay The Spire","Ruina","StSLib","The Cursed","The Gatherer","The Hierophant","The Servant 0.9.4"],"gold_per_floor":[112,112,127,227,247,247,260,271,271,271,135,165,15,26,26,26,26],"floor_reached":16,"language":"ENG","playtime":551,"items_purged":["Strike_S"],"score":117,"play_id":"de4982ff-f938-4f78-a4da-4c8936221e11","local_time":"20210224173413","is_ascension_mode":true,"campfire_choices":[{"data":"KidneyShot","floor":6,"key":"SMITH"},{"data":"Ricochet","floor":10,"key":"SMITH"},{"data":"Starlight","floor":15,"key":"SMITH"}],"circlet_count":0,"master_deck":["Strike_S","Strike_S","Strike_S","Defend_S","Defend_S","Defend_S","Defend_S","KidneyShot+1","Exchange","Rearm","GearUp","GearUp","Ricochet+1","FloweringNight+1","ReturningBlade","TrueSight+1","Starlight+1"],"relics":["Uniform","NeowsBlessing","Frozen Egg 2","Gremlin Food"],"acts_visited":["Exordium"],"potions_floor_usage":[16,16],"damage_taken":[{"damage":0,"enemies":"2 Louse","floor":1,"turns":1},{"damage":0,"enemies":"Cultist","floor":3,"turns":1},{"damage":0,"enemies":"Jaw Worm","floor":5,"turns":1},{"damage":2,"enemies":"Looter","floor":7,"turns":5},{"damage":0,"enemies":"Blue Slaver","floor":8,"turns":7},{"damage":25,"enemies":"3 Sentries","floor":12,"turns":9},{"damage":11,"enemies":"3 Louse","floor":14,"turns":5},{"damage":41,"enemies":"Fading Forest","floor":16,"turns":7}],"seed_played":"-8669963764667086016","potions_obtained":[{"floor":7,"key":"Elixir"},{"floor":12,"key":"SteroidPotion"},{"floor":14,"key":"Energy Potion"}],"is_trial":false,"path_per_floor":["M","?","M","?","M","R","M","M","T","R","$","E","$","M","R","B"],"character_chosen":"THE_SERVANT","items_purchased":["FloweringNight+1","TrueSight+1"],"campfire_rested":0,"item_purchase_floors":[11,13],"current_hp_per_floor":[65,70,70,70,70,70,68,68,68,68,68,43,43,32,32,0,0],"gold":26,"neow_bonus":"THREE_ENEMY_KILL","is_daily":false,"chose_seed":false,"campfire_upgraded":3,"win_rate":0.0,"timestamp":1614141253,"path_taken":["M","?","M","?","?","R","?","M","T","R","$","E","$","M","R","BOSS"],"items_purchased_type":["Card","Card"],"build_version":"2020-12-22","purchased_purges":1,"victory":false,"max_hp_per_floor":[65,70,70,70,70,70,70,70,70,70,70,70,70,70,70,70,70],"card_choices":[{"not_picked":["BottledTime","FastForward"],"picked":"Rearm","floor":1},{"not_picked":["Misdirection","Foresight"],"picked":"GearUp","floor":3},{"not_picked":["Collapse","Reset"],"picked":"GearUp","floor":5},{"not_picked":["Potential","DoubleEdge","Defy"],"picked":"SKIP","floor":7},{"not_picked":["Moondial","BottledTime"],"picked":"Ricochet","floor":8},{"not_picked":["Reset","Revamp"],"picked":"ReturningBlade","floor":12},{"not_picked":["Desolation","Defy"],"picked":"Starlight","floor":14}],"player_experience":223734,"relics_obtained":[{"floor":9,"key":"Frozen Egg 2"},{"floor":12,"key":"Gremlin Food"}],"event_choices":[{"damage_healed":0,"gold_gain":0,"player_choice":"Donut","damage_taken":0,"max_hp_gain":5,"max_hp_loss":0,"event_name":"Big Fish","floor":2,"gold_loss":0},{"damage_healed":0,"gold_gain":100,"player_choice":"Pray","damage_taken":0,"max_hp_gain":0,"max_hp_loss":0,"event_name":"Golden Shrine","floor":4,"gold_loss":0}],"is_beta":false,"boss_relics":[],"items_purged_floors":[13],"is_endless":false,"potions_floor_spawned":[7,12,14],"killed_by":"Fading Forest","ascension_level":3}}