{"host":"nptej036rrbiurf5","time":1614139151,"event":{"mods":["BaseMod","Colored Map","Colored Powertips","DeckTracker","Minty Spire (QoL Compilation)","StSLib","SuperFastMode"],"gold_per_floor":[16,36,1,13,27,27,55,72,117,130,144,144,144,161,161,239,239,257,268,268,318,155,155,181,181,181,216,216,232,261,272,272,344,344,363,383,396,396,416,450,450,477,477,477,477,492,107,107,107],"floor_reached":48,"language":"KOR","playtime":1219,"items_purged":["Strike_R","Strike_R"],"score":1208,"play_id":"ab860479-cdf9-48b9-9a25-95e53f668ac7","local_time":"20210224125911","is_ascension_mode":true,"campfire_choices":[{"data":"Whirlwind","floor":6.0,"key":"SMITH"},{"data":"Disarm","floor":12.0,"key":"SMITH"},{"data":"Flex","floor":15.0,"key":"SMITH"},{"data":"Spot Weakness","floor":23.0,"key":"SMITH"},{"data":"Limit Break","floor":25.0,"key":"SMITH"},{"data":"Battle Trance","floor":32.0,"key":"SMITH"},{"data":"Corruption","floor":41.0,"key":"SMITH"},{"floor":45,"key":"REST"}],"circlet_count":0,"master_deck":["AscendersBane","Strike_R","Defend_R+1","Defend_R","Defend_R+1","Bash","Thunderclap","Whirlwind+1","Battle Trance+1","Impervious","Flex+1","Disarm+1","Pummel","Limit Break+1","Spot Weakness+1","Ghostly Armor","Corruption+1","True Grit+1","Injury","Evolve","Secret Technique"],"relics":["Burning Blood","Magic Flower","Happy Flower","Busted Crown","Mummified Hand","Meat on the Bone","Bronze Scales","StrikeDummy","Cursed Key","Vajra","Orichalcum"],"acts_visited":["Exordium","TheCity","TheBeyond"],"potions_floor_usage":[],"damage_taken":[{"damage":20.0,"enemies":"Small Slimes","floor":1.0,"turns":5.0},{"damage":9.0,"enemies":"Jaw Worm","floor":2.0,"turns":3.0},{"damage":7.0,"enemies":"2 Louse","floor":4.0,"turns":2.0},{"damage":19.0,"enemies":"Blue Slaver","floor":5.0,"turns":4.0},{"damage":15.0,"enemies":"3 Sentries","floor":7.0,"turns":5.0},{"damage":7.0,"enemies":"Lots of Slimes","floor":8.0,"turns":3.0},{"damage":5.0,"enemies":"Gremlin Gang","floor":10.0,"turns":3.0},{"damage":3.0,"enemies":"Blue Slaver","floor":11.0,"turns":3.0},{"damage":0.0,"enemies":"3 Louse","floor":14.0,"turns":2.0},{"damage":60.0,"enemies":"Hexaghost","floor":16.0,"turns":12.0},{"damage":0.0,"enemies":"2 Thieves","floor":18.0,"turns":1.0},{"damage":0.0,"enemies":"3 Byrds","floor":19.0,"turns":4.0},{"damage":0.0,"enemies":"Slavers","floor":24.0,"turns":1.0},{"damage":16.0,"enemies":"Gremlin Leader","floor":27.0,"turns":3.0},{"damage":17.0,"enemies":"Shelled Parasite and Fungi","floor":29.0,"turns":2.0},{"damage":26.0,"enemies":"Book of Stabbing","floor":30.0,"turns":5.0},{"damage":0.0,"enemies":"3 Cultists","floor":31.0,"turns":3.0},{"damage":63.0,"enemies":"Automaton","floor":33.0,"turns":7.0},{"damage":7.0,"enemies":"Orb Walker","floor":35.0,"turns":3.0},{"damage":13.0,"enemies":"3 Shapes","floor":36.0,"turns":5.0},{"damage":12.0,"enemies":"3 Darklings","floor":37.0,"turns":3.0},{"damage":23.0,"enemies":"Maw","floor":39.0,"turns":7.0},{"damage":45.0,"enemies":"Giant Head","floor":40.0,"turns":6.0},{"damage":41.0,"enemies":"Reptomancer","floor":42.0,"turns":4.0},{"damage":16,"enemies":"Jaw Worm Horde","floor":46,"turns":2},{"damage":52,"enemies":"4 Shapes","floor":48,"turns":3}],"seed_played":"4168860670806662359","potions_obtained":[{"floor":5.0,"key":"BlessingOfTheForge"},{"floor":8.0,"key":"DistilledChaos"},{"floor":10.0,"key":"BloodPotion"},{"floor":11.0,"key":"EntropicBrew"},{"floor":19.0,"key":"DuplicationPotion"},{"floor":31.0,"key":"EntropicBrew"},{"floor":33.0,"key":"Fire Potion"},{"floor":37.0,"key":"SmokeBomb"},{"floor":44,"key":"Block Potion"}],"is_trial":false,"path_per_floor":["M","M","?","M","M","R","E","M","T","M","M","R","?","M","R","B",null,"M","M","?","?","$","R","E","R","T","E","?","M","E","M","R","B",null,"M","M","M","?","M","E","R","E","T","?","R","M","$","M"],"character_chosen":"IRONCLAD","items_purchased":["Ghostly Armor","Evolve","Secret Technique"],"campfire_rested":1,"item_purchase_floors":[22,47,47],"current_hp_per_floor":[54,51,69,68,55,55,46,48,48,52,73,73,50,59,59,30,64,73,75,75,75,75,75,75,75,75,68,47,57,58,67,67,31,68,70,66,63,63,67,49,49,35,35,35,59,52,52,0,0],"gold":107,"neow_bonus":"REMOVE_TWO","is_daily":false,"chose_seed":false,"campfire_upgraded":7,"win_rate":0.0,"timestamp":1614139151,"path_taken":["M","M","?","M","M","R","E","M","T","M","M","R","?","M","R","BOSS","M","M","?","?","$","R","E","R","T","E","?","M","E","M","R","BOSS","M","M","M","?","M","E","R","E","T","?","R","?","$","M"],"items_purchased_type":["Card","Card","Card"],"build_version":"2020-12-22","purchased_purges":2,"victory":false,"max_hp_per_floor":[75,75,75,75,75,75,75,75,75,75,75,75,75,75,75,75,75,75,75,75,75,75,75,75,75,75,75,80,80,80,80,80,80,80,80,80,80,80,80,80,80,80,80,80,80,80,80,80,80],"card_choices":[{"not_picked":["Heavy Blade","Dual Wield"],"picked":"Thunderclap","floor":1.0},{"not_picked":["Clash","Rampage"],"picked":"Whirlwind","floor":2.0},{"not_picked":["Disarm","Burning Pact"],"picked":"Battle Trance","floor":4.0},{"not_picked":["Heavy Blade","Twin Strike"],"picked":"Impervious","floor":5.0},{"not_picked":["Armaments","Intimidate"],"picked":"Flex","floor":7.0},{"not_picked":["Rupture","Armaments","True Grit"],"picked":"SKIP","floor":8.0},{"not_picked":["Cleave","Havoc","Anger"],"picked":"SKIP","floor":10.0},{"not_picked":["Hemokinesis","Warcry"],"picked":"Disarm","floor":11.0},{"not_picked":["Headbutt","Armaments"],"picked":"Pummel","floor":14.0},{"not_picked":["Fiend Fire","Brutality"],"picked":"Limit Break","floor":16.0},{"not_picked":["Pummel"],"picked":"SKIP","floor":18.0},{"not_picked":[],"picked":"Spot Weakness","floor":19.0},{"not_picked":["Clothesline"],"picked":"SKIP","floor":24.0},{"not_picked":["Clothesline"],"picked":"SKIP","floor":24.0},{"not_picked":["Whirlwind"],"picked":"SKIP","floor":27.0},{"not_picked":["Clothesline"],"picked":"SKIP","floor":29.0},{"not_picked":["Pommel Strike"],"picked":"SKIP","floor":30.0},{"not_picked":["Body Slam"],"picked":"SKIP","floor":31.0},{"not_picked":[],"picked":"Corruption","floor":33.0},{"not_picked":["Intimidate"],"picked":"SKIP","floor":35.0},{"not_picked":["Rupture"],"picked":"SKIP","floor":36.0},{"not_picked":["Clash+1"],"picked":"SKIP","floor":37.0},{"not_picked":["Infernal Blade"],"picked":"SKIP","floor":39.0},{"not_picked":["Infernal Blade"],"picked":"SKIP","floor":39.0},{"not_picked":[],"picked":"True Grit+1","floor":40.0},{"not_picked":["Havoc+1"],"picked":"SKIP","floor":42.0},{"not_picked":["Sever Soul"],"picked":"SKIP","floor":46}],"player_experience":1022283,"relics_obtained":[{"floor":7.0,"key":"Magic Flower"},{"floor":9.0,"key":"Happy Flower"},{"floor":24.0,"key":"Mummified Hand"},{"floor":26.0,"key":"Meat on the Bone"},{"floor":27.0,"key":"Bronze Scales"},{"floor":30.0,"key":"StrikeDummy"},{"floor":40.0,"key":"Vajra"},{"floor":42.0,"key":"Orichalcum"}],"event_choices":[{"damage_healed":18.0,"max_hp_gain":0.0,"max_hp_loss":0.0,"gold_gain":0.0,"event_name":"The Cleric","player_choice":"Healed","floor":3.0,"gold_loss":35.0,"damage_taken":0.0},{"damage_healed":0.0,"max_hp_gain":0.0,"max_hp_loss":0.0,"gold_gain":0.0,"event_name":"Shining Light","player_choice":"Entered Light","floor":13.0,"gold_loss":0.0,"damage_taken":23.0,"cards_upgraded":["Defend_R","Defend_R"]},{"damage_healed":0.0,"max_hp_gain":0.0,"max_hp_loss":0.0,"gold_gain":0.0,"event_name":"Ghosts","player_choice":"Ignored","floor":20.0,"gold_loss":0.0,"damage_taken":0.0},{"damage_healed":0.0,"max_hp_gain":0.0,"max_hp_loss":0.0,"gold_gain":50.0,"event_name":"Nest","player_choice":"Stole From Cult","floor":21.0,"gold_loss":0.0,"damage_taken":0.0},{"damage_healed":0.0,"max_hp_gain":5.0,"max_hp_loss":0.0,"gold_gain":0.0,"event_name":"Forgotten Altar","player_choice":"Shed Blood","floor":28.0,"gold_loss":0.0,"damage_taken":26.0},{"cards_removed":["Strike_R"],"damage_healed":0.0,"max_hp_gain":0.0,"max_hp_loss":0.0,"gold_gain":0.0,"event_name":"Falling","player_choice":"Removed Attack","floor":38.0,"gold_loss":0.0,"damage_taken":0.0},{"damage_healed":0,"gold_gain":0,"player_choice":"Got Potions","damage_taken":0,"max_hp_gain":0,"max_hp_loss":0,"event_name":"Lab","floor":44,"gold_loss":0}],"is_beta":false,"boss_relics":[{"not_picked":["SacredBark","Tiny House"],"picked":"Busted Crown"},{"not_picked":["Astrolabe","Black Star"],"picked":"Cursed Key"}],"items_purged_floors":[22,47],"is_endless":false,"potions_floor_spawned":[5,8,10,11,19,31,33,37,39],"killed_by":"4 Shapes","ascension_level":20}}