{"host":"sg4rmw8ghwyykzjv","time":1614173100,"event":{"mods":["2.2 Compatiblity","BaseMod","Colored Powertips","Friendly Minions","Highlight Path","Minty Spire (QoL Compilation)","StSLib","The Servant 0.9.4","YoumuÅiç∞ÈÆódöÎÅj"],"gold_per_floor":[219,219,233,246,100,128,128,156,156,156,173,22,22,22,22,123,123,138,151,151,4,15,15,27,27,27,27,126,153,153,187,187,292,292,309,65,80,80,99,99,99],"floor_reached":40,"language":"ENG","playtime":1930,"items_purged":["Defend_B"],"score":688,"play_id":"bbf50f51-59e6-49d2-885e-0afe9426578f","local_time":"20210224222500","is_ascension_mode":true,"campfire_choices":[{"floor":7,"key":"REST"},{"floor":10,"key":"REST"},{"data":"Beam Cell","floor":13,"key":"SMITH"},{"floor":15,"key":"REST"},{"floor":23,"key":"REST"},{"floor":27,"key":"REST"},{"data":"Defragment","floor":30,"key":"SMITH"},{"floor":32,"key":"REST"}],"circlet_count":0,"master_deck":["Strike_B","Strike_B","Strike_B","Strike_B","Defend_B","Defend_B+1","Defend_B","Zap+1","Dualcast","Coolheaded","Coolheaded+1","Loop","Ball Lightning","Coolheaded","Beam Cell+1","Machine Learning","Cold Snap+1","Defragment+1","Core Surge","Cold Snap+1","Self Repair+1","Turbo+1","Coolheaded+1","Decay","FTL"],"relics":["Cracked Core","PreservedInsect","Kunai","War Paint","Mercury Hourglass","Vajra","SacredBark","Letter Opener","Juzu Bracelet","Pear","Black Star","Bottled Flame"],"acts_visited":["Exordium","TheCity","TheBeyond"],"potions_floor_usage":[18,29,33,39,40,40],"damage_taken":[{"damage":8,"enemies":"2 Louse","floor":1,"turns":3},{"damage":1,"enemies":"Cultist","floor":3,"turns":4},{"damage":6,"enemies":"Small Slimes","floor":4,"turns":5},{"damage":26,"enemies":"3 Sentries","floor":6,"turns":6},{"damage":16,"enemies":"Gremlin Nob","floor":8,"turns":3},{"damage":7,"enemies":"Looter","floor":11,"turns":3},{"damage":45,"enemies":"The Guardian","floor":16,"turns":15},{"damage":18,"enemies":"3 Byrds","floor":18,"turns":5},{"damage":6,"enemies":"Shell Parasite","floor":19,"turns":6},{"damage":29,"enemies":"Centurion and Healer","floor":22,"turns":6},{"damage":12,"enemies":"Snecko","floor":24,"turns":4},{"damage":0,"enemies":"Gremlin Leader","floor":29,"turns":3},{"damage":32,"enemies":"Book of Stabbing","floor":31,"turns":5},{"damage":27,"enemies":"Collector","floor":33,"turns":10},{"damage":28,"enemies":"3 Shapes","floor":35,"turns":5},{"damage":31,"enemies":"Orb Walker","floor":37,"turns":3},{"damage":29,"enemies":"Jaw Worm Horde","floor":39,"turns":7},{"damage":18,"enemies":"Giant Head","floor":40,"turns":6}],"seed_played":"-3944204598799834039","potions_obtained":[{"floor":4,"key":"DistilledChaos"},{"floor":6,"key":"Dexterity Potion"},{"floor":8,"key":"Weak Potion"},{"floor":19,"key":"DistilledChaos"},{"floor":29,"key":"Block Potion"},{"floor":39,"key":"Strength Potion"}],"is_trial":false,"path_per_floor":["M","?","M","M","$","E","R","E","T","R","M","$","R","$","R","B",null,"M","M","?","$","M","R","M","$","T","R","?","E","R","E","R","B",null,"M","$","M","?","M","E"],"character_chosen":"DEFECT","items_purchased":["PreservedInsect","Vajra","Defragment","Bottled Flame"],"campfire_rested":6,"item_purchase_floors":[5,12,21,36],"current_hp_per_floor":[60,60,59,53,53,27,49,33,33,55,48,48,48,48,70,25,63,45,39,39,39,10,32,20,20,20,42,42,42,42,20,45,28,71,53,53,32,32,13,0,0],"gold":99,"neow_bonus":"HUNDRED_GOLD","is_daily":false,"chose_seed":false,"campfire_upgraded":2,"win_rate":0.0,"timestamp":1614173100,"path_taken":["M","?","M","M","$","E","R","E","T","R","?","$","R","$","R","BOSS","M","M","?","$","M","R","M","$","T","R","?","E","R","E","R","BOSS","M","$","M","?","M","E"],"items_purchased_type":["Relic","Relic","Card","Relic"],"build_version":"2020-12-22","purchased_purges":1,"victory":false,"max_hp_per_floor":[75,75,75,75,75,75,75,75,75,75,75,75,75,75,75,75,75,75,75,75,75,75,75,75,75,75,75,75,75,75,85,85,85,85,85,85,85,85,85,85,85],"card_choices":[{"not_picked":["Hologram","Capacitor"],"picked":"Coolheaded","floor":1},{"not_picked":["Stack","Heatsinks"],"picked":"Coolheaded","floor":3},{"not_picked":["Chaos","Ball Lightning"],"picked":"Loop","floor":4},{"not_picked":["Fusion","Conserve Battery"],"picked":"Ball Lightning","floor":6},{"not_picked":["Rebound","Creative AI"],"picked":"Coolheaded","floor":8},{"not_picked":["Leap","Undo"],"picked":"Beam Cell","floor":11},{"not_picked":["Thunder Strike","Buffer"],"picked":"Machine Learning","floor":16},{"not_picked":["Streamline","Skim"],"picked":"Cold Snap+1","floor":18},{"not_picked":["Darkness","Hologram","Barrage"],"picked":"SKIP","floor":19},{"not_picked":["Chaos","Genetic Algorithm"],"picked":"Core Surge","floor":22},{"not_picked":["Redo","Sweeping Beam+1"],"picked":"Cold Snap+1","floor":24},{"not_picked":["Undo","Gash","Streamline"],"picked":"SKIP","floor":29},{"not_picked":["Leap","Hologram"],"picked":"Self Repair+1","floor":31},{"not_picked":["Doom and Gloom+1","Double Energy"],"picked":"Turbo+1","floor":35},{"not_picked":["Gash","Conserve Battery"],"picked":"Coolheaded+1","floor":37},{"not_picked":["Rebound+1","Redo"],"picked":"FTL","floor":39}],"player_experience":441729,"relics_obtained":[{"floor":6,"key":"Kunai"},{"floor":8,"key":"War Paint"},{"floor":9,"key":"Mercury Hourglass"},{"floor":26,"key":"Letter Opener"},{"floor":29,"key":"Juzu Bracelet"},{"floor":31,"key":"Pear"}],"event_choices":[{"damage_healed":0,"gold_gain":0,"player_choice":"Upgraded","damage_taken":0,"max_hp_gain":0,"max_hp_loss":0,"event_name":"Upgrade Shrine","floor":2,"gold_loss":0,"cards_upgraded":["Zap"]},{"damage_healed":0,"gold_gain":0,"player_choice":"Ignored","damage_taken":0,"max_hp_gain":0,"max_hp_loss":0,"event_name":"The Mausoleum","floor":20,"gold_loss":0},{"damage_healed":0,"gold_gain":99,"player_choice":"Stole From Cult","damage_taken":0,"max_hp_gain":0,"max_hp_loss":0,"event_name":"Nest","floor":28,"gold_loss":0},{"damage_healed":0,"gold_gain":0,"player_choice":"Cursed","damage_taken":0,"max_hp_gain":0,"max_hp_loss":0,"event_name":"Wheel of Change","floor":38,"gold_loss":0,"cards_obtained":["Decay"]}],"is_beta":false,"boss_relics":[{"not_picked":["Calling Bell","Velvet Choker"],"picked":"SacredBark"},{"not_picked":["Snecko Eye","Pandora\u0027s Box"],"picked":"Black Star"}],"items_purged_floors":[21],"is_endless":false,"potions_floor_spawned":[4,6,8,19,29,31,39],"killed_by":"Giant Head","ascension_level":9}}