{"host":"irwdypew7j0recua","time":1614208673,"event":{"mods":["AchievementEnabler","BaseMod","Better Third Choice","Better Vampires","BetterRewards","Conspire","Custom Start","Downfall","Googly Eyes","Hermit","Infinite Spire","KomeijiMod","Marisa????????","Minty Spire (QoL Compilation)","Quick Restart","Rare Cards Sparkle","Reworked Bosses","Shop Mod","Spicy Shops","StSLib","The Construct","The Cursed","The Necromancer","WarShipGirlsR/????R mod"],"gold_per_floor":[120,120,420,129,154,154,191,191,191,209,236,277,0,24,24,137,137,147,147,167,198,226,226,271,299,346,346,386,410,433,433,433,550,550,567,609,632,662,685,737,1037,1061,1061,1096,1126,467,202,202,202,320,320,311,311],"floor_reached":52,"language":"ENG","playtime":3052,"items_purged":["hermit:Covet","hermit:Manifest","hermit:Magnum"],"score":971,"play_id":"cec41539-91ed-4071-87dc-07b177deede2","local_time":"20210224201753","is_ascension_mode":false,"campfire_choices":[{"data":"Apotheosis","floor":6.0,"key":"SMITH"},{"data":"After Image","floor":8.0,"key":"SMITH"},{"data":"hermit:EyeOfTheStorm","floor":15.0,"key":"SMITH"},{"data":"Adrenaline","floor":23.0,"key":"SMITH"},{"floor":27.0,"key":"REST"},{"data":"Barricade","floor":32.0,"key":"SMITH"},{"data":"construct:Bunker","floor":49.0,"key":"PURGE"}],"circlet_count":0,"master_deck":["hermit:Roulette+1","hermit:GoldenBullet+1","hermit:LoneWolf","hermit:GhostlyPresence","hermit:Scavenge","hermit:Gestalt+1","hermit:FromBeyond","hermit:Dissolve","hermit:BigShot","hermit:Reprieve","hermit:TakeAim","hermit:Combo","infinitespire:Collect","infinitespire:FutureSight","Madness","Madness","Apotheosis+1","Adrenaline+1","Adrenaline+1","After Image+1","Barricade+1","CurseOfTheBell","hermit:GhostlyPresence","hermit:EyeOfTheStorm+1","hermit:Scavenge","hermit:Determination","hermit:Headshot","hermit:Deadeye","hermit:Coalescence","hermit:Adapt+1","CurseOfTheBell","infinitespire:Starlight","hermit:RoundhouseKick"],"relics":["hermit:Momento","Ice Cream","Whetstone","Runic Pyramid","hermit:Momento","Lantern","Black Star","Membership Card","Calling Bell","bronze:BronzeIdol","Shuriken","Turnip","Old Coin","infinitespire:Satchel","bronze:DonusWashers","OrangePellets","Akabeko","Torii","Oddly Smooth Stone","Tiny Chest","War Paint","infinitespire:Midas Blood","Letter Opener","infinitespire:Joker Card","Bag of Preparation","Strange Spoon","Frozen Egg 2","bronze:MakeshiftBattery","Blood Vial","Singing Bowl","Potion Belt","sneckomod:BlankCard","MutagenicStrength","Calling Bell","Juzu Bracelet","infinitespire:CheckeredPen","Peace Pipe","hexamod:CandleOfCauterizing","Nunchaku","Orichalcum","infinitespire:Lucky Rock","infinitespire:Magic Flask","hermit:Spyglass","Centennial Puzzle","Darkstone Periapt","Anchor","PrismaticShard","Guardian:BottledAnomaly","Blue Candle","hermit:Horseshoe","infinitespire:Bottled Soul","Strawberry","construct:WeddingRing"],"acts_visited":["Exordium","TheCity","TheBeyond","Exordium"],"potions_floor_usage":[],"damage_taken":[{"damage":2.0,"enemies":"conspire:RoseBush","floor":1.0,"turns":2.0},{"damage":0.0,"enemies":"Small Slimes","floor":5.0,"turns":1.0},{"damage":15.0,"enemies":"Lagavulin","floor":7.0,"turns":6.0},{"damage":0.0,"enemies":"Cultist","floor":10.0,"turns":3.0},{"damage":0.0,"enemies":"Blue Slaver","floor":11.0,"turns":4.0},{"damage":2.0,"enemies":"3 Sentries","floor":12.0,"turns":4.0},{"damage":10.0,"enemies":"Exordium Thugs","floor":14.0,"turns":3.0},{"damage":0.0,"enemies":"Hexaghost","floor":16.0,"turns":5.0},{"damage":0.0,"enemies":"Spheric Guardian","floor":18.0,"turns":1.0},{"damage":0.0,"enemies":"Shell Parasite","floor":20.0,"turns":1.0},{"damage":1.0,"enemies":"conspire:HollyBat","floor":21.0,"turns":7.0},{"damage":13.0,"enemies":"Snake Plant","floor":22.0,"turns":3.0},{"damage":7.0,"enemies":"3 Cultists","floor":24.0,"turns":6.0},{"damage":8.0,"enemies":"Shelled Parasite and Fungi","floor":25.0,"turns":3.0},{"damage":0.0,"enemies":"Nightmare","floor":28.0,"turns":6.0},{"damage":0.0,"enemies":"Centurion and Healer","floor":29.0,"turns":3.0},{"damage":2.0,"enemies":"Automaton","floor":33.0,"turns":6.0},{"damage":0.0,"enemies":"3 Darklings","floor":35.0,"turns":4.0},{"damage":0.0,"enemies":"conspire:MimicChest","floor":36.0,"turns":5.0},{"damage":2.0,"enemies":"3 Shapes","floor":37.0,"turns":2.0},{"damage":1.0,"enemies":"Spire Growth","floor":38.0,"turns":4.0},{"damage":0.0,"enemies":"Jaw Worm Horde","floor":39.0,"turns":2.0},{"damage":19.0,"enemies":"Nightmare","floor":40.0,"turns":7.0},{"damage":0.0,"enemies":"Giant Head","floor":44.0,"turns":3.0},{"damage":0.0,"enemies":"Writhing Mass","floor":45.0,"turns":4.0},{"damage":2.0,"enemies":"bossMod:newAwakened","floor":50.0,"turns":4.0},{"damage":0.0,"enemies":"Small Slimes","floor":52.0,"turns":2.0}],"seed_played":"-5826254464050118583","potions_obtained":[{"floor":1.0,"key":"LiquidBronze"},{"floor":10.0,"key":"Ancient Potion"},{"floor":14.0,"key":"SkillPotion"},{"floor":18.0,"key":"Dexterity Potion"},{"floor":29.0,"key":"SpeedPotion"},{"floor":35.0,"key":"SkillPotion"},{"floor":37.0,"key":"LiquidBronze"}],"is_trial":true,"path_per_floor":["M","?","?","$","M","R","E","R","T","M","M","E","$","M","R","B",null,"M","?","M","M","M","R","M","M","T","R","NM","M","T","?","R","B",null,"M","?","M","M","M","NM","?","T","T","E","M","$","$","?","R","B",null,"M"],"character_chosen":"HERMIT","items_purchased":["infinitespire:Satchel","bronze:DonusWashers","OrangePellets","Akabeko","Torii","infinitespire:Joker Card","Bag of Preparation","Strange Spoon","Frozen Egg 2","Darkstone Periapt","Anchor","PrismaticShard","Guardian:BottledAnomaly","Blue Candle","hermit:Horseshoe","infinitespire:Bottled Soul","Strawberry"],"campfire_rested":1,"item_purchase_floors":[4,4,4,4,4,13,13,13,13,46,46,46,46,46,46,47,47],"current_hp_per_floor":[73,73,73,73,73,73,58,58,58,58,66,72,72,65,65,75,75,75,75,75,74,62,62,55,47,47,69,73,79,79,79,79,77,79,81,81,81,84,87,70,70,70,70,74,93,93,100,100,100,99,100,100,100],"gold":311,"neow_bonus":"","is_daily":false,"chose_seed":false,"campfire_upgraded":5,"win_rate":0.0,"timestamp":1614208673,"path_taken":["M","?","?","$","M","R","E","R","T","M","?","E","$","M","R","BOSS","M","?","M","M","M","R","M","?","T","R","NM","M","?","?","R","BOSS","M","?","M","M","M","NM","?","?","T","E","M","?","$","?","R","BOSS","M"],"items_purchased_type":["Relic","Relic","Relic","Relic","Relic","Relic","Relic","Relic","Relic","Relic","Relic","Relic","Relic","Relic","Relic","Relic","Relic"],"build_version":"2020-12-22","purchased_purges":3,"victory":false,"max_hp_per_floor":[75,75,75,75,75,75,75,75,75,75,75,75,75,75,75,75,75,75,75,75,75,75,75,75,75,75,75,77,79,79,79,79,79,79,81,81,83,85,87,89,89,89,89,91,93,93,100,100,100,100,100,100,100],"card_choices":[{"not_picked":["hermit:Scavenge","hermit:NoHoldsBarred"],"picked":"hermit:GhostlyPresence","floor":1.0},{"not_picked":["hermit:LowProfile","hermit:Roulette"],"picked":"hermit:EyeOfTheStorm","floor":5.0},{"not_picked":["hermit:TrackingShot","hermit:LowProfile"],"picked":"hermit:Scavenge","floor":7.0},{"not_picked":["hermit:Misfire","hermit:GoldenBullet","hermit:Feint"],"picked":"SKIP","floor":10.0},{"not_picked":["hermit:Quickdraw","hermit:TrackingShot"],"picked":"hermit:HighCaliber","floor":11.0},{"not_picked":["hermit:ItchyTrigger","hermit:OverwhelmingPower"],"picked":"hermit:Determination","floor":12.0},{"not_picked":["hermit:Misfire","hermit:CursedWeapon","hermit:Desperado"],"picked":"SKIP","floor":14.0},{"not_picked":["hermit:Dissolve","hermit:BlackWind"],"picked":"hermit:Magnum","floor":16.0},{"not_picked":["hermit:Maintenance","hermit:Malice"],"picked":"hermit:Headshot","floor":18.0},{"not_picked":["hermit:Shortfuse+1","hermit:PistolWhip+1"],"picked":"hermit:Deadeye","floor":20.0},{"not_picked":["hermit:Grudge","hermit:HoleUp","hermit:Vantage+1"],"picked":"SKIP","floor":21.0},{"not_picked":["hermit:HighCaliber","hermit:BodyArmor","hermit:Quickdraw"],"picked":"SKIP","floor":22.0},{"not_picked":["hermit:Deadeye","hermit:Vantage"],"picked":"hermit:Coalescence","floor":24.0},{"not_picked":["hermit:WideOpen+1","hermit:Glare","hermit:OverwhelmingPower+1"],"picked":"SKIP","floor":25.0},{"not_picked":["hermit:Feint","hermit:WideOpen","hermit:Determination+1"],"picked":"Singing Bowl","floor":28.0},{"not_picked":["hermit:CalledShot","hermit:Dive","hermit:DeadMansHand+1"],"picked":"Singing Bowl","floor":29.0},{"not_picked":["hermit:HeroicBravado","hermit:FromBeyond"],"picked":"hermit:Adapt+1","floor":33.0},{"not_picked":["hermit:GhostlyPresence+1","hermit:BodyArmor","hermit:Ricochet"],"picked":"Singing Bowl","floor":35.0},{"not_picked":["hermit:ItchyTrigger+1","hermit:TrackingShot+1"],"picked":"hermit:Manifest","floor":36.0},{"not_picked":["hermit:TakeAim+1","hermit:Gestalt","hermit:TrackingShot+1"],"picked":"Singing Bowl","floor":37.0},{"not_picked":["hermit:Coalescence+1","hermit:LuckOfTheDraw","hermit:Malice"],"picked":"Singing Bowl","floor":38.0},{"not_picked":["hermit:Showdown","hermit:Misfire+1","hermit:BigShot+1"],"picked":"Singing Bowl","floor":39.0},{"not_picked":["infinitespire:FinalStrike","infinitespire:NeuralNetwork"],"picked":"infinitespire:Starlight","floor":40.0},{"not_picked":["hermit:Dive+1","hermit:Feint+1","hermit:Manifest"],"picked":"Singing Bowl","floor":40.0},{"not_picked":["hermit:Reprieve","hermit:Shortfuse+1","hermit:BodyArmor+1"],"picked":"Singing Bowl","floor":44.0},{"not_picked":["hermit:BigShot+1","hermit:NoHoldsBarred","hermit:SprayPray+1"],"picked":"Singing Bowl","floor":45.0},{"not_picked":["hexamod:GiftsFromTheDead+1","champ:HeavySlash"],"picked":"hermit:RoundhouseKick","floor":50.0}],"player_experience":188702,"relics_obtained":[{"floor":0.0,"key":"bronze:BronzeIdol"},{"floor":0.0,"key":"Shuriken"},{"floor":0.0,"key":"Turnip"},{"floor":7.0,"key":"Oddly Smooth Stone"},{"floor":7.0,"key":"Tiny Chest"},{"floor":9.0,"key":"War Paint"},{"floor":12.0,"key":"infinitespire:Midas Blood"},{"floor":12.0,"key":"Letter Opener"},{"floor":26.0,"key":"Blood Vial"},{"floor":28.0,"key":"Singing Bowl"},{"floor":28.0,"key":"Potion Belt"},{"floor":30.0,"key":"sneckomod:BlankCard"},{"floor":34.0,"key":"Juzu Bracelet"},{"floor":34.0,"key":"infinitespire:CheckeredPen"},{"floor":34.0,"key":"Peace Pipe"},{"floor":36.0,"key":"hexamod:CandleOfCauterizing"},{"floor":40.0,"key":"Nunchaku"},{"floor":40.0,"key":"Orichalcum"},{"floor":42.0,"key":"infinitespire:Lucky Rock"},{"floor":43.0,"key":"infinitespire:Magic Flask"},{"floor":44.0,"key":"hermit:Spyglass"},{"floor":44.0,"key":"Centennial Puzzle"}],"event_choices":[{"damage_healed":0.0,"max_hp_gain":0.0,"max_hp_loss":0.0,"gold_gain":0.0,"event_name":"WeMeetAgain","player_choice":"Gave Potion","floor":3.0,"gold_loss":0.0,"damage_taken":0.0,"relics_obtained":["Old Coin"]},{"damage_healed":0.0,"max_hp_gain":0.0,"max_hp_loss":0.0,"gold_gain":0.0,"event_name":"The Woman in Blue","player_choice":"Bought 0 Potions","floor":19.0,"gold_loss":0.0,"damage_taken":0.0},{"damage_healed":0.0,"max_hp_gain":0.0,"max_hp_loss":0.0,"gold_gain":0.0,"event_name":"Drug Dealer","player_choice":"Inject Mutagens","floor":31.0,"gold_loss":0.0,"damage_taken":0.0,"relics_obtained":["MutagenicStrength"]},{"damage_healed":0.0,"max_hp_gain":0.0,"max_hp_loss":0.0,"gold_gain":300.0,"event_name":"Wheel of Change","player_choice":"Gold","floor":41.0,"gold_loss":0.0,"damage_taken":0.0},{"cards_removed":["hermit:HighCaliber"],"damage_healed":0.0,"max_hp_gain":0.0,"max_hp_loss":0.0,"gold_gain":0.0,"event_name":"Falling","player_choice":"Removed Attack","floor":48.0,"gold_loss":0.0,"damage_taken":0.0}],"is_beta":false,"boss_relics":[{"not_picked":["Snecko Eye","conspire:SlowCooker"],"picked":"bronze:MakeshiftBattery"},{"not_picked":["Astrolabe","Cursed Key"],"picked":"Calling Bell"},{"not_picked":["sneckomod:SneckoTalon","SacredBark"],"picked":"construct:WeddingRing"}],"items_purged_floors":[4,46,47],"is_endless":true,"potions_floor_spawned":[1,10,14,18,20,25,29,35,37,40,44,52],"killed_by":"Small Slimes","ascension_level":0}}