{"host":"3twtdwjpiqhvvn5s","time":1614129255,"event":{"mods":["AchievementEnabler","Act Like it!","Aspiration","BaseMod","BetterRewards","Colored Map","Colored Powertips","Downfall","Duelist Mod","Friendly Minions","GifTheSpireLib","Hermit","Hubris","Infinite Spire","Jorbs\u0027s Wanderer Trilogy","Koishi","KomeijiMod","Marisa????????","Minty Spire (QoL Compilation)","Quick Restart","Rare Cards Sparkle","Replay The Spire","Shop Mod","StSLib","Td1madao Mod","The Administrix","The Animator","The Bug Knight","The Caster","The Cursed","The Disciple","The Hierophant","The Necromancer","The Poker Player","The Runesmith","The Servant 0.9.4"],"gold_per_floor":[135,152,190,205,205,237,237,237,263,263,263],"floor_reached":10,"language":"ENG","playtime":1439,"items_purged":[],"score":68,"play_id":"98f09d84-0240-4d8e-82af-fb25b959aac0","local_time":"20210223191415","daily_mods":["Allstar","Lethality"],"is_ascension_mode":false,"campfire_choices":[{"floor":7,"key":"REST"}],"circlet_count":0,"master_deck":["Koishi:BasicStrike","Koishi:BasicStrike","Koishi:BasicStrike","Koishi:BasicStrike","Koishi:BasicDefend","Koishi:BasicDefend","Koishi:BasicDefend+1","Koishi:BasicDefend","Koishi:Provoke","Koishi:HauntingSlash","hubris:EnhanceAbility","hubris:Insight","Poisoned Strike","HandOfGreed","Jack Of All Trades","Koishi:DNAsFlaw+1","Koishi:YoukaiPolygraph"],"relics":["Unceasing Top","Calipers","Molten Egg 2","bronze:BronzeIdol"],"acts_visited":["Exordium"],"potions_floor_usage":[4],"damage_taken":[{"damage":14,"enemies":"Jaw Worm","floor":1,"turns":2},{"damage":0,"enemies":"Cultist","floor":2,"turns":2},{"damage":0,"enemies":"Small Slimes","floor":3,"turns":2},{"damage":15,"enemies":"Blue Slaver","floor":4,"turns":2},{"damage":15,"enemies":"Gremlin Nob","floor":6,"turns":4},{"damage":28,"enemies":"3 Sentries","floor":10,"turns":2}],"seed_played":"-6897051651870582751","potions_obtained":[{"floor":2,"key":"FearPotion"},{"floor":3,"key":"Strength Potion"}],"is_trial":true,"path_per_floor":["M","M","M","M","?","E","R","?","T","E"],"character_chosen":"KOISHI","items_purchased":[],"campfire_rested":1,"item_purchase_floors":[],"current_hp_per_floor":[47,48,48,34,22,8,26,26,26,0,0],"gold":263,"neow_bonus":"","is_daily":false,"chose_seed":false,"campfire_upgraded":0,"win_rate":0.0,"timestamp":1614129255,"path_taken":["M","M","M","M","?","E","R","?","T","E"],"items_purchased_type":[],"build_version":"2020-12-22","purchased_purges":0,"victory":false,"max_hp_per_floor":[60,60,60,60,60,60,60,60,60,60,60],"card_choices":[{"not_picked":["Koishi:ApparitionsStalkTheNight","Koishi:UnconsciousUprising","Koishi:Prune"],"picked":"SKIP","floor":1},{"not_picked":["Koishi:UnconsciousUprising","Koishi:Catatonia","Koishi:PhantomBarrier"],"picked":"SKIP","floor":2},{"not_picked":["Koishi:UnconsciousUprising","Koishi:Untouchable"],"picked":"Koishi:DNAsFlaw","floor":3},{"not_picked":["Koishi:RacingHeart","Koishi:ReflexRadar"],"picked":"Koishi:YoukaiPolygraph","floor":4},{"not_picked":["Koishi:StingingMind","Koishi:SubterraneanRose","Koishi:UnconsciousUprising"],"picked":"SKIP","floor":6}],"player_experience":3432713,"relics_obtained":[{"floor":6,"key":"Calipers"},{"floor":9,"key":"bronze:BronzeIdol"}],"event_choices":[{"damage_healed":0,"gold_gain":0,"player_choice":"Entered Light","damage_taken":12,"max_hp_gain":0,"max_hp_loss":0,"event_name":"Shining Light","floor":5,"gold_loss":0,"cards_upgraded":["Koishi:DNAsFlaw","Koishi:BasicDefend"]},{"damage_healed":0,"gold_gain":0,"player_choice":"Gave Potion","damage_taken":0,"relics_obtained":["Molten Egg 2"],"max_hp_gain":0,"max_hp_loss":0,"event_name":"WeMeetAgain","floor":8,"gold_loss":0}],"is_beta":false,"boss_relics":[],"items_purged_floors":[],"is_endless":false,"potions_floor_spawned":[2,3],"killed_by":"3 Sentries","ascension_level":0}}