{"host":"jgl9m63d23sfproq","time":1614142840,"event":{"mods":["Act Like it!","Aspiration","Bard","BaseMod","Bossed Relics","Colored Map","Conspire","Dark Map","DeckTracker","Downfall","Friendly Minions","Gensokyo","Jedi Mod","Marisa¡]Ãú«B¡@Å]²z¨F¡^","Minty Spire (QoL Compilation)","Reliquary","Replay The Spire","Shop Mod","Smile Girya","StSLib","The Blackbeard","The Construct","The Jungle","The Mystic","The Runesmith","The Servant 0.9.4","Wide Potions","Yuyuko"],"gold_per_floor":[112,112,112,132,82,82,58,89,171,201,201,215,249,269,269,370,370,388,388,388,405,405,405],"floor_reached":22,"language":"ZHS","playtime":948,"items_purged":[],"score":217,"play_id":"257a2f80-852d-435c-b962-10ae5ace2848","local_time":"20210224130040","is_ascension_mode":false,"campfire_choices":[{"data":"ReplayTheSpireMod:Scrap Shanks","floor":6,"key":"SMITH"},{"floor":15,"key":"REST"}],"circlet_count":0,"master_deck":["Strike_G","Strike_G","Strike_G","Strike_G","Defend_G","Defend_G","Defend_G","Defend_G","Defend_G","Survivor","Neutralize","ReplayTheSpireMod:Scrap Shanks+1","Acrobatics","Blade Dance","Prepared","ReplayTheSpireMod:Shiv Toss","Endless Agony","jedi:collectorvenom","A Thousand Cuts","Accuracy","Infinite Blades"],"relics":["Ring of the Snake","NeowsBlessing","Prayer Wheel","jedi:bottledfury","Black Star"],"acts_visited":["Exordium","TheCity"],"potions_floor_usage":[13],"damage_taken":[{"damage":0,"enemies":"Small Slimes","floor":1,"turns":1},{"damage":0,"enemies":"2 Louse","floor":4,"turns":1},{"damage":0,"enemies":"Lagavulin","floor":8,"turns":1},{"damage":4,"enemies":"Jaw Worm","floor":12,"turns":4},{"damage":17,"enemies":"Gremlin Nob","floor":13,"turns":5},{"damage":9,"enemies":"Blue Slaver","floor":14,"turns":4},{"damage":39,"enemies":"Hexaghost","floor":16,"turns":9},{"damage":26,"enemies":"Spheric Guardian","floor":18,"turns":6},{"damage":19,"enemies":"2 Thieves","floor":21,"turns":4},{"damage":31,"enemies":"Centurion and Healer","floor":22,"turns":5}],"seed_played":"8515689787468593064","potions_obtained":[{"floor":4,"key":"Dexterity Potion"},{"floor":8,"key":"Block Potion"},{"floor":14,"key":"Elixir"}],"is_trial":false,"path_per_floor":["M","?","?","M","?","R","$","E","T","?","?","M","E","M","R","B",null,"M","?","?","M","M"],"character_chosen":"THE_SILENT","items_purchased":["Blade Dance"],"campfire_rested":1,"item_purchase_floors":[7],"current_hp_per_floor":[70,75,75,75,75,75,75,75,75,75,75,71,54,45,67,28,75,49,49,49,30,0,0],"gold":405,"neow_bonus":"THREE_ENEMY_KILL","is_daily":false,"chose_seed":false,"campfire_upgraded":1,"win_rate":0.0,"timestamp":1614142840,"path_taken":["M","?","?","?","?","R","$","E","T","?","?","M","E","M","R","BOSS","M","?","?","M","M"],"items_purchased_type":["Card"],"build_version":"2020-12-22","purchased_purges":0,"victory":false,"max_hp_per_floor":[70,75,75,75,75,75,75,75,75,75,75,75,75,75,75,75,75,75,75,75,75,75,75],"card_choices":[{"not_picked":["Quick Slash","Endless Agony"],"picked":"ReplayTheSpireMod:Scrap Shanks","floor":1},{"not_picked":["Sucker Punch","Bane"],"picked":"Acrobatics","floor":4},{"not_picked":["Cloak And Dagger","Underhanded Strike"],"picked":"Prepared","floor":8},{"not_picked":["Draining Mist","Deadly Poison"],"picked":"ReplayTheSpireMod:Shiv Toss","floor":12},{"not_picked":["Flying Knee","Quick Slash","Backflip"],"picked":"SKIP","floor":12},{"not_picked":["Flechettes","Acrobatics","Masterful Stab"],"picked":"SKIP","floor":13},{"not_picked":["Setup","Malaise"],"picked":"Endless Agony","floor":14},{"not_picked":["Quick Slash","Slice"],"picked":"jedi:collectorvenom","floor":14},{"not_picked":["jedi:collectorvenom","Unload"],"picked":"A Thousand Cuts","floor":16},{"not_picked":["PiercingWail","Terror"],"picked":"jedi:collectorvenom","floor":18},{"not_picked":["Backflip","jedi:collectorvenom"],"picked":"Accuracy","floor":18},{"not_picked":["PiercingWail","Flying Knee+1"],"picked":"jedi:collectorvenom","floor":21},{"not_picked":["Calculated Gamble","Acrobatics"],"picked":"Infinite Blades","floor":21}],"player_experience":63898,"relics_obtained":[{"floor":8,"key":"Prayer Wheel"},{"floor":13,"key":"jedi:bottledfury"}],"event_choices":[{"damage_healed":0,"gold_gain":0,"player_choice":"Donut","damage_taken":0,"max_hp_gain":5,"max_hp_loss":0,"event_name":"Big Fish","floor":2,"gold_loss":0},{"damage_healed":0,"gold_gain":0,"player_choice":"Disagree","damage_taken":0,"max_hp_gain":0,"max_hp_loss":0,"event_name":"conspire:LoneGhost","floor":3,"gold_loss":0},{"cards_removed":["Strike_G"],"damage_healed":0,"gold_gain":0,"player_choice":"Card Removal","damage_taken":0,"max_hp_gain":0,"max_hp_loss":0,"event_name":"The Cleric","floor":5,"gold_loss":50},{"damage_healed":0,"gold_gain":30,"player_choice":"Searched \u00272\u0027 times","damage_taken":0,"max_hp_gain":0,"max_hp_loss":0,"event_name":"Dead Adventurer","floor":10,"gold_loss":0},{"damage_healed":0,"gold_gain":0,"player_choice":"Leave","damage_taken":0,"max_hp_gain":0,"max_hp_loss":0,"event_name":"conspire:Investor","floor":19,"gold_loss":0}],"is_beta":false,"boss_relics":[{"not_picked":["Ring of Chaos","Velvet Choker"],"picked":"Black Star"}],"items_purged_floors":[],"is_endless":false,"potions_floor_spawned":[4,8,14],"killed_by":"Centurion and Healer","ascension_level":0}}