{"host":"nx6k9gttpbkpebht","time":1614163235,"event":{"mods":["BaseMod","Colored Map","Colored Powertips","DeckTracker","Downfall","Googly Eyes","Minty Spire (QoL Compilation)","StSLib"],"gold_per_floor":[119,119,136,61,75,106,106,106,129,129,54,65,65,85,85,180,180,194,194,194,213,231,231,249,249,276,294,32,32,32],"floor_reached":29,"language":"ENG","playtime":1257,"items_purged":["Strike_B"],"score":225,"play_id":"2e76217f-9c7f-467f-8a49-a35087e76551","local_time":"20210224114035","is_ascension_mode":false,"campfire_choices":[{"floor":7,"key":"REST"},{"data":"Static Discharge","floor":10,"key":"SMITH"},{"floor":15,"key":"REST"},{"floor":23,"key":"REST"},{"floor":25,"key":"REST"}],"circlet_count":0,"master_deck":["Defend_B","Defend_B","Defend_B","Defend_B","Zap","Dualcast","Ball Lightning","Redo","Capacitor","Ball Lightning","Static Discharge+1","Redo+1","Capacitor","Fusion"],"relics":["Cracked Core","Bag of Preparation","Bird Faced Urn","Boot","Bottled Lightning","Empty Cage","Pen Nib","Gremlin Horn"],"acts_visited":["Exordium","TheCity"],"potions_floor_usage":[6,12,16,22,27,29],"damage_taken":[{"damage":0,"enemies":"2 Louse","floor":1,"turns":2},{"damage":3,"enemies":"Small Slimes","floor":3,"turns":3},{"damage":1,"enemies":"Jaw Worm","floor":5,"turns":3},{"damage":30,"enemies":"3 Sentries","floor":6,"turns":5},{"damage":16,"enemies":"Exordium Wildlife","floor":12,"turns":5},{"damage":5,"enemies":"Looter","floor":14,"turns":3},{"damage":10,"enemies":"Slime Boss","floor":16,"turns":7},{"damage":13,"enemies":"3 Byrds","floor":18,"turns":3},{"damage":14,"enemies":"Shell Parasite","floor":21,"turns":4},{"damage":32,"enemies":"Snake Plant","floor":22,"turns":4},{"damage":26,"enemies":"Sentry and Sphere","floor":24,"turns":4},{"damage":40,"enemies":"Centurion and Healer","floor":27,"turns":6},{"damage":26,"enemies":"Snake Plant","floor":29,"turns":3}],"seed_played":"-5304771719935637221","potions_obtained":[{"floor":3,"key":"PowerPotion"},{"floor":5,"key":"Weak Potion"},{"floor":12,"key":"sneckomod:MuddlingPotion"},{"floor":16,"key":"AttackPotion"},{"floor":21,"key":"DuplicationPotion"},{"floor":27,"key":"LiquidMemories"}],"is_trial":false,"path_per_floor":["M","?","M","$","M","E","R","?","T","R","$","M","T","M","R","B",null,"M","?","?","M","M","R","M","R","T","M","$","M"],"character_chosen":"DEFECT","items_purchased":["Capacitor","Gremlin Horn"],"campfire_rested":4,"item_purchase_floors":[4,28],"current_hp_per_floor":[75,68,65,65,64,34,56,49,49,49,49,37,37,34,56,50,75,62,62,62,52,28,50,30,52,52,18,18,0,0],"gold":32,"neow_bonus":"TRANSFORM_CARD","is_daily":false,"chose_seed":false,"campfire_upgraded":1,"win_rate":0.0,"timestamp":1614163235,"path_taken":["M","?","M","$","M","E","R","?","T","R","$","M","?","M","R","BOSS","M","?","?","M","?","R","?","R","T","M","?","M"],"items_purchased_type":["Card","Relic"],"build_version":"2020-12-22","purchased_purges":1,"victory":false,"max_hp_per_floor":[75,75,75,75,75,75,75,75,75,75,75,75,75,75,75,75,75,75,75,75,75,75,75,75,75,75,75,75,75,75],"card_choices":[{"not_picked":["Rebound","Doom and Gloom"],"picked":"Ball Lightning","floor":1},{"not_picked":["Go for the Eyes","Force Field"],"picked":"Redo","floor":3},{"not_picked":["Streamline","Capacitor"],"picked":"Ball Lightning","floor":5},{"not_picked":["Barrage","Hologram"],"picked":"Static Discharge","floor":6},{"not_picked":["Doom and Gloom","Streamline","Skim"],"picked":"SKIP","floor":12},{"not_picked":["FTL","Steam","Reprogram"],"picked":"SKIP","floor":14},{"not_picked":["Storm","Go for the Eyes"],"picked":"Redo+1","floor":18},{"not_picked":["Steam","BootSequence"],"picked":"Capacitor","floor":21},{"not_picked":["Beam Cell+1","Streamline","Heatsinks"],"picked":"SKIP","floor":22},{"not_picked":["Streamline","Doom and Gloom"],"picked":"Fusion","floor":24},{"not_picked":["Cold Snap","Gash","Skim+1"],"picked":"SKIP","floor":27}],"player_experience":57976,"relics_obtained":[{"floor":6,"key":"Bird Faced Urn"},{"floor":9,"key":"Boot"},{"floor":13,"key":"Bottled Lightning"},{"floor":26,"key":"Pen Nib"}],"event_choices":[{"damage_healed":0,"gold_gain":0,"player_choice":"Success","damage_taken":7,"relics_obtained":["Bag of Preparation"],"max_hp_gain":0,"max_hp_loss":0,"event_name":"Scrap Ooze","floor":2,"gold_loss":0},{"cards_removed":["Strike_B"],"damage_healed":0,"gold_gain":0,"player_choice":"Card Removal","damage_taken":7,"max_hp_gain":0,"max_hp_loss":0,"event_name":"Golden Wing","floor":8,"gold_loss":0},{"damage_healed":0,"gold_gain":0,"player_choice":"Ignored","damage_taken":0,"max_hp_gain":0,"max_hp_loss":0,"event_name":"Cursed Tome","floor":19,"gold_loss":0},{"damage_healed":0,"gold_gain":0,"player_choice":"0 cards matched","damage_taken":0,"max_hp_gain":0,"max_hp_loss":0,"event_name":"Match and Keep!","floor":20,"gold_loss":0,"cards_obtained":[]}],"is_beta":false,"boss_relics":[{"not_picked":["Runic Dome","Snecko Eye"],"picked":"Empty Cage"}],"items_purged_floors":[11],"is_endless":false,"potions_floor_spawned":[3,5,12,16,21,27],"killed_by":"Snake Plant","ascension_level":0}}