{"host":"q6l9o5ad25lrm2yj","time":1614166591,"event":{"mods":["Act Like it!","BaseMod","BetterRewards","Colored Powertips","Gensokyo","Hermit","Minty Spire (QoL Compilation)","Quick Restart","Replay The Spire","StSLib","[IsaacMod]ÒÔÈö¼âËþ"],"gold_per_floor":[115,8,28,28,342,342,352,366,366,366,376,394,157,173,173,268,268,278,278,678,696,696,696],"floor_reached":22,"language":"ZHS","playtime":1802,"items_purged":[],"score":180,"play_id":"4c33fc7f-6e54-441c-bff1-0bf9d005ffa6","local_time":"20210224193630","is_ascension_mode":false,"campfire_choices":[{"floor":6.0,"key":"REST"},{"floor":10.0,"key":"REST"},{"floor":15.0,"key":"DIG"}],"circlet_count":0,"master_deck":["hermit:Strike_Hermit","hermit:Strike_Hermit","hermit:Strike_Hermit","hermit:Strike_Hermit","hermit:Defend_Hermit","hermit:Defend_Hermit","hermit:Defend_Hermit","hermit:Defend_Hermit","hermit:Snapshot","hermit:Covet","PanicButton","hermit:Headshot","hermit:Roulette","hermit:LowProfile","hermit:ShadowCloak","hermit:Glare","hermit:Cheat","hermit:Shortfuse","hermit:CursedWeapon","hermit:TakeCover","hermit:Roughhouse","hermit:Misfire+1","hermit:GoldenBullet"],"relics":["hermit:Momento","HushsDoor","SatanicBible","DeadEye","UnicornStump","Girya","Blood Vial","Question Card","hermit:RyeStalk","HowToJump"],"acts_visited":["Exordium","Gensokyo:Gensokyo"],"potions_floor_usage":[16,16,16],"damage_taken":[{"damage":4.0,"enemies":"Gensokyo:3_Fairies","floor":1.0,"turns":4.0},{"damage":9.0,"enemies":"Gensokyo:Python","floor":3.0,"turns":4.0},{"damage":4.0,"enemies":"Gensokyo:2_Kodama","floor":5.0,"turns":4.0},{"damage":9.0,"enemies":"Gensokyo:VengefulSpirit","floor":7.0,"turns":6.0},{"damage":12.0,"enemies":"Gensokyo:CorruptedTreant","floor":8.0,"turns":6.0},{"damage":0.0,"enemies":"Gensokyo:Kitsune","floor":11.0,"turns":2.0},{"damage":1.0,"enemies":"Gensokyo:2_Rabbits","floor":12.0,"turns":4.0},{"damage":1.0,"enemies":"Gensokyo:5_Fairies","floor":14.0,"turns":6.0},{"damage":18,"enemies":"Gensokyo:Reimu","floor":16,"turns":13},{"damage":26,"enemies":"Gensokyo:Chomper","floor":18,"turns":5},{"damage":37,"enemies":"Gensokyo:3_Dogs","floor":21,"turns":7},{"damage":20,"enemies":"Gensokyo:Swordslinger","floor":22,"turns":2}],"seed_played":"643191351099769880","potions_obtained":[{"floor":5.0,"key":"Block Potion"},{"floor":11.0,"key":"AttackPotion"},{"floor":12.0,"key":"ColorlessPotion"},{"floor":14.0,"key":"Block Potion"},{"floor":16,"key":"Doom Potion"}],"is_trial":false,"path_per_floor":["M","COS","M","T","M","R","M","M","T","R","M","M","$","M","R","B",null,"M","?","?","M","M"],"character_chosen":"HERMIT","items_purchased":["DeadEye","UnicornStump","hermit:RyeStalk","hermit:CursedWeapon"],"campfire_rested":2,"item_purchase_floors":[0,0,13,13],"current_hp_per_floor":[36,36,27,27,25,47,40,30,30,52,54,55,55,56,56,40,75,49,49,49,14,0,0],"gold":696,"neow_bonus":"","is_daily":false,"chose_seed":false,"campfire_upgraded":0,"win_rate":0.0,"timestamp":1614166590,"path_taken":["M","COS","?","?","M","R","M","M","T","R","M","M","$","M","R","BOSS","M","?","?","M","M"],"items_purchased_type":["Relic","Relic","Relic","Card"],"build_version":"2020-12-22","purchased_purges":0,"victory":false,"max_hp_per_floor":[75,75,75,75,75,75,75,75,75,75,75,75,75,75,75,75,75,75,75,75,75,75,75],"card_choices":[{"not_picked":[],"picked":"DoctorFetus","floor":0.0},{"not_picked":["hermit:Dive","hermit:Midnight"],"picked":"hermit:Headshot","floor":1.0},{"not_picked":["hermit:Ricochet","hermit:LuckOfTheDraw"],"picked":"hermit:Roulette","floor":3.0},{"not_picked":["hermit:Desperado","hermit:Spite"],"picked":"hermit:LowProfile","floor":5.0},{"not_picked":["hermit:Vantage","hermit:Roughhouse"],"picked":"hermit:ShadowCloak","floor":7.0},{"not_picked":["hermit:GhostlyPresence","hermit:Desperado"],"picked":"hermit:Glare","floor":8.0},{"not_picked":["hermit:Glare","hermit:Manifest","hermit:Vantage"],"picked":"hermit:Cheat","floor":11.0},{"not_picked":["hermit:Vantage","hermit:BlackWind","hermit:ItchyTrigger"],"picked":"hermit:Shortfuse","floor":12.0},{"not_picked":["hermit:Desperado","hermit:SprayPray","hermit:BodyArmor"],"picked":"hermit:TakeCover","floor":14.0},{"not_picked":["hermit:Purgatory","hermit:Gambit","hermit:HighNoon"],"picked":"hermit:Roughhouse","floor":16},{"not_picked":["hermit:SprayPray","hermit:BodyArmor","hermit:Desperado+1"],"picked":"hermit:Misfire+1","floor":18},{"not_picked":["hermit:EyeOfTheStorm","hermit:Reprieve","hermit:ShadowCloak"],"picked":"hermit:GoldenBullet","floor":21}],"player_experience":25243,"relics_obtained":[{"floor":4.0,"key":"Blood Vial"},{"floor":9.0,"key":"Question Card"},{"floor":15.0,"key":"HowToJump"}],"event_choices":[],"is_beta":false,"boss_relics":[{"not_picked":["Replay:Drink Me","Coffee Dripper","Snecko Eye"]}],"items_purged_floors":[],"is_endless":false,"potions_floor_spawned":[5,11,12,14,16],"killed_by":"Gensokyo:Swordslinger","ascension_level":0}}