{"host":"wbn3xdfsa5pc2kse","time":1614164263,"event":{"mods":["AchievementEnabler","BaseMod","Bestiary","Colored Map","Colored Powertips","Curses Come First","Highlight Path","Minty Spire (QoL Compilation)","Permanent Neow","Rare Cards Sparkle","Relic Stats","StSLib"],"gold_per_floor":[119,130,144,144,144,144,176,176,176,204,204,216,246,263,263,334,334,350,350,360,10,29,58,58,89,166,166,197,44,61,93,93,167,167,185,205,230,247,16,41,41,67,67,67,81,113,58,71,71,71,71,71,17,43,43,43],"floor_reached":55,"language":"ZHT","playtime":2065,"items_purged":["Strike_R","Strike_R","Strike_R"],"score":1605,"play_id":"54a85724-a1c5-4342-b021-ddf9fe8c57fb","local_time":"20210224185743","is_ascension_mode":true,"campfire_choices":[{"data":"Battle Trance","floor":6.0,"key":"SMITH"},{"data":"Bash","floor":8.0,"key":"SMITH"},{"data":"Sword Boomerang","floor":11.0,"key":"SMITH"},{"data":"Brutality","floor":15.0,"key":"SMITH"},{"floor":24.0,"key":"REST"},{"floor":27.0,"key":"REST"},{"floor":32,"key":"REST"},{"floor":41,"key":"RECALL"},{"floor":44,"key":"REST"},{"floor":49,"key":"REST"},{"floor":52,"key":"REST"}],"circlet_count":0,"master_deck":["AscendersBane","Strike_R","Strike_R","Defend_R","Defend_R","Defend_R+1","Defend_R+1","Bash+1","Apotheosis+1","Battle Trance+1","Anger","Flex","Clothesline","Sword Boomerang+1","Carnage","Brutality+1","Flame Barrier","Demon Form","Dual Wield+1","Rage","Impervious","Heavy Blade+1","Burning Pact","Flame Barrier","Offering","Shrug It Off+1","Metallicize+1","Warcry+1","Corruption","Shrug It Off","Rupture+1","True Grit+1","True Grit+1","Pommel Strike","Flame Barrier+1"],"relics":["Burning Blood","Omamori","Matryoshka","War Paint","Pantograph","Red Skull","Question Card","Fusion Hammer","Potion Belt","Blue Candle","PreservedInsect","Vajra","Mercury Hourglass","Bottled Lightning","Lantern","Mark of Pain","Champion Belt","WingedGreaves","Bag of Marbles","Toxic Egg 2","Bag of Preparation"],"acts_visited":["Exordium","TheCity","TheBeyond","TheEnding"],"potions_floor_usage":[31,40,48,50,50,50,55,55,55,55],"damage_taken":[{"damage":15.0,"enemies":"Jaw Worm","floor":1.0,"turns":7.0},{"damage":8.0,"enemies":"Small Slimes","floor":2.0,"turns":4.0},{"damage":0.0,"enemies":"Cultist","floor":3.0,"turns":3.0},{"damage":0.0,"enemies":"Gremlin Nob","floor":7.0,"turns":2.0},{"damage":14.0,"enemies":"3 Sentries","floor":10.0,"turns":6.0},{"damage":6.0,"enemies":"Lots of Slimes","floor":12.0,"turns":4.0},{"damage":8.0,"enemies":"Lagavulin","floor":13.0,"turns":6.0},{"damage":14.0,"enemies":"Exordium Wildlife","floor":14.0,"turns":3.0},{"damage":30.0,"enemies":"Hexaghost","floor":16.0,"turns":9.0},{"damage":20.0,"enemies":"2 Thieves","floor":18.0,"turns":4.0},{"damage":6.0,"enemies":"Chosen","floor":20.0,"turns":3.0},{"damage":8.0,"enemies":"Centurion and Healer","floor":22.0,"turns":3.0},{"damage":25.0,"enemies":"Book of Stabbing","floor":23.0,"turns":5.0},{"damage":15.0,"enemies":"Slavers","floor":25.0,"turns":4.0},{"damage":29.0,"enemies":"Book of Stabbing","floor":28.0,"turns":5.0},{"damage":25,"enemies":"Snake Plant","floor":30,"turns":2},{"damage":13,"enemies":"Gremlin Leader","floor":31,"turns":4},{"damage":28,"enemies":"Automaton","floor":33,"turns":5},{"damage":5,"enemies":"Orb Walker","floor":35,"turns":4},{"damage":16,"enemies":"3 Darklings","floor":36,"turns":4},{"damage":13,"enemies":"Mind Bloom Boss Battle","floor":37,"turns":7},{"damage":7,"enemies":"4 Shapes","floor":38,"turns":8},{"damage":36,"enemies":"Reptomancer","floor":40,"turns":5},{"damage":11,"enemies":"Giant Head","floor":42,"turns":5},{"damage":11,"enemies":"Maw","floor":45,"turns":6},{"damage":2,"enemies":"Nemesis","floor":46,"turns":3},{"damage":9,"enemies":"Spire Growth","floor":48,"turns":4},{"damage":53,"enemies":"Donu and Deca","floor":50,"turns":8},{"damage":16,"enemies":"Shield and Spear","floor":54,"turns":6},{"damage":69,"enemies":"The Heart","floor":55,"turns":6}],"seed_played":"8310482634843864213","potions_obtained":[{"floor":1.0,"key":"DistilledChaos"},{"floor":2.0,"key":"Fire Potion"},{"floor":7.0,"key":"SkillPotion"},{"floor":12.0,"key":"Fire Potion"},{"floor":16.0,"key":"SneckoOil"},{"floor":18.0,"key":"SteroidPotion"},{"floor":23.0,"key":"Swift Potion"},{"floor":25.0,"key":"FairyPotion"},{"floor":30,"key":"Regen Potion"},{"floor":33,"key":"SmokeBomb"},{"floor":35,"key":"Fire Potion"},{"floor":46,"key":"Block Potion"}],"is_trial":false,"path_per_floor":["M","M","M","?","?","R","E","R","T","E","R","M","E","M","R","B",null,"M","?","M","$","M","E","R","E","T","R","E","$","M","E","R","B",null,"M","M","?","M","$","E","R","E","T","R","M","E","$","M","R","B",null,"R","$","E","B"],"character_chosen":"IRONCLAD","items_purchased":["Potion Belt","EntropicBrew","Energy Potion","EntropicBrew","True Grit+1","Strength Potion"],"campfire_rested":6,"item_purchase_floors":[21,21,29,39,47,53],"current_hp_per_floor":[59,57,63,63,58,58,64,64,64,56,56,56,54,46,46,44,62,48,44,44,44,42,23,43,34,34,54,31,31,12,17,37,40,61,62,52,61,60,60,30,30,25,25,45,40,44,44,41,61,21,56,68,68,58,0,0],"gold":43,"neow_bonus":"RANDOM_COLORLESS_2","is_daily":false,"chose_seed":false,"campfire_upgraded":4,"win_rate":0.0,"timestamp":1614164263,"path_taken":["M","M","M","?","?","R","E","R","T","E","R","M","E","M","R","BOSS","M","?","M","?","?","E","R","E","T","R","E","$","M","E","R","BOSS","M","?","?","M","?","E","R","E","T","R","?","E","$","M","R","BOSS","R","$","E","BOSS"],"items_purchased_type":["Relic","Potion","Potion","Potion","Card","Potion"],"build_version":"2020-12-22","purchased_purges":3,"victory":false,"max_hp_per_floor":[68,68,68,68,68,68,68,68,68,68,68,68,68,68,68,68,68,68,68,68,68,68,68,68,68,68,68,68,68,68,68,68,68,68,68,68,68,68,68,68,68,68,68,68,68,68,68,68,68,68,68,68,68,68,68,68],"relic_stats":{"counters":[30,144],"Pantograph":80,"Blue Candle":[0],"PreservedInsect":405,"Bag of Preparation":[2],"Champion Belt":[14],"War Paint":["Defend_R","Defend_R"],"Question Card":21,"obtain_stats":[{"Potion Belt":21,"Lantern":31,"Blue Candle":23,"Vajra":26,"PreservedInsect":25,"Omamori":5,"Bag of Preparation":54,"War Paint":9,"Question Card":13,"Burning Blood":0,"Mercury Hourglass":26,"Matryoshka":7,"Pantograph":9,"Fusion Hammer":17,"Mark of Pain":34,"WingedGreaves":40,"Bag of Marbles":42,"Bottled Lightning":28,"Champion Belt":37,"Toxic Egg 2":46,"Red Skull":10},{"Potion Belt":11,"Lantern":17,"Blue Candle":13,"Vajra":14,"PreservedInsect":14,"Omamori":3,"Bag of Preparation":29,"War Paint":4,"Question Card":7,"Burning Blood":0,"Mercury Hourglass":14,"Matryoshka":4,"Pantograph":4,"Fusion Hammer":9,"Mark of Pain":18,"WingedGreaves":23,"Bag of Marbles":24,"Bottled Lightning":15,"Champion Belt":21,"Toxic Egg 2":26,"Red Skull":5},{"Potion Belt":51,"Lantern":74,"Blue Candle":59,"Vajra":63,"PreservedInsect":63,"Omamori":14,"Bag of Preparation":138,"War Paint":16,"Question Card":32,"Burning Blood":0,"Mercury Hourglass":63,"Matryoshka":16,"Pantograph":16,"Fusion Hammer":44,"Mark of Pain":79,"WingedGreaves":106,"Bag of Marbles":111,"Bottled Lightning":68,"Champion Belt":93,"Toxic Egg 2":120,"Red Skull":22}],"Burning Blood":174,"Mercury Hourglass":[325]},"card_choices":[{"not_picked":["Magnetism","Transmutation"],"picked":"Apotheosis","floor":0.0},{"not_picked":["Reckless Charge","Heavy Blade"],"picked":"Battle Trance","floor":1.0},{"not_picked":["Bloodletting","Pummel"],"picked":"Anger","floor":2.0},{"not_picked":["Anger","Heavy Blade"],"picked":"Flex","floor":3.0},{"not_picked":["Battle Trance","Power Through"],"picked":"Clothesline","floor":7.0},{"not_picked":["Wild Strike","Flex"],"picked":"Sword Boomerang","floor":10.0},{"not_picked":["Anger","Heavy Blade"],"picked":"Carnage","floor":12.0},{"not_picked":["Combust","Heavy Blade"],"picked":"Brutality","floor":13.0},{"not_picked":["Second Wind","Cleave","Inflame"],"picked":"Flame Barrier","floor":14.0},{"not_picked":["Immolate","Double Tap","Exhume"],"picked":"Demon Form","floor":16.0},{"not_picked":["Heavy Blade","Thunderclap","Armaments","Sentinel+1"],"picked":"SKIP","floor":18.0},{"not_picked":["Reckless Charge","Twin Strike","Warcry"],"picked":"Dual Wield+1","floor":20.0},{"not_picked":["Clash","Armaments","Pommel Strike"],"picked":"Rage","floor":22.0},{"not_picked":["Havoc","Twin Strike","Entrench+1","Double Tap"],"picked":"SKIP","floor":23.0},{"not_picked":["Armaments","Sword Boomerang","Iron Wave"],"picked":"Impervious","floor":25.0},{"not_picked":["Iron Wave","Thunderclap","Combust+1"],"picked":"Heavy Blade+1","floor":28.0},{"not_picked":["Iron Wave","Infernal Blade","Armaments"],"picked":"Burning Pact","floor":30},{"not_picked":["Combust+1","Twin Strike","Brutality"],"picked":"Flame Barrier","floor":31},{"not_picked":["Double Tap","Juggernaut","Feed"],"picked":"Offering","floor":33},{"not_picked":["Hemokinesis+1","Infernal Blade","Cleave","Rage+1"],"picked":"SKIP","floor":35},{"not_picked":["Fire Breathing","Clothesline","Iron Wave"],"picked":"Shrug It Off+1","floor":36},{"not_picked":["Heavy Blade+1","Whirlwind+1","Perfected Strike+1"],"picked":"Metallicize+1","floor":37},{"not_picked":["Shockwave","Clash","Anger"],"picked":"Warcry+1","floor":38},{"not_picked":["Limit Break","Thunderclap+1","Pommel Strike"],"picked":"Corruption","floor":40},{"not_picked":["Armaments","Fire Breathing","Clothesline"],"picked":"Shrug It Off","floor":42},{"not_picked":["Wild Strike","Clash+1","Flex+1"],"picked":"Rupture+1","floor":45},{"not_picked":["Heavy Blade+1","Sword Boomerang","Warcry+1"],"picked":"True Grit+1","floor":46},{"not_picked":["Anger","Perfected Strike","Bludgeon"],"picked":"Pommel Strike","floor":48},{"not_picked":["Carnage","Intimidate+1","Clash+1"],"picked":"Flame Barrier+1","floor":54}],"player_experience":867735,"relics_obtained":[{"floor":7.0,"key":"Matryoshka"},{"floor":9.0,"key":"War Paint"},{"floor":9.0,"key":"Pantograph"},{"floor":10.0,"key":"Red Skull"},{"floor":13.0,"key":"Question Card"},{"floor":23.0,"key":"Blue Candle"},{"floor":25.0,"key":"PreservedInsect"},{"floor":26.0,"key":"Vajra"},{"floor":26.0,"key":"Mercury Hourglass"},{"floor":28.0,"key":"Bottled Lightning"},{"floor":31,"key":"Lantern"},{"floor":37,"key":"Champion Belt"},{"floor":40,"key":"WingedGreaves"},{"floor":42,"key":"Bag of Marbles"},{"floor":46,"key":"Toxic Egg 2"},{"floor":54,"key":"Bag of Preparation"}],"event_choices":[{"damage_healed":0.0,"max_hp_gain":0.0,"max_hp_loss":0.0,"gold_gain":0.0,"event_name":"Living Wall","player_choice":"Grow","floor":4.0,"gold_loss":0.0,"damage_taken":0.0,"cards_upgraded":["Apotheosis"]},{"damage_healed":0.0,"max_hp_gain":0.0,"max_hp_loss":0.0,"gold_gain":0.0,"event_name":"Scrap Ooze","player_choice":"Success","floor":5.0,"gold_loss":0.0,"damage_taken":5.0,"relics_obtained":["Omamori"]},{"damage_healed":0.0,"max_hp_gain":0.0,"max_hp_loss":0.0,"gold_gain":0.0,"event_name":"The Woman in Blue","player_choice":"Bought 0 Potions","floor":19.0,"gold_loss":0.0,"damage_taken":0.0},{"damage_healed":0,"gold_gain":0,"player_choice":"Fight","damage_taken":0,"max_hp_gain":0,"max_hp_loss":0,"event_name":"MindBloom","floor":37,"gold_loss":0}],"is_beta":false,"boss_relics":[{"not_picked":["Runic Pyramid","Empty Cage"],"picked":"Fusion Hammer"},{"not_picked":["Sozu","Black Blood"],"picked":"Mark of Pain"}],"items_purged_floors":[21,29,39],"is_endless":false,"potions_floor_spawned":[1,2,7,12,16,18,23,25,30,33,35,46],"killed_by":"The Heart","ascension_level":16}}