{"host":"2hz3p8f82lqex3pd","time":1614134673,"event":{"mods":["AchievementEnabler","BaseMod","Minty Spire (QoL Compilation)"],"gold_per_floor":[112,112,112,130,130,130,162,11,11,31,80,90,118,133,133,235,285,301,314,333,333,333,361,361,33,33,33,45,45,45,45,45,45,45],"floor_reached":33,"language":"ENG","playtime":964,"items_purged":["Regret"],"score":348,"play_id":"690b3bea-e181-45b7-9816-31cfff643719","local_time":"20210223214433","is_ascension_mode":false,"campfire_choices":[{"data":"Eruption","floor":6,"key":"SMITH"},{"data":"Tantrum","floor":15,"key":"SMITH"},{"floor":24,"key":"REST"},{"floor":27,"key":"RECALL"},{"data":"SandsOfTime","floor":30,"key":"SMITH"},{"data":"WheelKick","floor":32,"key":"SMITH"}],"circlet_count":0,"master_deck":["Strike_P","Strike_P","Strike_P","Strike_P","Defend_P","Defend_P","Defend_P","Defend_P","Eruption+1","Vigilance","FlyingSleeves+1","FollowUp","Adaptation","WheelKick+1","Perseverance","SashWhip","ClearTheMind","Crescendo","Tantrum+1","FlyingSleeves+1","SandsOfTime+1","DeceiveReality","Halt","Necronomicurse","Vengeance"],"relics":["PureWater","Vajra","Darkstone Periapt","Orrery","Gremlin Horn","Blood Vial","Regal Pillow","Tiny House","Necronomicon","Singing Bowl","Shuriken","White Beast Statue"],"acts_visited":["Exordium","TheCity"],"potions_floor_usage":[7,13,18,20],"damage_taken":[{"damage":3,"enemies":"Jaw Worm","floor":1,"turns":3},{"damage":3,"enemies":"2 Louse","floor":4,"turns":2},{"damage":14,"enemies":"3 Sentries","floor":7,"turns":5},{"damage":6,"enemies":"Small Slimes","floor":10,"turns":2},{"damage":0,"enemies":"Blue Slaver","floor":12,"turns":1},{"damage":0,"enemies":"Gremlin Nob","floor":13,"turns":2},{"damage":11,"enemies":"Large Slime","floor":14,"turns":4},{"damage":0,"enemies":"Slime Boss","floor":16,"turns":3},{"damage":14,"enemies":"3 Byrds","floor":18,"turns":3},{"damage":7,"enemies":"Chosen","floor":19,"turns":3},{"damage":1,"enemies":"Centurion and Healer","floor":20,"turns":3},{"damage":32,"enemies":"Slavers","floor":23,"turns":5},{"damage":8,"enemies":"Chosen and Byrds","floor":28,"turns":2},{"damage":57,"enemies":"Automaton","floor":33,"turns":4}],"seed_played":"6289421908881289988","potions_obtained":[{"floor":1,"key":"BlessingOfTheForge"},{"floor":4,"key":"DistilledChaos"},{"floor":10,"key":"SpeedPotion"},{"floor":17,"key":"Fire Potion"},{"floor":18,"key":"SteroidPotion"},{"floor":19,"key":"SpeedPotion"}],"is_trial":false,"path_per_floor":["M","?","?","M","?","R","E","$","T","M","T","M","E","M","R","B",null,"M","M","M","?","?","E","R","$","T","R","M","?","R","$","R","B"],"character_chosen":"WATCHER","items_purchased":["Orrery","Shuriken"],"campfire_rested":1,"item_purchase_floors":[8,25],"current_hp_per_floor":[69,69,69,66,66,66,52,52,52,46,46,48,50,41,41,43,77,63,58,59,59,49,21,61,61,61,61,55,55,55,55,55,0,0],"gold":45,"neow_bonus":"THREE_CARDS","is_daily":false,"chose_seed":false,"campfire_upgraded":4,"win_rate":0.0,"timestamp":1614134673,"path_taken":["M","?","?","M","?","R","E","?","T","M","?","M","E","M","R","BOSS","M","M","M","?","?","E","R","$","T","R","M","?","R","?","R","BOSS"],"items_purchased_type":["Relic","Relic"],"build_version":"2020-12-22","purchased_purges":1,"victory":false,"max_hp_per_floor":[72,72,72,72,72,72,72,72,72,72,72,72,72,72,72,72,77,77,77,77,77,83,85,85,85,85,85,85,85,85,85,85,85,85],"card_choices":[{"not_picked":["CrushJoints","FlurryOfBlows"],"picked":"FlyingSleeves","floor":0},{"not_picked":["LikeWater","BowlingBash"],"picked":"FollowUp","floor":1},{"not_picked":["FlurryOfBlows","DeceiveReality"],"picked":"Adaptation","floor":4},{"not_picked":["Pray","Indignation"],"picked":"WheelKick","floor":7},{"not_picked":["FearNoEvil","Wallop"],"picked":"Perseverance","floor":8},{"not_picked":["Nirvana","Protect"],"picked":"SashWhip","floor":8},{"not_picked":["ThirdEye","CutThroughFate"],"picked":"ClearTheMind","floor":8},{"not_picked":["PathToVictory","FlurryOfBlows"],"picked":"Crescendo","floor":8},{"not_picked":["CutThroughFate","LikeWater"],"picked":"Tantrum","floor":8},{"not_picked":["BowlingBash","Adaptation","EmptyBody"],"picked":"SKIP","floor":10},{"not_picked":["Indignation","PathToVictory"],"picked":"FlyingSleeves","floor":12},{"not_picked":["JustLucky","Scrawl","Crescendo"],"picked":"SKIP","floor":13},{"not_picked":["CrushJoints","PathToVictory","CutThroughFate"],"picked":"SKIP","floor":14},{"not_picked":["CutThroughFate","EmptyFist"],"picked":"SandsOfTime","floor":17},{"not_picked":["Crescendo","CutThroughFate"],"picked":"DeceiveReality","floor":18},{"not_picked":["WaveOfTheHand+1","LikeWater+1"],"picked":"Halt","floor":19},{"not_picked":["FlurryOfBlows+1","ClearTheMind","Consecrate"],"picked":"SKIP","floor":20},{"not_picked":["Protect","Prostrate","Evaluate"],"picked":"Singing Bowl","floor":23},{"not_picked":["Vault","Halt"],"picked":"Vengeance","floor":28}],"player_experience":199156,"relics_obtained":[{"floor":7,"key":"Darkstone Periapt"},{"floor":9,"key":"Gremlin Horn"},{"floor":11,"key":"Blood Vial"},{"floor":13,"key":"Regal Pillow"},{"floor":22,"key":"Necronomicon"},{"floor":23,"key":"Singing Bowl"}],"event_choices":[{"damage_healed":0,"gold_gain":0,"player_choice":"Box","damage_taken":0,"relics_obtained":["Vajra"],"max_hp_gain":0,"max_hp_loss":0,"event_name":"Big Fish","floor":2,"gold_loss":0,"cards_obtained":["Regret"]},{"damage_healed":0,"gold_gain":0,"player_choice":"Grow","damage_taken":0,"max_hp_gain":0,"max_hp_loss":0,"event_name":"Living Wall","floor":3,"gold_loss":0,"cards_upgraded":["FlyingSleeves"]},{"damage_healed":0,"gold_gain":0,"player_choice":"Ignored","damage_taken":0,"max_hp_gain":0,"max_hp_loss":0,"event_name":"Shining Light","floor":5,"gold_loss":0},{"damage_healed":0,"gold_gain":0,"player_choice":"Ignored","damage_taken":0,"max_hp_gain":0,"max_hp_loss":0,"event_name":"Ghosts","floor":21,"gold_loss":0},{"damage_healed":0,"gold_gain":0,"player_choice":"Obtained Book","damage_taken":16,"max_hp_gain":0,"max_hp_loss":0,"event_name":"Cursed Tome","floor":22,"gold_loss":0},{"damage_healed":0,"gold_gain":0,"player_choice":"Opened","damage_taken":0,"relics_obtained":["White Beast Statue"],"max_hp_gain":0,"max_hp_loss":0,"event_name":"The Mausoleum","floor":29,"gold_loss":0}],"is_beta":false,"boss_relics":[{"not_picked":["SacredBark","Pandora\u0027s Box"],"picked":"Tiny House"}],"items_purged_floors":[25],"is_endless":false,"potions_floor_spawned":[1,4,10,18,19],"killed_by":"Automaton","ascension_level":0}}