{"host":"h4s2ow0cl6kdwaz8","time":1614193579,"event":{"mods":["AchievementEnabler","BaseMod","Bestiary","Colored Map","Minty Spire (QoL Compilation)","Permanent Neow","Relic Stats"],"gold_per_floor":[118,118,135,145,163,190,190,207,231,231,290,13,13,49,49,162,221,244,244,169,192,11,54,104,139,139,139,155,199,199,68,68,181,181,194,9,70,120,147,159,198,13,13,0,15,28,28,28,28,28,28,28,28,61,61,61],"floor_reached":55,"language":"ENG","playtime":6096,"items_purged":["Strike_P","Strike_P"],"score":815,"play_id":"4b85a869-0291-437e-86e5-3373acd57e78","local_time":"20210224190619","is_ascension_mode":true,"campfire_choices":[{"data":"WreathOfFlame","floor":7,"key":"SMITH"},{"floor":10,"key":"REST"},{"floor":13,"key":"REST"},{"data":"Study","floor":15,"key":"SMITH"},{"floor":27,"key":"REST"},{"floor":30,"key":"REST"},{"floor":32,"key":"REST"},{"floor":40,"key":"REST"},{"floor":47,"key":"RECALL"},{"data":"Apotheosis","floor":49,"key":"SMITH"},{"data":"Scrawl","floor":52,"key":"SMITH"}],"circlet_count":0,"master_deck":["Strike_P","Defend_P","Defend_P","Defend_P","Eruption+1","Vigilance+1","Vengeance+1","BowlingBash+1","WreathOfFlame+1","Tantrum","CutThroughFate","WindmillStrike","ForeignInfluence","ThirdEye","Study+1","SpiritShield","FlurryOfBlows","EmptyMind","EmptyFist","Apotheosis+1","Meditate","TalkToTheHand","JustLucky","MentalFortress","Scrawl+1","Protect","JustLucky+1","CutThroughFate+1","ThirdEye"],"relics":["VioletLotus","InkBottle","Ancient Tea Set","War Paint","Tiny Chest","CeramicFish","Tiny House","Darkstone Periapt","Singing Bowl","Bottled Flame","Oddly Smooth Stone","Busted Crown","Regal Pillow","Ice Cream","Gambling Chip","MawBank","HandDrill","Pear","Red Mask","Pen Nib"],"acts_visited":["Exordium","TheCity","TheBeyond","TheEnding"],"potions_floor_usage":[16,16,25,33,54,55],"damage_taken":[{"damage":0,"enemies":"2 Louse","floor":1,"turns":3},{"damage":0,"enemies":"Cultist","floor":3,"turns":2},{"damage":1,"enemies":"Jaw Worm","floor":4,"turns":4},{"damage":6,"enemies":"Large Slime","floor":5,"turns":4},{"damage":32,"enemies":"Lagavulin","floor":6,"turns":7},{"damage":2,"enemies":"3 Louse","floor":8,"turns":3},{"damage":28,"enemies":"Gremlin Nob","floor":11,"turns":3},{"damage":0,"enemies":"Gremlin Nob","floor":14,"turns":2},{"damage":36,"enemies":"Hexaghost","floor":16,"turns":10},{"damage":8,"enemies":"Shell Parasite","floor":18,"turns":4},{"damage":16,"enemies":"2 Thieves","floor":21,"turns":4},{"damage":37,"enemies":"Gremlin Leader","floor":23,"turns":5},{"damage":34,"enemies":"Slavers","floor":25,"turns":6},{"damage":1,"enemies":"Snecko","floor":28,"turns":3},{"damage":38,"enemies":"Book of Stabbing","floor":29,"turns":5},{"damage":15,"enemies":"Collector","floor":33,"turns":6},{"damage":0,"enemies":"3 Shapes","floor":35,"turns":3},{"damage":48,"enemies":"2 Orb Walkers","floor":37,"turns":5},{"damage":3,"enemies":"Mind Bloom Boss Battle","floor":38,"turns":6},{"damage":9,"enemies":"Orb Walker","floor":41,"turns":3},{"damage":14,"enemies":"3 Darklings","floor":45,"turns":3},{"damage":28,"enemies":"Sphere and 2 Shapes","floor":46,"turns":5},{"damage":33,"enemies":"Donu and Deca","floor":50,"turns":8},{"damage":0,"enemies":"Shield and Spear","floor":54,"turns":5},{"damage":87,"enemies":"The Heart","floor":55,"turns":3}],"seed_played":"-2314198226604466683","potions_obtained":[{"floor":1,"key":"FairyPotion"},{"floor":5,"key":"SpeedPotion"},{"floor":8,"key":"Swift Potion"},{"floor":17,"key":"SneckoOil"},{"floor":23,"key":"LiquidMemories"},{"floor":25,"key":"Ancient Potion"},{"floor":28,"key":"Strength Potion"},{"floor":35,"key":"Energy Potion"},{"floor":37,"key":"SteroidPotion"}],"is_trial":false,"path_per_floor":["M","?","M","M","M","E","R","M","T","R","?","$","R","E","R","B",null,"M","?","?","M","$","E","T","E","T","R","M","E","R","$","R","B",null,"M","$","?","?","T","R","M","$","T","?","M","M","R","?","R","B",null,"R","$","E","B"],"character_chosen":"WATCHER","items_purchased":["ThirdEye","Tiny Chest","Apotheosis","MentalFortress","Regal Pillow","Protect","HandDrill","ThirdEye"],"campfire_rested":6,"item_purchase_floors":[12,12,22,31,36,36,42,42],"current_hp_per_floor":[72,72,72,71,65,33,33,31,31,52,24,24,45,45,45,9,77,69,69,69,53,53,16,16,16,16,39,40,2,25,25,48,33,79,81,81,33,32,32,71,62,62,72,72,60,34,34,85,85,52,85,85,85,87,0,0],"gold":61,"neow_bonus":"BOSS_RELIC","is_daily":false,"chose_seed":false,"campfire_upgraded":4,"win_rate":0.0,"timestamp":1614193579,"path_taken":["M","?","M","M","?","E","R","M","T","R","?","$","R","E","R","BOSS","M","?","?","M","?","E","?","E","T","R","?","E","R","$","R","BOSS","M","$","?","?","?","R","M","?","T","?","M","M","R","?","R","BOSS","R","$","E","BOSS"],"items_purchased_type":["Card","Relic","Card","Card","Relic","Card","Relic","Card"],"build_version":"2020-12-22","purchased_purges":2,"victory":false,"max_hp_per_floor":[72,72,72,72,72,72,72,72,72,72,72,72,72,72,72,72,77,77,77,77,77,77,77,77,77,77,77,79,79,79,79,79,79,79,81,81,81,83,83,83,83,83,93,93,95,97,97,85,85,85,85,85,85,87,87,87],"relic_stats":{"Darkstone Periapt":0,"Regal Pillow":15,"Singing Bowl":12,"counters":[25,112],"CeramicFish":135,"Pen Nib":[0],"War Paint":["Vigilance","Vengeance"],"MawBank":36,"Busted Crown":14,"Gambling Chip":[11],"Tiny Chest":2,"VioletLotus":[20],"HandDrill":[14],"obtain_stats":[{"Darkstone Periapt":23,"Ice Cream":37,"Regal Pillow":36,"Tiny House":17,"Pear":43,"Singing Bowl":25,"CeramicFish":14,"Oddly Smooth Stone":29,"Pen Nib":54,"War Paint":11,"Ancient Tea Set":9,"MawBank":39,"Bottled Flame":26,"Busted Crown":34,"Gambling Chip":38,"Tiny Chest":12,"VioletLotus":0,"HandDrill":42,"Red Mask":44,"PureWater":0,"InkBottle":6},{"Darkstone Periapt":12,"Ice Cream":18,"Regal Pillow":17,"Tiny House":9,"Pear":20,"Singing Bowl":13,"CeramicFish":8,"Oddly Smooth Stone":15,"Pen Nib":24,"War Paint":6,"Ancient Tea Set":6,"MawBank":19,"Bottled Flame":13,"Busted Crown":16,"Gambling Chip":19,"Tiny Chest":7,"VioletLotus":0,"HandDrill":20,"Red Mask":20,"PureWater":0,"InkBottle":5},{"Darkstone Periapt":51,"Ice Cream":79,"Regal Pillow":74,"Tiny House":38,"Pear":88,"Singing Bowl":57,"CeramicFish":28,"Oddly Smooth Stone":65,"Pen Nib":109,"War Paint":23,"Ancient Tea Set":23,"MawBank":85,"Bottled Flame":57,"Busted Crown":71,"Gambling Chip":85,"Tiny Chest":26,"VioletLotus":0,"HandDrill":88,"Red Mask":88,"PureWater":0,"InkBottle":20}],"InkBottle":[39]},"card_choices":[{"not_picked":["WaveOfTheHand","JustLucky"],"picked":"Vengeance","floor":1},{"not_picked":["Weave","Evaluate"],"picked":"BowlingBash","floor":3},{"not_picked":["SashWhip","Pray"],"picked":"WreathOfFlame","floor":4},{"not_picked":["FlyingSleeves","SashWhip"],"picked":"Tantrum","floor":5},{"not_picked":["SandsOfTime","FlyingSleeves"],"picked":"CutThroughFate","floor":6},{"not_picked":["CrushJoints","Halt"],"picked":"WindmillStrike","floor":8},{"not_picked":["Vengeance","Blasphemy"],"picked":"ForeignInfluence","floor":11},{"not_picked":["Worship","EmptyBody"],"picked":"Study","floor":14},{"not_picked":["Ragnarok","ConjureBlade"],"picked":"SpiritShield","floor":16},{"not_picked":["CarveReality","Adaptation"],"picked":"FlurryOfBlows","floor":17},{"not_picked":["BowlingBash","CrushJoints"],"picked":"EmptyMind","floor":18},{"not_picked":["ClearTheMind","Evaluate"],"picked":"EmptyFist","floor":21},{"not_picked":["ReachHeaven","Blasphemy"],"picked":"Meditate","floor":23},{"not_picked":["SashWhip","FollowUp"],"picked":"TalkToTheHand","floor":25},{"not_picked":["Adaptation","WindmillStrike+1","Vengeance"],"picked":"Singing Bowl","floor":28},{"not_picked":["Pray","Halt"],"picked":"JustLucky","floor":29},{"not_picked":["Wish","Omniscience"],"picked":"Scrawl","floor":33},{"not_picked":["Crescendo"],"picked":"Singing Bowl","floor":35},{"not_picked":[],"picked":"JustLucky+1","floor":37},{"not_picked":["FollowUp"],"picked":"Singing Bowl","floor":38},{"not_picked":[],"picked":"CutThroughFate+1","floor":41},{"not_picked":["InnerPeace+1"],"picked":"Singing Bowl","floor":45},{"not_picked":["BowlingBash+1"],"picked":"Singing Bowl","floor":46},{"not_picked":["Consecrate+1"],"picked":"Singing Bowl","floor":54}],"player_experience":214828,"relics_obtained":[{"floor":6,"key":"InkBottle"},{"floor":9,"key":"Ancient Tea Set"},{"floor":14,"key":"CeramicFish"},{"floor":23,"key":"Darkstone Periapt"},{"floor":25,"key":"Singing Bowl"},{"floor":26,"key":"Bottled Flame"},{"floor":29,"key":"Oddly Smooth Stone"},{"floor":37,"key":"Ice Cream"},{"floor":38,"key":"Gambling Chip"},{"floor":39,"key":"MawBank"},{"floor":43,"key":"Pear"},{"floor":54,"key":"Pen Nib"}],"event_choices":[{"damage_healed":0,"gold_gain":0,"player_choice":"Forge","damage_taken":0,"max_hp_gain":0,"max_hp_loss":0,"event_name":"Accursed Blacksmith","floor":2,"gold_loss":0,"cards_upgraded":["Eruption"]},{"damage_healed":0,"gold_gain":0,"player_choice":"Searched \u00272\u0027 times","damage_taken":0,"relics_obtained":["War Paint"],"max_hp_gain":0,"max_hp_loss":0,"event_name":"Dead Adventurer","floor":11,"gold_loss":0},{"cards_removed":["Defend_P"],"damage_healed":0,"gold_gain":0,"player_choice":"Elegance","damage_taken":0,"max_hp_gain":0,"max_hp_loss":0,"event_name":"Back to Basics","floor":19,"gold_loss":0},{"cards_removed":["Strike_P"],"damage_healed":0,"gold_gain":0,"player_choice":"Gave Gold","damage_taken":0,"max_hp_gain":0,"max_hp_loss":0,"event_name":"Beggar","floor":20,"gold_loss":75},{"damage_healed":0,"gold_gain":0,"player_choice":"Fight","damage_taken":0,"max_hp_gain":0,"max_hp_loss":0,"event_name":"Mysterious Sphere","floor":37,"gold_loss":0},{"damage_healed":0,"gold_gain":0,"player_choice":"Fight","damage_taken":0,"max_hp_gain":0,"max_hp_loss":0,"event_name":"MindBloom","floor":38,"gold_loss":0},{"damage_healed":0,"gold_gain":0,"player_choice":"Paid","damage_taken":0,"relics_obtained":["Red Mask"],"max_hp_gain":0,"max_hp_loss":0,"event_name":"Tomb of Lord Red Mask","floor":44,"gold_loss":13},{"damage_healed":85,"gold_gain":0,"player_choice":"Heal","damage_taken":0,"max_hp_gain":0,"max_hp_loss":12,"event_name":"The Moai Head","floor":48,"gold_loss":0}],"is_beta":false,"boss_relics":[{"not_picked":["Runic Pyramid","Runic Dome"],"picked":"Tiny House"},{"not_picked":["Coffee Dripper","Calling Bell"],"picked":"Busted Crown"}],"items_purged_floors":[12,31],"is_endless":false,"potions_floor_spawned":[1,5,8,11,23,25,28,35,37,38],"killed_by":"The Heart","ascension_level":1}}