{"host":"1e3ivg30op4goso1","time":1614206914,"event":{"mods":["AchievementEnabler","Ascension Unlocker","BaseMod","Colored Map","Minty Spire (QoL Compilation)","Permanent Neow","Quick Restart","Relic Filter","StSLib","SuperFastMode"],"gold_per_floor":[118,130,142,142,159,159,159,159,159,176,176,187,111,111,111,208,208,219,184,201,201,48,75,75,86,86,117,135,135,146,156,156,156,156],"floor_reached":33,"language":"ENG","playtime":1722,"items_purged":[],"score":419,"play_id":"17cd9050-31a4-4fac-8403-f879d1b16148","local_time":"20210224174834","is_ascension_mode":true,"campfire_choices":[{"data":"Neutralize","floor":6.0,"key":"SMITH"},{"data":"Reflex","floor":8.0,"key":"SMITH"},{"data":"Poisoned Stab","floor":11.0,"key":"SMITH"},{"data":"Prepared","floor":15.0,"key":"SMITH"},{"floor":29.0,"key":"REST"},{"floor":32.0,"key":"REST"}],"circlet_count":0,"master_deck":["AscendersBane","Strike_G","Strike_G","Strike_G","Strike_G","Defend_G","Defend_G","Defend_G","Defend_G","Survivor","Neutralize+1","Poisoned Stab+1","Dagger Throw","Reflex+1","Dagger Throw","Backflip","Prepared+1","Die Die Die+1","Slice+1","Tools of the Trade","CurseOfTheBell","Reflex+1","Tactician","Poisoned Stab+1","Shame","Deadly Poison+1","Underhanded Strike+1","Underhanded Strike+1","Reflex"],"relics":["HoveringKite","Molten Egg 2","Calling Bell","Anchor","White Beast Statue","Girya","Letter Opener","Toy Ornithopter","Dream Catcher","Bottled Flame","Ginger"],"acts_visited":["Exordium","TheCity"],"potions_floor_usage":[33,33,33],"damage_taken":[{"damage":3.0,"enemies":"Cultist","floor":1.0,"turns":6.0},{"damage":5.0,"enemies":"Small Slimes","floor":2.0,"turns":4.0},{"damage":0.0,"enemies":"Jaw Worm","floor":3.0,"turns":3.0},{"damage":14.0,"enemies":"3 Louse","floor":5.0,"turns":3.0},{"damage":1.0,"enemies":"Looter","floor":10.0,"turns":3.0},{"damage":1.0,"enemies":"Large Slime","floor":12.0,"turns":5.0},{"damage":35.0,"enemies":"The Guardian","floor":16.0,"turns":10.0},{"damage":0.0,"enemies":"Chosen","floor":18.0,"turns":3.0},{"damage":11.0,"enemies":"Spheric Guardian","floor":20.0,"turns":4.0},{"damage":15.0,"enemies":"Slavers","floor":23.0,"turns":4.0},{"damage":4.0,"enemies":"Cultist and Chosen","floor":25.0,"turns":4.0},{"damage":34.0,"enemies":"Book of Stabbing","floor":27.0,"turns":5.0},{"damage":0.0,"enemies":"Centurion and Healer","floor":28.0,"turns":5.0},{"damage":15.0,"enemies":"Shelled Parasite and Fungi","floor":30.0,"turns":4.0},{"damage":8.0,"enemies":"Snake Plant","floor":31.0,"turns":3.0},{"damage":63,"enemies":"Automaton","floor":33,"turns":6}],"seed_played":"8922440468339432450","potions_obtained":[{"floor":2.0,"key":"Fire Potion"},{"floor":5.0,"key":"AttackPotion"},{"floor":12.0,"key":"SpeedPotion"},{"floor":18.0,"key":"SpeedPotion"},{"floor":20.0,"key":"Explosive Potion"},{"floor":23.0,"key":"Energy Potion"},{"floor":25.0,"key":"Dexterity Potion"},{"floor":27.0,"key":"Swift Potion"},{"floor":28.0,"key":"Weak Potion"},{"floor":30.0,"key":"ColorlessPotion"},{"floor":31.0,"key":"Strength Potion"}],"is_trial":false,"path_per_floor":["M","M","M","?","M","R","$","R","T","M","R","M","$","?","R","B",null,"M","$","M","?","$","E","?","M","T","E","M","R","M","M","R","B"],"character_chosen":"THE_SILENT","items_purchased":["Die Die Die+1","Tactician","Toy Ornithopter"],"campfire_rested":2,"item_purchase_floors":[13,19,22],"current_hp_per_floor":[60,55,55,55,41,41,41,41,41,40,40,39,39,39,39,4,54,54,54,43,43,43,38,38,34,34,10,10,31,21,13,34,0,0],"gold":156,"neow_bonus":"BOSS_RELIC","is_daily":false,"chose_seed":false,"campfire_upgraded":4,"win_rate":0.0,"timestamp":1614206914,"path_taken":["M","M","?","?","?","R","?","R","T","M","R","M","$","?","R","BOSS","M","$","M","?","$","E","?","M","T","E","M","R","M","M","R","BOSS"],"items_purchased_type":["Card","Card","Relic"],"build_version":"2020-12-22","purchased_purges":0,"victory":false,"max_hp_per_floor":[70,70,70,70,70,70,70,70,70,70,70,70,70,70,70,70,70,70,70,70,70,70,70,70,70,70,70,70,70,70,70,70,70,70],"card_choices":[{"not_picked":["Quick Slash","Leg Sweep"],"picked":"Poisoned Stab","floor":1.0},{"not_picked":["Escape Plan","PiercingWail"],"picked":"Dagger Throw","floor":2.0},{"not_picked":["Dodge and Roll","Calculated Gamble"],"picked":"Reflex","floor":3.0},{"not_picked":["Deadly Poison","Dagger Spray"],"picked":"Dagger Throw","floor":5.0},{"not_picked":["A Thousand Cuts","PiercingWail"],"picked":"Backflip","floor":10.0},{"not_picked":["Riddle With Holes+1","Backstab+1"],"picked":"Prepared","floor":12.0},{"not_picked":["A Thousand Cuts","Wraith Form v2"],"picked":"Tools of the Trade","floor":16.0},{"not_picked":["Outmaneuver+1","Choke+1"],"picked":"Reflex+1","floor":18.0},{"not_picked":["Deflect","Acrobatics+1"],"picked":"Poisoned Stab+1","floor":20.0},{"not_picked":["PiercingWail","Predator+1"],"picked":"Deadly Poison+1","floor":23.0},{"not_picked":["Catalyst","Acrobatics"],"picked":"Underhanded Strike+1","floor":25.0},{"not_picked":["Outmaneuver","Sucker Punch+1"],"picked":"Underhanded Strike+1","floor":27.0},{"not_picked":["Die Die Die+1","Quick Slash+1"],"picked":"Reflex","floor":28.0},{"not_picked":["Backflip","Crippling Poison","Terror"],"picked":"SKIP","floor":30.0},{"not_picked":["Doppelganger","Skewer+1","Outmaneuver"],"picked":"SKIP","floor":31.0}],"player_experience":27248,"relics_obtained":[{"floor":9.0,"key":"Molten Egg 2"},{"floor":17.0,"key":"Anchor"},{"floor":17.0,"key":"White Beast Statue"},{"floor":17.0,"key":"Girya"},{"floor":23.0,"key":"Dream Catcher"},{"floor":26.0,"key":"Bottled Flame"},{"floor":27.0,"key":"Ginger"}],"event_choices":[{"cards_removed":["Defend_G"],"damage_healed":0.0,"max_hp_gain":0.0,"max_hp_loss":0.0,"gold_gain":0.0,"event_name":"Bonfire Elementals","player_choice":"Offered Basic","floor":4.0,"gold_loss":0.0,"damage_taken":0.0},{"damage_healed":0.0,"max_hp_gain":0.0,"max_hp_loss":0.0,"gold_gain":0.0,"cards_transformed":["Strike_G"],"event_name":"Living Wall","player_choice":"Change","floor":14.0,"gold_loss":0.0,"damage_taken":0.0,"cards_obtained":["Slice"]},{"damage_healed":0.0,"max_hp_gain":0.0,"max_hp_loss":0.0,"gold_gain":0.0,"event_name":"Addict","player_choice":"Stole Relic","floor":21.0,"gold_loss":0.0,"damage_taken":0.0,"relics_obtained":["Letter Opener"],"cards_obtained":["Shame"]},{"damage_healed":0.0,"max_hp_gain":0.0,"max_hp_loss":0.0,"gold_gain":0.0,"event_name":"Beggar","player_choice":"Ignored","floor":24.0,"gold_loss":0.0,"damage_taken":0.0}],"is_beta":false,"boss_relics":[{"not_picked":["Velvet Choker","Coffee Dripper"],"picked":"Calling Bell"}],"items_purged_floors":[],"is_endless":false,"potions_floor_spawned":[2,5,12,18,20,23,25,27,28,30,31],"killed_by":"Automaton","ascension_level":10}}