{"host":"iovigr651ajk16h5","time":1614140071,"event":{"mods":["2.2 Compatiblity","AchievementEnabler","Aspiration","BaseMod","Better Altar","Better Match","Better Note","Better Sensory Stone","Better Skull","Better Third Choice","Block Reminder","CapriCore","Colored Map","Ekko","Energized Spire","GifTheSpireLib","GungeonMod","Halation","Hermit","Highlight Path","Hubris","Infinite Spire","Koishi","Luminous","Marisa????????","Minty Spire (QoL Compilation)","Nova Terra(??·??)","Onozuka Komachi Mod","Permanent Neow","Prisma Mod","Quick Restart","Railgun Mod","Remilia??????","Replay The Spire","StSLib","Stuff the Spire","Td1madao Mod","The Administrix","The Bladedancer","The Bug Knight","The Construct","The Exalted","The Immortal","The Marked","The Problem Sleuth","The Servant 0.9.4","TheFirefly","TheSwordswoman","Trackpad","Waifu the Spire","WarShipGirlsR/????R mod","everything is the same but u backflip on backflip"],"gold_per_floor":[118,43,43,43,57,84,99,128,128,128,128,128,28,28,28,125,125,139,150,150,150,150,150,161,161,161,81,116,136,148,3,3,104,104,116,63,82,82,98,127,139,163,251,263,275,303,315,347,359,371,383,395,125,160,160,160],"floor_reached":55,"language":"ENG","playtime":1790,"items_purged":["theMarked:Strike","theMarked:Strike","theMarked:Strike"],"score":723,"play_id":"80e3e192-bf0d-4391-86c4-f0bbb8b02e4c","local_time":"20210223231431","is_ascension_mode":false,"campfire_choices":[{"floor":10.0,"key":"REST"},{"floor":12.0,"key":"REST"},{"data":"theMarked:EmpowerWeapon","floor":15.0,"key":"SMITH"},{"floor":23.0,"key":"REST"},{"data":"theMarked:Challenge","floor":25.0,"key":"SMITH"},{"floor":32.0,"key":"RECALL"},{"floor":45,"key":"REST"},{"floor":47,"key":"REST"},{"floor":49,"key":"REST"},{"data":"theMarked:EmpowerWeapon","floor":52,"key":"SMITH"}],"circlet_count":1,"master_deck":["theMarked:Strike","theMarked:Strike","theMarked:Defend","theMarked:Defend","theMarked:Defend","theMarked:Defend","theMarked:SoldierOfQuellstein","theMarked:SwordAndMagic","theMarked:SwordAndMagic","theMarked:EmpowerWeapon+1","theMarked:Challenge+1","Insight","StuffTheSpire:CelestialWarden","theMarked:ContemptForTheProud+1","theMarked:SwordAndMagic","theMarked:EmpowerWeapon+1","theMarked:ParalyzingBlade","theMarked:EmpowerWeapon+1","theMarked:OneWithTheBlade+1","theMarked:EmpowerWeapon+1","theMarked:EmpowerWeapon+1","theMarked:Indomitable+1"],"relics":["theMarked:ArtifactOfAir","infinitespire:EmpoweringShard","Replay:Bottled Flurry","aspiration:FetidBarrel","Replay:Baseball","halation:EternalFortune","Circlet","Busted Crown","Bloody Idol","halation:Toothbrush","trackpad:Mousetrap","MawBank","Singing Bowl","Orrery","hubris:SlimyHat"],"acts_visited":["Exordium","TheCity","TheBeyond","TheEnding"],"potions_floor_usage":[33,40,50,50,50],"damage_taken":[{"damage":1.0,"enemies":"Jaw Worm","floor":1.0,"turns":2.0},{"damage":9.0,"enemies":"2 Louse","floor":5.0,"turns":2.0},{"damage":26.0,"enemies":"3 Sentries","floor":6.0,"turns":8.0},{"damage":4.0,"enemies":"Small Slimes","floor":7.0,"turns":3.0},{"damage":20.0,"enemies":"Lagavulin","floor":8.0,"turns":5.0},{"damage":47.0,"enemies":"Hexaghost","floor":16.0,"turns":6.0},{"damage":9.0,"enemies":"Shell Parasite","floor":18.0,"turns":3.0},{"damage":0.0,"enemies":"Chosen","floor":19.0,"turns":3.0},{"damage":0.0,"enemies":"Snake Plant","floor":24.0,"turns":2.0},{"damage":0.0,"enemies":"Book of Stabbing","floor":28.0,"turns":3.0},{"damage":9.0,"enemies":"Centurion and Healer","floor":29.0,"turns":3.0},{"damage":0.0,"enemies":"Cultist and Chosen","floor":30.0,"turns":4.0},{"damage":20,"enemies":"Collector","floor":33,"turns":5},{"damage":0,"enemies":"Orb Walker","floor":35,"turns":2},{"damage":9,"enemies":"3 Darklings","floor":37,"turns":4},{"damage":10,"enemies":"Spire Growth","floor":39,"turns":3},{"damage":7,"enemies":"Giant Head","floor":40,"turns":6},{"damage":15,"enemies":"Maw","floor":42,"turns":6},{"damage":42,"enemies":"Writhing Mass","floor":46,"turns":3},{"damage":16,"enemies":"3 Darklings","floor":48,"turns":5},{"damage":67,"enemies":"Awakened One","floor":50,"turns":10},{"damage":38,"enemies":"Shield and Spear","floor":54,"turns":5},{"damage":72,"enemies":"The Heart","floor":55,"turns":5}],"seed_played":"5646021702117784031","potions_obtained":[{"floor":6.0,"key":"Regen Potion"},{"floor":7.0,"key":"SkillPotion"},{"floor":19.0,"key":"theMarked:ChargePotion"},{"floor":29.0,"key":"Energy Potion"},{"floor":30.0,"key":"DemoMod:BlankPotion"},{"floor":33,"key":"LiquidBronze"},{"floor":40,"key":"FearPotion"}],"is_trial":false,"path_per_floor":["M","$","?","T","M","E","M","E","T","R","?","R","$","?","R","B",null,"M","M","?","?","?","R","M","R","T","?","E","M","M","$","R","B",null,"M","$","M","?","M","E","AVR","M","T","?","R","M","R","M","R","B",null,"R","$","E","B"],"character_chosen":"THE_DEFAULT","items_purchased":["trackpad:Mousetrap","theMarked:EmpowerWeapon","Orrery"],"campfire_rested":6,"item_purchase_floors":[31,36,53],"current_hp_per_floor":[71,71,71,71,62,36,32,12,12,33,36,58,58,58,58,26,75,66,66,66,66,28,50,60,60,60,60,74,70,75,75,75,63,78,78,78,74,74,69,67,72,64,74,58,76,41,69,65,80,13,80,80,85,52,0,0],"gold":160,"neow_bonus":"THREE_CARDS","is_daily":false,"chose_seed":false,"campfire_upgraded":3,"win_rate":0.0,"timestamp":1614140071,"path_taken":["M","$","?","?","M","E","M","E","T","R","?","R","$","?","R","BOSS","M","?","?","?","?","R","M","R","T","?","E","?","?","?","R","BOSS","M","$","M","?","M","E","AVR","M","T","?","R","M","R","M","R","BOSS","R","$","E","BOSS"],"items_purchased_type":["Relic","Card","Relic"],"build_version":"2020-12-22","purchased_purges":3,"victory":false,"max_hp_per_floor":[72,72,72,72,72,72,72,72,72,72,75,75,75,75,75,75,75,75,75,75,75,75,75,75,75,75,75,75,75,75,75,75,78,78,78,78,78,74,74,74,74,74,74,76,76,78,78,80,80,80,80,80,85,85,85,85],"card_choices":[{"not_picked":["theMarked:WastefulAttack","theMarked:Improvise"],"picked":"theMarked:SwordAndMagic","floor":0.0},{"not_picked":["theMarked:Frustration","theMarked:WardOff"],"picked":"theMarked:SwordAndMagic","floor":1.0},{"not_picked":["theMarked:Indomitable","theMarked:TakeCover","theMarked:WastefulAttack"],"picked":"SKIP","floor":5.0},{"not_picked":["theMarked:Aftermath","theMarked:TwofoldDefense","theMarked:Parkour"],"picked":"SKIP","floor":6.0},{"not_picked":["theMarked:BiggerThanFate","theMarked:ElectricStrings"],"picked":"theMarked:EmpowerWeapon","floor":7.0},{"not_picked":["theMarked:TwofoldDefense","theMarked:ResourceFulStrike","theMarked:Levitate"],"picked":"SKIP","floor":8.0},{"not_picked":["theMarked:TakeOffHeels","theMarked:MagusForm"],"picked":"theMarked:Challenge","floor":16.0},{"not_picked":["theMarked:ChainLightning"],"picked":"SKIP","floor":18.0},{"not_picked":["theMarked:Determination"],"picked":"SKIP","floor":19.0},{"not_picked":["theMarked:TakeCover"],"picked":"SKIP","floor":24.0},{"not_picked":["theMarked:ResourceFulStrike"],"picked":"SKIP","floor":28.0},{"not_picked":["theMarked:TakeCover"],"picked":"SKIP","floor":29.0},{"not_picked":[],"picked":"theMarked:ContemptForTheProud+1","floor":30.0},{"not_picked":[],"picked":"theMarked:SwordAndMagic","floor":35},{"not_picked":["theMarked:WastefulAttack"],"picked":"SKIP","floor":37},{"not_picked":[],"picked":"theMarked:ParalyzingBlade","floor":39},{"not_picked":["theMarked:RepellingDischarge"],"picked":"SKIP","floor":40},{"not_picked":["theMarked:Improvise+1"],"picked":"SKIP","floor":42},{"not_picked":["ReplayTheSpireMod:Haul","ReplayTheSpireMod:??????????????????????","infinitespire:FinalStrike"],"picked":"Singing Bowl","floor":44},{"not_picked":["theMarked:TakeCover"],"picked":"Singing Bowl","floor":46},{"not_picked":["theMarked:Determination+1"],"picked":"Singing Bowl","floor":48},{"not_picked":[],"picked":"theMarked:EmpowerWeapon+1","floor":53},{"not_picked":[],"picked":"theMarked:OneWithTheBlade+1","floor":53},{"not_picked":[],"picked":"theMarked:EmpowerWeapon+1","floor":53},{"not_picked":["theMarked:Friction"],"picked":"Singing Bowl","floor":53},{"not_picked":[],"picked":"theMarked:EmpowerWeapon+1","floor":53},{"not_picked":[],"picked":"theMarked:Indomitable+1","floor":54}],"player_experience":407530,"relics_obtained":[{"floor":4.0,"key":"infinitespire:EmpoweringShard"},{"floor":6.0,"key":"Replay:Bottled Flurry"},{"floor":8.0,"key":"aspiration:FetidBarrel"},{"floor":9.0,"key":"Replay:Baseball"},{"floor":28.0,"key":"halation:Toothbrush"},{"floor":33,"key":"halation:EternalFortune"},{"floor":40,"key":"MawBank"},{"floor":43,"key":"Singing Bowl"},{"floor":54,"key":"hubris:SlimyHat"}],"event_choices":[{"damage_healed":0.0,"max_hp_gain":0.0,"max_hp_loss":0.0,"gold_gain":0.0,"event_name":"WeMeetAgain","player_choice":"Gave Potion","floor":14.0,"gold_loss":0.0,"damage_taken":0.0,"relics_obtained":["Dead Branch"]},{"cards_removed":["theMarked:Challenge"],"damage_healed":0.0,"max_hp_gain":0.0,"max_hp_loss":0.0,"gold_gain":0.0,"event_name":"betterNote:BetterNote","player_choice":"Give","floor":20.0,"gold_loss":0.0,"damage_taken":0.0,"cards_obtained":["UpSweep"]},{"damage_healed":0.0,"max_hp_gain":0.0,"max_hp_loss":0.0,"gold_gain":0.0,"event_name":"betterThird:BetterWriting","player_choice":"Insight","floor":21.0,"gold_loss":0.0,"damage_taken":0.0,"cards_obtained":["Insight"]},{"damage_healed":0.0,"max_hp_gain":66.0,"max_hp_loss":28.0,"gold_gain":0.0,"event_name":"betterAltar:BetterAltar","player_choice":" Idol ","floor":22.0,"potions_obtained":[],"relics_lost":[],"gold_loss":0.0,"damage_taken":38.0,"relics_obtained":["Bloody Idol"]},{"damage_healed":0,"gold_gain":0,"player_choice":"Max HP","damage_taken":0,"max_hp_gain":0,"max_hp_loss":4,"event_name":"Winding Halls","floor":38,"gold_loss":0}],"is_beta":false,"boss_relics":[{"not_picked":["aspiration:RitualDagger","energizedSpire:StickyHand"],"picked":"Busted Crown"},{"not_picked":["Coffee Dripper","aspiration:SecretTechniqueScroll","halation:Risk"]}],"items_purged_floors":[2,13,53],"is_endless":false,"potions_floor_spawned":[6,7,19,29,30,33,39,40],"killed_by":"The Heart","ascension_level":0}}