{"host":"2ty4h143nj8vwezc","time":1614140824,"event":{"mods":["BaseMod","Colored Map","Googly Eyes","Highlight Path","Minty Spire (QoL Compilation)","Quick Restart","StSLib"],"gold_per_floor":[118,118,118,118,130,160,160,176,176,194,194,209,11,21,21,98,98,118,118,136,136,25,58,58,69,69,99,49,49,84,95,95,95,95],"floor_reached":33,"language":"ENG","playtime":1229,"items_purged":["Strike_B"],"score":578,"play_id":"c113622a-1a9a-401c-9520-9eaaea99c60b","local_time":"20210223232704","is_ascension_mode":true,"campfire_choices":[{"data":"Hyperbeam","floor":7.0,"key":"SMITH"},{"data":"Seek","floor":11.0,"key":"SMITH"},{"floor":15.0,"key":"REST"},{"floor":24.0,"key":"REST"},{"floor":32.0,"key":"REST"}],"circlet_count":0,"master_deck":["AscendersBane","Strike_B","Strike_B","Defend_B","Defend_B","Defend_B","Defend_B","Zap","Dualcast","Hyperbeam+1","Go for the Eyes","Leap","Steam","Seek+1","Lockon+1","Beam Cell+1","Dramatic Entrance+1","Sunder+1","Reboot+1","Conserve Battery","Conserve Battery","Sunder+1","Leap","Double Energy","Turbo+1","Go for the Eyes+1"],"relics":["Cracked Core","Bottled Lightning","Molten Egg 2","Membership Card","Fusion Hammer","Anchor","The Courier","Eternal Feather","Lantern","Toxic Egg 2"],"acts_visited":["Exordium","TheCity"],"potions_floor_usage":[33],"damage_taken":[{"damage":0.0,"enemies":"2 Louse","floor":1.0,"turns":1.0},{"damage":4.0,"enemies":"Jaw Worm","floor":5.0,"turns":2.0},{"damage":19.0,"enemies":"Gremlin Nob","floor":6.0,"turns":5.0},{"damage":0.0,"enemies":"Cultist","floor":8.0,"turns":3.0},{"damage":3.0,"enemies":"Looter","floor":10.0,"turns":3.0},{"damage":6.0,"enemies":"Lots of Slimes","floor":12.0,"turns":3.0},{"damage":0.0,"enemies":"Large Slime","floor":14.0,"turns":2.0},{"damage":28.0,"enemies":"The Guardian","floor":16.0,"turns":9.0},{"damage":0.0,"enemies":"Chosen","floor":18.0,"turns":2.0},{"damage":0.0,"enemies":"Spheric Guardian","floor":20.0,"turns":1.0},{"damage":10.0,"enemies":"Slavers","floor":23.0,"turns":2.0},{"damage":0.0,"enemies":"Snecko","floor":25.0,"turns":3.0},{"damage":16.0,"enemies":"Book of Stabbing","floor":27.0,"turns":4.0},{"damage":0.0,"enemies":"Gremlin Leader","floor":30.0,"turns":3.0},{"damage":14.0,"enemies":"Shelled Parasite and Fungi","floor":31.0,"turns":3.0},{"damage":74,"enemies":"Automaton","floor":33,"turns":10}],"seed_played":"-1347726366636677824","potions_obtained":[{"floor":3.0,"key":"EssenceOfDarkness"},{"floor":3.0,"key":"Energy Potion"},{"floor":6.0,"key":"SkillPotion"},{"floor":8.0,"key":"Fruit Juice"},{"floor":14.0,"key":"Dexterity Potion"},{"floor":16.0,"key":"Weak Potion"},{"floor":23.0,"key":"DistilledChaos"},{"floor":30.0,"key":"LiquidBronze"}],"is_trial":false,"path_per_floor":["M","?","?","$","M","E","R","M","T","M","R","M","$","M","R","B",null,"M","?","M","?","$","E","R","M","T","E","?","$","E","M","R","B"],"character_chosen":"DEFECT","items_purchased":["Membership Card","Dramatic Entrance+1","Anchor"],"campfire_rested":3,"item_purchase_floors":[13,13,22],"current_hp_per_floor":[64,64,64,64,60,41,41,41,41,38,38,37,37,37,59,31,65,65,65,65,65,65,55,76,76,76,60,60,60,60,46,76,2,2],"gold":95,"neow_bonus":"TRANSFORM_CARD","is_daily":false,"chose_seed":false,"campfire_upgraded":2,"win_rate":0.0,"timestamp":1614140824,"path_taken":["M","?","?","$","M","E","R","?","T","M","R","M","$","M","R","BOSS","M","?","?","?","$","E","R","M","T","E","?","$","E","M","R","BOSS"],"items_purchased_type":["Relic","Card","Relic"],"build_version":"2020-12-22","purchased_purges":1,"victory":false,"max_hp_per_floor":[71,71,71,71,71,71,71,71,71,71,71,76,76,76,76,76,76,76,76,76,76,76,76,76,76,76,76,76,76,76,76,76,76,76],"card_choices":[{"not_picked":["Steam","Redo"],"picked":"Go for the Eyes","floor":1.0},{"not_picked":["Static Discharge","Capacitor"],"picked":"Leap","floor":5.0},{"not_picked":["Compile Driver","Recycle"],"picked":"Steam","floor":6.0},{"not_picked":["FTL","Barrage"],"picked":"Seek","floor":8.0},{"not_picked":["Heatsinks","Capacitor"],"picked":"Lockon+1","floor":10.0},{"not_picked":["Sweeping Beam+1","Rebound+1"],"picked":"Beam Cell+1","floor":12.0},{"not_picked":["Hologram","Rip and Tear+1"],"picked":"Sunder+1","floor":14.0},{"not_picked":["Electrodynamics","Multi-Cast"],"picked":"Reboot","floor":16.0},{"not_picked":["Cold Snap+1","Barrage+1"],"picked":"Conserve Battery","floor":18.0},{"not_picked":["Cold Snap+1","Turbo"],"picked":"Conserve Battery","floor":20.0},{"not_picked":["Auto Shields","Loop"],"picked":"Sunder+1","floor":23.0},{"not_picked":["Stack","Capacitor"],"picked":"Leap","floor":25.0},{"not_picked":["Recycle","Fusion"],"picked":"Double Energy","floor":27.0},{"not_picked":["Coolheaded+1","Blizzard+1"],"picked":"Turbo+1","floor":30.0},{"not_picked":["Gash+1","Sunder+1"],"picked":"Go for the Eyes+1","floor":31.0}],"player_experience":481483,"relics_obtained":[{"floor":6.0,"key":"Bottled Lightning"},{"floor":9.0,"key":"Molten Egg 2"},{"floor":23.0,"key":"The Courier"},{"floor":26.0,"key":"Eternal Feather"},{"floor":27.0,"key":"Lantern"},{"floor":30.0,"key":"Toxic Egg 2"}],"event_choices":[{"damage_healed":0.0,"max_hp_gain":0.0,"max_hp_loss":0.0,"gold_gain":0.0,"event_name":"Shining Light","player_choice":"Ignored","floor":2.0,"gold_loss":0.0,"damage_taken":0.0},{"damage_healed":0.0,"max_hp_gain":0.0,"max_hp_loss":0.0,"gold_gain":0.0,"event_name":"Lab","player_choice":"Got Potions","floor":3.0,"gold_loss":0.0,"damage_taken":0.0},{"damage_healed":0.0,"max_hp_gain":0.0,"max_hp_loss":0.0,"gold_gain":0.0,"event_name":"Upgrade Shrine","player_choice":"Upgraded","floor":19.0,"gold_loss":0.0,"damage_taken":0.0,"cards_upgraded":["Reboot"]},{"damage_healed":0.0,"max_hp_gain":0.0,"max_hp_loss":0.0,"gold_gain":0.0,"event_name":"Ghosts","player_choice":"Ignored","floor":21.0,"gold_loss":0.0,"damage_taken":0.0},{"damage_healed":0.0,"max_hp_gain":0.0,"max_hp_loss":0.0,"gold_gain":0.0,"event_name":"The Joust","player_choice":"Bet on Owner","floor":28.0,"gold_loss":50.0,"damage_taken":0.0}],"is_beta":false,"boss_relics":[{"not_picked":["Runic Dome","Snecko Eye"],"picked":"Fusion Hammer"}],"items_purged_floors":[22],"is_endless":false,"potions_floor_spawned":[6,8,10,14,16,20,23,30],"killed_by":"Automaton","ascension_level":15}}