{"host":"18wi9kpcl4eah7pe","time":1614182613,"event":{"mods":["BaseMod","Colored Powertips","Downfall","Minty Spire (QoL Compilation)","StSLib"],"gold_per_floor":[99,99,549,549,549,449,449,479,491,247,147,182,182,215,231,332,332,332,352,363,379,379,414,414,429,329,329,329,329],"floor_reached":27,"language":"ENG","playtime":656,"items_purged":["Normality"],"score":338,"play_id":"73faaf45-9f2d-455d-9f5d-02cf8a75ecff","local_time":"20210224100333","is_ascension_mode":true,"campfire_choices":[{"floor":1.0,"key":"RECALL"},{"data":"bronze:BuggyMess","floor":6.0,"key":"SMITH"},{"data":"bronze:Terminator","floor":11.0,"key":"SMITH"},{"data":"bronze:OilSpill","floor":13.0,"key":"SMITH"},{"data":"bronze:GetLatest","floor":18.0,"key":"SMITH"},{"floor":26.0,"key":"REST"}],"circlet_count":0,"master_deck":["bronze:Strike","bronze:Strike","bronze:Strike","bronze:Strike","bronze:Defend","bronze:Defend","bronze:Defend","bronze:Defend","bronze:Replicate","bronze:Goto","bronze:BuggyMess+1","downfall:Icky","downfall:Icky","bronze:OilSpill+1","bronze:Iterate+1","bronze:Terminator+1","bronze:Flail+1","bronze:WildBeam+1","bronze:GetLatest+1","bronze:Fortify+1","bronze:ShipIt+1","bronze:ChosenStrike+1","bronze:BugBarrage+1","bronze:Repulsor","RitualDagger+1","bronze:ClassDefault+1","bronze:Repair+1"],"relics":["bronze:BronzeCore","downfall:HeartsMalice","downfall:HeartBlessingRed","Molten Egg 2","Blood Vial","downfall:HeartBlessingBlue","Bag of Marbles","Question Card","bronze:MakeshiftBattery","Boot","Ginger","downfall:HeartBlessingGreen"],"acts_visited":["Exordium","TheCity"],"potions_floor_usage":[],"damage_taken":[{"damage":0.0,"enemies":"2 Louse","floor":2.0,"turns":1.0},{"damage":0.0,"enemies":"Small Slimes","floor":4.0,"turns":1.0},{"damage":0.0,"enemies":"Lagavulin","floor":8.0,"turns":1.0},{"damage":6.0,"enemies":"Cultist","floor":9.0,"turns":3.0},{"damage":5.0,"enemies":"downfall:FleeingMerchant","floor":10.0,"turns":4.0},{"damage":0.0,"enemies":"Gremlin Nob","floor":12.0,"turns":2.0},{"damage":0.0,"enemies":"3 Sentries","floor":14.0,"turns":3.0},{"damage":0.0,"enemies":"2 Fungi Beasts","floor":15.0,"turns":1.0},{"damage":28.0,"enemies":"IC_STATUS_ARCHETYPE","floor":16.0,"turns":3.0},{"damage":0.0,"enemies":"3 Byrds","floor":19.0,"turns":3.0},{"damage":0.0,"enemies":"Spheric Guardian","floor":20.0,"turns":1.0},{"damage":30.0,"enemies":"Snecko","floor":21.0,"turns":4.0},{"damage":39.0,"enemies":"Slavers","floor":23.0,"turns":3.0},{"damage":0.0,"enemies":"Chosen and Byrds","floor":25.0,"turns":2.0},{"damage":39,"enemies":"Book of Stabbing","floor":27,"turns":4}],"seed_played":"4902447203705672900","potions_obtained":[{"floor":12.0,"key":"Block Potion"},{"floor":14.0,"key":"hexamod:SoulburnPotion"},{"floor":15.0,"key":"Fire Potion"},{"floor":16.0,"key":"Swift Potion"},{"floor":19.0,"key":"PowerPotion"}],"is_trial":false,"path_per_floor":["R","M","?","M","?","R","T","E","M","$","R","E","R","E","M","B",null,"R","M","M","M","?","E","T","M","R","E"],"character_chosen":"THE_AUTOMATON","items_purchased":["Blood Vial"],"campfire_rested":1,"item_purchase_floors":[10],"current_hp_per_floor":[70,70,70,70,70,70,70,70,64,59,69,71,71,73,75,49,80,80,80,80,50,44,7,7,9,33,0,0,0],"gold":329,"neow_bonus":"THREE_ENEMY_KILL","is_daily":false,"chose_seed":false,"campfire_upgraded":4,"win_rate":0.0,"timestamp":1614182613,"path_taken":["R","M","?","M","?","R","T","E","M","$","R","E","R","E","M","BOSS","R","M","M","?","?","E","T","M","R","E"],"items_purchased_type":["Relic"],"build_version":"2020-12-22","purchased_purges":1,"victory":false,"max_hp_per_floor":[70,70,70,70,70,70,70,70,70,70,80,80,80,80,80,80,80,80,80,80,80,80,80,80,80,80,80,80,80],"card_choices":[{"not_picked":["bronze:Overload","bronze:Branch"],"picked":"bronze:BuggyMess","floor":2.0},{"not_picked":["bronze:Iterate","bronze:Branch"],"picked":"bronze:OilSpill","floor":4.0},{"not_picked":["bronze:ClassDefault","bronze:DelayedSlice+1"],"picked":"bronze:Iterate+1","floor":8.0},{"not_picked":["bronze:HyperBeam+1","bronze:BugBarrage+1"],"picked":"bronze:Terminator","floor":9.0},{"not_picked":["bronze:BugBarrage+1","bronze:FineTuning"],"picked":"bronze:Flail+1","floor":10.0},{"not_picked":["bronze:Philosophize","bronze:HyperBeam+1"],"picked":"bronze:WildBeam+1","floor":12.0},{"not_picked":["bronze:Optimize","bronze:FindAndReplace"],"picked":"bronze:GetLatest","floor":14.0},{"not_picked":["bronze:Frontload","bronze:DigitalCarnage+1","bronze:Terminator"],"picked":"bronze:Fortify+1","floor":15.0},{"not_picked":["bronze:Virus+1","bronze:RecursiveStrike+1","bronze:TinkerersToolbox"],"picked":"bronze:ShipIt+1","floor":16.0},{"not_picked":["bronze:Branch+1","bronze:Separator+1","bronze:Refactor"],"picked":"bronze:ChosenStrike+1","floor":19.0},{"not_picked":["bronze:Shield","bronze:Constructor","bronze:Branch+1"],"picked":"bronze:BugBarrage+1","floor":20.0},{"not_picked":["bronze:Terminator+1","bronze:Invalidate","bronze:WhirlingStrike+1"],"picked":"bronze:Repulsor","floor":21.0},{"not_picked":["bronze:RecursiveStrike+1","bronze:Branch+1","bronze:Invalidate+1"],"picked":"bronze:ClassDefault+1","floor":23.0},{"not_picked":["bronze:Branch+1","bronze:OilSpill+1","bronze:WhirlingStrike+1"],"picked":"bronze:Repair+1","floor":25.0}],"player_experience":1057081,"relics_obtained":[{"floor":8.0,"key":"Molten Egg 2"},{"floor":12.0,"key":"Bag of Marbles"},{"floor":14.0,"key":"Question Card"},{"floor":23.0,"key":"Boot"},{"floor":24.0,"key":"Ginger"}],"event_choices":[{"cards_removed":["downfall:Icky"],"damage_healed":0.0,"max_hp_gain":0.0,"max_hp_loss":0.0,"gold_gain":0.0,"event_name":"NoteForYourself","player_choice":"Took Card","floor":5.0,"gold_loss":0.0,"damage_taken":0.0,"cards_obtained":["Normality"]}],"is_beta":false,"boss_relics":[{"not_picked":["Black Star","bronze:ElectromagneticCoil"],"picked":"bronze:MakeshiftBattery"}],"items_purged_floors":[10],"is_endless":false,"potions_floor_spawned":[12,14,15,16,19],"killed_by":"Book of Stabbing","ascension_level":1}}