{"host":"ilhhjx796p2x2wmd","time":1614169812,"event":{"mods":["AchievementEnabler","BaseMod","BetterRewards","Colored Map","Colored Powertips","DeckTracker","Highlight Path","Minty Spire (QoL Compilation)","Permanent Neow","Rare Cards Sparkle","Shop Mod"],"gold_per_floor":[116,128,138,148,163,190,31,59,59,77,27,27,27,46,46,146,146,159,159,159,171,78,108,108,108,135,135,35,35,47,47,47],"floor_reached":31,"language":"KOR","playtime":1043,"items_purged":["Strike_G","Strike_G"],"score":371,"play_id":"5b02a572-3ce3-44a5-9415-a07b54711b72","local_time":"20210224213012","is_ascension_mode":true,"campfire_choices":[{"floor":13,"key":"REST"},{"floor":15,"key":"REST"},{"floor":24,"key":"REST"},{"data":"Catalyst","floor":27,"key":"SMITH"},{"data":"Neutralize","floor":29,"key":"SMITH"}],"circlet_count":0,"master_deck":["Strike_G","Strike_G","Strike_G","Defend_G","Defend_G","Defend_G","Defend_G","Defend_G","Survivor","Neutralize+1","Deadly Poison","PiercingWail","Poisoned Stab","Deadly Poison","PiercingWail","Quick Slash","Discovery+1","Terror+1","Catalyst+1","Venomology","Backflip+1","Panacea","Terror"],"relics":["Ring of the Snake","Dead Branch","Gremlin Horn","Mummified Hand","Bottled Flame","Sozu","Bag of Marbles","Kunai","Omamori"],"acts_visited":["Exordium","TheCity"],"potions_floor_usage":[6,6,8,16,16,16],"damage_taken":[{"damage":0,"enemies":"Jaw Worm","floor":1,"turns":7},{"damage":1,"enemies":"2 Louse","floor":2,"turns":4},{"damage":2,"enemies":"Cultist","floor":3,"turns":5},{"damage":4,"enemies":"Large Slime","floor":4,"turns":7},{"damage":6,"enemies":"Looter","floor":5,"turns":4},{"damage":10,"enemies":"3 Sentries","floor":6,"turns":8},{"damage":7,"enemies":"Lagavulin","floor":8,"turns":5},{"damage":13,"enemies":"3 Louse","floor":10,"turns":4},{"damage":9,"enemies":"2 Fungi Beasts","floor":14,"turns":3},{"damage":8,"enemies":"The Guardian","floor":16,"turns":6},{"damage":0,"enemies":"Spheric Guardian","floor":18,"turns":3},{"damage":10,"enemies":"3 Byrds","floor":21,"turns":6},{"damage":20,"enemies":"Gremlin Leader","floor":23,"turns":6},{"damage":16,"enemies":"Snake Plant","floor":30,"turns":4},{"damage":29,"enemies":"Shelled Parasite and Fungi","floor":31,"turns":3}],"seed_played":"8309416763659848237","potions_obtained":[{"floor":1,"key":"Poison Potion"},{"floor":2,"key":"SkillPotion"},{"floor":4,"key":"Regen Potion"},{"floor":8,"key":"SkillPotion"},{"floor":10,"key":"CultistPotion"}],"is_trial":false,"path_per_floor":["M","M","M","M","M","E","$","E","T","M","$","?","R","M","R","B",null,"M","?","?","M","$","E","R","T","T","R","$","R","M","M"],"character_chosen":"THE_SILENT","items_purchased":["Discovery","PowerPotion","Panacea"],"campfire_rested":3,"item_purchase_floors":[7,11,22],"current_hp_per_floor":[45,44,42,38,32,37,37,30,30,17,17,3,24,15,36,28,60,60,60,47,37,37,17,39,39,39,39,39,39,23,0,0],"gold":47,"neow_bonus":"ONE_RARE_RELIC","is_daily":false,"chose_seed":false,"campfire_upgraded":2,"win_rate":0.0,"timestamp":1614169812,"path_taken":["M","M","M","M","M","E","$","E","T","M","$","?","R","M","R","BOSS","M","?","?","M","$","E","R","?","T","R","?","R","M","?"],"items_purchased_type":["Card","Potion","Card"],"build_version":"2020-12-22","purchased_purges":2,"victory":false,"max_hp_per_floor":[70,70,70,70,70,70,70,70,70,70,70,70,70,70,70,70,70,70,70,75,75,75,75,75,75,75,75,75,75,75,75,75],"card_choices":[{"not_picked":["Escape Plan","Tactician"],"picked":"Deadly Poison","floor":1},{"not_picked":["Sucker Punch","Dash"],"picked":"PiercingWail","floor":2},{"not_picked":["Dagger Throw","Bane"],"picked":"Poisoned Stab","floor":3},{"not_picked":["Noxious Fumes","Acrobatics"],"picked":"Deadly Poison","floor":4},{"not_picked":["Outmaneuver","Accuracy"],"picked":"PiercingWail","floor":5},{"not_picked":["Prepared","Skewer"],"picked":"Quick Slash","floor":6},{"not_picked":["Sucker Punch","Slice"],"picked":"Terror","floor":8},{"not_picked":["Sucker Punch","Eviscerate"],"picked":"Catalyst","floor":10},{"not_picked":["All Out Attack","Acrobatics","Flying Knee"],"picked":"SKIP","floor":14},{"not_picked":["Phantasmal Killer","Corpse Explosion"],"picked":"Venomology","floor":16},{"not_picked":["Bane","Heel Hook","Predator"],"picked":"SKIP","floor":18},{"not_picked":["Dodge and Roll","Finisher"],"picked":"Backflip+1","floor":21},{"not_picked":["Bane","Concentrate+1","Outmaneuver"],"picked":"SKIP","floor":23},{"not_picked":["Backflip","Glass Knife"],"picked":"Terror","floor":30}],"player_experience":361126,"relics_obtained":[{"floor":6,"key":"Gremlin Horn"},{"floor":8,"key":"Mummified Hand"},{"floor":9,"key":"Bottled Flame"},{"floor":23,"key":"Bag of Marbles"},{"floor":25,"key":"Kunai"},{"floor":26,"key":"Omamori"}],"event_choices":[{"damage_healed":0,"gold_gain":0,"player_choice":"Entered Light","damage_taken":14,"max_hp_gain":0,"max_hp_loss":0,"event_name":"Shining Light","floor":12,"gold_loss":0,"cards_upgraded":["Discovery","Terror"]},{"damage_healed":0,"gold_gain":0,"player_choice":"Ignored","damage_taken":0,"max_hp_gain":0,"max_hp_loss":0,"event_name":"Vampires","floor":19,"gold_loss":0},{"damage_healed":0,"gold_gain":0,"player_choice":"Shed Blood","damage_taken":18,"max_hp_gain":5,"max_hp_loss":0,"event_name":"Forgotten Altar","floor":20,"gold_loss":0}],"is_beta":false,"boss_relics":[{"not_picked":["Fusion Hammer","Astrolabe"],"picked":"Sozu"}],"items_purged_floors":[7,28],"is_endless":false,"potions_floor_spawned":[1,2,4,8,10,23],"killed_by":"Shelled Parasite and Fungi","ascension_level":8}}