{"host":"8f5cu9y0fpol72qs","time":1614127785,"event":{"mods":["AlwaysNeverKeys","BaseMod","Colored Map","Colored Powertips","Curses Come First","Highlight Path","Key Reminder","Minty Spire (QoL Compilation)","StSLib"],"gold_per_floor":[114,189,205,55,71,102,102,137,209,209,224,224,224,258,258,258,258],"floor_reached":16,"language":"ENG","playtime":1146,"items_purged":["Strike_G"],"score":236,"play_id":"ec3810d7-9ac2-4f2e-a980-2dad44dbf76a","local_time":"20210223164945","is_ascension_mode":true,"campfire_choices":[{"floor":7.0,"key":"REST"},{"floor":10.0,"key":"REST"},{"data":"Crippling Poison","floor":12.0,"key":"SMITH"},{"data":"Neutralize","floor":15.0,"key":"SMITH"}],"circlet_count":0,"master_deck":["AscendersBane","Strike_G","Strike_G","Strike_G","Strike_G","Defend_G","Defend_G","Defend_G","Defend_G","Defend_G","Survivor","Neutralize+1","Dagger Throw","Slice","Crippling Poison+1","Predator","Infinite Blades","Bane","Backflip"],"relics":["Black Star","Mango","MealTicket","Anchor","WingedGreaves","Bottled Lightning","StoneCalendar","Turnip","Incense Burner"],"acts_visited":["Exordium"],"potions_floor_usage":[16],"damage_taken":[{"damage":2.0,"enemies":"Small Slimes","floor":1.0,"turns":4.0},{"damage":2.0,"enemies":"Jaw Worm","floor":3.0,"turns":4.0},{"damage":0.0,"enemies":"Cultist","floor":5.0,"turns":4.0},{"damage":36.0,"enemies":"3 Sentries","floor":6.0,"turns":15.0},{"damage":36.0,"enemies":"Gremlin Nob","floor":8.0,"turns":5.0},{"damage":0.0,"enemies":"Looter","floor":11.0,"turns":3.0},{"damage":12.0,"enemies":"3 Sentries","floor":14.0,"turns":7.0},{"damage":43,"enemies":"The Guardian","floor":16,"turns":14}],"seed_played":"-7687720183081983451","potions_obtained":[{"floor":5.0,"key":"Swift Potion"},{"floor":6.0,"key":"EssenceOfSteel"},{"floor":8.0,"key":"FearPotion"},{"floor":11.0,"key":"EntropicBrew"}],"is_trial":false,"path_per_floor":["M","?","M","$","M","E","R","E","T","R","M","R","T","E","R","B"],"character_chosen":"THE_SILENT","items_purchased":["Crippling Poison"],"campfire_rested":2,"item_purchase_floors":[4],"current_hp_per_floor":[57,46,44,44,44,22,46,10,10,34,34,34,34,37,37,0,0],"gold":258,"neow_bonus":"BOSS_RELIC","is_daily":false,"chose_seed":false,"campfire_upgraded":2,"win_rate":0.0,"timestamp":1614127785,"path_taken":["M","?","M","$","M","E","R","E","T","R","M","R","?","E","R","BOSS"],"items_purchased_type":["Card"],"build_version":"2020-12-22","purchased_purges":1,"victory":false,"max_hp_per_floor":[66,66,66,66,66,80,80,80,80,80,80,80,80,80,80,80,80],"card_choices":[{"not_picked":["Outmaneuver","Bane"],"picked":"Dagger Throw","floor":1.0},{"not_picked":["Bane","Sucker Punch"],"picked":"Slice","floor":3.0},{"not_picked":["Acrobatics","Sucker Punch"],"picked":"Predator","floor":5.0},{"not_picked":["Slice","Venomology"],"picked":"Infinite Blades","floor":6.0},{"not_picked":["Reflex","Blur","Slice"],"picked":"SKIP","floor":8.0},{"not_picked":["Slice","Outmaneuver"],"picked":"Bane","floor":11.0},{"not_picked":["Grand Finale","Poisoned Stab"],"picked":"Backflip","floor":14.0}],"player_experience":1138678,"relics_obtained":[{"floor":6.0,"key":"Mango"},{"floor":6.0,"key":"MealTicket"},{"floor":8.0,"key":"Anchor"},{"floor":8.0,"key":"WingedGreaves"},{"floor":9.0,"key":"Bottled Lightning"},{"floor":13.0,"key":"StoneCalendar"},{"floor":14.0,"key":"Turnip"},{"floor":14.0,"key":"Incense Burner"}],"event_choices":[{"damage_healed":0.0,"max_hp_gain":0.0,"max_hp_loss":0.0,"gold_gain":75.0,"event_name":"World of Goop","player_choice":"Gather Gold","floor":2.0,"gold_loss":0.0,"damage_taken":11.0}],"is_beta":false,"boss_relics":[],"items_purged_floors":[4],"is_endless":false,"potions_floor_spawned":[5,6,8,11],"killed_by":"The Guardian","ascension_level":20}}