{"host":"kmq7aw60w430zvtx","time":1614160304,"event":{"mods":["Aspiration","BaseMod","Downfall","GifTheSpireLib","Hermit","Hubris","Infinite Spire","Minty Spire (QoL Compilation)","Reliquary","Replay The Spire","Spire Arcade","StSLib","The Construct","The Cursed","The Hierophant","The Jungle","The Necromancer","The Runesmith"],"gold_per_floor":[110,110,110,110,110,141,161,196,243,71,71,71,90,100,100,197,197,217,492,175,175,24,24,59,158,158,158,140,157,157,157],"floor_reached":30,"language":"ENG","playtime":1490,"items_purged":[],"score":343,"play_id":"0fb4772e-9e04-457c-ac3a-3bfee370b950","local_time":"20210224105144","is_ascension_mode":true,"campfire_choices":[{"floor":12,"key":"RECALL"},{"data":"Madness","floor":15,"key":"SMITH"},{"floor":23,"key":"REST"}],"circlet_count":0,"master_deck":["Strike_R","Strike_R","Strike_R","Strike_R","Defend_R","Defend_R","Defend_R","Defend_R","Bash","Regret","Clothesline","Amnesia","Havoc","Injury","ReplayTheSpireMod:Strike From Hell+1","Exhume","ReplayTheSpireMod:Strike From Hell+1","Havoc+1","Anger+1","Madness+1","Reckless Charge+1","Iron Wave+1","Demon Form","Armaments","Regret","Poisoned Strike+1","Rupture+1","Replay:Bootleg Shield Generator","Shrug It Off+1","Sentinel","Anger+1"],"relics":["Burning Blood","Replay:Bottled Snecko","Ring of Misfortune","Ring of Peace","aspiration:HiddenCompartment","Molten Egg 2","Akabeko","Replay:Towering Pillar of Hats","Philosopher\u0027s Stone","Sling","Replay:Accelerometer","reliquary:HotPoker"],"acts_visited":["TheCity"],"potions_floor_usage":[8,14,29],"damage_taken":[{"damage":12,"enemies":"Jaw Worm","floor":1,"turns":4},{"damage":6,"enemies":"3 Sentries","floor":6,"turns":13},{"damage":0,"enemies":"2 Louse","floor":7,"turns":2},{"damage":18,"enemies":"Lagavulin","floor":8,"turns":7},{"damage":0,"enemies":"Small Slimes","floor":13,"turns":3},{"damage":0,"enemies":"Gremlin Gang","floor":14,"turns":5},{"damage":52,"enemies":"Fading Forest","floor":16,"turns":11},{"damage":21,"enemies":"3 Byrds","floor":18,"turns":6},{"damage":89,"enemies":"Replay:Snechameleon","floor":24,"turns":8},{"damage":0,"enemies":"2 Thieves","floor":28,"turns":4},{"damage":14,"enemies":"Shelled Parasite and Fungi","floor":29,"turns":7},{"damage":33,"enemies":"Snecko","floor":30,"turns":6}],"seed_played":"7438450490261793640","potions_obtained":[{"floor":7,"key":"Guardian:BlockOnCardUsePotion"},{"floor":8,"key":"CultistPotion"},{"floor":11,"key":"DistilledChaos"},{"floor":11,"key":"FearPotion"},{"floor":13,"key":"FairyPotion"},{"floor":24,"key":"LiquidBronze"},{"floor":28,"key":"Strength Potion"}],"is_trial":false,"path_per_floor":["M","?","AVR","?","?","E","M","E","T","$","?","R","M","M","R","B",null,"M","?","$","?","$","R","E","?","T","?","M","M","M"],"character_chosen":"IRONCLAD","items_purchased":["Havoc+1","Anger+1","Madness","Sling","Poisoned Strike+1","Rupture+1","Replay:Bootleg Shield Generator"],"campfire_rested":1,"item_purchase_floors":[10,10,10,20,20,22,22],"current_hp_per_floor":[66,66,66,66,66,66,72,60,60,60,60,60,66,72,72,44,71,56,56,56,56,56,80,23,23,23,23,29,21,0,0],"gold":157,"neow_bonus":"RANDOM_EVENT","is_daily":false,"chose_seed":false,"campfire_upgraded":1,"win_rate":0.0,"timestamp":1614160304,"path_taken":["M","?","AVR","?","?","E","M","E","T","$","?","R","?","M","R","BOSS","M","?","?","?","$","R","E","?","T","?","M","M","M"],"items_purchased_type":["Card","Card","Card","Relic","Card","Card","Card"],"build_version":"2020-12-22","purchased_purges":0,"victory":false,"max_hp_per_floor":[80,80,80,80,80,80,80,80,80,80,80,80,80,80,80,80,80,80,80,80,80,80,80,80,80,80,80,80,80,80,80],"card_choices":[{"not_picked":["Thunderclap","Havoc"],"picked":"Clothesline","floor":1},{"not_picked":["Seeing Red","Havoc"],"picked":"ReplayTheSpireMod:Strike From Hell+1","floor":6},{"not_picked":["Clothesline+1","hubris:ReadiedAction"],"picked":"Exhume","floor":7},{"not_picked":["Second Wind","Body Slam+1"],"picked":"ReplayTheSpireMod:Strike From Hell+1","floor":8},{"not_picked":["Power Through","Burning Pact"],"picked":"Reckless Charge+1","floor":13},{"not_picked":["hubris:ReadiedAction","Intimidate"],"picked":"Iron Wave+1","floor":14},{"not_picked":["Offering","Berserk"],"picked":"Demon Form","floor":16},{"not_picked":["Sword Boomerang+1","Clothesline+1"],"picked":"Armaments","floor":18},{"not_picked":["Thunderclap+1","hubris:CleavingFinish+1"],"picked":"Shrug It Off+1","floor":24},{"not_picked":["Sword Boomerang+1","ReplayReversal"],"picked":"Sentinel","floor":28},{"not_picked":["Perfected Strike+1","Flex+1"],"picked":"Anger+1","floor":29}],"player_experience":413892,"relics_obtained":[{"floor":2,"key":"Ring of Misfortune"},{"floor":2,"key":"Ring of Peace"},{"floor":6,"key":"Akabeko"},{"floor":8,"key":"Replay:Towering Pillar of Hats"},{"floor":24,"key":"Replay:Accelerometer"},{"floor":26,"key":"reliquary:HotPoker"}],"event_choices":[{"damage_healed":0,"gold_gain":0,"player_choice":"Box","damage_taken":0,"relics_obtained":["Replay:Bottled Snecko"],"max_hp_gain":0,"max_hp_loss":0,"event_name":"Big Fish","floor":0,"gold_loss":0,"cards_obtained":["Regret"]},{"damage_healed":0,"gold_gain":0,"cards_transformed":["Strike_R"],"player_choice":"Change","damage_taken":0,"max_hp_gain":0,"max_hp_loss":0,"event_name":"Living Wall","floor":4,"gold_loss":0,"cards_obtained":["Havoc"]},{"damage_healed":0,"gold_gain":0,"player_choice":"Got Potions","damage_taken":0,"max_hp_gain":0,"max_hp_loss":0,"event_name":"Lab","floor":11,"gold_loss":0},{"damage_healed":0,"gold_gain":275,"player_choice":"Desecrate","damage_taken":0,"max_hp_gain":0,"max_hp_loss":0,"event_name":"Golden Shrine","floor":19,"gold_loss":0,"cards_obtained":["Regret"]},{"damage_healed":0,"gold_gain":0,"player_choice":"Ignored","damage_taken":0,"max_hp_gain":0,"max_hp_loss":0,"event_name":"Ghosts","floor":21,"gold_loss":0},{"damage_healed":0,"gold_gain":99,"player_choice":"Stole From Cult","damage_taken":0,"max_hp_gain":0,"max_hp_loss":0,"event_name":"Nest","floor":25,"gold_loss":0}],"is_beta":false,"boss_relics":[{"not_picked":["Velvet Choker","Ectoplasm"],"picked":"Philosopher\u0027s Stone"}],"items_purged_floors":[],"is_endless":false,"potions_floor_spawned":[7,8,13,24,28],"killed_by":"Snecko","ascension_level":7}}