{"host":"0kk91h4bq4kgfj0u","time":1614202523,"event":{"mods":["BaseMod","Bestiary","Block Reminder","Colored Map","Colored Powertips","Curses Come First","Highlight Path","Minty Spire (QoL Compilation)","Relic Stats","StSLib"],"gold_per_floor":[118,94,94,118,131,166,166,197,270,296,314,8,21,33,33,135,135,118,118,118,68,68,68,102,27,27,27,44,44,72,91,91,91,91],"floor_reached":33,"language":"ENG","playtime":1040,"items_purged":["Strike_G"],"score":434,"play_id":"6d29c4ba-4c0e-4a07-bcea-8c3e67165408","local_time":"20210224163523","is_ascension_mode":true,"campfire_choices":[{"floor":7,"key":"REST"},{"floor":15,"key":"REST"},{"floor":23,"key":"REST"},{"floor":27,"key":"REST"},{"data":"A Thousand Cuts","floor":29,"key":"SMITH"},{"floor":32,"key":"REST"}],"circlet_count":0,"master_deck":["Strike_G","Strike_G","Strike_G","Strike_G","Defend_G","Defend_G","Defend_G","Defend_G","Defend_G","Survivor","Neutralize","Predator","Deadly Poison","Dagger Spray","Deflect","A Thousand Cuts+1","Dodge and Roll","Backflip","Terror","Blade Dance","PiercingWail","Blade Dance","Storm of Steel","Distraction+1","Flying Knee","RitualDagger","Bullet Time","Escape Plan+1","Accuracy+1","Escape Plan+1","Bane+1","Deflect"],"relics":["Ring of the Serpent","Unceasing Top","Akabeko","Sundial","Prayer Wheel","PreservedInsect","Lizard Tail","Mango","MealTicket","Du-Vu Doll"],"acts_visited":["Exordium","TheCity"],"potions_floor_usage":[8,14,16,22,31,33,33,33],"damage_taken":[{"damage":2,"enemies":"2 Louse","floor":1,"turns":3},{"damage":4,"enemies":"Jaw Worm","floor":5,"turns":3},{"damage":27,"enemies":"3 Sentries","floor":6,"turns":8},{"damage":16,"enemies":"Gremlin Nob","floor":8,"turns":3},{"damage":16,"enemies":"Lagavulin","floor":10,"turns":7},{"damage":0,"enemies":"Cultist","floor":11,"turns":2},{"damage":14,"enemies":"Exordium Wildlife","floor":13,"turns":5},{"damage":16,"enemies":"Looter","floor":14,"turns":4},{"damage":44,"enemies":"Hexaghost","floor":16,"turns":11},{"damage":18,"enemies":"2 Thieves","floor":18,"turns":4},{"damage":18,"enemies":"Shell Parasite","floor":22,"turns":3},{"damage":22,"enemies":"Slavers","floor":24,"turns":3},{"damage":11,"enemies":"Centurion and Healer","floor":28,"turns":7},{"damage":25,"enemies":"Book of Stabbing","floor":30,"turns":4},{"damage":17,"enemies":"Cultist and Chosen","floor":31,"turns":5},{"damage":56,"enemies":"Automaton","floor":33,"turns":6}],"seed_played":"6922389584280305973","potions_obtained":[{"floor":1,"key":"Swift Potion"},{"floor":6,"key":"DuplicationPotion"},{"floor":13,"key":"Explosive Potion"},{"floor":16,"key":"SmokeBomb"},{"floor":24,"key":"Block Potion"},{"floor":28,"key":"LiquidMemories"},{"floor":30,"key":"Dexterity Potion"},{"floor":31,"key":"CunningPotion"}],"is_trial":false,"path_per_floor":["M","$","?","T","M","E","R","E","T","E","M","$","M","M","R","B",null,"M","?","?","?","M","R","E","$","T","R","M","R","E","M","R","B"],"character_chosen":"THE_SILENT","items_purchased":["Deadly Poison","Lizard Tail"],"campfire_rested":5,"item_purchase_floors":[2,12],"current_hp_per_floor":[68,68,65,65,61,34,57,41,41,25,25,25,11,38,61,17,62,44,38,38,38,20,43,35,35,35,62,51,51,26,9,36,0,0],"gold":91,"neow_bonus":"TEN_PERCENT_HP_BONUS","is_daily":false,"chose_seed":false,"campfire_upgraded":1,"win_rate":0.0,"timestamp":1614202523,"path_taken":["M","$","?","?","M","E","R","E","T","E","?","$","M","M","R","BOSS","M","?","?","?","M","R","E","$","T","R","M","R","E","?","R","BOSS"],"items_purchased_type":["Card","Relic"],"build_version":"2020-12-22","purchased_purges":1,"victory":false,"max_hp_per_floor":[77,77,77,77,77,77,77,77,77,77,77,77,77,77,77,77,77,77,77,77,77,77,77,91,91,91,91,91,91,91,91,91,91,91],"relic_stats":{"Lizard Tail":38,"counters":[16,78],"Sundial":[6],"Prayer Wheel":6,"MealTicket":0,"PreservedInsect":81,"obtain_stats":[{"Du-Vu Doll":30,"Lizard Tail":12,"Sundial":6,"Prayer Wheel":8,"Mango":24,"MealTicket":26,"PreservedInsect":10,"Unceasing Top":3,"Akabeko":4,"Ring of the Serpent":17,"Ring of the Snake":0},{"Du-Vu Doll":14,"Lizard Tail":6,"Sundial":3,"Prayer Wheel":4,"Mango":12,"MealTicket":12,"PreservedInsect":5,"Unceasing Top":1,"Akabeko":1,"Ring of the Serpent":9,"Ring of the Snake":0},{"Du-Vu Doll":67,"Lizard Tail":26,"Sundial":14,"Prayer Wheel":17,"Mango":56,"MealTicket":56,"PreservedInsect":24,"Unceasing Top":3,"Akabeko":3,"Ring of the Serpent":46,"Ring of the Snake":0}],"Unceasing Top":[5]},"card_choices":[{"not_picked":["Finisher","Endless Agony"],"picked":"Predator","floor":1},{"not_picked":["Distraction","Dodge and Roll"],"picked":"Dagger Spray","floor":5},{"not_picked":["Dodge and Roll","Backstab"],"picked":"Deflect","floor":6},{"not_picked":["Terror","Dodge and Roll"],"picked":"A Thousand Cuts","floor":8},{"not_picked":["Concentrate","Eviscerate"],"picked":"Dodge and Roll","floor":10},{"not_picked":["Deflect","Poisoned Stab"],"picked":"Backflip","floor":11},{"not_picked":["Catalyst","Prepared"],"picked":"Terror","floor":11},{"not_picked":["Bane","PiercingWail"],"picked":"Blade Dance","floor":13},{"not_picked":["Deadly Poison","Masterful Stab"],"picked":"PiercingWail","floor":13},{"not_picked":["Poisoned Stab","Crippling Poison"],"picked":"Blade Dance","floor":14},{"not_picked":["Terror","Burst","Backflip"],"picked":"SKIP","floor":14},{"not_picked":["A Thousand Cuts","Unload"],"picked":"Storm of Steel","floor":16},{"not_picked":["Dodge and Roll","Backflip"],"picked":"Distraction+1","floor":18},{"not_picked":["PiercingWail+1","Reflex"],"picked":"Flying Knee","floor":18},{"not_picked":["Escape Plan","Cloak And Dagger+1"],"picked":"Bullet Time","floor":24},{"not_picked":["Backflip","Flying Knee"],"picked":"Escape Plan+1","floor":28},{"not_picked":["PiercingWail","Choke+1"],"picked":"Accuracy+1","floor":28},{"not_picked":["Outmaneuver","Dagger Spray"],"picked":"Escape Plan+1","floor":30},{"not_picked":["Choke","Deflect"],"picked":"Bane+1","floor":31},{"not_picked":["PiercingWail+1","Bane"],"picked":"Deflect","floor":31}],"player_experience":921219,"relics_obtained":[{"floor":4,"key":"Akabeko"},{"floor":6,"key":"Sundial"},{"floor":8,"key":"Prayer Wheel"},{"floor":10,"key":"PreservedInsect"},{"floor":24,"key":"Mango"},{"floor":26,"key":"MealTicket"},{"floor":30,"key":"Du-Vu Doll"}],"event_choices":[{"damage_healed":0,"gold_gain":0,"player_choice":"Success","damage_taken":3,"relics_obtained":["Unceasing Top"],"max_hp_gain":0,"max_hp_loss":0,"event_name":"Scrap Ooze","floor":3,"gold_loss":0},{"damage_healed":0,"gold_gain":0,"player_choice":"Joined the Cult","damage_taken":6,"max_hp_gain":0,"max_hp_loss":0,"event_name":"Nest","floor":19,"gold_loss":0,"cards_obtained":["RitualDagger"]},{"damage_healed":0,"gold_gain":0,"player_choice":"Ignored","damage_taken":0,"max_hp_gain":0,"max_hp_loss":0,"event_name":"Ghosts","floor":20,"gold_loss":0},{"damage_healed":0,"gold_gain":0,"player_choice":"Bet on Murderer","damage_taken":0,"max_hp_gain":0,"max_hp_loss":0,"event_name":"The Joust","floor":21,"gold_loss":50}],"is_beta":false,"boss_relics":[{"not_picked":["Busted Crown","SacredBark"],"picked":"Ring of the Serpent"}],"items_purged_floors":[25],"is_endless":false,"potions_floor_spawned":[1,6,13,16,24,28,30,31],"killed_by":"Automaton","ascension_level":7}}