{"host":"iodx9wtiy6cq33np","time":1614158909,"event":{"mods":["2.2 Compatiblity","Act Like it!","BaseMod","Colored Map","DeckTracker","Keyboard Shortcuts","Minty Spire (QoL Compilation)","Permanent Neow","Quick Restart","Rare Cards Sparkle","StSLib","SuperFastMode","The Dragon Tamer"],"gold_per_floor":[118,68,82,99,99,99,133,133,133,133,144,172,172,272,272,377,377,390,390,390,404,319,319,198,233,233,233,50,69,69,95,95,95,95,95],"floor_reached":33,"language":"KOR","playtime":944,"items_purged":["Writhe"],"score":382,"play_id":"8433e801-0f0c-42a6-ae0f-1273dc77a76d","local_time":"20210224182829","is_ascension_mode":true,"metric_token":863,"campfire_choices":[{"data":"DTMod:SwitchingTactic","floor":6.0,"key":"SMITH"},{"data":"DTMod:SwitchingTactic","floor":8.0,"key":"SMITH"},{"data":"DTMod:ForkedFire","floor":10.0,"key":"SMITH"},{"data":"DTMod:OpeningTactic","floor":13.0,"key":"SMITH"},{"data":"DTMod:DoubleHit","floor":15.0,"key":"SMITH"},{"data":"DTMod:HeadStart","floor":23,"key":"SMITH"},{"data":"DTMod:FlameSlash","floor":30,"key":"SMITH"},{"data":"DTMod:Threaten","floor":32,"key":"SMITH"}],"dtmod_dragon_data":[40,50,4,-1,13,0],"circlet_count":0,"master_deck":["DTMod:Strike","DTMod:Strike","DTMod:Strike","DTMod:DoubleHit+1","DTMod:TargetDefense","DTMod:TargetDefense","DTMod:TargetDefense","DTMod:TargetDefense","DTMod:SwitchingTactic+1","DTMod:FlameSlash+1","DTMod:ForkedFire+1","DTMod:BizarreTactic","DTMod:FierySynthesis","DTMod:SwitchingTactic+1","DTMod:Cover","DTMod:OpeningTactic+1","DTMod:HeadStart+1","DTMod:Threaten+1","DTMod:TauntingStrike"],"relics":["DTMod:PactStone","Nunchaku","Strawberry","Mummified Hand","Frozen Egg 2","DTMod:TheChair","Kunai","MealTicket","Tiny Chest","Bottled Flame","DTMod:TacticalNote","WingedGreaves"],"acts_visited":["Exordium","TheCity"],"potions_floor_usage":[21,25],"damage_taken":[{"damage":0.0,"enemies":"2 Louse","floor":1.0,"turns":2.0},{"damage":0.0,"enemies":"Jaw Worm","floor":3.0,"turns":4.0},{"damage":1.0,"enemies":"Cultist","floor":4.0,"turns":3.0},{"damage":6.0,"enemies":"Lagavulin","floor":7.0,"turns":7.0},{"damage":0.0,"enemies":"Exordium Wildlife","floor":11.0,"turns":2.0},{"damage":11.0,"enemies":"Gremlin Nob","floor":12.0,"turns":5.0},{"damage":0.0,"enemies":"Slime Boss","floor":16.0,"turns":5.0},{"damage":13.0,"enemies":"2 Thieves","floor":18.0,"turns":3.0},{"damage":0,"enemies":"Shell Parasite","floor":21,"turns":2},{"damage":22,"enemies":"Slavers","floor":25,"turns":3},{"damage":0,"enemies":"3 Cultists","floor":29,"turns":4},{"damage":0,"enemies":"Gremlin Leader","floor":31,"turns":5},{"damage":0,"enemies":"Champ","floor":33,"turns":8}],"seed_played":"-1419461710994624293","potions_obtained":[{"floor":3.0,"key":"Block Potion"},{"floor":11.0,"key":"Energy Potion"},{"floor":16.0,"key":"LiquidMemories"},{"floor":18.0,"key":"Fire Potion"},{"floor":31,"key":"SneckoOil"}],"is_trial":false,"path_per_floor":["M","?","M","M","?","R","E","R","T","R","M","E","R","?","R","B",null,"M","?","?","M","?","R","$","E","T","?","$","M","R","E","R","B"],"character_chosen":"THE_DT","items_purchased":["DTMod:Threaten","DTMod:TacticalNote"],"campfire_rested":0,"item_purchase_floors":[24,28],"current_hp_per_floor":[45,45,45,44,44,44,45,45,45,45,45,34,34,34,34,34,52,39,39,39,39,39,39,52,30,30,47,52,52,52,52,52,52,52,52],"gold":95,"neow_bonus":"RANDOM_COMMON_RELIC","is_daily":false,"chose_seed":false,"campfire_upgraded":8,"win_rate":0.0,"timestamp":1614158909,"path_taken":["M","?","M","M","?","R","E","R","T","R","?","E","R","?","R","BOSS","M","?","?","?","?","R","$","E","T","?","?","M","R","E","R","BOSS"],"items_purchased_type":["Card","Relic"],"build_version":"2020-12-22","purchased_purges":1,"victory":false,"max_hp_per_floor":[45,45,45,45,45,45,52,52,52,52,52,52,52,52,52,52,52,52,52,52,52,52,52,52,52,52,52,52,52,52,52,52,52,52,52],"card_choices":[{"not_picked":["DTMod:Weaken","DTMod:BurningEnergy"],"picked":"DTMod:FlameSlash","floor":1.0},{"not_picked":["DTMod:DeepFocus","DTMod:BalancedStrike"],"picked":"DTMod:ForkedFire","floor":3.0},{"not_picked":["DTMod:Overwhelm","DTMod:MaximumCharge"],"picked":"DTMod:BizarreTactic","floor":4.0},{"not_picked":["DTMod:HeatWave","DTMod:DarkBreath"],"picked":"DTMod:Cover","floor":7.0},{"not_picked":["DTMod:CleansingStrike","DTMod:MasterPlan"],"picked":"DTMod:OpeningTactic","floor":11.0},{"not_picked":["DTMod:Hide","DTMod:StarRain","DTMod:MaximumCharge"],"picked":"SKIP","floor":12.0},{"not_picked":["DTMod:LightShield","DTMod:RepeatStrike"],"picked":"DTMod:HeadStart","floor":16.0},{"not_picked":["DTMod:Haste","DTMod:Astonish","DTMod:Hide"],"picked":"SKIP","floor":18.0},{"not_picked":["DTMod:Punisher","DTMod:Overwhelm","DTMod:Feint+1"],"picked":"SKIP","floor":21},{"not_picked":["DTMod:Hide+1","DTMod:Feint+1"],"picked":"DTMod:TauntingStrike","floor":25},{"not_picked":["DTMod:Training","DTMod:BalancedStrike","DTMod:Hide"],"picked":"SKIP","floor":29},{"not_picked":["DTMod:Punisher","DTMod:Overwhelm+1","DTMod:SealedStrike"],"picked":"SKIP","floor":31}],"player_experience":935086,"relics_obtained":[{"floor":7.0,"key":"Strawberry"},{"floor":9.0,"key":"Mummified Hand"},{"floor":12.0,"key":"Frozen Egg 2"},{"floor":25,"key":"Tiny Chest"},{"floor":26,"key":"Bottled Flame"},{"floor":31,"key":"WingedGreaves"}],"event_choices":[{"cards_removed":["DTMod:Strike"],"damage_healed":0.0,"max_hp_gain":0.0,"max_hp_loss":0.0,"gold_gain":0.0,"event_name":"The Cleric","player_choice":"Card Removal","floor":2.0,"gold_loss":50.0,"damage_taken":0.0},{"damage_healed":0.0,"max_hp_gain":0.0,"max_hp_loss":0.0,"gold_gain":0.0,"event_name":"Match and Keep!","player_choice":"2 cards matched","floor":5.0,"gold_loss":0.0,"damage_taken":0.0,"cards_obtained":["DTMod:FierySynthesis","DTMod:SwitchingTactic"]},{"damage_healed":0.0,"max_hp_gain":0.0,"max_hp_loss":0.0,"gold_gain":100.0,"event_name":"Golden Shrine","player_choice":"Pray","floor":14.0,"gold_loss":0.0,"damage_taken":0.0},{"damage_healed":0.0,"max_hp_gain":0.0,"max_hp_loss":0.0,"gold_gain":0.0,"event_name":"The Mausoleum","player_choice":"Opened","floor":19.0,"gold_loss":0.0,"damage_taken":0.0,"relics_obtained":["Kunai"],"cards_obtained":["Writhe"]},{"damage_healed":0,"gold_gain":0,"player_choice":"Ignored","damage_taken":0,"max_hp_gain":0,"max_hp_loss":0,"event_name":"Cursed Tome","floor":20,"gold_loss":0},{"damage_healed":0,"gold_gain":0,"player_choice":"Obtained Relic","damage_taken":0,"relics_obtained":["MealTicket"],"max_hp_gain":0,"max_hp_loss":0,"event_name":"Addict","floor":22,"gold_loss":85},{"damage_healed":17,"gold_gain":0,"player_choice":"Heal","damage_taken":0,"max_hp_gain":0,"max_hp_loss":0,"event_name":"The Library","floor":27,"gold_loss":0}],"is_beta":false,"boss_relics":[{"not_picked":["Black Star","Ectoplasm"],"picked":"DTMod:TheChair"}],"items_purged_floors":[24],"is_endless":false,"potions_floor_spawned":[3,11,16,18,31],"killed_by":"Champ","ascension_level":1}}