{"host":"va904f3s24glxxej","time":1614200421,"event":{"mods":["AchievementEnabler","BaseMod","Colored Powertips","Downfall","Hubris","Minty Spire (QoL Compilation)","Replay The Spire","StSLib","The Necromancer"],"gold_per_floor":[99,109,559,579,754,81,151,151,151,151,36,51,36,55,66,164,164,164,183,198,198,198,198,198,58,58,71,88,101,164,177,194,194,194,194],"floor_reached":33,"language":"ENG","playtime":2145,"items_purged":["Doubt","downfall:Icky","downfall:Icky"],"score":264,"play_id":"015d8621-3fa2-4b00-bc1e-f7a424603bef","local_time":"20210224210021","is_ascension_mode":false,"campfire_choices":[{"data":"champ:Taunt","floor":1.0,"key":"SMITH"},{"data":"champ:GladiatorForm","floor":8.0,"key":"SMITH"},{"data":"expansioncontent:DashGenerateEvil","floor":10.0,"key":"SMITH"},{"data":"champ:SteelEdge","floor":18.0,"key":"SMITH"}],"circlet_count":0,"master_deck":["champ:Strike","champ:Strike","champ:Strike","champ:Strike","champ:Defend","champ:Defend","champ:Defend","champ:Defend","champ:Execute","champ:Taunt+1","champ:TornadoPunch","champ:GladiatorForm+1","expansioncontent:DashGenerateEvil+1","champ:TripleStrike","ReplayTheSpireMod:LeadingStrike","champ:SteelEdge+1","RitualDagger","champ:ShieldWall","hubris:DuctTapeCard"],"relics":["Mummified Hand","hexamod:CandleOfCauterizing","m_IronCrown","hubris:Stopwatch","hubris:DuctTape","hubris:Towel","hubris:SlimyHat"],"acts_visited":["Exordium","TheCity"],"potions_floor_usage":[31,33,33,33],"damage_taken":[{"damage":10.0,"enemies":"Small Slimes","floor":2.0,"turns":3.0},{"damage":2.0,"enemies":"2 Louse","floor":4.0,"turns":2.0},{"damage":30.0,"enemies":"downfall:FleeingMerchant","floor":6.0,"turns":4.0},{"damage":5.0,"enemies":"downfall:FleeingMerchant","floor":11.0,"turns":4.0},{"damage":6.0,"enemies":"Jaw Worm","floor":12.0,"turns":3.0},{"damage":45.0,"enemies":"downfall:FleeingMerchant","floor":13.0,"turns":4.0},{"damage":8.0,"enemies":"Red Slaver","floor":14.0,"turns":3.0},{"damage":11.0,"enemies":"3 Louse","floor":15.0,"turns":3.0},{"damage":66.0,"enemies":"IC_STATUS_ARCHETYPE","floor":16.0,"turns":7.0},{"damage":22.0,"enemies":"Shell Parasite","floor":19.0,"turns":3.0},{"damage":0.0,"enemies":"Spheric Guardian","floor":20.0,"turns":3.0},{"damage":15.0,"enemies":"downfall:FleeingMerchant","floor":25.0,"turns":5.0},{"damage":16.0,"enemies":"Snake Plant","floor":27.0,"turns":4.0},{"damage":48.0,"enemies":"Centurion and Healer","floor":28.0,"turns":9.0},{"damage":38,"enemies":"Cultist and Chosen","floor":29,"turns":6},{"damage":10,"enemies":"Snake Plant","floor":31,"turns":3},{"damage":34,"enemies":"Snecko","floor":32,"turns":5},{"damage":66,"enemies":"WA_ARCHETYPE_CALM","floor":33,"turns":5}],"seed_played":"4058532313634797386","potions_obtained":[{"floor":4.0,"key":"Milkshake"},{"floor":12.0,"key":"DuplicationPotion"},{"floor":14.0,"key":"AttackPotion"},{"floor":27.0,"key":"SpeedPotion"},{"floor":29,"key":"Explosive Potion"},{"floor":30,"key":"Toxic Potion"},{"floor":31,"key":"SteroidPotion"},{"floor":32,"key":"champ:TechniquePotion"}],"is_trial":false,"path_per_floor":["R","M","?","M","?","$","T","R","?","R","$","M","$","M","M","B",null,"R","M","M","?","?","?","T","$","?","M","M","M","?","M","M","B"],"character_chosen":"THE_CHAMP","items_purchased":["champ:VampiricStrike","Mummified Hand","expansioncontent:DashGenerateEvil"],"campfire_rested":0,"item_purchase_floors":[6,6,6],"current_hp_per_floor":[99,99,99,97,97,87,87,87,87,87,88,88,74,72,67,34,99,99,93,99,93,93,93,93,84,84,74,62,45,45,51,33,0,0,0],"gold":194,"neow_bonus":"TEN_PERCENT_HP_BONUS","is_daily":false,"chose_seed":false,"campfire_upgraded":4,"win_rate":0.0,"timestamp":1614200421,"path_taken":["R","M","?","M","?","$","T","R","?","R","$","?","?","M","M","BOSS","R","M","M","?","?","?","T","$","?","?","M","M","?","M","M","BOSS"],"items_purchased_type":["Card","Relic","Card"],"build_version":"2020-12-22","purchased_purges":3,"victory":false,"max_hp_per_floor":[99,99,99,99,99,99,99,99,99,99,99,99,99,99,99,99,99,99,99,99,99,99,99,99,99,99,99,99,99,99,99,99,99,99,99],"card_choices":[{"not_picked":["champ:PreemptiveStrike","champ:CrownThrow"],"picked":"champ:TornadoPunch","floor":2.0},{"not_picked":["champ:Backstep","champ:BerserkersShout"],"picked":"champ:GladiatorForm","floor":4.0},{"not_picked":["champ:EnGarde","champ:EndlessRage"],"picked":"champ:Shatter","floor":6.0},{"not_picked":["ReplayTheSpireMod:LeadingStrike","champ:Circumvent"],"picked":"champ:TripleStrike","floor":11.0},{"not_picked":["champ:StanceDance","champ:PerfectedStrike","Twin Strike"],"picked":"SKIP","floor":12.0},{"not_picked":["champ:StanceDance","champ:BerserkersShout","champ:FocusedBerserking"],"picked":"SKIP","floor":13.0},{"not_picked":["Bloodletting","champ:Encircle","champ:Backstep"],"picked":"SKIP","floor":14.0},{"not_picked":["champ:GutPunch","champ:Encircle"],"picked":"ReplayTheSpireMod:LeadingStrike","floor":15.0},{"not_picked":["Hemogenesis","champ:StrikeOfGenius"],"picked":"champ:SteelEdge","floor":16.0},{"not_picked":["champ:DefensiveShout","champ:RecklessLeap","champ:EnGarde"],"picked":"SKIP","floor":19.0},{"not_picked":["champ:EnGarde+1","champ:CrookedStrike","champ:RecklessLeap"],"picked":"SKIP","floor":20.0},{"not_picked":["champ:StanceDance+1","champ:FalseCounter+1","champ:GladiatorStyle"],"picked":"SKIP","floor":25.0},{"not_picked":["champ:Shatter","champ:FanOfKnives+1"],"picked":"champ:ShieldWall","floor":27.0},{"not_picked":["champ:EndlessRage","champ:EnragedBash","champ:RapidStrikes"],"picked":"SKIP","floor":28.0},{"not_picked":["Twin Strike","champ:ShieldWall","champ:PerfectedStrike"],"picked":"SKIP","floor":29},{"not_picked":["champ:HeartStrike","champ:EnragedBash","champ:IronFortress"],"picked":"SKIP","floor":31},{"not_picked":["champ:FlashCut+1","champ:BladeFlurry+1","Hemokinesis"],"picked":"SKIP","floor":32}],"player_experience":788274,"relics_obtained":[{"floor":7.0,"key":"hexamod:CandleOfCauterizing"},{"floor":24.0,"key":"hubris:DuctTape"},{"floor":30,"key":"hubris:SlimyHat"}],"event_choices":[],"is_beta":false,"boss_relics":[{"not_picked":["Replay:Drink Me","hubris:BlackHole"],"picked":"hubris:Stopwatch"}],"items_purged_floors":[6,11,25],"is_endless":false,"potions_floor_spawned":[4,12,14,27,29,31,32],"killed_by":"WA_ARCHETYPE_CALM","ascension_level":0}}