{"host":"f7rb14kzcw8hx1r1","time":1614204261,"event":{"mods":["BaseMod","Better Note","Better Third Choice","Colored Map","Curses Come First","Highlight Path","Hubris","Minty Spire (QoL Compilation)","Reliquary","Replay The Spire","StSLib","The Forsaken"],"gold_per_floor":[119,119,69,45,56,90,90,117,140,90,108,108,126,126,126,225,225,194,208,226,124,137,137,163,163,188,188,188,206,206,240,240,240,240],"floor_reached":33,"language":"ENG","playtime":1102,"items_purged":["Strike_B","Defend_B"],"score":318,"play_id":"b6dc3fec-dc72-4da7-b43d-755fea66bf4a","local_time":"20210224230421","is_ascension_mode":false,"campfire_choices":[{"data":"Zap","floor":7.0,"key":"SMITH"},{"data":"BasicCrystalCard","floor":23.0,"key":"SMITH"},{"floor":25,"key":"REST"},{"data":"BasicCrystalCard","floor":27,"key":"SMITH"},{"floor":32,"key":"REST"}],"circlet_count":0,"master_deck":["Defend_B","Defend_B","Defend_B","Zap+1","Dualcast+1","ReplayTheSpireMod:Calculation Training","Conserve Battery","Glacier","BasicCrystalCard+1","Core Surge","Echo Form","Sweeping Beam+1","BasicCrystalCard+1","Fusion+1","Barrage","Compile Driver+1","Ball Lightning","Tempest"],"relics":["Cracked Core","NeowsBlessing","Smiling Mask","Oddly Smooth Stone","Tiny Chest","reliquary:LoveEmittingDiode","hubris:Towel","hubris:Backtick","DataDisk","Prayer Wheel","reliquary:SharkskinSheath","Replay:Wax Seal","Strawberry","Bottled Flame"],"acts_visited":["Exordium","TheCity"],"potions_floor_usage":[24,24,31],"damage_taken":[{"damage":0.0,"enemies":"Small Slimes","floor":1.0,"turns":1.0},{"damage":0.0,"enemies":"Jaw Worm","floor":5.0,"turns":1.0},{"damage":0.0,"enemies":"Lagavulin","floor":6.0,"turns":1.0},{"damage":58.0,"enemies":"Gremlin Nob","floor":8.0,"turns":7.0},{"damage":0.0,"enemies":"Cultist","floor":11.0,"turns":4.0},{"damage":0.0,"enemies":"Exordium Wildlife","floor":13.0,"turns":4.0},{"damage":13.0,"enemies":"Slime Boss","floor":16.0,"turns":16.0},{"damage":6.0,"enemies":"2 Thieves","floor":18.0,"turns":5.0},{"damage":16.0,"enemies":"Spheric Guardian","floor":19.0,"turns":4.0},{"damage":0.0,"enemies":"Snecko","floor":20.0,"turns":6.0},{"damage":16.0,"enemies":"Centurion and Healer","floor":22.0,"turns":6.0},{"damage":33,"enemies":"Slavers","floor":24,"turns":4},{"damage":0,"enemies":"Shelled Parasite and Fungi","floor":29,"turns":6},{"damage":10,"enemies":"Replay:Snechameleon","floor":31,"turns":7},{"damage":49,"enemies":"Automaton","floor":33,"turns":6}],"seed_played":"-2117242188163034881","potions_obtained":[{"floor":1.0,"key":"GamblersBrew"},{"floor":6.0,"key":"EntropicBrew"},{"floor":11.0,"key":"SteroidPotion"},{"floor":16.0,"key":"BlessingOfTheForge"},{"floor":20.0,"key":"Milkshake"},{"floor":24,"key":"SpeedPotion"},{"floor":29,"key":"Doom Potion"}],"is_trial":false,"path_per_floor":["M","?","?","$","M","E","R","E","T","$","M","?","M","T","R_BF","B",null,"M","M","M","$","M","R","E","R","T","R","?","M","T","E","R","B"],"character_chosen":"DEFECT","items_purchased":["Conserve Battery","Ball Lightning"],"campfire_rested":2,"item_purchase_floors":[4,21],"current_hp_per_floor":[75,75,75,75,75,75,75,17,17,17,17,17,17,17,17,4,75,69,53,53,53,37,37,4,26,26,26,26,26,33,23,47,0,0],"gold":240,"neow_bonus":"THREE_ENEMY_KILL","is_daily":false,"chose_seed":false,"campfire_upgraded":3,"win_rate":0.0,"timestamp":1614204261,"path_taken":["M","?","?","$","M","E","R","E","T","?","?","?","M","?","R_BF","BOSS","M","M","?","$","M","R","E","R","T","R","?","?","?","E","R","BOSS"],"items_purchased_type":["Card","Card"],"build_version":"2020-12-22","purchased_purges":2,"victory":false,"max_hp_per_floor":[75,75,75,75,75,75,75,75,75,75,75,75,75,75,75,75,75,75,75,75,75,75,75,75,75,75,75,75,75,82,82,82,82,82],"card_choices":[{"not_picked":["Darkness","Coolheaded"],"picked":"ReplayTheSpireMod:Calculation Training","floor":1.0},{"not_picked":["Coolheaded","Barrage"],"picked":"Glacier","floor":5.0},{"not_picked":["hubris:Ukulele","ReplaySolidLightProjector"],"picked":"BasicCrystalCard","floor":6.0},{"not_picked":["BasicCrystalCard","White Noise","Redo"],"picked":"SKIP","floor":8.0},{"not_picked":["Leap","Streamline","ReplayTheSpireMod:GoodbyeWorld"],"picked":"SKIP","floor":11.0},{"not_picked":["Cold Snap","Loop"],"picked":"Core Surge","floor":13.0},{"not_picked":["All For One","Hyperbeam"],"picked":"ReplayTheSpireMod:Fabricate Wheel","floor":16.0},{"not_picked":["hubris:SpecializedCircuitry","Steam+1"],"picked":"Sweeping Beam+1","floor":18.0},{"not_picked":["Compile Driver","Stack"],"picked":"BasicCrystalCard","floor":18.0},{"not_picked":["Conserve Battery","Cold Snap"],"picked":"Fusion+1","floor":19.0},{"not_picked":["Panic Button","Coolheaded"],"picked":"Barrage","floor":19.0},{"not_picked":["Steam+1","Loop"],"picked":"Compile Driver+1","floor":20.0},{"not_picked":["Coolheaded","BasicCrystalCard","Steam Power"],"picked":"SKIP","floor":20.0},{"not_picked":["Sweeping Beam+1","Barrage","Rebound+1"],"picked":"SKIP","floor":22.0},{"not_picked":["Sweeping Beam+1","Rip and Tear","Amplify"],"picked":"SKIP","floor":22.0},{"not_picked":["Panic Button+1","Ball Lightning","ReplayGash+1"],"picked":"SKIP","floor":24},{"not_picked":["Turbo","Fission","BasicCrystalCard"],"picked":"SKIP","floor":29},{"not_picked":["Turbo+1","Stack","Ball Lightning"],"picked":"SKIP","floor":29},{"not_picked":["Gash","Go for the Eyes"],"picked":"Tempest","floor":31}],"player_experience":994807,"relics_obtained":[{"floor":6.0,"key":"Smiling Mask"},{"floor":8.0,"key":"Oddly Smooth Stone"},{"floor":9.0,"key":"Tiny Chest"},{"floor":14.0,"key":"reliquary:LoveEmittingDiode"},{"floor":24,"key":"reliquary:SharkskinSheath"},{"floor":26,"key":"Replay:Wax Seal"},{"floor":30,"key":"Strawberry"},{"floor":31,"key":"Bottled Flame"}],"event_choices":[{"cards_removed":["Strike_B"],"damage_healed":0.0,"max_hp_gain":0.0,"max_hp_loss":0.0,"gold_gain":0.0,"event_name":"The Cleric","player_choice":"Card Removal","floor":3.0,"gold_loss":50.0,"damage_taken":0.0},{"cards_removed":["Strike_B"],"damage_healed":0.0,"max_hp_gain":0.0,"max_hp_loss":0.0,"gold_gain":0.0,"event_name":"Purifier","player_choice":"Purged","floor":12.0,"gold_loss":0.0,"damage_taken":0.0},{"damage_healed":0,"gold_gain":0,"player_choice":"Upgraded","damage_taken":0,"max_hp_gain":0,"max_hp_loss":0,"event_name":"Upgrade Shrine","floor":28,"gold_loss":0,"cards_upgraded":["Dualcast"]}],"is_beta":false,"boss_relics":[{"not_picked":["Pandora\u0027s Box","hubris:RunicObelisk"],"picked":"hubris:Backtick"}],"items_purged_floors":[10,21],"is_endless":false,"potions_floor_spawned":[1,6,11,16,20,24,29],"killed_by":"Automaton","ascension_level":0}}