{"host":"v6biu77h43umse0l","time":1614173803,"event":{"mods":["BaseMod","DeckTracker","Lobotomy","Minty Spire (QoL Compilation)","StSLib","SuperFastMode"],"gold_per_floor":[117,128,139,153,171,171,171,171],"floor_reached":7,"language":"KOR","playtime":304,"items_purged":[],"score":56,"play_id":"99e9089b-ccc3-487b-8fd2-24fb6aa2dbe8","local_time":"20210224223643","is_ascension_mode":true,"campfire_choices":[{"data":"Neutralize","floor":6,"key":"SMITH"}],"circlet_count":0,"master_deck":["Strike_G","Strike_G","Strike_G","Strike_G","Strike_G","Defend_G","Defend_G","Defend_G","Defend_G","Defend_G","Survivor","Neutralize+1","Wellcheers","PiercingWail","Scorched","Calculated Gamble","QueenOfHatred","HeroicMonk","PiercingWail","GreedKing","Venomology"],"relics":["Ring of the Snake","CogitoBucket"],"acts_visited":["Exordium"],"potions_floor_usage":[7],"damage_taken":[{"damage":5,"enemies":"Cultist","floor":1,"turns":4},{"damage":3,"enemies":"Small Slimes","floor":2,"turns":4},{"damage":4,"enemies":"Jaw Worm","floor":3,"turns":3},{"damage":0,"enemies":"2 Fungi Beasts","floor":4,"turns":2},{"damage":6,"enemies":"Red Slaver","floor":5,"turns":3},{"damage":73,"enemies":"3 Sentries","floor":7,"turns":4}],"seed_played":"6810331040012155085","potions_obtained":[{"floor":2,"key":"DuplicationPotion"},{"floor":3,"key":"Dexterity Potion"}],"is_trial":false,"path_per_floor":["M","M","M","M","M","R","E"],"character_chosen":"THE_SILENT","items_purchased":[],"campfire_rested":0,"item_purchase_floors":[],"current_hp_per_floor":[65,62,64,70,66,66,0,0],"gold":171,"neow_bonus":"","is_daily":false,"chose_seed":false,"campfire_upgraded":1,"win_rate":0.0,"timestamp":1614173803,"path_taken":["M","M","M","M","M","R","E"],"items_purchased_type":[],"build_version":"2020-12-22","purchased_purges":0,"victory":false,"max_hp_per_floor":[70,70,70,70,70,70,70,70],"card_choices":[{"not_picked":["Murderer","WhitesApple"],"picked":"Wellcheers","floor":1},{"not_picked":["Riddle With Holes","Well Laid Plans"],"picked":"PiercingWail","floor":1},{"not_picked":["OSAHOGD","FairyFestival"],"picked":"Scorched","floor":2},{"not_picked":["PiercingWail","Dodge and Roll"],"picked":"Calculated Gamble","floor":2},{"not_picked":["VoidDream","FairyFestival"],"picked":"QueenOfHatred","floor":3},{"not_picked":["Prepared","Outmaneuver","Backstab"],"picked":"SKIP","floor":3},{"not_picked":["Freischutz","VoidDream"],"picked":"HeroicMonk","floor":4},{"not_picked":["Quick Slash","Slice"],"picked":"PiercingWail","floor":4},{"not_picked":["BigBadWolf","Funeral"],"picked":"GreedKing","floor":5},{"not_picked":["Prepared","Acrobatics"],"picked":"Venomology","floor":5}],"player_experience":386232,"relics_obtained":[],"event_choices":[],"is_beta":false,"boss_relics":[],"items_purged_floors":[],"is_endless":false,"potions_floor_spawned":[2,3],"killed_by":"3 Sentries","ascension_level":5}}