{"host":"50per11302020","time":1614152316,"event":{"mods":["AchievementEnabler","BaseMod","Colored Map","Minty Spire (QoL Compilation)","Relic Stats","StSLib"],"gold_per_floor":[117,131,131,61,75,75,88,88,115,115,134,146,156,184,184,281,281,292,292,304,74,91,123,123,123,123,123,140,140,21,48,48,152,152,171,18,0,0,49,49,63,63,63,95,95,119,119,152,152,152,152,152,12,52,52],"floor_reached":56,"language":"ENG","playtime":4381,"items_purged":[],"score":1316,"play_id":"9c4d1c6c-acdf-4d8a-8f33-3e39d95ca22e","local_time":"20210223233836","is_ascension_mode":true,"campfire_choices":[{"data":"Blasphemy","floor":6.0,"key":"SMITH"},{"data":"TalkToTheHand","floor":8.0,"key":"SMITH"},{"data":"Study","floor":10.0,"key":"SMITH"},{"data":"Conclude","floor":15.0,"key":"SMITH"},{"floor":24.0,"key":"REST"},{"floor":27.0,"key":"REST"},{"data":"Blind","floor":32.0,"key":"SMITH"},{"floor":40.0,"key":"REST"},{"data":"Secret Technique","floor":42.0,"key":"SMITH"},{"data":"TalkToTheHand","floor":45.0,"key":"SMITH"},{"floor":47.0,"key":"RECALL"},{"floor":49.0,"key":"REST"},{"data":"Devotion","floor":52,"key":"SMITH"}],"circlet_count":0,"master_deck":["Strike_P+1","Strike_P+1","Strike_P+1","Defend_P+1","Defend_P+1","Defend_P+1","Defend_P+1","Eruption","Vigilance","Brilliance","TalkToTheHand+1","Meditate","Study+1","TalkToTheHand+1","Brilliance","Conclude+1","Worship","Collect","Devotion+1","LikeWater","Blind+1","ForeignInfluence","Protect+1","SashWhip+1","TalkToTheHand","BattleHymn","ConjureBlade","Secret Weapon","Panacea","Secret Technique+1","Evaluate+1","CrushJoints+1","BattleHymn+1","Devotion+1","Protect+1"],"relics":["PureWater","Art of War","Pen Nib","Sozu","Anchor","Nunchaku","PreservedInsect","Tiny Chest","SlaversCollar","Bag of Preparation","Red Mask","Calipers","StrikeDummy","CeramicFish","Gremlin Horn","DollysMirror","Blue Candle"],"acts_visited":["TheCity","TheBeyond","TheEnding"],"potions_floor_usage":[55,55],"damage_taken":[{"damage":0.0,"enemies":"Small Slimes","floor":1.0,"turns":2.0},{"damage":0.0,"enemies":"Cultist","floor":2.0,"turns":2.0},{"damage":0.0,"enemies":"2 Louse","floor":5.0,"turns":4.0},{"damage":22.0,"enemies":"Gremlin Gang","floor":7.0,"turns":6.0},{"damage":4.0,"enemies":"Red Slaver","floor":11.0,"turns":4.0},{"damage":3.0,"enemies":"Large Slime","floor":12.0,"turns":3.0},{"damage":0.0,"enemies":"2 Fungi Beasts","floor":13.0,"turns":2.0},{"damage":4.0,"enemies":"Gremlin Nob","floor":14.0,"turns":3.0},{"damage":0.0,"enemies":"Slime Boss","floor":16.0,"turns":3.0},{"damage":16.0,"enemies":"Shell Parasite","floor":18.0,"turns":4.0},{"damage":10.0,"enemies":"Chosen","floor":20.0,"turns":2.0},{"damage":0.0,"enemies":"Centurion and Healer","floor":22.0,"turns":2.0},{"damage":42.0,"enemies":"Book of Stabbing","floor":23.0,"turns":6.0},{"damage":21.0,"enemies":"Chosen and Byrds","floor":28.0,"turns":7.0},{"damage":2.0,"enemies":"Gremlin Leader","floor":31.0,"turns":6.0},{"damage":21.0,"enemies":"Collector","floor":33.0,"turns":8.0},{"damage":0.0,"enemies":"3 Shapes","floor":35.0,"turns":1.0},{"damage":27.0,"enemies":"2 Orb Walkers","floor":39.0,"turns":4.0},{"damage":6.0,"enemies":"3 Darklings","floor":41.0,"turns":4.0},{"damage":1.0,"enemies":"Giant Head","floor":44.0,"turns":6.0},{"damage":20.0,"enemies":"Nemesis","floor":48.0,"turns":5.0},{"damage":31,"enemies":"Awakened One","floor":50,"turns":8},{"damage":23,"enemies":"Shield and Spear","floor":54,"turns":4},{"damage":38,"enemies":"The Heart","floor":55,"turns":7}],"seed_played":"4848741170744825615","potions_obtained":[{"floor":11.0,"key":"LiquidBronze"},{"floor":12.0,"key":"Explosive Potion"},{"floor":14.0,"key":"SkillPotion"},{"floor":16.0,"key":"LiquidBronze"}],"is_trial":false,"path_per_floor":["M","M","?","$","M","R","M","R","T","R","M","M","M","E","R","B",null,"M","?","M","$","M","E","R","?","T","R","M","?","$","E","R","B",null,"M","$","?","?","?","R","M","R","T","E","R","T","R","E","R","B",null,"R","$","E","B",null],"character_chosen":"WATCHER","items_purchased":["Study","Anchor","Blind","TalkToTheHand","BattleHymn","Bag of Preparation","DollysMirror"],"campfire_rested":4,"item_purchase_floors":[4,21,21,30,30,36,53],"current_hp_per_floor":[72,72,72,72,72,72,50,50,50,50,46,43,43,39,39,39,72,56,56,46,46,46,4,25,25,25,46,25,82,82,80,80,59,82,82,82,82,72,45,69,63,63,63,62,62,62,62,42,66,35,82,82,82,59,21],"gold":52,"neow_bonus":"ONE_RANDOM_RARE_CARD","is_daily":false,"chose_seed":false,"campfire_upgraded":8,"win_rate":0.0,"timestamp":1614152316,"path_taken":["M","M","?","$","M","R","M","R","T","R","M","?","M","E","R","BOSS","M","?","?","?","M","E","R","?","T","R","M","?","$","E","R","BOSS","M","$","?","?","?","R","M","R","T","E","R","?","R","E","R","BOSS","R","$","E","BOSS"],"items_purchased_type":["Card","Relic","Card","Card","Card","Relic","Relic"],"build_version":"2020-12-18","purchased_purges":0,"victory":true,"max_hp_per_floor":[72,72,72,72,72,72,72,72,72,72,72,72,72,72,72,72,72,72,72,72,72,72,72,72,72,72,72,72,82,82,82,82,82,82,82,82,82,82,82,82,82,82,82,82,82,82,82,82,82,82,82,82,82,82,82],"relic_stats":{"Sozu":4,"Nunchaku":[15],"Gremlin Horn":[4,4],"counters":[24,103],"CeramicFish":18,"Blue Candle":[0],"Tiny Chest":1,"Pen Nib":[18],"PreservedInsect":286,"Art of War":[7],"Bag of Preparation":[14],"obtain_stats":[{"Calipers":39,"Gremlin Horn":48,"CeramicFish":46,"Blue Candle":54,"Pen Nib":14,"PreservedInsect":26,"Bag of Preparation":36,"Sozu":17,"SlaversCollar":34,"Anchor":21,"Nunchaku":23,"DollysMirror":53,"Tiny Chest":31,"Art of War":9,"Red Mask":37,"PureWater":0,"StrikeDummy":44},{"Calipers":18,"Gremlin Horn":21,"CeramicFish":20,"Blue Candle":23,"Pen Nib":8,"PreservedInsect":13,"Bag of Preparation":17,"Sozu":9,"SlaversCollar":16,"Anchor":11,"Nunchaku":13,"DollysMirror":22,"Tiny Chest":15,"Art of War":4,"Red Mask":17,"PureWater":0,"StrikeDummy":20},{"Calipers":69,"Gremlin Horn":84,"CeramicFish":79,"Blue Candle":96,"Pen Nib":26,"PreservedInsect":43,"Bag of Preparation":65,"Sozu":29,"SlaversCollar":64,"Anchor":35,"Nunchaku":43,"DollysMirror":92,"Tiny Chest":56,"Art of War":14,"Red Mask":65,"PureWater":0,"StrikeDummy":79}]},"card_choices":[{"not_picked":["FollowUp","EmptyBody"],"picked":"TalkToTheHand","floor":1.0},{"not_picked":["PathToVictory","WheelKick","EmptyBody"],"picked":"SKIP","floor":2.0},{"not_picked":["Halt","ForeignInfluence"],"picked":"Blasphemy","floor":5.0},{"not_picked":["Prostrate","Halt"],"picked":"TalkToTheHand","floor":7.0},{"not_picked":["BowlingBash","ReachHeaven"],"picked":"Brilliance","floor":11.0},{"not_picked":["Evaluate","WindmillStrike"],"picked":"Conclude","floor":12.0},{"not_picked":["Consecrate","DeceiveReality"],"picked":"Worship","floor":13.0},{"not_picked":["DeceiveReality","JustLucky"],"picked":"Collect","floor":14.0},{"not_picked":["DeusExMachina","Alpha"],"picked":"Devotion","floor":16.0},{"not_picked":["FollowUp","Collect","PathToVictory+1"],"picked":"SKIP","floor":18.0},{"not_picked":["Halt","Protect"],"picked":"LikeWater","floor":20.0},{"not_picked":["JustLucky+1","Crescendo"],"picked":"ForeignInfluence","floor":22.0},{"not_picked":["ConjureBlade","BowlingBash"],"picked":"Protect+1","floor":23.0},{"not_picked":["WreathOfFlame","ThirdEye"],"picked":"SashWhip+1","floor":28.0},{"not_picked":["PathToVictory","FlyingSleeves","EmptyBody"],"picked":"SKIP","floor":31.0},{"not_picked":["MasterReality","DevaForm"],"picked":"ConjureBlade","floor":33.0},{"not_picked":["ClearTheMind+1","PathToVictory","BowlingBash+1"],"picked":"SKIP","floor":35.0},{"not_picked":["Finesse","Good Instincts"],"picked":"Secret Weapon","floor":38.0},{"not_picked":["Madness","Mind Blast"],"picked":"Panacea","floor":38.0},{"not_picked":["HandOfGreed","Forethought"],"picked":"Secret Technique","floor":38.0},{"not_picked":["FlyingSleeves+1","Indignation+1"],"picked":"Evaluate+1","floor":39.0},{"not_picked":["CarveReality+1","Wireheading"],"picked":"CrushJoints+1","floor":41.0},{"not_picked":["Wireheading+1","FollowUp"],"picked":"BattleHymn+1","floor":44.0},{"not_picked":["JustLucky+1","ReachHeaven","FlyingSleeves+1"],"picked":"SKIP","floor":48.0},{"not_picked":["CrushJoints","Indignation+1"],"picked":"Protect+1","floor":54}],"player_experience":447571,"relics_obtained":[{"floor":9.0,"key":"Art of War"},{"floor":14.0,"key":"Pen Nib"},{"floor":23.0,"key":"Nunchaku"},{"floor":26.0,"key":"PreservedInsect"},{"floor":31.0,"key":"Tiny Chest"},{"floor":39.0,"key":"Calipers"},{"floor":44.0,"key":"StrikeDummy"},{"floor":46.0,"key":"CeramicFish"},{"floor":48.0,"key":"Gremlin Horn"},{"floor":54,"key":"Blue Candle"}],"event_choices":[{"damage_healed":0.0,"max_hp_gain":0.0,"max_hp_loss":0.0,"gold_gain":0.0,"cards_transformed":["Strike_P"],"event_name":"Transmorgrifier","player_choice":"Transformed","floor":3.0,"gold_loss":0.0,"damage_taken":0.0,"cards_obtained":["Meditate"]},{"damage_healed":0.0,"max_hp_gain":0.0,"max_hp_loss":0.0,"gold_gain":0.0,"event_name":"NoteForYourself","player_choice":"Ignored","floor":19.0,"gold_loss":0.0,"damage_taken":0.0},{"damage_healed":0.0,"max_hp_gain":0.0,"max_hp_loss":0.0,"gold_gain":0.0,"event_name":"Back to Basics","player_choice":"Simplicity","floor":25.0,"gold_loss":0.0,"damage_taken":0.0,"cards_upgraded":["Strike_P","Strike_P","Strike_P","Defend_P","Defend_P","Defend_P","Defend_P"]},{"cards_removed":["Blasphemy"],"damage_healed":47.0,"max_hp_gain":10.0,"max_hp_loss":0.0,"gold_gain":0.0,"event_name":"Bonfire Elementals","player_choice":"Offered Rare","floor":29.0,"gold_loss":0.0,"damage_taken":0.0},{"damage_healed":0.0,"max_hp_gain":0.0,"max_hp_loss":0.0,"gold_gain":0.0,"event_name":"Tomb of Lord Red Mask","player_choice":"Paid","floor":37.0,"gold_loss":18.0,"damage_taken":0.0,"relics_obtained":["Red Mask"]},{"damage_healed":0.0,"max_hp_gain":0.0,"max_hp_loss":0.0,"gold_gain":0.0,"event_name":"SensoryStone","player_choice":"Memory 3","floor":38.0,"gold_loss":0.0,"damage_taken":10.0},{"damage_healed":0.0,"max_hp_gain":0.0,"max_hp_loss":0.0,"gold_gain":0.0,"event_name":"Mysterious Sphere","player_choice":"Fight","floor":39.0,"gold_loss":0.0,"damage_taken":0.0}],"is_beta":true,"boss_relics":[{"not_picked":["Philosopher\u0027s Stone","Tiny House"],"picked":"Sozu"},{"not_picked":["Pandora\u0027s Box","Astrolabe"],"picked":"SlaversCollar"}],"items_purged_floors":[],"is_endless":false,"potions_floor_spawned":[11,12,14,16,22,23,31,39],"ascension_level":1}}