{"host":"4yf2n7l3ni368tvf","time":1614142277,"event":{"mods":["AchievementEnabler","BaseMod","Colored Map","DeckTracker","Keyboard Shortcuts","Minty Spire (QoL Compilation)","SuperFastMode"],"gold_per_floor":[110,110,64,81,91,116,116,132,132,132,151,161,190,190,190,290,340,352,362,381,431,446,446,80,80,80],"floor_reached":25,"language":"KOR","playtime":806,"items_purged":[],"score":294,"play_id":"0297bb9f-e1d1-405d-98eb-220ccc182927","local_time":"20210224135117","is_ascension_mode":true,"campfire_choices":[{"data":"Perfected Strike","floor":7,"key":"SMITH"},{"floor":10,"key":"REST"},{"floor":15,"key":"REST"},{"floor":23,"key":"REST"}],"circlet_count":0,"master_deck":["Strike_R","Strike_R","Strike_R+1","Strike_R","Strike_R","Defend_R","Defend_R","Defend_R","Defend_R","Bash","Perfected Strike+1","Shrug It Off","Twin Strike","Shrug It Off","Battle Trance","Whirlwind+1","Sword Boomerang","Inflame"],"relics":["Burning Blood","Bronze Scales","Red Skull","Singing Bowl","Ice Cream","Tiny House","Bag of Marbles","ClockworkSouvenir"],"acts_visited":["Exordium","TheCity"],"potions_floor_usage":[16,20],"damage_taken":[{"damage":7,"enemies":"Small Slimes","floor":1,"turns":4},{"damage":0,"enemies":"2 Louse","floor":4,"turns":3},{"damage":6,"enemies":"Cultist","floor":5,"turns":3},{"damage":40,"enemies":"Lagavulin","floor":6,"turns":5},{"damage":8,"enemies":"Blue Slaver","floor":8,"turns":2},{"damage":15,"enemies":"2 Fungi Beasts","floor":11,"turns":3},{"damage":7,"enemies":"Large Slime","floor":12,"turns":6},{"damage":16,"enemies":"Gremlin Nob","floor":13,"turns":3},{"damage":21,"enemies":"Slime Boss","floor":16,"turns":8},{"damage":32,"enemies":"Shell Parasite","floor":18,"turns":6},{"damage":1,"enemies":"3 Byrds","floor":19,"turns":4},{"damage":55,"enemies":"Centurion and Healer","floor":20,"turns":7},{"damage":12,"enemies":"3 Cultists","floor":22,"turns":3},{"damage":60,"enemies":"Slavers","floor":25,"turns":3}],"seed_played":"4655991768040299033","potions_obtained":[{"floor":1,"key":"BloodPotion"},{"floor":5,"key":"Swift Potion"},{"floor":12,"key":"Block Potion"},{"floor":17,"key":"SmokeBomb"},{"floor":20,"key":"BlessingOfTheForge"}],"is_trial":false,"path_per_floor":["M","?","$","M","M","E","R","M","T","R","M","M","E","?","R","B",null,"M","M","M","?","M","R","$","E"],"character_chosen":"IRONCLAD","items_purchased":["Shrug It Off","Bag of Marbles","Inflame","ClockworkSouvenir"],"campfire_rested":3,"item_purchase_floors":[3,24,24,24],"current_hp_per_floor":[79,72,72,78,78,44,44,42,42,66,57,56,48,23,47,34,79,53,60,29,29,25,53,53,0,0],"gold":80,"neow_bonus":"ONE_RANDOM_RARE_CARD","is_daily":false,"chose_seed":false,"campfire_upgraded":1,"win_rate":0.0,"timestamp":1614142277,"path_taken":["M","?","$","M","M","E","R","M","T","R","M","M","E","?","R","BOSS","M","M","M","?","M","R","$","E"],"items_purchased_type":["Card","Relic","Card","Relic"],"build_version":"2020-12-22","purchased_purges":0,"victory":false,"max_hp_per_floor":[80,80,80,80,80,80,80,80,80,80,80,80,82,82,82,84,91,91,93,93,93,95,95,95,95,95],"card_choices":[{"not_picked":["Searing Blow","Warcry"],"picked":"Perfected Strike","floor":1},{"not_picked":["Headbutt","Iron Wave","Searing Blow"],"picked":"SKIP","floor":4},{"not_picked":["Anger","Thunderclap"],"picked":"Twin Strike","floor":5},{"not_picked":["Anger","Wild Strike"],"picked":"Shrug It Off","floor":6},{"not_picked":["Disarm","Metallicize","Carnage"],"picked":"SKIP","floor":8},{"not_picked":["Dark Embrace","Iron Wave","Headbutt"],"picked":"SKIP","floor":11},{"not_picked":["Barricade","Blood for Blood"],"picked":"Battle Trance","floor":12},{"not_picked":["Flex","Armaments","Entrench"],"picked":"Singing Bowl","floor":13},{"not_picked":["Reaper","Bludgeon","Impervious"],"picked":"Singing Bowl","floor":16},{"not_picked":["Havoc","Anger","Flex"],"picked":"Singing Bowl","floor":17},{"not_picked":["Clash+1","Spot Weakness"],"picked":"Whirlwind+1","floor":18},{"not_picked":["Body Slam","Wild Strike","Reckless Charge"],"picked":"Singing Bowl","floor":19},{"not_picked":["Flex","Headbutt"],"picked":"Sword Boomerang","floor":20},{"not_picked":["Feed","Havoc+1","Anger+1"],"picked":"Singing Bowl","floor":22}],"player_experience":278700,"relics_obtained":[{"floor":6,"key":"Bronze Scales"},{"floor":9,"key":"Red Skull"},{"floor":13,"key":"Singing Bowl"}],"event_choices":[{"cards_removed":["Exhume"],"damage_healed":0,"gold_gain":0,"player_choice":"Card Removal","damage_taken":7,"max_hp_gain":0,"max_hp_loss":0,"event_name":"Golden Wing","floor":2,"gold_loss":0},{"damage_healed":0,"gold_gain":0,"player_choice":"Success","damage_taken":25,"relics_obtained":["Ice Cream"],"max_hp_gain":0,"max_hp_loss":0,"event_name":"Scrap Ooze","floor":14,"gold_loss":0},{"damage_healed":0,"gold_gain":100,"player_choice":"Bet on Murderer","damage_taken":0,"max_hp_gain":0,"max_hp_loss":0,"event_name":"The Joust","floor":21,"gold_loss":50}],"is_beta":false,"boss_relics":[{"not_picked":["Runic Pyramid","Runic Dome"],"picked":"Tiny House"}],"items_purged_floors":[],"is_endless":false,"potions_floor_spawned":[1,5,12,19,20],"killed_by":"Slavers","ascension_level":5}}