{"host":"2d69zsihwnsihkt1","time":1614198051,"event":{"mods":["AchievementEnabler","Act Like it!","BaseMod","Better Altar","Better Note","Better Skull","Bossed Relics","Colored Map","Colored Powertips","Curses Come First","Displayed Cursed Tome","Googly Eyes","Hermit","Minty Spire (QoL Compilation)","Rare Cards Sparkle","Relic Stats","Replay The Spire","Robot Space Explorer","Shapeshifter Mod","Shop Mod","StSLib","The Forsaken","The Hayseed","The Runesmith"],"gold_per_floor":[119,42,57,69,82,82,102,115,115,115,115,132,132,82,82,180,180,196,50,66,85,85,85,105,105,105,122,152,166,184,195,195,298,298,313,41,52,52,52,78,89,89,89,104,119,119,133,483,483,483],"floor_reached":51,"language":"ENG","playtime":5086,"items_purged":[],"score":797,"play_id":"1f89e14e-f5a5-4da2-b3bf-fa1e08b8189b","local_time":"20210224142051","is_ascension_mode":false,"campfire_choices":[{"data":"theForsaken:DefensiveStance","floor":6,"key":"SMITH"},{"floor":11,"key":"REST"},{"data":"theForsaken:WrathOfGod","floor":13,"key":"SMITH"},{"data":"theForsaken:WrathOfGod+1","floor":15,"key":"SMITH"},{"data":"theForsaken:FountainOfLife","floor":23,"key":"SMITH"},{"data":"theForsaken:WrathOfGod+2","floor":25,"key":"SMITH"},{"data":"theForsaken:WrathOfGod","floor":32,"key":"SMITH"},{"data":"theForsaken:WrathOfGod","floor":42,"key":"SMITH"},{"data":"theForsaken:WrathOfGod+1","floor":46,"key":"SMITH"},{"data":"theForsaken:WrathOfGod+3","floor":49,"key":"SMITH"}],"circlet_count":0,"master_deck":["theForsaken:TheForsaken_Strike","theForsaken:TheForsaken_Strike","theForsaken:TheForsaken_Defend","theForsaken:TheForsaken_Defend","theForsaken:Smite","theForsaken:Penitence","theForsaken:Terrorize","theForsaken:DefensiveStance+1","theForsaken:BountifulSunlight","theForsaken:BountifulSunlight","theForsaken:WrathOfGod+4","theForsaken:FountainOfLife+1","theForsaken:WrathOfGod+2","theForsaken:WrathOfGod+1","theForsaken:FountainOfLife","theForsaken:Prudence","Apotheosis","theForsaken:WrathOfGod","theForsaken:MagicWeapon+1","theForsaken:WrathOfGod"],"relics":["theForsaken:ScalesOfTruth","Replay:WaspNest","Ice Cream","Sozu","Chemical X","Blue Candle","Replay:Kaleidoscope","The Courier","ReplayTheSpireMod:Ninjato","Old Coin"],"acts_visited":["Exordium","TheCity","TheBeyond"],"potions_floor_usage":[16,33,47],"damage_taken":[{"damage":0,"enemies":"Cultist","floor":1,"turns":5},{"damage":2,"enemies":"2 Louse","floor":3,"turns":4},{"damage":1,"enemies":"Jaw Worm","floor":4,"turns":5},{"damage":26,"enemies":"Exordium Thugs","floor":5,"turns":10},{"damage":1,"enemies":"Large Slime","floor":7,"turns":9},{"damage":18,"enemies":"Gremlin Gang","floor":8,"turns":9},{"damage":0,"enemies":"Exordium Thugs","floor":12,"turns":5},{"damage":10,"enemies":"Slime Boss","floor":16,"turns":18},{"damage":8,"enemies":"Chosen","floor":18,"turns":8},{"damage":14,"enemies":"3 Byrds","floor":20,"turns":4},{"damage":3,"enemies":"Shelled Parasite and Fungi","floor":21,"turns":6},{"damage":16,"enemies":"Snake Plant","floor":24,"turns":4},{"damage":0,"enemies":"Cultist and Chosen","floor":27,"turns":7},{"damage":20,"enemies":"Slavers","floor":28,"turns":6},{"damage":10,"enemies":"3 Cultists","floor":29,"turns":7},{"damage":20,"enemies":"Sentry and Sphere","floor":30,"turns":5},{"damage":12,"enemies":"Centurion and Healer","floor":31,"turns":6},{"damage":0,"enemies":"Champ","floor":33,"turns":12},{"damage":3,"enemies":"Orb Walker","floor":35,"turns":4},{"damage":0,"enemies":"3 Shapes","floor":37,"turns":9},{"damage":0,"enemies":"Reptomancer","floor":40,"turns":6},{"damage":17,"enemies":"Jaw Worm Horde","floor":41,"turns":7},{"damage":15,"enemies":"3 Darklings","floor":44,"turns":5},{"damage":0,"enemies":"Spire Growth","floor":45,"turns":4},{"damage":9,"enemies":"Transient","floor":47,"turns":5},{"damage":19,"enemies":"Mind Bloom Boss Battle","floor":48,"turns":8},{"damage":4,"enemies":"Awakened One","floor":50,"turns":14}],"seed_played":"3110241567110867703","potions_obtained":[{"floor":1,"key":"SteroidPotion"},{"floor":3,"key":"AttackPotion"},{"floor":12,"key":"ColorlessPotion"}],"is_trial":false,"path_per_floor":["M","$","M","M","M","R","M","M","T","?","R","M","R","?","R","B",null,"M","$","M","M","?","R","M","R","T","M","E","M","M","M","R","B",null,"M","$","M","?","?","E","M","R","T","M","M","R","M","?","R","B",null],"character_chosen":"THE_FORSAKEN","items_purchased":["theForsaken:DefensiveStance","Chemical X","Apotheosis","theForsaken:WrathOfGod"],"campfire_rested":1,"item_purchase_floors":[2,19,36,36],"current_hp_per_floor":[65,65,64,65,55,55,64,61,61,43,62,65,65,65,65,65,65,67,67,62,69,69,69,60,60,60,73,70,80,68,85,85,98,98,99,99,102,102,102,105,110,110,110,112,115,115,122,127,127,133],"gold":483,"neow_bonus":"TRANSFORM_CARD","is_daily":false,"chose_seed":false,"campfire_upgraded":9,"win_rate":0.0,"timestamp":1614198051,"path_taken":["M","$","M","?","M","R","M","M","T","?","R","M","R","?","R","BOSS","M","$","M","M","?","R","M","R","T","M","E","M","M","M","R","BOSS","M","$","?","?","?","E","M","R","T","M","M","R","?","?","R","BOSS"],"items_purchased_type":["Card","Relic","Card","Card"],"build_version":"2020-12-22","purchased_purges":0,"victory":true,"max_hp_per_floor":[65,65,65,65,65,65,65,65,65,65,65,65,65,65,65,65,65,67,67,67,69,69,69,72,72,72,75,78,83,88,93,93,98,98,101,101,104,104,104,107,110,110,110,116,119,119,122,127,127,133],"relic_stats":{"Sozu":9,"counters":[27,192],"Blue Candle":[0],"Chemical X":[114],"obtain_stats":[{"Ice Cream":10,"Sozu":17,"ReplayTheSpireMod:Ninjato":43,"Blue Candle":26,"theForsaken:ScalesOfTruth":34,"Replay:WaspNest":9,"The Courier":40,"Chemical X":19,"Replay:Kaleidoscope":28,"theForsaken:JudgementScales":0,"Old Coin":48},{"Ice Cream":6,"Sozu":8,"ReplayTheSpireMod:Ninjato":22,"Blue Candle":12,"theForsaken:ScalesOfTruth":18,"Replay:WaspNest":6,"The Courier":21,"Chemical X":9,"Replay:Kaleidoscope":14,"theForsaken:JudgementScales":0,"Old Coin":26},{"Ice Cream":42,"Sozu":65,"ReplayTheSpireMod:Ninjato":156,"Blue Candle":87,"theForsaken:ScalesOfTruth":130,"Replay:WaspNest":42,"The Courier":149,"Chemical X":73,"Replay:Kaleidoscope":100,"theForsaken:JudgementScales":0,"Old Coin":178}]},"card_choices":[{"not_picked":["theForsaken:LightRoll","theForsaken:WordOfPower","theForsaken:CreepingInfection"],"picked":"SKIP","floor":1},{"not_picked":["theForsaken:ShieldCharge","theForsaken:WordOfPower","theForsaken:Eulogy"],"picked":"SKIP","floor":3},{"not_picked":["theForsaken:LightRoll","theForsaken:ChargeAttack"],"picked":"theForsaken:BountifulSunlight","floor":4},{"not_picked":["theForsaken:NobleSacrifice","theForsaken:PowerUp","theForsaken:RainingSunlight"],"picked":"SKIP","floor":5},{"not_picked":["theForsaken:RainingSunlight","theForsaken:ShieldCharge"],"picked":"theForsaken:BountifulSunlight","floor":7},{"not_picked":["theForsaken:Preservation","theForsaken:StoreUp","theForsaken:FuryStrikes"],"picked":"SKIP","floor":8},{"not_picked":["theForsaken:CorruptDeck","theForsaken:ShieldBash"],"picked":"theForsaken:WrathOfGod","floor":12},{"not_picked":["theForsaken:Retribution","theForsaken:Horror"],"picked":"theForsaken:FountainOfLife","floor":16},{"not_picked":["theForsaken:WrathOfGod","theForsaken:CowardsBrand","theForsaken:LightRoll"],"picked":"SKIP","floor":18},{"not_picked":["theForsaken:ShieldBash","theForsaken:HorrifyingStrike","theForsaken:CowardsBrand"],"picked":"SKIP","floor":20},{"not_picked":["theForsaken:WordOfPower","theForsaken:CleansingLight","theForsaken:MagicWeapon"],"picked":"SKIP","floor":21},{"not_picked":["theForsaken:ShieldCharge","theForsaken:CreepingInfection"],"picked":"theForsaken:WrathOfGod","floor":24},{"not_picked":["theForsaken:RainingSunlight","theForsaken:ChargeAttack"],"picked":"theForsaken:WrathOfGod","floor":27},{"not_picked":["theForsaken:ChargeAttack","theForsaken:SiphonStrike"],"picked":"theForsaken:FountainOfLife","floor":28},{"not_picked":["theForsaken:NobleSacrifice","theForsaken:HealingLight","theForsaken:PanicDive+1"],"picked":"SKIP","floor":29},{"not_picked":["theForsaken:ScorchingSunlight","theForsaken:QuickAttack","theForsaken:SpinAttack"],"picked":"SKIP","floor":30},{"not_picked":["theForsaken:CorruptedWord","theForsaken:CreepingInfection","theForsaken:PowerUp"],"picked":"SKIP","floor":31},{"not_picked":["theForsaken:CorruptedForm","theForsaken:Retribution"],"picked":"theForsaken:Prudence","floor":33},{"not_picked":["theForsaken:PowerUp+1","theForsaken:BlindFaith","theForsaken:CorruptedWord"],"picked":"SKIP","floor":35},{"not_picked":["theForsaken:BlightOfFamine+1","theForsaken:Tranquility"],"picked":"theForsaken:MagicWeapon+1","floor":37},{"not_picked":["theForsaken:Riposte","theForsaken:HymnOfPatience","theForsaken:LightRoll+1"],"picked":"SKIP","floor":40},{"not_picked":["theForsaken:DarkBargain","theForsaken:ScorchingSunlight","theForsaken:PowerUp+1"],"picked":"SKIP","floor":41},{"not_picked":["theForsaken:Backlash+1","theForsaken:WordsOfMight+1","theForsaken:BountifulSunlight"],"picked":"SKIP","floor":44},{"not_picked":["theForsaken:QuickAttack+1","theForsaken:WardingHymn","theForsaken:ChargeAttack"],"picked":"SKIP","floor":45},{"not_picked":["theForsaken:WordOfPower+1","theForsaken:ChargeAttack"],"picked":"theForsaken:WrathOfGod","floor":47}],"player_experience":1916701,"relics_obtained":[{"floor":9,"key":"Replay:WaspNest"},{"floor":26,"key":"Blue Candle"},{"floor":28,"key":"Replay:Kaleidoscope"},{"floor":40,"key":"The Courier"},{"floor":43,"key":"ReplayTheSpireMod:Ninjato"},{"floor":48,"key":"Old Coin"}],"event_choices":[{"damage_healed":0,"gold_gain":0,"player_choice":"Success","damage_taken":18,"relics_obtained":["Ice Cream"],"max_hp_gain":0,"max_hp_loss":0,"event_name":"Scrap Ooze","floor":10,"gold_loss":0},{"cards_removed":["theForsaken:TheForsaken_Strike"],"damage_healed":0,"gold_gain":0,"player_choice":"Card Removal","damage_taken":0,"max_hp_gain":0,"max_hp_loss":0,"event_name":"The Cleric","floor":14,"gold_loss":50},{"cards_removed":["theForsaken:TheForsaken_Defend"],"damage_healed":0,"gold_gain":0,"player_choice":"Purged","damage_taken":0,"max_hp_gain":0,"max_hp_loss":0,"event_name":"Purifier","floor":22,"gold_loss":0},{"cards_removed":["theForsaken:TheForsaken_Strike"],"damage_healed":0,"gold_gain":0,"player_choice":"Removed Attack","damage_taken":0,"max_hp_gain":0,"max_hp_loss":0,"event_name":"Falling","floor":39,"gold_loss":0},{"damage_healed":0,"gold_gain":0,"player_choice":"Fight","damage_taken":0,"max_hp_gain":0,"max_hp_loss":0,"event_name":"MindBloom","floor":48,"gold_loss":0}],"is_beta":false,"boss_relics":[{"not_picked":["Replay:Ancient Bell","Calling Bell"],"picked":"Sozu"},{"not_picked":["SlaversCollar","theForsaken:PaleLantern"],"picked":"theForsaken:ScalesOfTruth"}],"items_purged_floors":[],"is_endless":false,"potions_floor_spawned":[1,3,12,20,21,27,30,40,41,44,47,48],"ascension_level":0}}