{"host":"8vqkh0x3c7vpgzzm","time":1614190779,"event":{"mods":["AchievementEnabler","BaseMod","Colored Map","Colored Powertips","Curses Come First","DeckTracker","Highlight Path","Minty Spire (QoL Compilation)","Permanent Neow","Quick Restart","Random Character Mod","Rare Cards Sparkle","Relic Sorter","Relic Stats","StSLib","SuperFastMode","Unceasing Turn Reminder","egg","everything is the same but u backflip on backflip"],"gold_per_floor":[110,35,50,50,50,50,62,62,62,76,125,153,169,189,189,263,263,279,369,27,41,52,52,52],"floor_reached":23,"language":"ENG","playtime":769,"items_purged":["Strike_B","Strike_B"],"score":338,"play_id":"4ce9b0f3-b88d-42be-83af-449530146e42","local_time":"20210224191939","is_ascension_mode":true,"campfire_choices":[{"data":"Dualcast","floor":6,"key":"SMITH"},{"data":"Cold Snap","floor":8,"key":"SMITH"},{"floor":15,"key":"REST"}],"circlet_count":0,"master_deck":["AscendersBane","Strike_B","Strike_B+1","Defend_B+1","Defend_B+1","Defend_B","Defend_B+1","Zap+1","Dualcast+1","Cold Snap+1","Streamline","Rainbow","Beam Cell","Good Instincts","Blind","Melter","Static Discharge+1"],"relics":["Busted Crown","Strawberry","Boot","War Paint","Philosopher\u0027s Stone","ClockworkSouvenir"],"acts_visited":["Exordium","TheCity"],"potions_floor_usage":[10,21,23],"damage_taken":[{"damage":0,"enemies":"2 Louse","floor":1,"turns":3},{"damage":0,"enemies":"Cultist","floor":3,"turns":4},{"damage":0,"enemies":"Small Slimes","floor":7,"turns":3},{"damage":2,"enemies":"Gremlin Gang","floor":10,"turns":7},{"damage":20,"enemies":"Gremlin Nob","floor":12,"turns":5},{"damage":0,"enemies":"Blue Slaver","floor":13,"turns":3},{"damage":5,"enemies":"2 Fungi Beasts","floor":14,"turns":3},{"damage":8,"enemies":"The Guardian","floor":16,"turns":12},{"damage":8,"enemies":"Spheric Guardian","floor":18,"turns":4},{"damage":14,"enemies":"3 Byrds","floor":21,"turns":5},{"damage":17,"enemies":"Centurion and Healer","floor":22,"turns":5},{"damage":17,"enemies":"Gremlin Leader","floor":23,"turns":4}],"seed_played":"-6156955378512641428","potions_obtained":[{"floor":3,"key":"ColorlessPotion"},{"floor":12,"key":"EssenceOfSteel"},{"floor":16,"key":"LiquidMemories"}],"is_trial":false,"path_per_floor":["M","$","M","?","?","R","M","R","T","M","T","E","M","M","R","B",null,"M","?","$","M","M","E"],"character_chosen":"DEFECT","items_purchased":["ClockworkSouvenir","Blind"],"campfire_rested":1,"item_purchase_floors":[20,20],"current_hp_per_floor":[64,64,64,43,43,43,43,43,50,48,48,28,28,23,46,38,68,60,42,42,28,11,0,0],"gold":52,"neow_bonus":"BOSS_RELIC","is_daily":false,"chose_seed":false,"campfire_upgraded":2,"win_rate":0.0,"timestamp":1614190779,"path_taken":["M","$","M","?","?","R","?","R","T","M","?","E","?","M","R","BOSS","M","?","$","?","?","E"],"items_purchased_type":["Relic","Card"],"build_version":"2020-12-22","purchased_purges":2,"victory":false,"max_hp_per_floor":[71,71,71,71,71,71,71,71,78,78,78,78,78,78,78,78,78,78,78,78,78,78,78,78],"relic_stats":{"Busted Crown":22,"counters":[12,58],"War Paint":["Defend_B","Defend_B"],"Boot":[16],"obtain_stats":[{"Busted Crown":0,"Strawberry":9,"Philosopher\u0027s Stone":17,"War Paint":12,"Cracked Core":0,"Boot":11,"ClockworkSouvenir":20},{"Busted Crown":0,"Strawberry":3,"Philosopher\u0027s Stone":8,"War Paint":5,"Cracked Core":0,"Boot":4,"ClockworkSouvenir":9},{"Busted Crown":0,"Strawberry":10,"Philosopher\u0027s Stone":40,"War Paint":22,"Cracked Core":0,"Boot":17,"ClockworkSouvenir":44}]},"card_choices":[{"not_picked":[],"picked":"Cold Snap","floor":1},{"not_picked":["Turbo"],"picked":"SKIP","floor":3},{"not_picked":["Steam"],"picked":"SKIP","floor":7},{"not_picked":["Barrage"],"picked":"SKIP","floor":10},{"not_picked":[],"picked":"Streamline","floor":12},{"not_picked":["Gash"],"picked":"SKIP","floor":13},{"not_picked":["Barrage"],"picked":"SKIP","floor":14},{"not_picked":[],"picked":"Rainbow","floor":16},{"not_picked":[],"picked":"Beam Cell","floor":18},{"not_picked":[],"picked":"Melter","floor":21},{"not_picked":[],"picked":"Static Discharge+1","floor":22}],"player_experience":646214,"relics_obtained":[{"floor":9,"key":"Strawberry"},{"floor":11,"key":"Boot"},{"floor":12,"key":"War Paint"}],"event_choices":[{"damage_healed":0,"gold_gain":0,"player_choice":"Entered Light","damage_taken":21,"max_hp_gain":0,"max_hp_loss":0,"event_name":"Shining Light","floor":4,"gold_loss":0,"cards_upgraded":["Strike_B","Defend_B"]},{"damage_healed":0,"gold_gain":0,"player_choice":"Upgraded","damage_taken":0,"max_hp_gain":0,"max_hp_loss":0,"event_name":"Upgrade Shrine","floor":5,"gold_loss":0,"cards_upgraded":["Zap"]},{"damage_healed":0,"gold_gain":90,"player_choice":"GOLD CARD ","damage_taken":18,"max_hp_gain":0,"max_hp_loss":0,"event_name":"Knowing Skull","floor":19,"potions_obtained":[],"gold_loss":0,"cards_obtained":["Good Instincts"]}],"is_beta":false,"boss_relics":[{"not_picked":["Cursed Key","Ectoplasm"],"picked":"Philosopher\u0027s Stone"}],"items_purged_floors":[2,20],"is_endless":false,"potions_floor_spawned":[3,12,16,18],"killed_by":"Gremlin Leader","ascension_level":15}}