{"host":"dlyy4wv9zatha4f7","time":1614183014,"event":{"mods":["Act Like it!","BaseMod","Colored Map","Curses Come First","GifTheSpireLib","Minty Spire (QoL Compilation)","Reliquary","Spicy Shops","StSLib","SuperFastMode","Unceasing Turn Reminder"],"gold_per_floor":[116,126,126,15,26,26,26,26,26,39,39,74,88,127,127,250,250,263,286,286,301,48,92,115,159,210,241,241,241,241,261,261,261,261],"floor_reached":33,"language":"ENG","playtime":1306,"items_purged":["Strike_G"],"score":566,"play_id":"57e9d64c-691e-490d-b709-7200c28e710f","local_time":"20210224181014","is_ascension_mode":true,"campfire_choices":[{"data":"Terror","floor":7,"key":"SMITH"},{"data":"Dagger Spray","floor":11,"key":"SMITH"},{"floor":15,"key":"REST"},{"data":"Apotheosis","floor":30,"key":"SMITH"},{"data":"Accuracy","floor":32,"key":"SMITH"}],"circlet_count":0,"master_deck":["Strike_G","Strike_G","Strike_G","Strike_G","Defend_G","Defend_G","Defend_G","Defend_G","Defend_G","Survivor","Neutralize","Bane","Sucker Punch","Terror+1","PiercingWail","Dagger Spray+1","Adrenaline","Cloak And Dagger","Die Die Die","Infinite Blades+1","PiercingWail","Apotheosis+1","Blade Dance","Accuracy+1","Blade Dance","Leg Sweep"],"relics":["Ring of the Snake","reliquary:ExpiredCoupon","reliquary:WeakTea","Bloody Idol","Matryoshka","Darkstone Periapt","Ninja Scroll","Mercury Hourglass","reliquary:BoilingFlask","WristBlade","Ice Cream","reliquary:Stiletto","White Beast Statue","reliquary:SharkskinSheath","Happy Flower"],"acts_visited":["Exordium","TheCity"],"potions_floor_usage":[16,16,16,16,23,25,27,33],"damage_taken":[{"damage":4,"enemies":"2 Louse","floor":1,"turns":3},{"damage":14,"enemies":"Jaw Worm","floor":2,"turns":6},{"damage":0,"enemies":"Cultist","floor":5,"turns":3},{"damage":7,"enemies":"3 Louse","floor":10,"turns":4},{"damage":7,"enemies":"Gremlin Nob","floor":12,"turns":4},{"damage":0,"enemies":"Large Slime","floor":13,"turns":2},{"damage":11,"enemies":"Lagavulin","floor":14,"turns":7},{"damage":0,"enemies":"Hexaghost","floor":16,"turns":9},{"damage":0,"enemies":"3 Byrds","floor":18,"turns":1},{"damage":2,"enemies":"Shell Parasite","floor":19,"turns":3},{"damage":0,"enemies":"Centurion and Healer","floor":21,"turns":4},{"damage":0,"enemies":"Slavers","floor":23,"turns":2},{"damage":0,"enemies":"Cultist and Chosen","floor":24,"turns":2},{"damage":4,"enemies":"Gremlin Leader","floor":25,"turns":2},{"damage":24,"enemies":"Slavers","floor":27,"turns":4},{"damage":0,"enemies":"Snecko","floor":31,"turns":1},{"damage":59,"enemies":"Champ","floor":33,"turns":6}],"seed_played":"-192054870511780181","potions_obtained":[{"floor":12,"key":"PowerPotion"},{"floor":14,"key":"EntropicBrew"},{"floor":18,"key":"Explosive Potion"},{"floor":21,"key":"Energy Potion"},{"floor":24,"key":"FearPotion"},{"floor":27,"key":"Swift Potion"},{"floor":31,"key":"Energy Potion"}],"is_trial":false,"path_per_floor":["M","M","?","$","M","?","R","T","T","M","R","E","M","E","R","B",null,"M","M","?","M","$","E","M","E","T","E","?","?","R","M","R","B"],"character_chosen":"THE_SILENT","items_purchased":["Terror","Apotheosis"],"campfire_rested":1,"item_purchase_floors":[4,22],"current_hp_per_floor":[59,45,38,38,38,38,38,38,38,31,31,24,24,13,32,32,57,57,55,55,55,55,55,55,51,51,27,27,27,27,32,32,0,0],"gold":261,"neow_bonus":"RANDOM_COMMON_RELIC","is_daily":false,"chose_seed":false,"campfire_upgraded":4,"win_rate":0.0,"timestamp":1614183014,"path_taken":["M","M","?","$","M","?","R","?","T","?","R","E","M","E","R","BOSS","M","M","?","M","$","E","M","E","T","E","?","?","R","?","R","BOSS"],"items_purchased_type":["Card","Card"],"build_version":"2020-12-22","purchased_purges":1,"victory":false,"max_hp_per_floor":[70,70,70,70,70,65,65,65,65,65,65,65,65,65,65,65,65,65,65,65,65,65,65,65,65,65,65,65,65,65,65,65,65,65],"card_choices":[{"not_picked":["Eviscerate","Prepared"],"picked":"Bane","floor":1},{"not_picked":["Concentrate","Bane"],"picked":"Sucker Punch","floor":2},{"not_picked":["Sucker Punch","Bane"],"picked":"PiercingWail","floor":5},{"not_picked":["Escape Plan","Flechettes"],"picked":"Dagger Spray","floor":10},{"not_picked":["Tactician","Choke","Distraction"],"picked":"SKIP","floor":12},{"not_picked":["Concentrate","Sucker Punch"],"picked":"Adrenaline","floor":13},{"not_picked":["Backflip","Dagger Spray"],"picked":"Cloak And Dagger","floor":14},{"not_picked":["Envenom","Doppelganger"],"picked":"Die Die Die","floor":16},{"not_picked":["Concentrate+1","Setup+1"],"picked":"Infinite Blades+1","floor":18},{"not_picked":["Dagger Throw","Eviscerate","Slice"],"picked":"SKIP","floor":19},{"not_picked":["Cloak And Dagger","Quick Slash"],"picked":"PiercingWail","floor":21},{"not_picked":["Sucker Punch","Cloak And Dagger"],"picked":"Blade Dance","floor":23},{"not_picked":["Finisher","Blade Dance"],"picked":"Accuracy","floor":24},{"not_picked":["Finisher","Flying Knee","Choke+1"],"picked":"SKIP","floor":25},{"not_picked":["Choke+1","Unload"],"picked":"Blade Dance","floor":27},{"not_picked":["Bane","Blade Dance"],"picked":"Leg Sweep","floor":31}],"player_experience":2312368,"relics_obtained":[{"floor":8,"key":"Matryoshka"},{"floor":9,"key":"Darkstone Periapt"},{"floor":9,"key":"Ninja Scroll"},{"floor":12,"key":"Mercury Hourglass"},{"floor":14,"key":"reliquary:BoilingFlask"},{"floor":23,"key":"Ice Cream"},{"floor":25,"key":"reliquary:Stiletto"},{"floor":26,"key":"White Beast Statue"},{"floor":26,"key":"reliquary:SharkskinSheath"},{"floor":27,"key":"Happy Flower"}],"event_choices":[{"damage_healed":0,"gold_gain":0,"player_choice":"Success","damage_taken":7,"relics_obtained":["reliquary:WeakTea"],"max_hp_gain":0,"max_hp_loss":0,"event_name":"Scrap Ooze","floor":3,"gold_loss":0},{"damage_healed":0,"gold_gain":0,"player_choice":"Lose Max HP","damage_taken":0,"relics_obtained":["Golden Idol"],"max_hp_gain":0,"max_hp_loss":5,"event_name":"Golden Idol","floor":6,"gold_loss":0},{"damage_healed":0,"gold_gain":0,"player_choice":"Ignored","damage_taken":0,"max_hp_gain":0,"max_hp_loss":0,"event_name":"Cursed Tome","floor":20,"gold_loss":0},{"damage_healed":0,"gold_gain":0,"player_choice":"Gave Idol","damage_taken":0,"relics_obtained":["Bloody Idol"],"max_hp_gain":0,"max_hp_loss":0,"event_name":"Forgotten Altar","floor":28,"relics_lost":["Golden Idol"],"gold_loss":0},{"damage_healed":0,"gold_gain":0,"player_choice":"Ignored","damage_taken":0,"max_hp_gain":0,"max_hp_loss":0,"event_name":"NoteForYourself","floor":29,"gold_loss":0}],"is_beta":false,"boss_relics":[{"not_picked":["Runic Pyramid","SlaversCollar"],"picked":"WristBlade"}],"items_purged_floors":[4],"is_endless":false,"potions_floor_spawned":[12,14,18,21,24,27,31],"killed_by":"Champ","ascension_level":9}}