{"host":"k0cm6nn9mnmji9h1","time":1614130328,"event":{"mods":["2.2 Compatiblity","AchievementEnabler","BaseMod","Colored Map","DeckTracker","Downfall","Gremlin Skip","Highlight Path","Minty Spire (QoL Compilation)","Permanent Neow","StSLib","Waifu the Spire"],"gold_per_floor":[99,116,127,146,156,166,192,208,208,8,8,19,169,181,194,292,292,192,208,219,23,23,32,41,35,58,58,71,105,105,132,148,148,148,148],"floor_reached":33,"language":"ENG","playtime":2519,"items_purged":["Guardian:Strike_Guardian","downfall:Icky"],"score":333,"play_id":"49875fff-ae2a-4b70-bd4e-c15d0808ccba","local_time":"20210224103208","is_ascension_mode":false,"campfire_choices":[{"data":"Guardian:CurlUp","floor":1,"key":"SMITH"},{"floor":9,"key":"RECALL"},{"floor":11,"key":"REST"},{"data":"Guardian:StasisField","floor":18,"key":"SMITH"}],"circlet_count":0,"master_deck":["Guardian:Strike_Guardian","Guardian:Strike_Guardian","Guardian:Strike_Guardian","Guardian:Defend_Guardian","Guardian:Defend_Guardian","Guardian:Defend_Guardian","Guardian:Defend_Guardian","Guardian:CurlUp+1","Guardian:TwinSlam+1","Guardian:CrystalBeam","Guardian:Preprogram","Guardian:BodySlam","Guardian:SentryBeam","Guardian:ShieldCharger","Guardian:TemporalStrike","Guardian:GuardianWhirl","Bandage Up","Guardian:PrimingBeam","Guardian:Clone","Guardian:Repulse","Guardian:StasisField+1","Guardian:BodySlam","Guardian:Gem_Green","Guardian:PiercingHide+1","expansioncontent:Hexaburn","RitualDagger","Regret","Guardian:Recover","Guardian:EvasiveProtocol","Guardian:SpikerProtocol+1","Guardian:TimeSifter","Ghostly","Ghostly","Ghostly","Ghostly","Ghostly","Guardian:DecasProtection","Guardian:PiercingHide"],"relics":["Guardian:ModeShifter","Blood Vial","Cursed Key","downfall:HeartBlessingRed","Mercury Hourglass","downfall:RedIOU","Pen Nib","CaptainsWheel"],"acts_visited":["Exordium","TheCity"],"potions_floor_usage":[16,21,29,31,31],"damage_taken":[{"damage":1,"enemies":"Cultist","floor":2,"turns":4},{"damage":0,"enemies":"2 Louse","floor":3,"turns":2},{"damage":6,"enemies":"Jaw Worm","floor":4,"turns":4},{"damage":9,"enemies":"Blue Slaver","floor":5,"turns":5},{"damage":16,"enemies":"Large Slime","floor":6,"turns":5},{"damage":5,"enemies":"2 Fungi Beasts","floor":8,"turns":3},{"damage":10,"enemies":"downfall:FleeingMerchant","floor":10,"turns":4},{"damage":12,"enemies":"Gremlin Gang","floor":12,"turns":4},{"damage":2,"enemies":"Blue Slaver","floor":14,"turns":4},{"damage":3,"enemies":"2 Fungi Beasts","floor":15,"turns":3},{"damage":57,"enemies":"SI_SHIV_ARCHETYPE","floor":16,"turns":18},{"damage":23,"enemies":"downfall:LooterAlt2","floor":19,"turns":6},{"damage":3,"enemies":"Spheric Guardian","floor":20,"turns":6},{"damage":0,"enemies":"downfall:FleeingMerchant","floor":21,"turns":4},{"damage":2,"enemies":"downfall:FleeingMerchant","floor":25,"turns":4},{"damage":8,"enemies":"Chosen and Byrds","floor":26,"turns":6},{"damage":11,"enemies":"Snake Plant","floor":28,"turns":4},{"damage":20,"enemies":"Gremlin Leader","floor":29,"turns":7},{"damage":17,"enemies":"Slavers","floor":31,"turns":4},{"damage":8,"enemies":"Shelled Parasite and Fungi","floor":32,"turns":6},{"damage":30,"enemies":"WA_ARCHETYPE_CALM","floor":33,"turns":5}],"seed_played":"-7690907685224186925","potions_obtained":[{"floor":4,"key":"hexamod:SoulburnPotion"},{"floor":5,"key":"PowerPotion"},{"floor":8,"key":"sneckomod:MuddlingPotion"},{"floor":16,"key":"PowerPotion"},{"floor":26,"key":"Regen Potion"},{"floor":28,"key":"Guardian:DefensiveModePotion"},{"floor":29,"key":"Energy Potion"}],"is_trial":false,"path_per_floor":["R","M","M","M","M","M","T","M","R","$","R","M","?","M","M","B",null,"R","M","M","$","?","?","T","$","M","?","M","E","?","E","M","B"],"character_chosen":"GUARDIAN","items_purchased":["Guardian:Gem_Cyan","Bandage Up","expansioncontent:Hexaburn"],"campfire_rested":1,"item_purchase_floors":[10,10,21],"current_hp_per_floor":[80,79,79,73,64,48,48,45,45,37,61,55,55,59,58,7,80,80,61,64,70,70,64,64,68,66,66,61,62,40,23,17,0,0,0],"gold":148,"neow_bonus":"UPGRADE_CARD","is_daily":false,"chose_seed":false,"campfire_upgraded":2,"win_rate":0.0,"timestamp":1614130328,"path_taken":["R","M","M","M","M","?","T","M","R","?","R","M","?","M","M","BOSS","R","M","M","$","?","?","T","?","M","?","M","E","?","E","M","BOSS"],"items_purchased_type":["Card","Card","Card"],"build_version":"2020-12-22","purchased_purges":2,"victory":false,"max_hp_per_floor":[80,80,80,80,80,80,80,80,80,80,80,80,80,80,80,80,80,80,80,80,80,80,80,80,80,80,80,80,80,40,40,40,40,40,40],"card_choices":[{"not_picked":["Guardian:RollAttack","Guardian:Recover"],"picked":"Guardian:CrystalBeam","floor":2},{"not_picked":["Guardian:PolyBeam","Guardian:Orbwalk"],"picked":"Guardian:Preprogram","floor":3},{"not_picked":["Guardian:PrismaticBarrier","Guardian:Incinerate"],"picked":"Guardian:BodySlam","floor":4},{"not_picked":["Guardian:Recover","Guardian:WalkerClaw"],"picked":"Guardian:SentryBeam","floor":5},{"not_picked":["Guardian:PiercingHide","Guardian:Preprogram"],"picked":"Guardian:ShieldCharger","floor":6},{"not_picked":["Guardian:CrystalBeam","Guardian:Reroute"],"picked":"Guardian:TemporalStrike","floor":8},{"not_picked":["Guardian:ChargeCore","Guardian:PrimingBeam"],"picked":"Guardian:GuardianWhirl","floor":10},{"not_picked":["Guardian:TemporalStrike","Guardian:Reroute"],"picked":"Guardian:PrimingBeam","floor":12},{"not_picked":["Guardian:HyperBeam_Guardian","Guardian:TemporalStrike"],"picked":"Guardian:Clone","floor":14},{"not_picked":["Guardian:Gem_Green","Guardian:Planning"],"picked":"Guardian:Repulse","floor":15},{"not_picked":["Guardian:FastForward","Guardian:ConstructionForm"],"picked":"Guardian:StasisField","floor":16},{"not_picked":["Guardian:TemporalStrike","Guardian:Gem_Green"],"picked":"Guardian:BodySlam","floor":19},{"not_picked":["Guardian:Suspension","Guardian:Incinerate"],"picked":"Guardian:Gem_Green","floor":20},{"not_picked":["Guardian:Suspension","Guardian:SentryBeam+1"],"picked":"Guardian:PiercingHide+1","floor":21},{"not_picked":["Guardian:Clone","Guardian:CrystalBeam"],"picked":"Guardian:Recover","floor":25},{"not_picked":["Guardian:Incinerate","Guardian:SentryBeam"],"picked":"Guardian:EvasiveProtocol","floor":26},{"not_picked":["Guardian:FastForward","Guardian:ShieldSpikes"],"picked":"Guardian:SpikerProtocol+1","floor":28},{"not_picked":["Guardian:Incinerate","Guardian:TemporalStrike"],"picked":"Guardian:TimeSifter","floor":29},{"not_picked":["Guardian:RollAttack","Guardian:TimeBomb"],"picked":"Guardian:DecasProtection","floor":31},{"not_picked":["Guardian:FloatingOrbs","Guardian:Recover"],"picked":"Guardian:PiercingHide","floor":32}],"player_experience":545055,"relics_obtained":[{"floor":7,"key":"Blood Vial"},{"floor":24,"key":"Mercury Hourglass"},{"floor":29,"key":"Pen Nib"},{"floor":31,"key":"CaptainsWheel"}],"event_choices":[{"damage_healed":0,"gold_gain":0,"player_choice":"Became a Ghost","damage_taken":0,"max_hp_gain":0,"max_hp_loss":40,"event_name":"Ghosts","floor":30,"gold_loss":0,"cards_obtained":["Ghostly","Ghostly","Ghostly","Ghostly","Ghostly"]}],"is_beta":false,"boss_relics":[{"not_picked":["Velvet Choker","Coffee Dripper"],"picked":"Cursed Key"}],"items_purged_floors":[10,21],"is_endless":false,"potions_floor_spawned":[4,5,8,16,26,28,29],"killed_by":"WA_ARCHETYPE_CALM","ascension_level":0}}