{"host":"Yuki","time":1614127617,"event":{"mods":["AchievementEnabler","BaseMod","Block Reminder","Colored Map","Colored Powertips","Duelist Mod","GifTheSpireLib","Googly Eyes","Highlight Path","Minty Spire (QoL Compilation)","Permanent Neow","Quick Restart","Random Character Button","Random Character Mod","Relic Stats","StSLib","The Wild Card","everything is the same but u backflip on backflip","slay the spire mod where everything is the same but ironclad has a cowboy hat"],"gold_per_floor":[145,158,176,192,204,233,233,108,177,189,189,207,224,237,237,336,336,349,368,381,396,410,410,430,430,482,517,517,117,150,150,150],"floor_reached":31,"language":"ENG","playtime":2596,"items_purged":["theDuelist:Sparks","theDuelist:Sparks"],"score":285,"play_id":"45f04174-3a97-43c1-bed1-699e47fdb7ac","local_time":"20210223184657","is_ascension_mode":false,"campfire_choices":[{"data":"theDuelist:NaturiaSunflower","floor":7,"key":"SMITH"},{"data":"theDuelist:NaturiaPumpkin","floor":11,"key":"SMITH"},{"data":"theDuelist:NaturiaSacredTree","floor":15,"key":"SMITH"},{"data":"theDuelist:NaturiaStinkbug","floor":23,"key":"SMITH"},{"floor":25,"key":"REST"},{"data":"theDuelist:NaturiaVein","floor":28,"key":"SMITH"}],"circlet_count":0,"master_deck":["theDuelist:CastleWalls","theDuelist:CastleWalls","theDuelist:CastleWalls","theDuelist:NaturiaBeast","theDuelist:NaturiaCliff","theDuelist:NaturiaRock","theDuelist:NaturiaTulip","theDuelist:Sparks","theDuelist:NaturiaEggplant","theDuelist:NaturiaPumpkin+1","theDuelist:NaturiaSacredTree+1","theDuelist:NaturiaSunflower+1","theDuelist:NaturiaRosewhip","theDuelist:NaturiaVein+1","theDuelist:NaturiaAntjaw","theDuelist:NaturiaMarron","theDuelist:NaturiaRagweed","theDuelist:NaturiaBarkion","theDuelist:NaturiaBrambi","theDuelist:NaturiaStinkbug+1","theDuelist:NaturiaSacredTree+1","theDuelist:NaturiaRagweed+1"],"relics":["theDuelist:MillenniumPuzzle","theDuelist:CardPoolRelic","theDuelist:CardPoolBasicRelic","theDuelist:BoosterPackPoolRelic","theDuelist:CardPoolAddRelic","theDuelist:CardPoolMinusRelic","theDuelist:CardPoolSaveRelic","theDuelist:CardPoolOptionsRelic","theDuelist:SolderToken","Self Forming Clay","Philosopher\u0027s Stone","Art of War","WingedGreaves","theDuelist:NaturiaRelic","theDuelist:ZoneToken","theDuelist:SummonAnchor"],"acts_visited":["Exordium","TheCity"],"potions_floor_usage":[16,18,31,31],"damage_taken":[{"damage":0,"enemies":"Cultist","floor":1,"turns":4},{"damage":0,"enemies":"Jaw Worm","floor":2,"turns":4},{"damage":0,"enemies":"Small Slimes","floor":3,"turns":2},{"damage":0,"enemies":"Looter","floor":4,"turns":3},{"damage":0,"enemies":"3 Louse","floor":5,"turns":2},{"damage":12,"enemies":"Lagavulin","floor":6,"turns":6},{"damage":7,"enemies":"Blue Slaver","floor":10,"turns":4},{"damage":13,"enemies":"Lots of Slimes","floor":12,"turns":2},{"damage":7,"enemies":"Gremlin Gang","floor":13,"turns":3},{"damage":2,"enemies":"Red Slaver","floor":14,"turns":4},{"damage":24,"enemies":"Slime Boss","floor":16,"turns":6},{"damage":2,"enemies":"Spheric Guardian","floor":18,"turns":4},{"damage":4,"enemies":"Shell Parasite","floor":19,"turns":3},{"damage":3,"enemies":"Centurion and Healer","floor":20,"turns":4},{"damage":9,"enemies":"Chosen and Byrds","floor":21,"turns":5},{"damage":34,"enemies":"Snake Plant","floor":22,"turns":4},{"damage":14,"enemies":"Shelled Parasite and Fungi","floor":24,"turns":5},{"damage":7,"enemies":"theDuelist:KaibaA2","floor":27,"turns":5},{"damage":29,"enemies":"Book of Stabbing","floor":30,"turns":4},{"damage":9,"enemies":"Centurion and Healer","floor":31,"turns":3}],"seed_played":"4087535851771511298","potions_obtained":[{"floor":2,"key":"theDuelist:OrbBottle"},{"floor":6,"key":"Dexterity Potion"},{"floor":12,"key":"theDuelist:SolderPotionB"},{"floor":16,"key":"SkillPotion"},{"floor":20,"key":"GamblersBrew"}],"is_trial":false,"path_per_floor":["M","M","M","M","M","E","R","$","T","M","R","M","M","M","R","B",null,"M","M","M","M","M","R","M","R","T","E","R","$","E","M"],"character_chosen":"THE_DUELIST","items_purchased":["theDuelist:NaturiaAntjaw","theDuelist:NaturiaRelic","theDuelist:ZoneToken"],"campfire_rested":1,"item_purchase_floors":[8,29,29],"current_hp_per_floor":[80,80,80,80,80,68,68,68,68,61,61,48,41,39,39,15,80,78,74,71,62,28,28,14,38,38,31,31,31,2,0,0],"gold":150,"neow_bonus":"THREE_CARDS","is_daily":false,"chose_seed":false,"campfire_upgraded":5,"win_rate":0.0,"timestamp":1614127617,"path_taken":["M","M","M","M","M","E","R","$","T","M","R","M","M","M","R","BOSS","M","M","?","M","M","R","M","R","T","E","R","$","E","M"],"items_purchased_type":["Card","Relic","Relic"],"build_version":"2020-12-18","purchased_purges":2,"victory":false,"max_hp_per_floor":[80,80,80,80,80,80,80,80,80,80,80,80,80,80,80,80,80,80,80,80,80,80,80,80,80,80,80,80,80,80,80,80],"relic_stats":{"counters":[20,77],"Self Forming Clay":[81],"Art of War":[2],"obtain_stats":[{"theDuelist:SummonAnchor":30,"Self Forming Clay":9,"theDuelist:NaturiaRelic":29,"theDuelist:MillenniumPuzzle":0,"theDuelist:CardPoolSaveRelic":0,"theDuelist:SolderToken":6,"theDuelist:BoosterPackPoolRelic":0,"theDuelist:CardPoolMinusRelic":0,"theDuelist:CardPoolBasicRelic":0,"theDuelist:ZoneToken":29,"Philosopher\u0027s Stone":17,"theDuelist:CardPoolAddRelic":0,"WingedGreaves":27,"theDuelist:CardPoolOptionsRelic":0,"Art of War":26,"theDuelist:CardPoolRelic":0},{"theDuelist:SummonAnchor":19,"Self Forming Clay":6,"theDuelist:NaturiaRelic":18,"theDuelist:MillenniumPuzzle":0,"theDuelist:CardPoolSaveRelic":0,"theDuelist:SolderToken":6,"theDuelist:BoosterPackPoolRelic":0,"theDuelist:CardPoolMinusRelic":0,"theDuelist:CardPoolBasicRelic":0,"theDuelist:ZoneToken":18,"Philosopher\u0027s Stone":11,"theDuelist:CardPoolAddRelic":0,"WingedGreaves":18,"theDuelist:CardPoolOptionsRelic":0,"Art of War":17,"theDuelist:CardPoolRelic":0},{"theDuelist:SummonAnchor":74,"Self Forming Clay":21,"theDuelist:NaturiaRelic":70,"theDuelist:MillenniumPuzzle":0,"theDuelist:CardPoolSaveRelic":0,"theDuelist:SolderToken":21,"theDuelist:BoosterPackPoolRelic":0,"theDuelist:CardPoolMinusRelic":0,"theDuelist:CardPoolBasicRelic":0,"theDuelist:ZoneToken":70,"Philosopher\u0027s Stone":40,"theDuelist:CardPoolAddRelic":0,"WingedGreaves":70,"theDuelist:CardPoolOptionsRelic":0,"Art of War":65,"theDuelist:CardPoolRelic":0}]},"card_choices":[{"not_picked":["theDuelist:NaturiaGuardian","theDuelist:NaturiaStinkbug"],"picked":"theDuelist:NaturiaEggplant","floor":0},{"not_picked":["theDuelist:NaturiaTulip","theDuelist:Alpacaribou","theDuelist:NaturiaCosmobeet","theDuelist:ExterioFang"],"picked":"theDuelist:NaturiaPumpkin","floor":1},{"not_picked":["theDuelist:ConvulsionNature","theDuelist:NaturiaLeodrake","theDuelist:LairWire"],"picked":"theDuelist:NaturiaSacredTree","floor":2},{"not_picked":["theDuelist:NaturiaEggplant","theDuelist:NaturiaCliff","theDuelist:FossilDig","theDuelist:NaturiaMosquito"],"picked":"theDuelist:NaturiaSunflower","floor":3},{"not_picked":["theDuelist:BottomlessTrapHole","theDuelist:SangaEarth","theDuelist:AcidTrapHole","theDuelist:FuryFire"],"picked":"theDuelist:NaturiaRosewhip","floor":4},{"not_picked":["theDuelist:BigFire","theDuelist:GemArmadillo","theDuelist:DarkCreator","theDuelist:ReleaseFromStone","theDuelist:HeavyStorm"],"picked":"SKIP","floor":5},{"not_picked":["theDuelist:NaturiaForest","theDuelist:DemiseLand","theDuelist:Wildfire","theDuelist:NaturiaHorneedle"],"picked":"theDuelist:NaturiaVein","floor":6},{"not_picked":["theDuelist:NaturiaHydrangea","theDuelist:NaturiaRosewhip","theDuelist:NaturiaRock","theDuelist:NaturiaMosquito"],"picked":"theDuelist:NaturiaMarron","floor":10},{"not_picked":["theDuelist:NaturiaCliff","theDuelist:NaturiaRock","theDuelist:SummoningSwarm","theDuelist:NaturiaSunflower"],"picked":"theDuelist:NaturiaRagweed","floor":12},{"not_picked":["theDuelist:MudGolem","theDuelist:DestructPotion","theDuelist:WeepingIdol","theDuelist:BigFire","theDuelist:GemElephant"],"picked":"SKIP","floor":13},{"not_picked":["theDuelist:BigFire","theDuelist:Fissure","theDuelist:MillenniumGolem","theDuelist:Sangan","theDuelist:GraniteLoyalist"],"picked":"SKIP","floor":14},{"not_picked":["theDuelist:DemiseLand","theDuelist:Canyon","theDuelist:Wildfire","theDuelist:HeartUnderdog"],"picked":"theDuelist:NaturiaBarkion","floor":16},{"not_picked":["theDuelist:NaturiaHydrangea","theDuelist:NaturiaRosewhip","theDuelist:NaturiaRock","theDuelist:NaturiaTulip+1"],"picked":"theDuelist:NaturiaBrambi","floor":18},{"not_picked":["theDuelist:NaturiaDragonfly","theDuelist:NaturiaCliff","theDuelist:NaturiaMantis","theDuelist:PotDuality"],"picked":"theDuelist:NaturiaStinkbug","floor":19},{"not_picked":["theDuelist:NaturiaHydrangea","theDuelist:NaturiaEggplant","theDuelist:NaturiaDragonfly","theDuelist:NaturiaCliff+1","theDuelist:AcidTrapHole"],"picked":"SKIP","floor":20},{"not_picked":["theDuelist:ConvulsionNature+1","theDuelist:NaturiaLeodrake+1","theDuelist:LeodrakeMane+1","theDuelist:LairWire+1"],"picked":"theDuelist:NaturiaSacredTree+1","floor":21},{"not_picked":["theDuelist:WildNatureRelease","theDuelist:VenomShot","theDuelist:SummoningSwarm+1","theDuelist:SeedSacredTree","theDuelist:GracefulCharity"],"picked":"SKIP","floor":22},{"not_picked":["theDuelist:NaturiaEggplant","theDuelist:NaturiaMarron","theDuelist:SummoningSwarm","theDuelist:NaturiaMantis+1"],"picked":"theDuelist:NaturiaRagweed+1","floor":24},{"not_picked":["theDuelist:SurvivalInstinct","theDuelist:Pollinosis","theDuelist:NaturalDisaster","theDuelist:LairWire","theDuelist:AcidTrapHole"],"picked":"SKIP","floor":27},{"not_picked":["theDuelist:SeismicShockwave","theDuelist:LairWire+1","theDuelist:BottomlessTrapHole","theDuelist:SurvivalInstinct","theDuelist:HuntingInstinct"],"picked":"SKIP","floor":30}],"player_experience":1280605,"relics_obtained":[{"floor":6,"key":"theDuelist:SolderToken"},{"floor":9,"key":"Self Forming Clay"},{"floor":26,"key":"Art of War"},{"floor":27,"key":"WingedGreaves"},{"floor":30,"key":"theDuelist:SummonAnchor"}],"event_choices":[],"is_beta":true,"boss_relics":[{"not_picked":["theDuelist:GamblerChip","theDuelist:HauntedRelic"],"picked":"Philosopher\u0027s Stone"}],"items_purged_floors":[8,29],"is_endless":false,"potions_floor_spawned":[2,6,12,14,16,20,21],"killed_by":"Centurion and Healer","ascension_level":0}}