{"host":"9sqwgc7o3s0c6ttp","time":1614167114,"event":{"mods":["AchievementEnabler","Act Like it!","Arknights","Aspiration","BaseMod","CapriCore","Colored Map","Colored Powertips","Dota2Spire","Friendly Minions","Gensokyo","HololiveMod","Infinite Spire","Minty Spire (QoL Compilation)","Pale of the Ancients","Replay The Spire","StSLib","Waifu the Spire","WarShipGirlsR/??á´Ò³R mod"],"gold_per_floor":[84,94,94,94,169,197,197,229,229,93,93,104,104,123,123,228,228,245,257,272,39,69,69,101,101,101,101,121,152,177,206,206,310,310,324,334,334,347,19,19,33,63,75,120,132,9,44,44,44,44,64,85,142,16,16,31,31,31,31,31],"floor_reached":61,"language":"KOR","playtime":1773,"items_purged":["Hololive_Strike","Hololive_Psychosis","Hololive_Sequa","Hololive_Strike"],"score":3408,"play_id":"4edd586c-a658-481c-95dc-4ff8d3e6f0d5","local_time":"20210224204514","is_ascension_mode":true,"campfire_choices":[{"data":"infinitespire:FutureSight","floor":7.0,"key":"SMITH"},{"data":"Hololive_Psychosis","floor":11.0,"key":"SMITH"},{"data":"Hololive_CocoNews","floor":13.0,"key":"SMITH"},{"data":"Hololive_Rebound","floor":15.0,"key":"SMITH"},{"data":"Hololive_ILoveYou","floor":23.0,"key":"SMITH"},{"data":"Hololive_Rebound","floor":25.0,"key":"SMITH"},{"data":"Hololive_StarCraft","floor":27.0,"key":"SMITH"},{"data":"Hololive_FlyingPonyTail","floor":32.0,"key":"SMITH"},{"data":"Acrobatics","floor":40.0,"key":"SMITH"},{"data":"Hololive_MaximGun","floor":49.0,"key":"SMITH"},{"data":"Hololive_Thief","floor":55.0,"key":"SMITH"},{"floor":57,"key":"RECALL"}],"circlet_count":0,"master_deck":["AscendersBane","Hololive_Strike","Hololive_Strike","Hololive_Rebound+1","Hololive_Psychosis+1","Hololive_OvertimeWork+1","infinitespire:FutureSight+1","Hololive_StrengthChampion","Hololive_Yoholoon+1","Hololive_CocoNews+1","Hololive_StarCraft+1","Hololive_Rebound+1","Hololive_CandyCastle+1","Hololive_StrengthChampion+1","Hololive_ILoveYou+1","Hololive_Trident+1","Hololive_FlyingPonyTail","Hololive_ASMR+1","Hololive_FlyingPonyTail+1","Prepared+1","Acrobatics+1","Draining Mist+1","Hololive_StrengthChampion+1","Hololive_MaximGun+1","Hololive_Thief+1","Hololive_FlyingPonyTail+1","Hololive_CocoNews+1","Hololive_CocoNews+1","Hololive_CocoNews+1"],"relics":["Hololive_TheStar","Hololive_OneManArmy","NeowsBlessing","Dota2Spire:UrnOfShadows","Replay:Towering Pillar of Hats","aspiration:PoetsPen_weak","Membership Card","Red Mask","aspiration:HatOfInfinitePower","Dota2Spire:Mjollnir","aspiration:DSix","Simple Rune","Dota2Spire:EyeOfSkadi","SlaversCollar","Guide Book","MawBank","InkBottle","War Paint","Dota2Spire:PhaseBoots","Hololive_LightStick","Replay:Baseball","paleoftheancients:Timepiece","paleoftheancients:KeyRelic","Ice Cream","Letter Opener","infinitespire:EvilPickle","paleoftheancients:SoulOfTheShapes","Thread and Needle","Dota2Spire:MantaStyle"],"acts_visited":["Exordium","TheCity","Gensokyo:Gensokyoest","paleoftheancients:PaleOfTheAncients"],"potions_floor_usage":[60,60,60,60,60],"damage_taken":[{"damage":0.0,"enemies":"2 Louse","floor":1.0,"turns":1.0},{"damage":0.0,"enemies":"ats:Genji","floor":2.0,"turns":1.0},{"damage":0.0,"enemies":"Gremlin Nob","floor":6.0,"turns":1.0},{"damage":0.0,"enemies":"Lagavulin","floor":8.0,"turns":4.0},{"damage":0.0,"enemies":"Jaw Worm","floor":12.0,"turns":2.0},{"damage":0.0,"enemies":"Blue Slaver","floor":14.0,"turns":2.0},{"damage":0.0,"enemies":"Hexaghost","floor":16.0,"turns":5.0},{"damage":0.0,"enemies":"Shell Parasite","floor":18.0,"turns":2.0},{"damage":0.0,"enemies":"Chosen","floor":19.0,"turns":2.0},{"damage":0.0,"enemies":"Centurion and Healer","floor":20.0,"turns":4.0},{"damage":0.0,"enemies":"Masked Bandits","floor":22.0,"turns":3.0},{"damage":0.0,"enemies":"Slavers","floor":24.0,"turns":4.0},{"damage":0.0,"enemies":"3 Cultists","floor":28.0,"turns":3.0},{"damage":0.0,"enemies":"Gremlin Leader","floor":29.0,"turns":4.0},{"damage":0.0,"enemies":"Book of Stabbing","floor":31.0,"turns":3.0},{"damage":0.0,"enemies":"Pondfish","floor":33.0,"turns":7.0},{"damage":0.0,"enemies":"Gensokyo:3_Bats","floor":35.0,"turns":3.0},{"damage":0.0,"enemies":"Gensokyo:AncientGuardian","floor":36.0,"turns":3.0},{"damage":0.0,"enemies":"Gensokyo:SeedOfUnknown","floor":38.0,"turns":3.0},{"damage":0.0,"enemies":"Gensokyo:4_Bats","floor":41.0,"turns":2.0},{"damage":0.0,"enemies":"Gensokyo:Kasen","floor":42.0,"turns":3.0},{"damage":0.0,"enemies":"Gensokyo:Doremy","floor":44.0,"turns":3.0},{"damage":0.0,"enemies":"Gensokyo:Kasen","floor":47.0,"turns":3.0},{"damage":0.0,"enemies":"Gensokyo:Yuyuko","floor":50.0,"turns":4.0},{"damage":0.0,"enemies":"Gensokyo:Yuyuko","floor":51.0,"turns":2.0},{"damage":0.0,"enemies":"Gensokyo:Yuyuko","floor":52.0,"turns":3.0},{"damage":0,"enemies":"","floor":56,"turns":9},{"damage":0,"enemies":"paleoftheancients:N","floor":60,"turns":4}],"seed_played":"8509497245853024481","potions_obtained":[{"floor":1.0,"key":"SkillPotion"},{"floor":12.0,"key":"Weak Potion"},{"floor":14.0,"key":"CultistPotion"},{"floor":18.0,"key":"Swift Potion"},{"floor":22.0,"key":"SteroidPotion"},{"floor":28.0,"key":"AttackPotion"},{"floor":35.0,"key":"Block Potion"},{"floor":42.0,"key":"Milkshake"}],"is_trial":false,"path_per_floor":["M","M","?","?","?","E","R","E","T","$","R","M","R","M","R","B",null,"M","M","M","$","?","R","E","R","T","R","M","E","T","E","R","B",null,"M","M","?","M","COS","R","M","E","T","E","?","$","E","$","R","B","M","M","?","$","R","M","R","T","?","B",null],"character_chosen":"Hololive_HololiveCharacter","items_purchased":["Hololive_Yoholoon+1","Membership Card","Hololive_ILoveYou","Dota2Spire:PhaseBoots","EntropicBrew"],"campfire_rested":0,"item_purchase_floors":[10,21,21,46,54],"current_hp_per_floor":[32,32,32,24,21,21,21,27,27,27,27,27,27,27,27,27,33,33,33,33,33,33,33,33,33,33,33,33,33,33,38,38,38,40,40,40,40,40,40,40,40,40,40,40,40,40,40,40,40,40,40,40,30,30,30,30,30,30,30,32],"gold":31,"neow_bonus":"THREE_ENEMY_KILL","is_daily":false,"chose_seed":false,"campfire_upgraded":11,"win_rate":0.0,"timestamp":1614167114,"path_taken":["M","M","?","?","?","E","R","E","T","$","R","M","R","M","R","BOSS","M","?","?","$","?","R","E","R","T","R","M","E","?","E","R","BOSS","M","M","?","M","COS","R","?","E","T","E","?","?","E","$","R","BOSS","M","M","?","$","R","M","R","T","?","BOSS"],"items_purchased_type":["Card","Relic","Card","Relic","Potion"],"build_version":"2020-12-22","purchased_purges":4,"victory":true,"max_hp_per_floor":[35,35,35,35,35,35,35,35,35,35,35,35,35,35,35,35,35,35,35,35,35,35,35,35,35,35,35,35,35,35,40,40,40,40,40,40,40,40,40,40,40,40,40,40,40,40,40,40,40,40,40,40,40,40,40,40,40,40,40,40],"card_choices":[{"not_picked":["Hololive_CallAmaneKanata","Hololive_Watashimo","Hololive_LuckPotion","Hololive_CallAkiRosenthal"],"picked":"SKIP","floor":1.0},{"not_picked":["Hololive_HuntDinosaur","Hololive_DevilCharm","Hololive_Trident"],"picked":"Hololive_Psychosis","floor":2.0},{"not_picked":["infinitespire:SealOfDarkness+","infinitespire:Menacing"],"picked":"infinitespire:FutureSight","floor":4.0},{"not_picked":["Hololive_LuckPotion","Hololive_DurableLive","Hololive_Drill"],"picked":"Hololive_StrengthChampion","floor":6.0},{"not_picked":["Hololive_Trident","Hololive_SoulCatcher","Hololive_CallAZKi"],"picked":"Hololive_FlyingPonyTail","floor":8.0},{"not_picked":["Hololive_CallShiranuiFlare","Hololive_StrengthChampion","Hololive_OvertimeWork"],"picked":"Hololive_CocoNews","floor":12.0},{"not_picked":["Hololive_LuckPotion","Hololive_CallMomosuzuNene","Hololive_SoulCatcher"],"picked":"Hololive_Psychosis","floor":14.0},{"not_picked":["Hololive_ScarfAndHalo","Hololive_FlareMind","Hololive_Rebirth"],"picked":"Hololive_StarCraft","floor":16.0},{"not_picked":["Hololive_CallHoshimachiSuisei+1","Hololive_CallYukihanaLamy","Hololive_LuckPotion+1"],"picked":"Hololive_Rebound","floor":18.0},{"not_picked":["Hololive_CallManoAloe","Hololive_CallUruhaRushia","Hololive_Psychosis"],"picked":"Hololive_CandyCastle","floor":19.0},{"not_picked":["Hololive_CallRoboco","Hololive_Trident+1","Hololive_CallNakiriAyame"],"picked":"Hololive_StrengthChampion+1","floor":20.0},{"not_picked":["Hololive_CallAiraniIofifteen","Hololive_HuntDinosaur+1","Hololive_CallSakuraMiko+1"],"picked":"Hololive_Trident+1","floor":22.0},{"not_picked":["Hololive_CallDoris+1","Hololive_SummonFox","Hololive_CallKiryuuCoco+1","Hololive_OvertimeWork"],"picked":"SKIP","floor":24.0},{"not_picked":["Hololive_Psychosis","Hololive_Rebound","Hololive_CallShiroganeNoel"],"picked":"Hololive_FlyingPonyTail","floor":28.0},{"not_picked":["Hololive_CallInugamiKorone+1","Hololive_CallArtia","Hololive_DevilCharm","Hololive_OvertimeWork"],"picked":"SKIP","floor":29.0},{"not_picked":["Hololive_Trident","Hololive_CallShishiroBotan","Hololive_CallUruhaRushia","Hololive_OvertimeWork"],"picked":"SKIP","floor":31.0},{"not_picked":["Hololive_DDD","Hololive_FlareMind","Hololive_IdolExercise"],"picked":"Hololive_ASMR","floor":33.0},{"not_picked":["Hololive_ManjiGathering","Hololive_Trident","Hololive_CallAmaneKanata","Hololive_OvertimeWork"],"picked":"SKIP","floor":35.0},{"not_picked":["Hololive_Trident","Hololive_LuckPotion","Hololive_Rebound"],"picked":"Hololive_FlyingPonyTail+1","floor":36.0},{"not_picked":["Hololive_CallFriendA+1","Hololive_HuntDinosaur+1","Hololive_LuckPotion+1"],"picked":"Hololive_StrengthChampion+1","floor":38.0},{"not_picked":["Hololive_CallMinatoAqua+1","Hololive_CallNakiriAyame+1","Hololive_Psychosis","Hololive_DurableLive"],"picked":"SKIP","floor":41.0},{"not_picked":["Hololive_CallAZKi","Hololive_HuntDinosaur","Hololive_Sequa+1","Hololive_Teleport"],"picked":"SKIP","floor":42.0},{"not_picked":["Hololive_Recruit","Hololive_HighAtkLowDef","Hololive_StarCraft"],"picked":"Hololive_MaximGun","floor":44.0},{"not_picked":["Hololive_Breathe+1","Hololive_IdolExercise","Hololive_Rebound","Hololive_StrengthChampion"],"picked":"SKIP","floor":44.0},{"not_picked":[],"picked":"Hololive_Thief","floor":45.0},{"not_picked":["Hololive_HuntDinosaur+1","Hololive_DurableLive","Hololive_Breathe+1"],"picked":"Hololive_FlyingPonyTail+1","floor":47.0},{"not_picked":["Hololive_CallFriendA+1","Hololive_Breathe","Hololive_FlyingPonyTail+1"],"picked":"Hololive_CocoNews+1","floor":51.0},{"not_picked":["Hololive_BringToTrial","Hololive_CallOkamiMio","Hololive_CallOzoraSubaru"],"picked":"Hololive_CocoNews+1","floor":52.0},{"not_picked":["Hololive_ManjiGathering","Hololive_DevilCharm+1","Hololive_CallUruhaRushia"],"picked":"Hololive_CocoNews+1","floor":53.0},{"not_picked":["Hololive_ILoveYou","Hololive_SummonFox+1","Hololive_CallYogiri+1","Hololive_OvertimeWork"],"picked":"SKIP","floor":56}],"player_experience":331335,"relics_obtained":[{"floor":6.0,"key":"Dota2Spire:UrnOfShadows"},{"floor":9.0,"key":"Replay:Towering Pillar of Hats"},{"floor":22.0,"key":"Red Mask"},{"floor":24.0,"key":"aspiration:HatOfInfinitePower"},{"floor":26.0,"key":"Dota2Spire:Mjollnir"},{"floor":29.0,"key":"aspiration:DSix"},{"floor":30.0,"key":"Simple Rune"},{"floor":31.0,"key":"Dota2Spire:EyeOfSkadi"},{"floor":42.0,"key":"MawBank"},{"floor":43.0,"key":"InkBottle"},{"floor":44.0,"key":"War Paint"},{"floor":47.0,"key":"Hololive_LightStick"},{"floor":51.0,"key":"paleoftheancients:SoulOfTheShapes"},{"floor":53.0,"key":"Dota2Spire:MantaStyle"}],"event_choices":[{"damage_healed":0.0,"max_hp_gain":0.0,"max_hp_loss":0.0,"gold_gain":75.0,"event_name":"FaceTrader","player_choice":"Touch","floor":5.0,"gold_loss":0.0,"damage_taken":3.0},{"damage_healed":0.0,"max_hp_gain":0.0,"max_hp_loss":0.0,"gold_gain":0.0,"event_name":"Masked Bandits","player_choice":"Fought Bandits","floor":22.0,"gold_loss":0.0,"damage_taken":0.0}],"is_beta":false,"boss_relics":[{"not_picked":["Kintsugi","ReplayTheSpireMod:DimensionalGlitch"],"picked":"aspiration:PoetsPen_weak"},{"not_picked":["Pandora\u0027s Box","Runic Pyramid"],"picked":"SlaversCollar"}],"items_purged_floors":[10,21,46,54],"is_endless":false,"potions_floor_spawned":[1,12,14,18,22,28,35,42,44,47],"ascension_level":10}}