{"host":"ronyeowk3fr4dw6n","time":1614138949,"event":{"mods":["AchievementEnabler","BaseMod","Bestiary","Better Note","DeckTracker","Minty Spire (QoL Compilation)","Permanent Neow","Quick Restart","Relic Stats","StSLib","SuperFastMode"],"gold_per_floor":[368,368,145,162,181,181,209,228,228,228,244,254,288,119,119,219,219,233,323,334,65,115,134,154,154,154],"floor_reached":25,"language":"ENG","playtime":1284,"items_purged":["Strike_G","Strike_G"],"score":301,"play_id":"8b21d4c9-d9ab-46e4-bef6-ff9851082f04","local_time":"20210224105549","is_ascension_mode":true,"campfire_choices":[{"data":"Bane","floor":6.0,"key":"SMITH"},{"data":"Catalyst","floor":10.0,"key":"SMITH"},{"data":"Deadly Poison","floor":15.0,"key":"SMITH"}],"circlet_count":0,"master_deck":["Strike_G","Strike_G","Strike_G","Defend_G","Defend_G","Defend_G","Defend_G","Defend_G","Survivor","Neutralize","Flying Knee","Deadly Poison","Bane+1","Well Laid Plans","Flechettes","Dash","Infinite Blades","Catalyst+1","Blade Dance","Footwork+1","Deadly Poison+1","Footwork+1","Wraith Form v2+1","Blur+1","Deadly Poison+1","Dagger Spray","Dodge and Roll","Cloak And Dagger"],"relics":["Ring of the Snake","Bronze Scales","Frozen Egg 2","StoneCalendar","WristBlade","Kunai"],"acts_visited":["Exordium","TheCity"],"potions_floor_usage":[20,23,23,25],"damage_taken":[{"damage":0.0,"enemies":"Cultist","floor":1.0,"turns":4.0},{"damage":7.0,"enemies":"Small Slimes","floor":4.0,"turns":3.0},{"damage":0.0,"enemies":"2 Louse","floor":5.0,"turns":3.0},{"damage":12.0,"enemies":"3 Sentries","floor":7.0,"turns":7.0},{"damage":3.0,"enemies":"Blue Slaver","floor":8.0,"turns":3.0},{"damage":1.0,"enemies":"Looter","floor":11.0,"turns":3.0},{"damage":0.0,"enemies":"Exordium Wildlife","floor":12.0,"turns":3.0},{"damage":8.0,"enemies":"Gremlin Nob","floor":13.0,"turns":4.0},{"damage":11.0,"enemies":"The Guardian","floor":16.0,"turns":6.0},{"damage":4.0,"enemies":"Shell Parasite","floor":18.0,"turns":4.0},{"damage":18,"enemies":"2 Thieves","floor":20,"turns":4},{"damage":11,"enemies":"Centurion and Healer","floor":23,"turns":7},{"damage":0,"enemies":"Snecko","floor":24,"turns":4},{"damage":3,"enemies":"Slavers","floor":25,"turns":4}],"seed_played":"3737042336712424253","potions_obtained":[{"floor":1.0,"key":"Swift Potion"},{"floor":2.0,"key":"DistilledChaos"},{"floor":2.0,"key":"EssenceOfSteel"},{"floor":4.0,"key":"AttackPotion"},{"floor":20,"key":"AttackPotion"},{"floor":23,"key":"Explosive Potion"}],"is_trial":false,"path_per_floor":["M","?","$","M","M","R","E","M","T","R","M","M","E","$","R","B",null,"M","?","M","$","?","M","M","E"],"character_chosen":"THE_SILENT","items_purchased":["Deadly Poison","Bane","Well Laid Plans","Footwork+1","Dagger Spray","Kunai"],"campfire_rested":0,"item_purchase_floors":[3,3,3,14,21,21],"current_hp_per_floor":[63,63,63,56,56,56,44,41,41,41,40,40,32,32,32,21,53,49,37,19,19,19,8,8,5,5],"gold":154,"neow_bonus":"TWO_FIFTY_GOLD","is_daily":false,"chose_seed":false,"campfire_upgraded":3,"win_rate":0.0,"timestamp":1614138949,"path_taken":["M","?","$","M","?","R","E","M","T","R","M","M","E","?","R","BOSS","M","?","?","$","?","M","M","E"],"items_purchased_type":["Card","Card","Card","Card","Card","Relic"],"build_version":"2020-12-22","purchased_purges":2,"victory":false,"max_hp_per_floor":[63,63,63,63,63,63,63,63,63,63,63,63,63,63,63,63,63,63,63,63,63,63,63,63,63,63],"relic_stats":{"counters":[14,59],"Bronze Scales":[99],"StoneCalendar":[0],"Kunai":[8],"obtain_stats":[{"WristBlade":17,"Bronze Scales":7,"StoneCalendar":13,"Kunai":21,"Frozen Egg 2":9,"Ring of the Snake":0},{"WristBlade":9,"Bronze Scales":4,"StoneCalendar":8,"Kunai":11,"Frozen Egg 2":5,"Ring of the Snake":0},{"WristBlade":36,"Bronze Scales":17,"StoneCalendar":30,"Kunai":44,"Frozen Egg 2":20,"Ring of the Snake":0}],"Ring of the Snake":[28]},"card_choices":[{"not_picked":["Blur","Concentrate"],"picked":"Flying Knee","floor":1.0},{"not_picked":["Outmaneuver","Sucker Punch"],"picked":"Flechettes","floor":4.0},{"not_picked":["Backflip","Outmaneuver"],"picked":"Dash","floor":5.0},{"not_picked":["Slice","Flying Knee"],"picked":"Infinite Blades","floor":7.0},{"not_picked":["Deadly Poison","All Out Attack"],"picked":"Catalyst","floor":8.0},{"not_picked":["Quick Slash","Predator"],"picked":"Blade Dance","floor":11.0},{"not_picked":["Dagger Throw","Sucker Punch"],"picked":"Footwork+1","floor":12.0},{"not_picked":["Endless Agony","Bullet Time"],"picked":"Deadly Poison","floor":13.0},{"not_picked":["Venomology","After Image+1"],"picked":"Wraith Form v2+1","floor":16.0},{"not_picked":["Acrobatics","Predator+1"],"picked":"Blur+1","floor":18.0},{"not_picked":["Bane","Choke"],"picked":"Deadly Poison+1","floor":20},{"not_picked":["Backflip","Sucker Punch+1"],"picked":"Dodge and Roll","floor":23},{"not_picked":["Poisoned Stab","Sucker Punch+1"],"picked":"Cloak And Dagger","floor":24}],"player_experience":260150,"relics_obtained":[{"floor":7.0,"key":"Bronze Scales"},{"floor":9.0,"key":"Frozen Egg 2"},{"floor":13.0,"key":"StoneCalendar"}],"event_choices":[{"damage_healed":0.0,"max_hp_gain":0.0,"max_hp_loss":0.0,"gold_gain":0.0,"event_name":"Lab","player_choice":"Got Potions","floor":2.0,"gold_loss":0.0,"damage_taken":0.0},{"damage_healed":0.0,"max_hp_gain":0.0,"max_hp_loss":0.0,"gold_gain":90.0,"event_name":"Knowing Skull","player_choice":"GOLD ","floor":19.0,"potions_obtained":[],"gold_loss":0.0,"damage_taken":12.0,"cards_obtained":[]},{"damage_healed":0,"gold_gain":100,"player_choice":"Bet on Murderer","damage_taken":0,"max_hp_gain":0,"max_hp_loss":0,"event_name":"The Joust","floor":22,"gold_loss":50}],"is_beta":false,"boss_relics":[{"not_picked":["Ring of the Serpent","Velvet Choker"],"picked":"WristBlade"}],"items_purged_floors":[3,14],"is_endless":false,"potions_floor_spawned":[1,4,5,20,23],"killed_by":"Slavers","ascension_level":8}}