{"host":"1445u9fdo06cpl2a","time":1614182137,"event":{"mods":["AchievementEnabler","Aspiration","Astrologer","Bard","BaseMod","Better Skull","BetterRewards","Colored Map","Colored Powertips","Conspire","Curses Come First","DeckTracker","Duelist Mod","GifTheSpireLib","GungeonMod","Halation","Hermit","Highlight Path","Hubris","Infinite Spire","Minty Spire (QoL Compilation)","Permanent Neow","Random Character Button","Rare Cards Sparkle","Replay The Spire","Shop Mod","Spire Arcade","StSLib","Stuff the Spire","Td1madao Mod","The Blackbeard","The Bladedancer","The Construct","The Cursed","The Forsaken","The Gatherer","The Hierophant","The Marked","The Mystic","The Necromancer","The Poker Player","The Runesmith","The Saiyan"],"gold_per_floor":[114,114,125,125,125,152,169,195,195,195,12,29,29,46,46,151,151,167,179,189,189,199,199,232,245,245,245,245,255,255,273,273,377,377,389,405,421,267,282,316,316,316,339,439,467,467,484,499,499,597,597,602,601,604,614,339,339,189,168,214,214,214,264,261,86,86,209,209,217,217,225,230,231,231,248,248,248,248,281,281,281,269,269,358,358,360,360,257,271,271,271,278,278,278,293,293,300,305,305,305,377,377,369,469,466,266,271,277,277,274,274,283,331,381,389,415,415,496,496,496,496,496,473,473],"floor_reached":123,"language":"ENG","playtime":7079,"items_purged":["Strike_C","Defend_C","Defend_C","Strike_C","Strike_C","Knight Kick+1"],"score":2890,"play_id":"ae41837b-9f57-4dad-a38b-46fa0e33c1ea","local_time":"20210224155537","is_ascension_mode":false,"campfire_choices":[{"data":"Sudden Beat","floor":10.0,"key":"SMITH"},{"data":"Furious","floor":13.0,"key":"SMITH"},{"data":"Retrieval Recycling","floor":15.0,"key":"SMITH"},{"data":"Cooling Song","floor":23.0,"key":"SMITH"},{"data":"Retrieval Recycling","floor":27.0,"key":"SMITH"},{"data":"Defend_C","floor":32.0,"key":"PURGE"},{"data":"Optimization","floor":42.0,"key":"SMITH"},{"data":"infinitespire:Punishment","floor":46.0,"key":"SMITH"},{"data":"Backup","floor":49.0,"key":"SMITH"},{"data":"Im Angry","floor":57.0,"key":"SMITH"},{"data":"Reflection Mechanism","floor":62.0,"key":"SMITH"},{"data":"Memory Alloy","floor":66.0,"key":"SMITH"},{"data":"Memory Alloy","floor":74.0,"key":"SMITH"},{"data":"Format All Data","floor":76.0,"key":"SMITH"},{"data":"Format All Data","floor":83.0,"key":"SMITH"},{"data":"mysticmod:SuddenClarity","floor":91,"key":"SMITH"},{"data":"Defend System","floor":93,"key":"SMITH"},{"data":"Chip","floor":96,"key":"SMITH"},{"data":"Backup","floor":100,"key":"SMITH"},{"data":"Cooling Song","floor":109,"key":"SMITH"}],"circlet_count":0,"master_deck":["Chip+1","Reflection Mechanism+1","Sudden Beat+1","Preloading","Bugfix","Retrieval Recycling+1","Retrieval Recycling+1","Furious+1","Cooling Song+1","Fixing","Ghostly+1","Ghostly+1","Ghostly+1","Ghostly+1","Ghostly+1","Fixing","Format All Data+1","Im Angry+1","Twin Teeth+1","Backup+1","Here Defend Chip","Optimization+1","infinitespire:Menacing+1","Bugfix+1","infinitespire:Punishment+1","Here Defend Chip","Sub Weapons+1","Pod Laser","Memory Alloy+1","hubris:InfiniteBlow+1332","Memory Alloy+1","Format All Data+1","Ghostly+1","Ghostly+1","Ghostly+1","Ghostly+1","mysticmod:SuddenClarity+1","Backup+1","Cooling Song+1","Defend System+1","Here Defend Chip+1","Black Contract","Here Defend Chip","Defend System+1","Cooling Song+1","Preloading","Cooling Song","Memory Alloy","Weapon Shift"],"relics":["Apod","hubris:Icosahedron","infinitespire:BottledMercury","Mb Ring","conspire:Flyswatter","Mercury Hourglass","Bag of Preparation","Replay:Bottled Eggs","Meat on the Bone","hubris:ScarierMask","conspire:Boomerang","Dream Catcher","Pantograph","Empty Cage","ClockworkSouvenir","hubris:MobiusCoin","hubris:TenFootPole","conspire:RoyalGoblet","PreservedInsect","infinitespire:Beetle Shell","DemoMod:GlassGuonStoneRelic","halation:OrihimeAndHikoboshiSamaAndTears","aspiration:PoetsPen_weak","halation:BlueSoulGem","StuffTheSpire:Rhapsscallions","Lsj Skin","Centennial Puzzle","infinitespire:Broken Mirror","Replay:Bronze Core","halation:SelfBoilingWater","Mirror","Replay:Bottled Snecko","Nunchaku","MutagenicStrength","Oddly Smooth Stone"],"acts_visited":["Exordium","TheCity","TheBeyond","Exordium","TheCity","TheBeyond","Exordium","TheCity"],"potions_floor_usage":[],"damage_taken":[{"damage":0.0,"enemies":"2 Louse","floor":1.0,"turns":4.0},{"damage":2.0,"enemies":"conspire:RoseBush","floor":3.0,"turns":4.0},{"damage":1.0,"enemies":"Replay:BlueRogue","floor":6.0,"turns":5.0},{"damage":0.0,"enemies":"Cultist","floor":7.0,"turns":3.0},{"damage":18.0,"enemies":"3 Sentries","floor":8.0,"turns":8.0},{"damage":0.0,"enemies":"2 Fungi Beasts","floor":12.0,"turns":3.0},{"damage":2.0,"enemies":"3 Louse","floor":14.0,"turns":3.0},{"damage":1.0,"enemies":"Hexaghost","floor":16.0,"turns":9.0},{"damage":0.0,"enemies":"conspire:FuzzyDice","floor":18.0,"turns":8.0},{"damage":0.0,"enemies":"Shell Parasite","floor":19.0,"turns":5.0},{"damage":0.0,"enemies":"Snecko","floor":20.0,"turns":5.0},{"damage":0.0,"enemies":"Cultist and Chosen","floor":22.0,"turns":6.0},{"damage":0.0,"enemies":"Nightmare","floor":24.0,"turns":9.0},{"damage":0.0,"enemies":"Chosen and Byrds","floor":25.0,"turns":7.0},{"damage":0.0,"enemies":"Sentry and Sphere","floor":29.0,"turns":7.0},{"damage":10.0,"enemies":"3 Cultists","floor":31.0,"turns":7.0},{"damage":14.0,"enemies":"hubris:MusketHawk","floor":33.0,"turns":11.0},{"damage":0.0,"enemies":"Orb Walker","floor":35.0,"turns":3.0},{"damage":0.0,"enemies":"3 Shapes","floor":36.0,"turns":3.0},{"damage":3.0,"enemies":"Spire Growth","floor":37.0,"turns":7.0},{"damage":0.0,"enemies":"Transient","floor":39.0,"turns":5.0},{"damage":16.0,"enemies":"Nemesis","floor":40.0,"turns":9.0},{"damage":13.0,"enemies":"Nightmare","floor":45.0,"turns":10.0},{"damage":0.0,"enemies":"3 Darklings","floor":47.0,"turns":3.0},{"damage":0.0,"enemies":"Writhing Mass","floor":48.0,"turns":6.0},{"damage":22.0,"enemies":"infinitespire:MassOfShapes","floor":50.0,"turns":14.0},{"damage":0.0,"enemies":"Jaw Worm","floor":52.0,"turns":2.0},{"damage":0.0,"enemies":"2 Louse","floor":53.0,"turns":4.0},{"damage":0.0,"enemies":"Small Slimes","floor":54.0,"turns":3.0},{"damage":0.0,"enemies":"Exordium Wildlife","floor":55.0,"turns":1.0},{"damage":5.0,"enemies":"Nightmare","floor":59.0,"turns":10.0},{"damage":0.0,"enemies":"3 Louse","floor":63.0,"turns":4.0},{"damage":0.0,"enemies":"Large Slime","floor":64.0,"turns":3.0},{"damage":0.0,"enemies":"Hexaghost","floor":67.0,"turns":6.0},{"damage":0.0,"enemies":"3 Byrds","floor":69.0,"turns":2.0},{"damage":0.0,"enemies":"Chosen","floor":71.0,"turns":3.0},{"damage":0.0,"enemies":"3 Cultists","floor":72.0,"turns":3.0},{"damage":0.0,"enemies":"Snecko","floor":73.0,"turns":4.0},{"damage":4.0,"enemies":"Book of Stabbing","floor":75.0,"turns":3.0},{"damage":0.0,"enemies":"Nightmare","floor":79.0,"turns":1.0},{"damage":0.0,"enemies":"Centurion and Healer","floor":82.0,"turns":4.0},{"damage":0.0,"enemies":"conspire:MysteriousRune","floor":84.0,"turns":4.0},{"damage":0.0,"enemies":"Orb Walker","floor":86.0,"turns":2.0},{"damage":0,"enemies":"3 Shapes","floor":89,"turns":1},{"damage":0,"enemies":"R_Hoarder","floor":92,"turns":4},{"damage":0,"enemies":"Nemesis","floor":95,"turns":3},{"damage":0,"enemies":"Transient","floor":97,"turns":2},{"damage":0,"enemies":"3 Darklings","floor":98,"turns":3},{"damage":0,"enemies":"hubris:GrandSnecko","floor":101,"turns":4},{"damage":0,"enemies":"conspire:RoseBush","floor":103,"turns":3},{"damage":0,"enemies":"Cultist","floor":105,"turns":3},{"damage":0,"enemies":"2 Louse","floor":107,"turns":1},{"damage":0,"enemies":"Gremlin Nob","floor":108,"turns":4},{"damage":0,"enemies":"Large Slime","floor":110,"turns":3},{"damage":0,"enemies":"2 Fungi Beasts","floor":112,"turns":1},{"damage":0,"enemies":"3 Louse","floor":115,"turns":1},{"damage":0,"enemies":"Fading Forest","floor":118,"turns":3},{"damage":0,"enemies":"3 Byrds","floor":120,"turns":3},{"damage":7,"enemies":"2 Thieves","floor":123,"turns":1}],"seed_played":"8056974797312459331","potions_obtained":[{"floor":3.0,"key":"DemoMod:LeadSkinPotion"},{"floor":6.0,"key":"Energy Potion"},{"floor":14.0,"key":"Energy Potion"},{"floor":19.0,"key":"LiquidBronze"},{"floor":29.0,"key":"Dexterity Potion"},{"floor":33.0,"key":"LifebloodPotion"},{"floor":37.0,"key":"AttackPotion"},{"floor":50.0,"key":"Milkshake"},{"floor":55.0,"key":"Dexterity Potion"},{"floor":63.0,"key":"DuplicationPotion"},{"floor":82.0,"key":"Swift Potion"},{"floor":92,"key":"Adrenaline Potion"}],"is_trial":false,"path_per_floor":["M","?","M","?","?","E","M","E","T","R","$","M","R","M","R","B",null,"M","M","M","?","M","R","NM","M","T","R","?","M","AVR","M","R_BF","B",null,"M","M","M","$","M","E","?","R","T","?","NM","R","M","M","R","B",null,"M","M","M","M","$","R","$","NM","T","?","R","M","M","$","R","B",null,"M","?","M","M","M","R","E","R","T","AVR","NM","?","?","M","R_BF","B",null,"M","?","?","M","HB","R","E","R","T","E","R","M","M","?","R","B",null,"M","?","M","$","M","E","R","M","T","M","?","HB","M","T","R_BF","B",null,"M","?","T","M"],"character_chosen":"TD1MADAO_CLASS","items_purchased":["Retrieval Recycling","Here Defend Chip","ClockworkSouvenir"],"campfire_rested":0,"item_purchase_floors":[11,38,56],"current_hp_per_floor":[70,70,68,68,68,67,67,49,49,49,49,49,49,47,47,46,70,70,70,70,35,35,35,35,35,35,35,35,35,35,25,25,23,35,35,35,32,32,32,28,20,20,20,20,19,19,19,19,19,25,32,32,32,32,32,32,32,32,27,27,27,27,27,27,27,27,32,32,32,32,32,32,32,32,28,28,28,28,28,16,16,16,16,16,16,16,16,17,17,9,9,9,9,9,9,9,9,9,9,9,9,9,9,9,9,9,9,9,9,9,9,9,8,5,5,5,5,5,5,5,5,5,0,0],"gold":473,"neow_bonus":"UPGRADE_CARD","is_daily":false,"chose_seed":false,"campfire_upgraded":19,"win_rate":0.0,"timestamp":1614182137,"path_taken":["M","?","M","?","?","E","M","E","T","R","$","M","R","M","R","BOSS","M","M","M","?","M","R","NM","M","T","R","?","M","AVR","M","R_BF","BOSS","M","?","M","$","M","E","?","R","T","?","NM","R","?","M","R","BOSS","M","?","?","M","?","R","$","NM","T","?","R","M","M","$","R","BOSS","M","?","M","M","M","R","E","R","T","AVR","NM","?","?","M","R_BF","BOSS","M","?","?","M","HB","R","E","R","T","E","R","M","?","?","R","BOSS","M","?","M","$","?","E","R","M","T","M","?","HB","M","?","R_BF","BOSS","M","?","?","M"],"items_purchased_type":["Card","Card","Relic"],"build_version":"2020-12-22","purchased_purges":6,"victory":false,"max_hp_per_floor":[70,70,70,70,70,70,70,70,70,70,70,70,70,70,70,70,70,70,70,70,35,35,35,35,35,35,35,35,35,35,35,35,35,35,35,35,35,35,35,35,35,35,35,35,35,35,35,35,35,35,32,32,32,32,32,32,32,32,32,32,32,32,32,32,32,32,32,32,32,32,32,32,32,32,32,32,32,32,32,16,16,16,16,16,16,16,16,17,17,9,9,9,9,9,9,9,9,9,9,9,9,9,9,9,9,9,9,9,9,9,9,9,9,5,5,5,5,5,5,5,5,5,5,5],"card_choices":[{"not_picked":["Black Dance","Fire Blade"],"picked":"Reflection Mechanism","floor":1.0},{"not_picked":["Reflection Mechanism","Resistance"],"picked":"Sudden Beat","floor":3.0},{"not_picked":["Preparedness","Money Cant Rescue"],"picked":"Preloading","floor":6.0},{"not_picked":["Provocative","Transfer Energy","Light Attack"],"picked":"SKIP","floor":7.0},{"not_picked":["De Ware Chip","Oblique Hack"],"picked":"Bugfix","floor":8.0},{"not_picked":["Paralysis","Thunder Jump"],"picked":"Furious","floor":12.0},{"not_picked":["Reflection Mechanism","Provocative","White Contract"],"picked":"SKIP","floor":14.0},{"not_picked":["Resistance","Oblique Hack+1"],"picked":"Cooling Song","floor":18.0},{"not_picked":["Transfer Energy+1","Lunge"],"picked":"Fixing","floor":19.0},{"not_picked":["Reinforcement Parts","Fire Up","Three Hit"],"picked":"SKIP","floor":20.0},{"not_picked":["Reinforcement Parts","Fire Up","Three Hit"],"picked":"SKIP","floor":20.0},{"not_picked":["Reinforcement Parts","Energy Supply"],"picked":"Fixing","floor":22.0},{"not_picked":["Lunge","Three Hit","Perfect Defend"],"picked":"SKIP","floor":24.0},{"not_picked":["E MP","Perfect Defend+1","Fire Blade"],"picked":"SKIP","floor":25.0},{"not_picked":["Sudden Beat","Provocative+1"],"picked":"Format All Data","floor":29.0},{"not_picked":["Fixing","Preloading","Light Attack"],"picked":"SKIP","floor":31.0},{"not_picked":["Shockwave Tdmadao","Format All Data"],"picked":"Im Angry","floor":33.0},{"not_picked":["Afterwards+1","Perfect Defend+1"],"picked":"Twin Teeth+1","floor":35.0},{"not_picked":["Gravity Defend","Energy Supply+1","Twin Teeth"],"picked":"SKIP","floor":36.0},{"not_picked":["Defend System","E MP+1"],"picked":"Backup","floor":37.0},{"not_picked":["Sudden Beat","Coercion+1","Rupture"],"picked":"SKIP","floor":39.0},{"not_picked":["Retrieval Recycling","E MP"],"picked":"Optimization","floor":40.0},{"not_picked":["infinitespire:TheBestDefense","infinitespire:Fortify"],"picked":"infinitespire:Menacing","floor":41.0},{"not_picked":["Black Dance","Floating Swing Kick"],"picked":"Bugfix+1","floor":45.0},{"not_picked":["infinitespire:SealOfDarkness+","infinitespire:Oblivion"],"picked":"infinitespire:Punishment","floor":45.0},{"not_picked":["Fixing+1","Black Shadow+1"],"picked":"Here Defend Chip","floor":47.0},{"not_picked":["Fire Up+1","Floating Even"],"picked":"Sub Weapons+1","floor":48.0},{"not_picked":["Moon Tear","Black Warm Hole"],"picked":"Pod Laser","floor":50.0},{"not_picked":["Preloading","Machining","Black Shadow"],"picked":"SKIP","floor":52.0},{"not_picked":["Twin Teeth","Machining","Afterwards"],"picked":"SKIP","floor":53.0},{"not_picked":["Afterwards","Coercion","Fixing"],"picked":"SKIP","floor":54.0},{"not_picked":["Trader","Awareness","Twin Teeth"],"picked":"SKIP","floor":55.0},{"not_picked":["Pod Fire","Twin Teeth","Gravity Defend"],"picked":"SKIP","floor":59.0},{"not_picked":["Lunge","Black Execution"],"picked":"Memory Alloy","floor":63.0},{"not_picked":["Machining","Black Execution","E MP"],"picked":"SKIP","floor":64.0},{"not_picked":["infinitespire:TheBestDefense","infinitespire:Execution"],"picked":"hubris:InfiniteBlow+666","floor":67.0},{"not_picked":["Format All Data","Shockwave Tdmadao"],"picked":"Memory Alloy","floor":67.0},{"not_picked":["Afterwards","Rupture","Black Spear+1"],"picked":"SKIP","floor":69.0},{"not_picked":["Resistance","Thunder Jump","Three Hit"],"picked":"SKIP","floor":71.0},{"not_picked":["Gravity Defend+1","Cursed Blade+1","Rupture"],"picked":"SKIP","floor":72.0},{"not_picked":["Sudden Beat+1","Preparedness","Three Hit+1"],"picked":"SKIP","floor":73.0},{"not_picked":["Three Hit","Transfer Energy"],"picked":"Format All Data","floor":75.0},{"not_picked":["Preloading","Twin Teeth","Floating Swing Kick"],"picked":"SKIP","floor":79.0},{"not_picked":["Preloading","Twin Teeth","Floating Swing Kick"],"picked":"SKIP","floor":79.0},{"not_picked":["Black Shadow+1","Fire Up","Resistance"],"picked":"SKIP","floor":82.0},{"not_picked":["Optimization","Chip Synthesis"],"picked":"Backup","floor":84.0},{"not_picked":["Floating Swing Kick","Preloading+1"],"picked":"Cooling Song+1","floor":86.0},{"not_picked":["Provocative","Light Attack","Fire Up"],"picked":"SKIP","floor":89},{"not_picked":["Black Hand","Pod Fire+1"],"picked":"Defend System","floor":92},{"not_picked":["Black Execution","Cursed Blade","Money Cant Rescue"],"picked":"SKIP","floor":95},{"not_picked":["Black Shadow","Energy Supply+1","Black Hand"],"picked":"SKIP","floor":97},{"not_picked":["Machining","Trader+1"],"picked":"Here Defend Chip+1","floor":98},{"not_picked":["Backup","Furious"],"picked":"Black Contract","floor":101},{"not_picked":["Machining","Black Spear"],"picked":"Here Defend Chip","floor":103},{"not_picked":["Floating Swing Kick","Load Balancing","Provocative"],"picked":"SKIP","floor":105},{"not_picked":["Here Defend Chip","Floating Swing Kick"],"picked":"Defend System","floor":107},{"not_picked":["Provocative","Black Contract"],"picked":"Cooling Song","floor":108},{"not_picked":["Money Cant Rescue","Cursed Blade","Floating Swing Kick"],"picked":"SKIP","floor":110},{"not_picked":["Weapon Shift","Cursed Blade","Black Dance"],"picked":"SKIP","floor":112},{"not_picked":["Oblique Hack","Floating Swing Kick"],"picked":"Preloading","floor":113},{"not_picked":["Break Into","Black Warm Hole"],"picked":"Cooling Song","floor":115},{"not_picked":["Overclocking","Black Contract"],"picked":"Memory Alloy","floor":118},{"not_picked":["Trader+1","Black Execution"],"picked":"Weapon Shift","floor":120}],"player_experience":261964,"relics_obtained":[{"floor":6.0,"key":"Mb Ring"},{"floor":8.0,"key":"conspire:Flyswatter"},{"floor":9.0,"key":"Mercury Hourglass"},{"floor":24.0,"key":"Bag of Preparation"},{"floor":26.0,"key":"Replay:Bottled Eggs"},{"floor":40.0,"key":"conspire:Boomerang"},{"floor":43.0,"key":"Dream Catcher"},{"floor":45.0,"key":"Pantograph"},{"floor":59.0,"key":"hubris:MobiusCoin"},{"floor":60.0,"key":"hubris:TenFootPole"},{"floor":75.0,"key":"PreservedInsect"},{"floor":77.0,"key":"infinitespire:Beetle Shell"},{"floor":79.0,"key":"halation:OrihimeAndHikoboshiSamaAndTears"},{"floor":92,"key":"Lsj Skin"},{"floor":94,"key":"Centennial Puzzle"},{"floor":95,"key":"infinitespire:Broken Mirror"},{"floor":108,"key":"halation:SelfBoilingWater"},{"floor":111,"key":"Mirror"},{"floor":113,"key":"Replay:Bottled Snecko"},{"floor":116,"key":"Nunchaku"},{"floor":122,"key":"Oddly Smooth Stone"}],"event_choices":[{"damage_healed":0.0,"max_hp_gain":0.0,"max_hp_loss":0.0,"gold_gain":0.0,"event_name":"WeMeetAgain","player_choice":"Gave Potion","floor":5.0,"gold_loss":0.0,"damage_taken":0.0,"relics_obtained":["infinitespire:BottledMercury"]},{"damage_healed":0.0,"max_hp_gain":0.0,"max_hp_loss":35.0,"gold_gain":0.0,"event_name":"Ghosts","player_choice":"Became a Ghost","floor":21.0,"gold_loss":0.0,"damage_taken":0.0,"cards_obtained":["Ghostly","Ghostly","Ghostly","Ghostly","Ghostly"]},{"damage_healed":0.0,"max_hp_gain":0.0,"max_hp_loss":0.0,"gold_gain":100.0,"event_name":"Golden Shrine","player_choice":"Pray","floor":44.0,"gold_loss":0.0,"damage_taken":0.0},{"damage_healed":0.0,"max_hp_gain":0.0,"max_hp_loss":16.0,"gold_gain":0.0,"event_name":"Ghosts","player_choice":"Became a Ghost","floor":80.0,"gold_loss":0.0,"damage_taken":0.0,"cards_obtained":["Ghostly","Ghostly","Ghostly","Ghostly","Ghostly"]},{"cards_removed":["Ghostly"],"damage_healed":0.0,"max_hp_gain":0.0,"max_hp_loss":0.0,"gold_gain":0.0,"event_name":"NoteForYourself","player_choice":"Took Card","floor":81.0,"gold_loss":0.0,"damage_taken":0.0,"cards_obtained":["mysticmod:SuddenClarity"]},{"damage_healed":0.0,"max_hp_gain":0.0,"max_hp_loss":0.0,"gold_gain":0.0,"event_name":"WeMeetAgain","player_choice":"Paid Gold","floor":88.0,"gold_loss":103.0,"damage_taken":0.0,"relics_obtained":["StuffTheSpire:Rhapsscallions"]},{"damage_healed":0,"gold_gain":0,"player_choice":"Bought 0 Potions","damage_taken":0,"max_hp_gain":0,"max_hp_loss":0,"event_name":"The Woman in Blue","floor":99,"gold_loss":0},{"damage_healed":0,"gold_gain":100,"player_choice":"Pray","damage_taken":0,"max_hp_gain":0,"max_hp_loss":0,"event_name":"Golden Shrine","floor":104,"gold_loss":0},{"damage_healed":0,"gold_gain":0,"player_choice":"Inject Mutagens","damage_taken":0,"relics_obtained":["MutagenicStrength"],"max_hp_gain":0,"max_hp_loss":0,"event_name":"Drug Dealer","floor":121,"gold_loss":0}],"is_beta":false,"boss_relics":[{"not_picked":["halation:Risk","halation:PlatinumPhoenix","StuffTheSpire:RunicHypercube"]},{"not_picked":["aspiration:SilentSkillbook","hubris:Stopwatch"],"picked":"hubris:ScarierMask"},{"not_picked":["hubris:HollowSoul","Replay:Drink Me"],"picked":"Empty Cage"},{"not_picked":["hubris:HollowSoul","Foreshadowing"],"picked":"conspire:RoyalGoblet"},{"not_picked":["halation:CatFaceCupcake","Replay:Grab Bag"],"picked":"aspiration:PoetsPen_weak"},{"not_picked":["halation:MonkeysPaw","Replay:Ancient Bell"],"picked":"Replay:Bronze Core"},{"not_picked":["Replay:Ancient Bell","halation:ForbiddenBikini","Replay:Grab Bag"]}],"items_purged_floors":[11,38,56,58,65,106],"is_endless":true,"potions_floor_spawned":[3,6,14,19,29,33,35,37,45,47,48,50,55,63,67,69,71,82,84,92,97,105,110,115],"killed_by":"2 Thieves","ascension_level":0}}