{"host":"sw6p9u0oh417cx03","time":1614170534,"event":{"mods":["AchievementEnabler","Act Like it!","BaseMod","CapriCore","DeckTracker","Highlight Path","Minty Spire (QoL Compilation)","Quick Restart","StSLib"],"gold_per_floor":[119,119,119,44,44,79,91,91,91,191,226,226,238,238,238,238,238],"floor_reached":16,"language":"ZHS","playtime":373,"items_purged":["Strike_G"],"score":223,"play_id":"64fa54ce-8da9-437b-82c5-b7bd2a1fe1c1","local_time":"20210224204214","is_ascension_mode":true,"campfire_choices":[{"data":"Tactician","floor":8.0,"key":"SMITH"},{"floor":12.0,"key":"REST"},{"data":"Acrobatics","floor":15.0,"key":"SMITH"}],"circlet_count":0,"master_deck":["AscendersBane","Strike_G","Strike_G","Strike_G","Defend_G","Defend_G","Defend_G","Defend_G","Defend_G","Survivor","Neutralize","Tactician+1","Acrobatics+1"],"relics":["Ring of the Snake","NeowsBlessing","Toy Ornithopter","Smiling Mask","Bronze Scales","Boot","CaptainsWheel"],"acts_visited":["Exordium"],"potions_floor_usage":[],"damage_taken":[{"damage":0.0,"enemies":"Small Slimes","floor":1.0,"turns":1.0},{"damage":0.0,"enemies":"Lagavulin","floor":6.0,"turns":1.0},{"damage":0.0,"enemies":"2 Louse","floor":7.0,"turns":1.0},{"damage":39.0,"enemies":"3 Sentries","floor":11.0,"turns":14.0},{"damage":9.0,"enemies":"Jaw Worm","floor":13.0,"turns":6.0},{"damage":29,"enemies":"The Guardian","floor":16,"turns":8}],"seed_played":"-7110501734535013088","potions_obtained":[{"floor":6.0,"key":"Swift Potion"}],"is_trial":false,"path_per_floor":["M","?","?","$","?","E","M","R","T","?","E","R","M","?","R","B"],"character_chosen":"THE_SILENT","items_purchased":[],"campfire_rested":1,"item_purchase_floors":[],"current_hp_per_floor":[59,64,57,57,57,57,57,57,57,57,23,44,35,32,32,3,3],"gold":238,"neow_bonus":"THREE_ENEMY_KILL","is_daily":false,"chose_seed":false,"campfire_upgraded":2,"win_rate":0.0,"timestamp":1614170534,"path_taken":["M","?","?","?","?","E","?","R","T","?","E","R","?","?","R","BOSS"],"items_purchased_type":[],"build_version":"2020-12-22","purchased_purges":1,"victory":false,"max_hp_per_floor":[66,71,71,71,71,71,71,71,71,71,71,71,71,71,71,71,71],"card_choices":[{"not_picked":["Dodge and Roll","Prepared"],"picked":"Acrobatics","floor":1.0},{"not_picked":["Dagger Throw","Distraction"],"picked":"Tactician","floor":6.0},{"not_picked":["Quick Slash","Choke","Dodge and Roll"],"picked":"SKIP","floor":7.0},{"not_picked":["Quick Slash","Choke","Dodge and Roll"],"picked":"SKIP","floor":7.0},{"not_picked":["Dagger Throw","Flying Knee"],"picked":"Acrobatics","floor":11.0},{"not_picked":["Distraction","Deflect","Acrobatics"],"picked":"SKIP","floor":13.0}],"player_experience":320503,"relics_obtained":[{"floor":6.0,"key":"Smiling Mask"},{"floor":9.0,"key":"Bronze Scales"},{"floor":11.0,"key":"Boot"}],"event_choices":[{"damage_healed":0.0,"max_hp_gain":5.0,"max_hp_loss":0.0,"gold_gain":0.0,"event_name":"Big Fish","player_choice":"Donut","floor":2.0,"gold_loss":0.0,"damage_taken":0.0},{"cards_removed":["Strike_G"],"damage_healed":0.0,"max_hp_gain":0.0,"max_hp_loss":0.0,"gold_gain":0.0,"event_name":"Golden Wing","player_choice":"Card Removal","floor":3.0,"gold_loss":0.0,"damage_taken":7.0},{"cards_removed":["Acrobatics"],"damage_healed":0.0,"max_hp_gain":0.0,"max_hp_loss":0.0,"gold_gain":0.0,"event_name":"WeMeetAgain","player_choice":"Gave Card","floor":5.0,"gold_loss":0.0,"damage_taken":0.0,"relics_obtained":["Toy Ornithopter"]},{"damage_healed":0.0,"max_hp_gain":0.0,"max_hp_loss":0.0,"gold_gain":100.0,"event_name":"Golden Shrine","player_choice":"Pray","floor":10.0,"gold_loss":0.0,"damage_taken":0.0},{"damage_healed":0.0,"max_hp_gain":0.0,"max_hp_loss":0.0,"gold_gain":0.0,"event_name":"Scrap Ooze","player_choice":"Success","floor":14.0,"gold_loss":0.0,"damage_taken":3.0,"relics_obtained":["CaptainsWheel"]}],"is_beta":false,"boss_relics":[],"items_purged_floors":[4],"is_endless":false,"potions_floor_spawned":[6],"killed_by":"The Guardian","ascension_level":14}}