{"host":"5n1fl7z5i1vf7jan","time":1614166351,"event":{"mods":["BaseMod","Minty Spire (QoL Compilation)","Quick Restart","Relic Stats"],"gold_per_floor":[112,123,273,300,107,107,119,41,88,106,106,139,158,187,187,261,261,271,9,9,23,23,23,35,49,94,94,124,39,73,84,84,84,84],"floor_reached":33,"language":"ENG","playtime":1360,"items_purged":["Doubt","Strike_B"],"score":794,"play_id":"e84f7d47-ee4d-4238-a50e-b61b6a2b2b63","local_time":"20210224033231","is_ascension_mode":true,"campfire_choices":[{"data":"Zap","floor":6.0,"key":"SMITH"},{"floor":15.0,"key":"REST"},{"data":"Loop","floor":23.0,"key":"SMITH"},{"floor":32,"key":"REST"}],"circlet_count":0,"master_deck":["AscendersBane","Strike_B","Strike_B","Defend_B","Defend_B","Defend_B","Defend_B","Zap+1","Dualcast","Machine Learning","Compile Driver","Compile Driver","Ball Lightning","Self Repair","Rip and Tear","Go for the Eyes+1","Loop+1","Beam Cell","Cold Snap","Rebound","Core Surge","BootSequence+1","Reinforced Body","Consume","Zap","Leap","White Noise","Coolheaded+1"],"relics":["FrozenCore","Orichalcum","Anchor","MealTicket","Mercury Hourglass","OrangePellets","Blood Vial","Regal Pillow","Toxic Egg 2"],"acts_visited":["Exordium","TheCity"],"potions_floor_usage":[28,30,31],"damage_taken":[{"damage":12.0,"enemies":"Small Slimes","floor":1.0,"turns":4.0},{"damage":7.0,"enemies":"Jaw Worm","floor":2.0,"turns":3.0},{"damage":9.0,"enemies":"2 Louse","floor":7.0,"turns":2.0},{"damage":0.0,"enemies":"2 Fungi Beasts","floor":10.0,"turns":3.0},{"damage":22.0,"enemies":"Gremlin Nob","floor":12.0,"turns":4.0},{"damage":0.0,"enemies":"Red Slaver","floor":13.0,"turns":2.0},{"damage":20.0,"enemies":"3 Sentries","floor":14.0,"turns":7.0},{"damage":27.0,"enemies":"Hexaghost","floor":16.0,"turns":8.0},{"damage":9.0,"enemies":"3 Byrds","floor":18.0,"turns":4.0},{"damage":5.0,"enemies":"Shell Parasite","floor":21.0,"turns":5.0},{"damage":0.0,"enemies":"3 Cultists","floor":22.0,"turns":1.0},{"damage":28.0,"enemies":"Sentry and Sphere","floor":24.0,"turns":6.0},{"damage":2.0,"enemies":"Snake Plant","floor":25.0,"turns":4.0},{"damage":47,"enemies":"Gremlin Leader","floor":28,"turns":9},{"damage":24,"enemies":"Slavers","floor":30,"turns":7},{"damage":0,"enemies":"Shelled Parasite and Fungi","floor":31,"turns":7},{"damage":89,"enemies":"Automaton","floor":33,"turns":14}],"seed_played":"6987082590697438874","potions_obtained":[{"floor":1.0,"key":"Strength Potion"},{"floor":2.0,"key":"GamblersBrew"},{"floor":12.0,"key":"SmokeBomb"},{"floor":16.0,"key":"SteroidPotion"},{"floor":25.0,"key":"AttackPotion"},{"floor":28,"key":"FearPotion"},{"floor":30,"key":"Dexterity Potion"}],"is_trial":false,"path_per_floor":["M","M","?","T","$","R","M","$","T","M","?","E","M","E","R","B",null,"M","$","?","M","M","R","M","M","T","?","E","$","E","M","R","B"],"character_chosen":"DEFECT","items_purchased":["Ball Lightning","Self Repair","Rip and Tear","OrangePellets","White Noise"],"campfire_rested":2,"item_purchase_floors":[5,5,8,19,29],"current_hp_per_floor":[52,45,45,45,45,45,36,36,36,43,43,28,28,15,36,9,56,54,69,69,71,71,71,50,55,55,55,10,25,17,33,69,0,0],"gold":84,"neow_bonus":"ONE_RANDOM_RARE_CARD","is_daily":false,"chose_seed":false,"campfire_upgraded":2,"win_rate":0.0,"timestamp":1614166351,"path_taken":["M","M","?","?","?","R","M","$","T","M","?","E","M","E","R","BOSS","M","$","?","?","M","R","?","M","T","?","E","$","E","M","R","BOSS"],"items_purchased_type":["Card","Card","Card","Relic","Card"],"build_version":"2020-12-22","purchased_purges":2,"victory":false,"max_hp_per_floor":[71,71,71,71,71,71,71,71,71,71,71,71,71,71,71,71,71,71,71,71,71,71,71,71,71,71,71,71,71,71,71,71,71,71],"relic_stats":{"Blood Vial":8,"OrangePellets":[4],"Regal Pillow":15,"counters":[17,90],"MealTicket":30,"Orichalcum":[84],"obtain_stats":[{"Blood Vial":26,"OrangePellets":19,"Anchor":9,"Regal Pillow":28,"MealTicket":12,"Orichalcum":4,"Toxic Egg 2":30,"Cracked Core":0,"Mercury Hourglass":14,"FrozenCore":17},{"Blood Vial":13,"OrangePellets":9,"Anchor":3,"Regal Pillow":14,"MealTicket":5,"Orichalcum":2,"Toxic Egg 2":15,"Cracked Core":0,"Mercury Hourglass":7,"FrozenCore":8},{"Blood Vial":53,"OrangePellets":37,"Anchor":9,"Regal Pillow":62,"MealTicket":16,"Orichalcum":7,"Toxic Egg 2":69,"Cracked Core":0,"Mercury Hourglass":25,"FrozenCore":33}],"FrozenCore":[14],"Mercury Hourglass":[235]},"card_choices":[{"not_picked":["Redo","Darkness"],"picked":"Compile Driver","floor":1.0},{"not_picked":["Steam","Steam Power"],"picked":"Compile Driver","floor":2.0},{"not_picked":["Compile Driver","Turbo","Streamline"],"picked":"SKIP","floor":7.0},{"not_picked":["Hologram","Redo"],"picked":"Go for the Eyes","floor":10.0},{"not_picked":["Self Repair","Amplify"],"picked":"Beam Cell","floor":12.0},{"not_picked":["Ball Lightning","Gash"],"picked":"Cold Snap","floor":13.0},{"not_picked":["Turbo","Gash"],"picked":"Rebound","floor":14.0},{"not_picked":["Thunder Strike","Multi-Cast"],"picked":"Core Surge","floor":16.0},{"not_picked":["Stack","Go for the Eyes"],"picked":"BootSequence+1","floor":18.0},{"not_picked":["Redo","Rebound","Beam Cell"],"picked":"SKIP","floor":21.0},{"not_picked":["Melter","Turbo"],"picked":"Reinforced Body","floor":24.0},{"not_picked":["Hologram","Fusion"],"picked":"Consume","floor":25.0},{"not_picked":["Redo","Compile Driver"],"picked":"Leap","floor":28},{"not_picked":["Core Surge","Barrage","Auto Shields+1"],"picked":"SKIP","floor":30},{"not_picked":["Reprogram+1","Recycle+1"],"picked":"Coolheaded+1","floor":31}],"player_experience":400076,"relics_obtained":[{"floor":4.0,"key":"Orichalcum"},{"floor":9.0,"key":"Anchor"},{"floor":12.0,"key":"MealTicket"},{"floor":14.0,"key":"Mercury Hourglass"},{"floor":26.0,"key":"Blood Vial"},{"floor":28,"key":"Regal Pillow"},{"floor":30,"key":"Toxic Egg 2"}],"event_choices":[{"damage_healed":0.0,"max_hp_gain":0.0,"max_hp_loss":0.0,"gold_gain":150.0,"event_name":"Liars Game","player_choice":"AGREE","floor":3.0,"gold_loss":0.0,"damage_taken":0.0,"cards_obtained":["Doubt"]},{"damage_healed":0.0,"max_hp_gain":0.0,"max_hp_loss":0.0,"gold_gain":0.0,"cards_transformed":["Strike_B"],"event_name":"Living Wall","player_choice":"Change","floor":11.0,"gold_loss":0.0,"damage_taken":0.0,"cards_obtained":["Loop"]},{"damage_healed":0.0,"max_hp_gain":0.0,"max_hp_loss":0.0,"gold_gain":0.0,"event_name":"Accursed Blacksmith","player_choice":"Forge","floor":20.0,"gold_loss":0.0,"damage_taken":0.0,"cards_upgraded":["Go for the Eyes"]},{"damage_healed":0.0,"max_hp_gain":0.0,"max_hp_loss":0.0,"gold_gain":0.0,"event_name":"Match and Keep!","player_choice":"1 cards matched","floor":27.0,"gold_loss":0.0,"damage_taken":0.0,"cards_obtained":["Zap"]}],"is_beta":false,"boss_relics":[{"not_picked":["Snecko Eye","Runic Dome"],"picked":"FrozenCore"}],"items_purged_floors":[5,19],"is_endless":false,"potions_floor_spawned":[1,2,12,16,25,28,30],"killed_by":"Automaton","ascension_level":20}}