{"host":"hszimsrtxxc2k25w","time":1614191659,"event":{"mods":["AchievementEnabler","BaseMod","Colored Map","DeckTracker","Minty Spire (QoL Compilation)","Rare Cards Sparkle","SuperFastMode"],"gold_per_floor":[109,34,84,96,114,114,14,14,65,65,65,88,113,124,124,124,124],"floor_reached":16,"language":"KOR","playtime":235,"items_purged":["Defend_P","Strike_P"],"score":158,"play_id":"05fd123e-4b9a-44b6-b464-8790bd0b5dd8","local_time":"20210225033419","is_ascension_mode":true,"campfire_choices":[{"data":"Eruption","floor":6,"key":"SMITH"},{"data":"Scrawl","floor":8,"key":"SMITH"},{"data":"Worship","floor":15,"key":"SMITH"}],"circlet_count":0,"master_deck":["AscendersBane","Strike_P+1","Strike_P","Strike_P+1","Defend_P","Defend_P","Defend_P","Eruption+1","Vigilance","Scrawl+1","Worship+1"],"relics":["PureWater","NeowsBlessing","Whetstone","Mercury Hourglass","CeramicFish"],"acts_visited":["Exordium"],"potions_floor_usage":[16],"damage_taken":[{"damage":0,"enemies":"Jaw Worm","floor":1,"turns":1},{"damage":0,"enemies":"Cultist","floor":4,"turns":1},{"damage":0,"enemies":"Small Slimes","floor":5,"turns":1},{"damage":0,"enemies":"Looter","floor":13,"turns":2},{"damage":9,"enemies":"Lots of Slimes","floor":14,"turns":3},{"damage":43,"enemies":"Hexaghost","floor":16,"turns":9}],"seed_played":"-5483375440387052743","potions_obtained":[{"floor":14,"key":"Block Potion"}],"is_trial":false,"path_per_floor":["M","$","?","M","M","R","$","R","T","?","?","T","M","M","R","B"],"character_chosen":"WATCHER","items_purchased":[],"campfire_rested":0,"item_purchase_floors":[],"current_hp_per_floor":[61,61,55,55,55,55,55,55,55,55,50,50,50,41,41,0,0],"gold":124,"neow_bonus":"THREE_ENEMY_KILL","is_daily":false,"chose_seed":false,"campfire_upgraded":3,"win_rate":0.0,"timestamp":1614191659,"path_taken":["M","$","?","?","?","R","$","R","T","?","?","?","M","M","R","BOSS"],"items_purchased_type":[],"build_version":"2020-12-22","purchased_purges":2,"victory":false,"max_hp_per_floor":[68,68,68,68,68,68,68,68,68,68,68,68,68,68,68,68,68],"card_choices":[{"not_picked":["Consecrate","ClearTheMind","CarveReality"],"picked":"SKIP","floor":1},{"not_picked":["CutThroughFate","PathToVictory","ThirdEye"],"picked":"SKIP","floor":4},{"not_picked":["Sanctity","WreathOfFlame"],"picked":"Scrawl","floor":5},{"not_picked":["Protect","BowlingBash"],"picked":"Worship","floor":13},{"not_picked":["Prostrate","FlyingSleeves","Crescendo"],"picked":"SKIP","floor":14}],"player_experience":702997,"relics_obtained":[{"floor":9,"key":"Whetstone"},{"floor":12,"key":"CeramicFish"}],"event_choices":[{"damage_healed":0,"gold_gain":50,"player_choice":"Touch","damage_taken":6,"max_hp_gain":0,"max_hp_loss":0,"event_name":"FaceTrader","floor":3,"gold_loss":0},{"damage_healed":0,"gold_gain":0,"player_choice":"Leave","damage_taken":0,"max_hp_gain":0,"max_hp_loss":0,"event_name":"The Cleric","floor":10,"gold_loss":0},{"damage_healed":0,"gold_gain":0,"player_choice":"Success","damage_taken":5,"relics_obtained":["Mercury Hourglass"],"max_hp_gain":0,"max_hp_loss":0,"event_name":"Scrap Ooze","floor":11,"gold_loss":0}],"is_beta":false,"boss_relics":[],"items_purged_floors":[2,7],"is_endless":false,"potions_floor_spawned":[14],"killed_by":"Hexaghost","ascension_level":15}}