{"host":"6bsan6hkua32tfq7","time":1614170253,"event":{"mods":["BaseMod","Better Third Choice","Colored Map","Highlight Path","Minty Spire (QoL Compilation)","StSLib"],"gold_per_floor":[118,118,141,156,172,172,185,185,185,197,197,211,240,259,259,332,332,352,277,294,344,355,355,371,384,409,409,409,409,409,444,444,521,521,534,320,174,174,187,200,230,245,269,269,296,308,308,308,308],"floor_reached":48,"language":"ENG","playtime":1528,"items_purged":["Strike_P","Strike_P"],"score":1028,"play_id":"b02e509d-c36e-4450-b1d5-f76204ee163b","local_time":"20210224133733","is_ascension_mode":true,"campfire_choices":[{"data":"Eruption","floor":6.0,"key":"SMITH"},{"data":"Conclude","floor":8.0,"key":"SMITH"},{"data":"Alpha","floor":15.0,"key":"SMITH"},{"data":"LikeWater","floor":23.0,"key":"SMITH"},{"data":"Vigilance","floor":27.0,"key":"SMITH"},{"data":"Defend_P","floor":30.0,"key":"SMITH"},{"data":"Defend_P","floor":32.0,"key":"SMITH"},{"data":"Discovery","floor":44.0,"key":"SMITH"},{"floor":47.0,"key":"RECALL"}],"circlet_count":0,"master_deck":["AscendersBane","Strike_P+1","Defend_P+1","Defend_P+1","Defend_P+1","Defend_P","Vigilance+1","Conclude+1","Wallop+1","BowlingBash+1","CarveReality","Alpha+1","LikeWater+1","LessonLearned","ThirdEye+1","MasterReality+1","Discovery+1","WaveOfTheHand+1","Evaluate+1","Study+1"],"relics":["PureWater","Regal Pillow","Oddly Smooth Stone","Bag of Preparation","Meat on the Bone","Coffee Dripper","Smiling Mask","Frozen Egg 2","Turnip","Sozu","ClockworkSouvenir","Boot","Molten Egg 2"],"acts_visited":["Exordium","TheCity","TheBeyond"],"potions_floor_usage":[],"damage_taken":[{"damage":10.0,"enemies":"Small Slimes","floor":1.0,"turns":3.0},{"damage":6.0,"enemies":"Jaw Worm","floor":4.0,"turns":3.0},{"damage":0.0,"enemies":"2 Louse","floor":5.0,"turns":1.0},{"damage":8.0,"enemies":"Lots of Slimes","floor":7.0,"turns":3.0},{"damage":0.0,"enemies":"2 Fungi Beasts","floor":10.0,"turns":1.0},{"damage":0.0,"enemies":"Large Slime","floor":12.0,"turns":4.0},{"damage":1.0,"enemies":"3 Sentries","floor":13.0,"turns":3.0},{"damage":0.0,"enemies":"Lots of Slimes","floor":14.0,"turns":2.0},{"damage":49.0,"enemies":"The Guardian","floor":16.0,"turns":8.0},{"damage":4.0,"enemies":"Chosen","floor":18.0,"turns":4.0},{"damage":16.0,"enemies":"Shell Parasite","floor":20.0,"turns":5.0},{"damage":0.0,"enemies":"Snecko","floor":22.0,"turns":2.0},{"damage":16.0,"enemies":"Chosen and Byrds","floor":24.0,"turns":5.0},{"damage":7.0,"enemies":"Centurion and Healer","floor":25.0,"turns":4.0},{"damage":20.0,"enemies":"Slavers","floor":31.0,"turns":3.0},{"damage":32.0,"enemies":"Automaton","floor":33.0,"turns":7.0},{"damage":30.0,"enemies":"3 Darklings","floor":35.0,"turns":4.0},{"damage":0.0,"enemies":"3 Shapes","floor":39.0,"turns":7.0},{"damage":0.0,"enemies":"Spire Growth","floor":40.0,"turns":6.0},{"damage":38.0,"enemies":"Nemesis","floor":41.0,"turns":9.0},{"damage":8.0,"enemies":"Writhing Mass","floor":42.0,"turns":6.0},{"damage":4.0,"enemies":"Giant Head","floor":45.0,"turns":9.0},{"damage":4.0,"enemies":"Transient","floor":46.0,"turns":6.0},{"damage":46,"enemies":"2 Orb Walkers","floor":48,"turns":3}],"seed_played":"-7915057681108261557","potions_obtained":[{"floor":1.0,"key":"SpeedPotion"},{"floor":5.0,"key":"Swift Potion"},{"floor":11.0,"key":"Fruit Juice"},{"floor":11.0,"key":"EssenceOfSteel"},{"floor":12.0,"key":"SteroidPotion"},{"floor":14.0,"key":"FairyPotion"},{"floor":22.0,"key":"LiquidMemories"},{"floor":24.0,"key":"AttackPotion"},{"floor":31.0,"key":"SpeedPotion"}],"is_trial":false,"path_per_floor":["M","?","T","M","M","R","M","R","T","M","?","M","E","M","R","B",null,"M","?","M","?","M","R","M","M","T","R","?","T","R","E","R","B",null,"M","$","$","?","M","M","E","M","T","R","E","M","R","?"],"character_chosen":"WATCHER","items_purchased":["ClockworkSouvenir","Discovery"],"campfire_rested":0,"item_purchase_floors":[36,37],"current_hp_per_floor":[51,31,31,25,25,25,17,17,17,17,22,22,21,33,33,24,61,57,57,41,41,41,41,37,42,42,42,57,57,57,37,37,17,59,41,41,41,41,41,41,15,19,19,19,27,35,35,0,0],"gold":308,"neow_bonus":"RANDOM_COMMON_RELIC","is_daily":false,"chose_seed":false,"campfire_upgraded":8,"win_rate":0.0,"timestamp":1614170253,"path_taken":["M","?","?","M","M","R","M","R","T","M","?","?","E","M","R","BOSS","M","?","M","?","M","R","M","?","T","R","?","?","R","E","R","BOSS","M","?","$","?","M","M","E","M","T","R","E","?","R","?"],"items_purchased_type":["Relic","Card"],"build_version":"2020-12-22","purchased_purges":2,"victory":false,"max_hp_per_floor":[68,68,68,68,68,68,68,68,68,68,73,73,73,73,73,73,73,73,73,73,73,73,73,73,73,73,73,73,73,73,73,73,73,73,73,73,73,73,73,73,73,73,73,73,73,73,73,73,73],"card_choices":[{"not_picked":["EmptyMind","Worship"],"picked":"Conclude","floor":1.0},{"not_picked":["EmptyBody","ClearTheMind"],"picked":"Wallop","floor":4.0},{"not_picked":["Meditate","EmptyBody"],"picked":"BowlingBash","floor":5.0},{"not_picked":["Swivel","Meditate"],"picked":"CarveReality","floor":7.0},{"not_picked":["Prostrate","CutThroughFate"],"picked":"Alpha","floor":10.0},{"not_picked":["Fasting2","EmptyMind","CrushJoints"],"picked":"SKIP","floor":12.0},{"not_picked":["Fasting2","EmptyMind","CrushJoints"],"picked":"SKIP","floor":12.0},{"not_picked":["Wallop","FollowUp","ThirdEye"],"picked":"SKIP","floor":13.0},{"not_picked":["FlurryOfBlows","JustLucky"],"picked":"LikeWater","floor":14.0},{"not_picked":["Judgement","DeusExMachina"],"picked":"LessonLearned","floor":16.0},{"not_picked":["EmptyFist","ClearTheMind","BowlingBash+1"],"picked":"SKIP","floor":18.0},{"not_picked":["ForeignInfluence","SignatureMove","CrushJoints+1"],"picked":"SKIP","floor":20.0},{"not_picked":["WindmillStrike","JustLucky"],"picked":"ThirdEye+1","floor":22.0},{"not_picked":["BattleHymn","PathToVictory","FlyingSleeves"],"picked":"SKIP","floor":24.0},{"not_picked":["ThirdEye","Consecrate","FollowUp"],"picked":"SKIP","floor":25.0},{"not_picked":["ForeignInfluence","Blasphemy"],"picked":"MasterReality+1","floor":31.0},{"not_picked":["WheelKick","ClearTheMind","CarveReality+1"],"picked":"SKIP","floor":35.0},{"not_picked":["Protect","Consecrate"],"picked":"WaveOfTheHand","floor":39.0},{"not_picked":["ThirdEye+1","Prostrate","JustLucky"],"picked":"SKIP","floor":40.0},{"not_picked":["FlurryOfBlows","Ragnarok"],"picked":"Evaluate+1","floor":41.0},{"not_picked":["PathToVictory","JustLucky"],"picked":"Study+1","floor":42.0},{"not_picked":["Worship","ThirdEye+1","Judgement"],"picked":"SKIP","floor":45.0},{"not_picked":["EmptyFist+1","JustLucky+1","Protect+1"],"picked":"SKIP","floor":46.0}],"player_experience":5457232,"relics_obtained":[{"floor":3.0,"key":"Oddly Smooth Stone"},{"floor":9.0,"key":"Bag of Preparation"},{"floor":13.0,"key":"Meat on the Bone"},{"floor":26.0,"key":"Smiling Mask"},{"floor":29.0,"key":"Frozen Egg 2"},{"floor":31.0,"key":"Turnip"},{"floor":41.0,"key":"Boot"},{"floor":45.0,"key":"Molten Egg 2"}],"event_choices":[{"damage_healed":51.0,"max_hp_gain":0.0,"max_hp_loss":68.0,"gold_gain":0.0,"event_name":"betterThird:BetterShining","player_choice":"Upgrade","floor":2.0,"gold_loss":0.0,"damage_taken":20.0,"cards_upgraded":["Defend_P","Strike_P"]},{"damage_healed":0.0,"max_hp_gain":0.0,"max_hp_loss":0.0,"gold_gain":0.0,"event_name":"Lab","player_choice":"Got Potions","floor":11.0,"gold_loss":0.0,"damage_taken":0.0},{"cards_removed":["Strike_P"],"damage_healed":0.0,"max_hp_gain":0.0,"max_hp_loss":0.0,"gold_gain":0.0,"event_name":"Beggar","player_choice":"Gave Gold","floor":19.0,"gold_loss":75.0,"damage_taken":0.0},{"damage_healed":0.0,"max_hp_gain":0.0,"max_hp_loss":0.0,"gold_gain":50.0,"event_name":"Golden Shrine","player_choice":"Pray","floor":21.0,"gold_loss":0.0,"damage_taken":0.0},{"damage_healed":15.0,"max_hp_gain":0.0,"max_hp_loss":0.0,"gold_gain":0.0,"event_name":"The Library","player_choice":"Heal","floor":28.0,"gold_loss":0.0,"damage_taken":0.0},{"cards_removed":["Eruption"],"damage_healed":0.0,"max_hp_gain":0.0,"max_hp_loss":0.0,"gold_gain":0.0,"event_name":"Falling","player_choice":"Removed Attack","floor":38.0,"gold_loss":0.0,"damage_taken":0.0},{"damage_healed":0,"gold_gain":0,"player_choice":"Fight","damage_taken":0,"max_hp_gain":0,"max_hp_loss":0,"event_name":"Mysterious Sphere","floor":48,"gold_loss":0}],"is_beta":false,"boss_relics":[{"not_picked":["Runic Pyramid","Black Star"],"picked":"Coffee Dripper"},{"not_picked":["Tiny House","Busted Crown"],"picked":"Sozu"}],"items_purged_floors":[36,37],"is_endless":false,"potions_floor_spawned":[1,5,12,14,22,24,25,31,41,45,46],"killed_by":"2 Orb Walkers","ascension_level":20}}