{"host":"e0rtortnmozl44qq","time":1614169239,"event":{"mods":["AchievementEnabler","Act Like it!","BaseMod","Colored Map","Highlight Path","Marisa????????","Minty Spire (QoL Compilation)","Permanent Neow","StSLib","SuperFastMode"],"gold_per_floor":[119,119,137,137,137,173,188,204,204,219,144,144,191,216,228,240,240],"floor_reached":16,"language":"ENG","playtime":412,"items_purged":["Strike_R"],"score":148,"play_id":"c9585e7e-5461-486e-9f8e-60c198c61198","local_time":"20210224132039","is_ascension_mode":true,"campfire_choices":[{"data":"Iron Wave","floor":12,"key":"SMITH"},{"floor":15,"key":"REST"}],"circlet_count":0,"master_deck":["Strike_R","Strike_R","Strike_R","Defend_R","Defend_R","Defend_R","Defend_R","Bash","Iron Wave+1","Battle Trance","Body Slam"],"relics":["Burning Blood","Golden Idol","Orichalcum","Torii","Ornamental Fan","MawBank"],"acts_visited":["Exordium"],"potions_floor_usage":[6,8,14],"damage_taken":[{"damage":2,"enemies":"Small Slimes","floor":1,"turns":4},{"damage":2,"enemies":"Jaw Worm","floor":3,"turns":3},{"damage":44,"enemies":"Lagavulin","floor":6,"turns":6},{"damage":1,"enemies":"Cultist","floor":7,"turns":4},{"damage":1,"enemies":"Exordium Wildlife","floor":8,"turns":3},{"damage":1,"enemies":"Blue Slaver","floor":10,"turns":5},{"damage":6,"enemies":"Looter","floor":14,"turns":3},{"damage":37,"enemies":"Hexaghost","floor":16,"turns":13}],"seed_played":"-5127194127252780510","potions_obtained":[{"floor":3,"key":"DistilledChaos"},{"floor":7,"key":"Explosive Potion"},{"floor":10,"key":"SkillPotion"}],"is_trial":false,"path_per_floor":["M","?","M","?","?","E","M","M","T","M","$","R","T","M","R","B"],"character_chosen":"IRONCLAD","items_purchased":[],"campfire_rested":1,"item_purchase_floors":[],"current_hp_per_floor":[76,76,80,60,53,15,20,25,25,30,30,30,30,30,54,17,17],"gold":240,"neow_bonus":"TRANSFORM_CARD","is_daily":false,"chose_seed":false,"campfire_upgraded":1,"win_rate":0.0,"timestamp":1614169239,"path_taken":["M","?","M","?","?","E","?","M","T","M","?","R","?","M","R","BOSS"],"items_purchased_type":[],"build_version":"2020-12-22","purchased_purges":1,"victory":false,"max_hp_per_floor":[80,80,80,80,80,80,80,80,80,80,80,80,80,80,80,80,80],"card_choices":[{"not_picked":["Headbutt","Clothesline","Flame Barrier"],"picked":"SKIP","floor":1},{"not_picked":["Feel No Pain","Warcry","Heavy Blade"],"picked":"SKIP","floor":3},{"not_picked":["Twin Strike","Dropkick","Rage"],"picked":"SKIP","floor":6},{"not_picked":["Clothesline","Armaments","Perfected Strike"],"picked":"SKIP","floor":7},{"not_picked":["Flame Barrier","Feel No Pain"],"picked":"Battle Trance","floor":8},{"not_picked":["Thunderclap","Power Through"],"picked":"Body Slam","floor":10},{"not_picked":["Rupture","Twin Strike","Armaments"],"picked":"SKIP","floor":14}],"player_experience":94449,"relics_obtained":[{"floor":6,"key":"Torii"},{"floor":9,"key":"Ornamental Fan"},{"floor":13,"key":"MawBank"}],"event_choices":[{"damage_healed":0,"gold_gain":0,"player_choice":"Ignored","damage_taken":0,"max_hp_gain":0,"max_hp_loss":0,"event_name":"Liars Game","floor":2,"gold_loss":0},{"damage_healed":0,"gold_gain":0,"player_choice":"Take Damage","damage_taken":20,"relics_obtained":["Golden Idol"],"max_hp_gain":0,"max_hp_loss":0,"event_name":"Golden Idol","floor":4,"gold_loss":0},{"damage_healed":0,"gold_gain":0,"player_choice":"Success","damage_taken":7,"relics_obtained":["Orichalcum"],"max_hp_gain":0,"max_hp_loss":0,"event_name":"Scrap Ooze","floor":5,"gold_loss":0}],"is_beta":false,"boss_relics":[],"items_purged_floors":[11],"is_endless":false,"potions_floor_spawned":[3,7,10],"killed_by":"Hexaghost","ascension_level":9}}