{"host":"xsuxkwaivmtd234a","time":1614207042,"event":{"mods":["BaseMod","Bestiary","Colored Map","Minty Spire (QoL Compilation)","Relic Stats","StSLib"],"gold_per_floor":[360,376,386,403,30,60,77,77,77,105,124,159,159,159,159,257,257,276,292,292,310,310,346,346,388,388,402,417,445,464,483,483,589,670,698,253,263,313,336,336,377,400,423,457,483,483,217,237,237,237,237,237,13,50,50],"floor_reached":56,"language":"ENG","playtime":3278,"items_purged":[],"score":1927,"play_id":"921f60a3-f46b-4676-835c-e3e3f4a9d695","local_time":"20210224175042","is_ascension_mode":true,"campfire_choices":[{"data":"Whirlwind","floor":8,"key":"SMITH"},{"data":"Uppercut","floor":13,"key":"SMITH"},{"data":"Wild Strike","floor":15,"key":"SMITH"},{"floor":24,"key":"REST"},{"floor":32,"key":"REST"},{"data":"Rupture","floor":40,"key":"SMITH"},{"floor":46,"key":"RECALL"},{"data":"Armaments","floor":49,"key":"SMITH"},{"data":"Shockwave","floor":52,"key":"SMITH"}],"circlet_count":0,"master_deck":["AscendersBane","Bash","Ghostly Armor","Wild Strike+1","Uppercut+1","Blood for Blood","Whirlwind+1","Shockwave+1","Anger","Disarm","Corruption","Feed","Dual Wield+1","Pain","Power Through","Reaper","Headbutt+1","Barricade","Second Wind","Shrug It Off","Rage","Reaper+1","Barricade","Armaments+1","Clash+1","Feel No Pain","Iron Wave+1","Metallicize","Rupture+1","Reaper+1","Fiend Fire+1","Power Through","Entrench+1","Feel No Pain+1","Body Slam+1","Metallicize","True Grit","Metallicize+1","Metallicize","Headbutt+1","Disarm+1"],"relics":["Burning Blood","Akabeko","ClockworkSouvenir","Ice Cream","War Paint","Singing Bowl","Snecko Eye","Nloth\u0027s Gift","WarpedTongs","CeramicFish","Lantern","Molten Egg 2","Oddly Smooth Stone","Pandora\u0027s Box","DollysMirror","Bottled Tornado","StoneCalendar","White Beast Statue","Mango","Vajra","Chemical X","Self Forming Clay"],"acts_visited":["Exordium","TheCity","TheBeyond","TheEnding"],"potions_floor_usage":[6,12,16,33,48,50,55,55,55],"damage_taken":[{"damage":7,"enemies":"Small Slimes","floor":1,"turns":3},{"damage":0,"enemies":"Cultist","floor":2,"turns":4},{"damage":3,"enemies":"2 Louse","floor":3,"turns":3},{"damage":21,"enemies":"Lots of Slimes","floor":4,"turns":6},{"damage":12,"enemies":"Gremlin Nob","floor":6,"turns":3},{"damage":0,"enemies":"Gremlin Gang","floor":7,"turns":1},{"damage":5,"enemies":"Lagavulin","floor":10,"turns":4},{"damage":0,"enemies":"3 Louse","floor":11,"turns":1},{"damage":2,"enemies":"Gremlin Nob","floor":12,"turns":3},{"damage":54,"enemies":"Slime Boss","floor":16,"turns":9},{"damage":0,"enemies":"Spheric Guardian","floor":18,"turns":2},{"damage":7,"enemies":"3 Byrds","floor":19,"turns":6},{"damage":4,"enemies":"Centurion and Healer","floor":21,"turns":7},{"damage":51,"enemies":"Book of Stabbing","floor":23,"turns":6},{"damage":9,"enemies":"Gremlin Leader","floor":25,"turns":4},{"damage":2,"enemies":"Cultist and Chosen","floor":27,"turns":3},{"damage":12,"enemies":"3 Cultists","floor":28,"turns":4},{"damage":43,"enemies":"Book of Stabbing","floor":29,"turns":7},{"damage":12,"enemies":"Chosen and Byrds","floor":30,"turns":4},{"damage":22,"enemies":"Shelled Parasite and Fungi","floor":31,"turns":4},{"damage":14,"enemies":"Collector","floor":33,"turns":6},{"damage":2,"enemies":"3 Darklings","floor":35,"turns":1},{"damage":19,"enemies":"Orb Walker","floor":37,"turns":2},{"damage":50,"enemies":"2 Orb Walkers","floor":38,"turns":4},{"damage":19,"enemies":"4 Shapes","floor":39,"turns":7},{"damage":14,"enemies":"Giant Head","floor":41,"turns":7},{"damage":6,"enemies":"Sphere and 2 Shapes","floor":42,"turns":4},{"damage":6,"enemies":"Nemesis","floor":44,"turns":7},{"damage":6,"enemies":"Spire Growth","floor":45,"turns":5},{"damage":62,"enemies":"Transient","floor":48,"turns":5},{"damage":58,"enemies":"Donu and Deca","floor":50,"turns":15},{"damage":19,"enemies":"Shield and Spear","floor":54,"turns":11},{"damage":54,"enemies":"The Heart","floor":55,"turns":12}],"seed_played":"-4625365658228854779","potions_obtained":[{"floor":2,"key":"Fire Potion"},{"floor":3,"key":"DuplicationPotion"},{"floor":11,"key":"BloodPotion"},{"floor":12,"key":"Ancient Potion"},{"floor":16,"key":"EssenceOfSteel"},{"floor":21,"key":"Swift Potion"},{"floor":35,"key":"Regen Potion"},{"floor":48,"key":"Regen Potion"},{"floor":54,"key":"LiquidBronze"}],"is_trial":false,"path_per_floor":["M","M","M","M","$","E","M","R","T","E","M","E","R","?","R","B",null,"M","M","?","M","?","E","R","E","T","M","M","E","M","M","R","B",null,"M","$","M","?","M","R","E","M","T","E","M","R","$","M","R","B",null,"R","$","E","B",null],"character_chosen":"IRONCLAD","items_purchased":["Akabeko","Whirlwind","ClockworkSouvenir","Rupture","DollysMirror","Bottled Tornado","Body Slam+1","Vajra","Metallicize","True Grit","Chemical X","Metallicize","Headbutt+1"],"campfire_rested":2,"item_purchase_floors":[5,5,5,36,36,36,47,47,47,47,53,53,53],"current_hp_per_floor":[50,56,59,44,44,38,44,44,44,45,51,55,55,60,60,29,71,79,81,81,91,91,49,79,76,76,82,103,72,73,68,102,94,110,114,114,107,65,126,126,118,125,125,141,146,146,146,113,113,134,146,146,146,154,154],"gold":50,"neow_bonus":"TWO_FIFTY_GOLD","is_daily":false,"chose_seed":false,"campfire_upgraded":6,"win_rate":0.0,"timestamp":1614207042,"path_taken":["M","M","M","M","$","E","M","R","T","E","M","E","R","?","R","BOSS","M","M","?","?","?","E","R","E","T","?","?","E","M","M","R","BOSS","M","$","M","?","M","R","E","M","T","E","M","R","$","M","R","BOSS","R","$","E","BOSS"],"items_purchased_type":["Relic","Card","Relic","Card","Relic","Relic","Card","Relic","Card","Card","Relic","Card","Card"],"build_version":"2020-12-22","purchased_purges":0,"victory":true,"max_hp_per_floor":[80,80,80,80,80,80,80,80,80,80,80,80,80,85,85,85,85,87,90,90,98,98,101,101,101,101,103,108,110,110,115,115,115,115,115,115,121,123,126,126,126,126,126,142,146,146,146,146,146,150,150,150,150,154,154],"relic_stats":{"Singing Bowl":18,"counters":[33,170],"Self Forming Clay":[45],"CeramicFish":243,"StoneCalendar":[239],"War Paint":["Defend_R","Defend_R"],"Burning Blood":179,"WarpedTongs":[113],"Snecko Eye":[203,191,193,212],"Pandora\u0027s Box":["Second Wind","Shrug It Off","Rage","Reaper","Barricade","Armaments","Clash","Feel No Pain","Iron Wave"],"Nloth\u0027s Gift":3,"Chemical X":[3],"obtain_stats":[{"Ice Cream":6,"Regal Pillow":10,"Lantern":25,"Singing Bowl":12,"Self Forming Clay":54,"CeramicFish":23,"Oddly Smooth Stone":29,"Vajra":47,"StoneCalendar":38,"Mango":44,"War Paint":9,"Bottled Tornado":36,"Burning Blood":0,"Akabeko":5,"White Beast Statue":41,"ClockworkSouvenir":5,"WarpedTongs":22,"DollysMirror":36,"Snecko Eye":17,"Molten Egg 2":26,"Pandora\u0027s Box":34,"Nloth\u0027s Gift":20,"Chemical X":53},{"Ice Cream":5,"Regal Pillow":7,"Lantern":15,"Singing Bowl":9,"Self Forming Clay":32,"CeramicFish":14,"Oddly Smooth Stone":18,"Vajra":29,"StoneCalendar":24,"Mango":28,"War Paint":6,"Bottled Tornado":22,"Burning Blood":0,"Akabeko":4,"White Beast Statue":26,"ClockworkSouvenir":4,"WarpedTongs":13,"DollysMirror":22,"Snecko Eye":10,"Molten Egg 2":15,"Pandora\u0027s Box":21,"Nloth\u0027s Gift":12,"Chemical X":31},{"Ice Cream":19,"Regal Pillow":24,"Lantern":62,"Singing Bowl":28,"Self Forming Clay":158,"CeramicFish":58,"Oddly Smooth Stone":76,"Vajra":127,"StoneCalendar":97,"Mango":122,"War Paint":20,"Bottled Tornado":91,"Burning Blood":0,"Akabeko":16,"White Beast Statue":111,"ClockworkSouvenir":16,"WarpedTongs":52,"DollysMirror":91,"Snecko Eye":37,"Molten Egg 2":62,"Pandora\u0027s Box":90,"Nloth\u0027s Gift":45,"Chemical X":147}]},"card_choices":[{"not_picked":["Clash","Dropkick"],"picked":"Ghostly Armor","floor":1},{"not_picked":["Pummel","Clash"],"picked":"Wild Strike","floor":2},{"not_picked":["Iron Wave","Pommel Strike"],"picked":"Uppercut","floor":3},{"not_picked":["Dual Wield","Clothesline"],"picked":"Blood for Blood","floor":4},{"not_picked":["Second Wind","Wild Strike"],"picked":"Shockwave","floor":6},{"not_picked":["Whirlwind","Pommel Strike"],"picked":"Anger","floor":7},{"not_picked":["Entrench","Perfected Strike"],"picked":"Disarm","floor":10},{"not_picked":["Disarm","Twin Strike","Flex"],"picked":"SKIP","floor":11},{"not_picked":["Clash","Anger"],"picked":"Corruption","floor":12},{"not_picked":["Corruption","Fiend Fire"],"picked":"Feed","floor":16},{"not_picked":["Wild Strike","True Grit","Heavy Blade"],"picked":"Singing Bowl","floor":18},{"not_picked":["Shrug It Off","Rupture"],"picked":"Dual Wield+1","floor":19},{"not_picked":["Havoc","Clash","Intimidate"],"picked":"Singing Bowl","floor":21},{"not_picked":["Reckless Charge","Entrench"],"picked":"Power Through","floor":23},{"not_picked":["Evolve","Warcry"],"picked":"Reaper","floor":25},{"not_picked":["Flex+1","Pommel Strike+1","Berserk"],"picked":"Singing Bowl","floor":27},{"not_picked":["Warcry+1","Double Tap","Twin Strike+1"],"picked":"Singing Bowl","floor":28},{"not_picked":["Blood for Blood+1","Shrug It Off","Clothesline+1"],"picked":"Singing Bowl","floor":29},{"not_picked":["Sever Soul+1","Clash+1"],"picked":"Headbutt+1","floor":30},{"not_picked":["Juggernaut","Cleave+1","Wild Strike+1"],"picked":"Singing Bowl","floor":31},{"not_picked":["Brutality","Corruption"],"picked":"Barricade","floor":33},{"not_picked":["Combust","Sword Boomerang+1"],"picked":"Metallicize","floor":35},{"not_picked":["Searing Blow+1","Wild Strike+1","Shrug It Off"],"picked":"Singing Bowl","floor":37},{"not_picked":["Havoc+1","Clothesline+1","Uppercut+1"],"picked":"Singing Bowl","floor":38},{"not_picked":["Whirlwind+1","Armaments"],"picked":"Fiend Fire+1","floor":39},{"not_picked":["Carnage+1","Wild Strike+1"],"picked":"Power Through","floor":41},{"not_picked":["Whirlwind+1","Body Slam+1"],"picked":"Entrench+1","floor":42},{"not_picked":["Hemokinesis+1","Thunderclap+1","Intimidate"],"picked":"Singing Bowl","floor":44},{"not_picked":["Double Tap","True Grit+1"],"picked":"Feel No Pain+1","floor":45},{"not_picked":["Wild Strike+1","Clothesline+1"],"picked":"Metallicize+1","floor":48},{"not_picked":["True Grit+1","Bludgeon+1"],"picked":"Disarm+1","floor":54}],"player_experience":1371347,"relics_obtained":[{"floor":6,"key":"Ice Cream"},{"floor":9,"key":"War Paint"},{"floor":10,"key":"Regal Pillow"},{"floor":12,"key":"Singing Bowl"},{"floor":23,"key":"CeramicFish"},{"floor":25,"key":"Lantern"},{"floor":26,"key":"Molten Egg 2"},{"floor":29,"key":"Oddly Smooth Stone"},{"floor":38,"key":"StoneCalendar"},{"floor":41,"key":"White Beast Statue"},{"floor":44,"key":"Mango"},{"floor":54,"key":"Self Forming Clay"}],"event_choices":[{"damage_healed":0,"gold_gain":0,"player_choice":"Donut","damage_taken":0,"max_hp_gain":5,"max_hp_loss":0,"event_name":"Big Fish","floor":14,"gold_loss":0},{"damage_healed":0,"gold_gain":0,"player_choice":"Traded Relic","damage_taken":0,"relics_obtained":["Nloth\u0027s Gift"],"max_hp_gain":0,"max_hp_loss":0,"event_name":"N\u0027loth","floor":20,"relics_lost":["Regal Pillow"],"gold_loss":0},{"damage_healed":0,"gold_gain":0,"player_choice":"Rummage","damage_taken":0,"relics_obtained":["WarpedTongs"],"max_hp_gain":0,"max_hp_loss":0,"event_name":"Accursed Blacksmith","floor":22,"gold_loss":0,"cards_obtained":["Pain"]},{"damage_healed":0,"gold_gain":0,"player_choice":"Fight","damage_taken":0,"max_hp_gain":0,"max_hp_loss":0,"event_name":"Mysterious Sphere","floor":38,"gold_loss":0}],"is_beta":false,"boss_relics":[{"not_picked":["Coffee Dripper","Astrolabe"],"picked":"Snecko Eye"},{"not_picked":["Black Blood","Sozu"],"picked":"Pandora\u0027s Box"}],"items_purged_floors":[],"is_endless":false,"potions_floor_spawned":[2,3,11,12,16,21,27,28,29,31,35,41,42,44,45,48,54],"ascension_level":10}}