{"host":"xsuxkwaivmtd234a","time":1614129231,"event":{"mods":["BaseMod","Bestiary","Colored Map","Minty Spire (QoL Compilation)","Relic Stats","StSLib"],"gold_per_floor":[115,125,143,162,162,193,193,224,224,224,243,243,263,263,263,360,360,374,391,1,18,36,36,36,36],"floor_reached":24,"language":"ENG","playtime":1226,"items_purged":[],"score":315,"play_id":"8eb256e4-8aaa-41ad-bb4b-5954d6cc41a6","local_time":"20210223201351","is_ascension_mode":true,"campfire_choices":[{"floor":7,"key":"DIG"},{"floor":10,"key":"DIG"},{"data":"Bash","floor":12,"key":"SMITH"},{"data":"Sword Boomerang","floor":15,"key":"SMITH"},{"floor":23,"key":"REST"}],"circlet_count":0,"master_deck":["AscendersBane","Strike_R","Strike_R","Defend_R","Defend_R","Defend_R","Defend_R","Bash+1","Sword Boomerang+1","Fire Breathing","Whirlwind+1","Headbutt","Twin Strike","Anger","Feel No Pain","Flex","Barricade","Impervious+1","Iron Wave+1","Dual Wield+1","Body Slam","Shrug It Off","Flame Barrier","Uppercut","Ghostly Armor","Feed","Havoc+1"],"relics":["Burning Blood","Shovel","Letter Opener","Blue Candle","Ornamental Fan","Champion Belt","CultistMask","Astrolabe","OrangePellets"],"acts_visited":["Exordium","TheCity"],"potions_floor_usage":[6,8,16,16,19,19,22,22],"damage_taken":[{"damage":8,"enemies":"2 Louse","floor":1,"turns":3},{"damage":12,"enemies":"Jaw Worm","floor":2,"turns":3},{"damage":1,"enemies":"Cultist","floor":3,"turns":3},{"damage":18,"enemies":"3 Louse","floor":4,"turns":3},{"damage":20,"enemies":"Lagavulin","floor":6,"turns":4},{"damage":15,"enemies":"3 Sentries","floor":8,"turns":3},{"damage":14,"enemies":"Blue Slaver","floor":11,"turns":4},{"damage":4,"enemies":"Looter","floor":13,"turns":2},{"damage":18,"enemies":"Slime Boss","floor":16,"turns":7},{"damage":40,"enemies":"Shell Parasite","floor":18,"turns":7},{"damage":0,"enemies":"Chosen","floor":19,"turns":6},{"damage":7,"enemies":"Snake Plant","floor":21,"turns":4},{"damage":38,"enemies":"Sentry and Sphere","floor":22,"turns":9},{"damage":48,"enemies":"Book of Stabbing","floor":24,"turns":6}],"seed_played":"-4298756486848993781","potions_obtained":[{"floor":2,"key":"Swift Potion"},{"floor":3,"key":"DuplicationPotion"},{"floor":11,"key":"SkillPotion"},{"floor":13,"key":"Energy Potion"},{"floor":16,"key":"Weak Potion"},{"floor":18,"key":"SkillPotion"},{"floor":21,"key":"Swift Potion"}],"is_trial":false,"path_per_floor":["M","M","M","M","?","E","R","E","T","R","M","R","M","?","R","B",null,"M","M","$","M","M","R","E"],"character_chosen":"IRONCLAD","items_purchased":["OrangePellets","Flame Barrier","Uppercut","Ghostly Armor","BloodPotion"],"campfire_rested":1,"item_purchase_floors":[20,20,20,20,20],"current_hp_per_floor":[70,64,69,57,57,43,43,34,34,34,26,26,28,28,28,16,64,30,36,36,35,19,43,0,0],"gold":36,"neow_bonus":"THREE_CARDS","is_daily":false,"chose_seed":false,"campfire_upgraded":2,"win_rate":0.0,"timestamp":1614129231,"path_taken":["M","M","M","M","?","E","R","E","T","R","M","R","M","?","R","BOSS","M","M","$","?","M","R","E"],"items_purchased_type":["Relic","Card","Card","Card","Potion"],"build_version":"2020-12-22","purchased_purges":0,"victory":false,"max_hp_per_floor":[80,80,80,80,80,80,80,80,80,80,80,80,80,80,80,80,80,80,80,80,80,80,80,80,80],"relic_stats":{"OrangePellets":[2],"Shovel":2,"counters":[14,64],"Ornamental Fan":[28],"Blue Candle":[0],"Astrolabe":["Impervious","Iron Wave","Dual Wield"],"Letter Opener":[10],"Champion Belt":[6],"obtain_stats":[{"OrangePellets":20,"Shovel":6,"Ornamental Fan":9,"Blue Candle":8,"Astrolabe":17,"CultistMask":14,"Letter Opener":7,"Champion Belt":10,"Burning Blood":0},{"OrangePellets":11,"Shovel":5,"Ornamental Fan":6,"Blue Candle":6,"Astrolabe":9,"CultistMask":8,"Letter Opener":5,"Champion Belt":6,"Burning Blood":0},{"OrangePellets":45,"Shovel":16,"Ornamental Fan":19,"Blue Candle":19,"Astrolabe":32,"CultistMask":25,"Letter Opener":16,"Champion Belt":19,"Burning Blood":0}],"Burning Blood":78},"card_choices":[{"not_picked":["Perfected Strike","Intimidate"],"picked":"Sword Boomerang","floor":0},{"not_picked":["Havoc","Iron Wave"],"picked":"Fire Breathing","floor":1},{"not_picked":["Dual Wield","Cleave"],"picked":"Whirlwind","floor":2},{"not_picked":["Infernal Blade","Intimidate"],"picked":"Headbutt","floor":3},{"not_picked":["Cleave","Wild Strike"],"picked":"Twin Strike","floor":4},{"not_picked":["Havoc","Exhume"],"picked":"Anger","floor":6},{"not_picked":["Ghostly Armor","Barricade"],"picked":"Feel No Pain","floor":8},{"not_picked":["Heavy Blade","Havoc"],"picked":"Flex","floor":11},{"not_picked":["Fire Breathing","Clash","Warcry"],"picked":"SKIP","floor":13},{"not_picked":["Berserk","Juggernaut"],"picked":"Barricade","floor":16},{"not_picked":["Clash+1","Metallicize"],"picked":"Body Slam","floor":18},{"not_picked":["True Grit","Heavy Blade"],"picked":"Shrug It Off","floor":19},{"not_picked":["Cleave","Iron Wave"],"picked":"Feed","floor":21},{"not_picked":["Body Slam","Perfected Strike+1"],"picked":"Havoc+1","floor":22}],"player_experience":1359561,"relics_obtained":[{"floor":6,"key":"Shovel"},{"floor":7,"key":"Letter Opener"},{"floor":8,"key":"Blue Candle"},{"floor":9,"key":"Ornamental Fan"},{"floor":10,"key":"Champion Belt"}],"event_choices":[{"damage_healed":0,"gold_gain":0,"player_choice":"Grow","damage_taken":0,"max_hp_gain":0,"max_hp_loss":0,"event_name":"Living Wall","floor":5,"gold_loss":0,"cards_upgraded":["Whirlwind"]},{"damage_healed":0,"gold_gain":0,"player_choice":"Trade","damage_taken":0,"relics_obtained":["CultistMask"],"max_hp_gain":0,"max_hp_loss":0,"event_name":"FaceTrader","floor":14,"gold_loss":0}],"is_beta":false,"boss_relics":[{"not_picked":["Black Blood","Fusion Hammer"],"picked":"Astrolabe"}],"items_purged_floors":[],"is_endless":false,"potions_floor_spawned":[2,3,11,13,16,18,21],"killed_by":"Book of Stabbing","ascension_level":10}}