{"host":"t5kis9necmbui802","time":1614128695,"event":{"mods":["100% Spire Juice","Act Like it!","BaseMod","CapriCore","Chen","Colored Powertips","Downfall","Gensokyo","HololiveMod","Koishi","KomeijiMod","Lobotomy","LobotomyExtend","Minty Spire (QoL Compilation)","MostiFishMod","Replay The Spire","Robot Space Explorer","Shop Mod","Spicy Shops","StSLib","The Alterego","The Immortal","TheWitcher","Uncapped","Yuri Mod","noobMod"],"gold_per_floor":[99,117,15,34,84,401,401,428,428],"floor_reached":8,"language":"ZHS","playtime":313,"items_purged":[],"score":58,"play_id":"bf7c9bb3-3eb9-47ce-b6bc-8b46d6dd89f8","local_time":"20210224090455","is_ascension_mode":true,"campfire_choices":[{"data":"hexamod:Sear","floor":1,"key":"SMITH"}],"circlet_count":0,"master_deck":["hexamod:Strike","hexamod:Strike","hexamod:Strike","hexamod:Strike","hexamod:Defend","hexamod:Defend","hexamod:Defend","hexamod:Defend","hexamod:Sear+1","hexamod:Float","hexamod:NightmareStrike","hexamod:ParanormalForm+1","hexamod:ThirdSeal","Spreading Infection","Voices","Clumsy","hexamod:FifthSeal","hexamod:FlamesFromBeyond"],"relics":["DaveBox","ice","Transparent","The Courier","LetterFromLob","Ring of Searing","Ring of Greed","Blue Doll","Tiny Chest","Sundial","yuri:PortableGlitches","Peace Pipe"],"acts_visited":["Gensokyo:Gensokyo"],"potions_floor_usage":[],"damage_taken":[{"damage":42,"enemies":"Gensokyo:2_Kodama","floor":2,"turns":3},{"damage":53,"enemies":"Gensokyo:Gryphon","floor":4,"turns":3},{"damage":53,"enemies":"Gensokyo:Python","floor":6,"turns":3},{"damage":47,"enemies":"Gensokyo:Aya","floor":8,"turns":3}],"seed_played":"-4589948609230573420","potions_obtained":[{"floor":4,"key":"JyouchiReiPotion"}],"is_trial":false,"path_per_floor":["R","M","COS","M","?","M","T","E"],"character_chosen":"THE_SPIRIT","items_purchased":[],"campfire_rested":0,"item_purchase_floors":[],"current_hp_per_floor":[70,70,70,59,59,48,48,70,70],"gold":428,"neow_bonus":"BOSS_RELIC","is_daily":false,"chose_seed":false,"campfire_upgraded":1,"win_rate":0.0,"timestamp":1614128695,"path_taken":["R","M","COS","M","?","M","T","E"],"items_purchased_type":[],"build_version":"2020-12-22","purchased_purges":0,"victory":false,"max_hp_per_floor":[70,70,70,70,70,70,70,70,70],"card_choices":[{"not_picked":["hexamod:BacktrackSmack","hexamod:NightmareGuise"],"picked":"hexamod:NightmareStrike","floor":2},{"not_picked":["hexamod:SpectersWail+1","hexamod:Firestarter+1"],"picked":"hexamod:ParanormalForm+1","floor":4},{"not_picked":["hexamod:InspiringFlames","hexamod:FlamesFromBeyond"],"picked":"hexamod:ThirdSeal","floor":4},{"not_picked":["hexamod:SkipABeat","hexamod:HeatMetal","hexamod:ThermalTransfer"],"picked":"SKIP","floor":6},{"not_picked":["hexamod:HeatShield","hexamod:NightmareStrike"],"picked":"hexamod:FifthSeal","floor":8},{"not_picked":["hexamod:StepThrough","hexamod:AdvancingGuard"],"picked":"hexamod:FlamesFromBeyond","floor":8}],"player_experience":449568,"relics_obtained":[{"floor":2,"key":"LetterFromLob"},{"floor":5,"key":"Ring of Searing"},{"floor":5,"key":"Ring of Greed"},{"floor":5,"key":"Blue Doll"},{"floor":5,"key":"Tiny Chest"},{"floor":7,"key":"Sundial"},{"floor":8,"key":"Peace Pipe"}],"event_choices":[],"is_beta":false,"boss_relics":[],"items_purged_floors":[],"is_endless":false,"potions_floor_spawned":[4],"killed_by":"Gensokyo:Aya","ascension_level":1}}