{"host":"nsc6ozq3atyrdr3m","time":1614198828,"event":{"mods":["BaseMod","Colored Map","Minty Spire (QoL Compilation)"],"gold_per_floor":[116,116,116,130,144,144,169,179,179,211,107,107,133,144,144,245,245,245,245],"floor_reached":18,"language":"FRA","playtime":480,"items_purged":[],"score":287,"play_id":"5c818653-5761-430a-bf1b-26077a491cc2","local_time":"20210224213348","is_ascension_mode":true,"campfire_choices":[{"data":"Beam Cell","floor":6,"key":"SMITH"},{"floor":12,"key":"REST"},{"data":"Streamline","floor":15,"key":"SMITH"}],"circlet_count":0,"master_deck":["Strike_B","Strike_B","Strike_B","Defend_B","Defend_B","Defend_B","Defend_B","Zap","Dualcast","Auto Shields","Glacier","Beam Cell+1","Multi-Cast","Cold Snap","Streamline+1","Self Repair","Ball Lightning","Chaos","Gash","Machine Learning"],"relics":["FrozenCore","NeowsBlessing","Pocketwatch","Shuriken","Cables","Gremlin Horn"],"acts_visited":["Exordium","TheCity"],"potions_floor_usage":[10,13,14],"damage_taken":[{"damage":0,"enemies":"Jaw Worm","floor":1,"turns":1},{"damage":0,"enemies":"Small Slimes","floor":4,"turns":1},{"damage":0,"enemies":"Cultist","floor":5,"turns":1},{"damage":21,"enemies":"3 Sentries","floor":7,"turns":10},{"damage":11,"enemies":"Exordium Thugs","floor":8,"turns":4},{"damage":26,"enemies":"Gremlin Nob","floor":10,"turns":4},{"damage":0,"enemies":"3 Sentries","floor":13,"turns":5},{"damage":7,"enemies":"3 Louse","floor":14,"turns":3},{"damage":13,"enemies":"The Guardian","floor":16,"turns":12},{"damage":13,"enemies":"3 Byrds","floor":18,"turns":3}],"seed_played":"6303356126500517796","potions_obtained":[{"floor":1,"key":"Dexterity Potion"},{"floor":10,"key":"ColorlessPotion"},{"floor":13,"key":"Weak Potion"},{"floor":14,"key":"Fruit Juice"}],"is_trial":false,"path_per_floor":["M","?","?","M","M","R","E","M","T","E","$","R","E","M","R","B",null,"M"],"character_chosen":"DEFECT","items_purchased":["Self Repair","Ball Lightning"],"campfire_rested":1,"item_purchase_floors":[11,11],"current_hp_per_floor":[68,68,68,68,68,68,47,36,36,10,10,32,32,37,37,31,68,55,55],"gold":245,"neow_bonus":"THREE_ENEMY_KILL","is_daily":false,"chose_seed":false,"campfire_upgraded":2,"win_rate":0.0,"timestamp":1614198828,"path_taken":["M","?","?","M","M","R","E","M","T","E","$","R","E","?","R","BOSS","M"],"items_purchased_type":["Card","Card"],"build_version":"2020-12-22","purchased_purges":0,"victory":false,"max_hp_per_floor":[75,75,75,75,75,75,75,75,75,75,75,75,75,80,80,80,80,80,80],"card_choices":[{"not_picked":["Streamline","Compile Driver"],"picked":"Auto Shields","floor":1},{"not_picked":["Turbo","Go for the Eyes"],"picked":"Beam Cell","floor":4},{"not_picked":["Stack","Double Energy","Coolheaded"],"picked":"SKIP","floor":5},{"not_picked":["Recycle","Rebound"],"picked":"Multi-Cast","floor":7},{"not_picked":["Go for the Eyes","Turbo"],"picked":"Cold Snap","floor":8},{"not_picked":["Sweeping Beam","Undo"],"picked":"Streamline","floor":10},{"not_picked":["Multi-Cast","Go for the Eyes"],"picked":"Chaos","floor":13},{"not_picked":["Redo","Glacier"],"picked":"Gash","floor":14},{"not_picked":["Fission","Meteor Strike"],"picked":"Machine Learning","floor":16}],"player_experience":446608,"relics_obtained":[{"floor":7,"key":"Pocketwatch"},{"floor":9,"key":"Shuriken"},{"floor":10,"key":"Cables"},{"floor":13,"key":"Gremlin Horn"}],"event_choices":[{"damage_healed":0,"gold_gain":0,"player_choice":"Leave","damage_taken":0,"max_hp_gain":0,"max_hp_loss":0,"event_name":"The Cleric","floor":2,"gold_loss":0},{"damage_healed":0,"gold_gain":0,"cards_transformed":["Strike_B"],"player_choice":"Transformed","damage_taken":0,"max_hp_gain":0,"max_hp_loss":0,"event_name":"Transmorgrifier","floor":3,"gold_loss":0,"cards_obtained":["Glacier"]}],"is_beta":false,"boss_relics":[{"not_picked":["Cursed Key","Fusion Hammer"],"picked":"FrozenCore"}],"items_purged_floors":[],"is_endless":false,"potions_floor_spawned":[1,10,13,14],"killed_by":"3 Byrds","ascension_level":8}}