{"host":"aaqofma31c3gm2hj","time":1614156524,"event":{"mods":["BaseMod","GungeonMod","Minty Spire (QoL Compilation)","Replay The Spire","Spicy Shops","StSLib"],"gold_per_floor":[119,44,194,269,23,23,57,77,104,114,14,14,14,35,58,58,148,148,172,87,87,108,108,108,148,148,148,173,173,198,236,236,249,249,347,347,372,372,422,445,465,465,508,522,522,522,545,584,597,130,130,130,130,130,130,46,89,89,89],"floor_reached":58,"language":"ZHS","playtime":3603,"items_purged":["Strike_B","Doubt","Defend_B"],"score":1881,"play_id":"6e700011-9f70-4853-b857-926c77416163","local_time":"20210224164844","is_ascension_mode":true,"campfire_choices":[{"data":"Dualcast","floor":6.0,"key":"SMITH"},{"data":"Creative AI","floor":12.0,"key":"SMITH"},{"data":"Panic Button","floor":16.0,"key":"SMITH"},{"data":"Turbo","floor":24.0,"key":"SMITH"},{"data":"Skim","floor":26.0,"key":"SMITH"},{"floor":29.0,"key":"REST"},{"floor":34.0,"key":"RECALL"},{"data":"Impatience","floor":42.0,"key":"SMITH"},{"data":"White Noise","floor":42.0,"key":"SMITH"},{"data":"Panacea","floor":46.0,"key":"SMITH"},{"data":"Reboot","floor":46.0,"key":"SMITH"},{"data":"Glacier","floor":51.0,"key":"SMITH"},{"data":"Echo Form","floor":51.0,"key":"SMITH"},{"data":"Glacier","floor":55.0,"key":"SMITH"},{"data":"Self Repair","floor":55.0,"key":"SMITH"}],"circlet_count":0,"master_deck":["AscendersBane","Defend_B","Defend_B","Dualcast+1","Cold Snap","Glacier+1","Creative AI+1","Skim+1","Panic Button+1","Self Repair+1","Echo Form+1","Force Field+1","Seek+1","Skim+1","Turbo+1","White Noise+1","Ball Lightning","Glacier+1","Reboot+1","Impatience+1","Panacea+1"],"relics":["Cracked Core","NeowsBlessing","Replay:Frozen Program","Lizard Tail","PreservedInsect","Golden Idol","Astrolabe","ReplayTheSpireMod:Lightbulb","Replay:Baseball","Gambling Chip","Thread and Needle","Replay:Bronze Core","Replay:Arrowhead","Happy Flower","Nunchaku","Kunai","DemoMod:GundromedaStrain"],"acts_visited":["Exordium","TheCity","TheBeyond","TheEnding"],"potions_floor_usage":[58],"damage_taken":[{"damage":0.0,"enemies":"Jaw Worm","floor":1.0,"turns":1.0},{"damage":0.0,"enemies":"Gremlin Nob","floor":7.0,"turns":1.0},{"damage":0.0,"enemies":"Small Slimes","floor":8.0,"turns":1.0},{"damage":1.0,"enemies":"2 Louse","floor":10.0,"turns":3.0},{"damage":1.0,"enemies":"Large Slime","floor":14.0,"turns":6.0},{"damage":2.0,"enemies":"Red Slaver","floor":15.0,"turns":5.0},{"damage":16.0,"enemies":"Fading Forest","floor":17.0,"turns":13.0},{"damage":1.0,"enemies":"Spheric Guardian","floor":19.0,"turns":7.0},{"damage":15.0,"enemies":"3 Byrds","floor":22.0,"turns":6.0},{"damage":66.0,"enemies":"Gremlin Leader","floor":25.0,"turns":9.0},{"damage":4.0,"enemies":"Shelled Parasite and Fungi","floor":30.0,"turns":5.0},{"damage":0.0,"enemies":"Book of Stabbing","floor":31.0,"turns":5.0},{"damage":0.0,"enemies":"Centurion and Healer","floor":33.0,"turns":9.0},{"damage":0.0,"enemies":"Automaton","floor":35.0,"turns":12.0},{"damage":0.0,"enemies":"Orb Walker","floor":37.0,"turns":3.0},{"damage":0.0,"enemies":"3 Shapes","floor":40.0,"turns":9.0},{"damage":0.0,"enemies":"R_Hoarder","floor":43.0,"turns":9.0},{"damage":3.0,"enemies":"Sphere and 2 Shapes","floor":44.0,"turns":6.0},{"damage":0.0,"enemies":"Maw","floor":47.0,"turns":9.0},{"damage":0.0,"enemies":"Reptomancer","floor":48.0,"turns":4.0},{"damage":0.0,"enemies":"Jaw Worm Horde","floor":49.0,"turns":5.0},{"damage":0.0,"enemies":"Awakened One","floor":52.0,"turns":11.0},{"damage":0.0,"enemies":"Replay:Hell Engine","floor":53.0,"turns":15.0},{"damage":31.0,"enemies":"Shield and Spear","floor":57.0,"turns":5.0},{"damage":72,"enemies":"The Heart","floor":58,"turns":3}],"seed_played":"6735857737581548851","potions_obtained":[{"floor":1.0,"key":"DemoMod:LeadSkinPotion"},{"floor":7.0,"key":"SkillPotion"},{"floor":30.0,"key":"ColorlessPotion"},{"floor":33.0,"key":"FocusPotion"},{"floor":37.0,"key":"AttackPotion"},{"floor":47.0,"key":"Regen Potion"},{"floor":48.0,"key":"Adrenaline Potion"}],"is_trial":false,"path_per_floor":["M","$","?","?","$","R","E","M","T","M","$","R","?","M","M","R","B",null,"M","?","?","M","?","R","E","R","T","T","R","M","E","?","M","R","B",null,"M","?","?","M","?","R","E","M","T","R","M","E","M","$","R","B","B",null,"R","$","E","B"],"character_chosen":"DEFECT","items_purchased":["Glacier","Replay:Frozen Program","DemoMod:GundromedaStrain","DuplicationPotion"],"campfire_rested":1,"item_purchase_floors":[5,5,50,56],"current_hp_per_floor":[64,64,64,53,53,53,53,53,53,52,52,52,52,51,49,49,40,58,64,64,64,56,56,56,46,46,46,46,64,64,64,64,64,64,64,64,64,54,54,61,40,40,47,51,51,51,64,64,64,64,64,64,64,64,64,64,53,0,0],"gold":89,"neow_bonus":"THREE_ENEMY_KILL","is_daily":false,"chose_seed":false,"campfire_upgraded":13,"win_rate":0.0,"timestamp":1614156524,"path_taken":["M","$","?","?","$","R","E","M","T","M","$","R","?","M","?","R","BOSS","M","?","?","M","?","R","E","R","T","T","R","M","E","?","M","R","BOSS","M","?","?","?","?","R","E","M","T","R","M","E","M","$","R","BOSS","BOSS","R","$","E","BOSS"],"items_purchased_type":["Card","Relic","Relic","Potion"],"build_version":"2020-12-22","purchased_purges":3,"victory":false,"max_hp_per_floor":[71,71,71,71,71,71,71,71,71,71,71,71,64,64,64,64,64,64,64,64,64,64,64,64,64,64,64,64,64,64,64,64,64,64,64,64,64,64,64,64,64,64,64,64,64,64,64,64,64,64,64,64,64,64,64,64,64,64,64],"card_choices":[{"not_picked":["Doom and Gloom","Leap"],"picked":"Cold Snap","floor":1.0},{"not_picked":["Coolheaded","ReplayGash"],"picked":"Creative AI","floor":7.0},{"not_picked":["Redo","Beam Cell","Stack"],"picked":"SKIP","floor":8.0},{"not_picked":["Redo","Streamline"],"picked":"Skim","floor":10.0},{"not_picked":["FTL","Ball Lightning"],"picked":"Panic Button","floor":14.0},{"not_picked":["Conserve Battery","Undo"],"picked":"Self Repair","floor":15.0},{"not_picked":["ReplayRNGCard","Reboot"],"picked":"Echo Form","floor":17.0},{"not_picked":["Rebound","Redo"],"picked":"Turbo","floor":19.0},{"not_picked":["Leap","Steam+1","Chaos"],"picked":"SKIP","floor":22.0},{"not_picked":["Compile Driver","BasicCrystalCard"],"picked":"Glacier","floor":25.0},{"not_picked":["Conserve Battery","Go for the Eyes","Sunder"],"picked":"SKIP","floor":30.0},{"not_picked":["Streamline","Turbo","Rebound"],"picked":"SKIP","floor":31.0},{"not_picked":["Panic Button","Leap","Sweeping Beam"],"picked":"SKIP","floor":33.0},{"not_picked":["All For One","Seek"],"picked":"Reboot","floor":35.0},{"not_picked":["Rebound","BasicCrystalCard","Sweeping Beam+1"],"picked":"SKIP","floor":37.0},{"not_picked":["Dramatic Entrance","DemoMod:Deposit"],"picked":"Impatience","floor":38.0},{"not_picked":["Thinking Ahead","DemoMod:Spice"],"picked":"Panacea","floor":38.0},{"not_picked":["Aggregate","Ball Lightning","Force Field"],"picked":"SKIP","floor":40.0},{"not_picked":["Hologram+1","ReplaySort","Leap"],"picked":"SKIP","floor":43.0},{"not_picked":["Streamline","Gash","Barrage"],"picked":"SKIP","floor":44.0},{"not_picked":["Coolheaded","Cold Snap","Undo"],"picked":"SKIP","floor":47.0},{"not_picked":["White Noise","Reprogram","Hyperbeam"],"picked":"SKIP","floor":48.0},{"not_picked":["Stack","Rebound","Steam"],"picked":"SKIP","floor":49.0},{"not_picked":["Panic Button","Genetic Algorithm","Hologram"],"picked":"SKIP","floor":57.0}],"player_experience":692407,"relics_obtained":[{"floor":7.0,"key":"Lizard Tail"},{"floor":9.0,"key":"PreservedInsect"},{"floor":25.0,"key":"Replay:Baseball"},{"floor":27.0,"key":"Gambling Chip"},{"floor":31.0,"key":"Thread and Needle"},{"floor":41.0,"key":"Replay:Arrowhead"},{"floor":43.0,"key":"Happy Flower"},{"floor":45.0,"key":"Nunchaku"},{"floor":48.0,"key":"Kunai"}],"event_choices":[{"damage_healed":0.0,"max_hp_gain":0.0,"max_hp_loss":0.0,"gold_gain":150.0,"event_name":"Liars Game","player_choice":"AGREE","floor":3.0,"gold_loss":0.0,"damage_taken":0.0,"cards_obtained":["Doubt"]},{"damage_healed":0.0,"max_hp_gain":0.0,"max_hp_loss":0.0,"gold_gain":75.0,"event_name":"World of Goop","player_choice":"Gather Gold","floor":4.0,"gold_loss":0.0,"damage_taken":11.0},{"damage_healed":0.0,"max_hp_gain":0.0,"max_hp_loss":7.0,"gold_gain":0.0,"event_name":"Golden Idol","player_choice":"Lose Max HP","floor":13.0,"gold_loss":0.0,"damage_taken":0.0,"relics_obtained":["Golden Idol"]},{"damage_healed":0.0,"max_hp_gain":0.0,"max_hp_loss":0.0,"gold_gain":0.0,"event_name":"Addict","player_choice":"Obtained Relic","floor":20.0,"gold_loss":85.0,"damage_taken":0.0,"relics_obtained":["ReplayTheSpireMod:Lightbulb"]},{"damage_healed":0.0,"max_hp_gain":0.0,"max_hp_loss":0.0,"gold_gain":0.0,"event_name":"The Mausoleum","player_choice":"Ignored","floor":21.0,"gold_loss":0.0,"damage_taken":0.0},{"damage_healed":0.0,"max_hp_gain":0.0,"max_hp_loss":0.0,"gold_gain":0.0,"cards_transformed":["Zap","Defend_B"],"event_name":"Drug Dealer","player_choice":"Became Test Subject","floor":23.0,"gold_loss":0.0,"damage_taken":0.0,"cards_obtained":["White Noise","Ball Lightning"]},{"damage_healed":0.0,"max_hp_gain":0.0,"max_hp_loss":0.0,"gold_gain":0.0,"event_name":"SensoryStone","player_choice":"Memory 3","floor":38.0,"gold_loss":0.0,"damage_taken":10.0},{"damage_healed":0.0,"max_hp_gain":0.0,"max_hp_loss":0.0,"gold_gain":50.0,"event_name":"Golden Shrine","player_choice":"Pray","floor":39.0,"gold_loss":0.0,"damage_taken":0.0}],"is_beta":false,"boss_relics":[{"not_picked":["Replay:Wanted Poster","Coffee Dripper"],"picked":"Astrolabe"},{"not_picked":["SacredBark","Calling Bell"],"picked":"Replay:Bronze Core"}],"items_purged_floors":[2,11,50],"is_endless":false,"potions_floor_spawned":[1,7,10,30,31,33,37,47,48],"killed_by":"The Heart","ascension_level":20}}