{"host":"dzvdy2cvkhifjmvi","time":1614154508,"event":{"mods":["BaseMod","Downfall","Infinite Spire","Marisa????????","Minty Spire (QoL Compilation)","Replay The Spire","StSLib","The Cursed","The Disciple","The Servant 0.9.4"],"gold_per_floor":[117,216,227,246,259,259,288,288,358,358,36,63,63,76,76,197,197,217,217,238,253,276,276,276,276,276,276,276,290,333,354,354,369,369,500,500,515,535,548,86,99,99,120,120,200,200,200],"floor_reached":46,"language":"ENG","playtime":3917,"items_purged":["TheCursedMod:Defend_TheCursed","TheCursedMod:Defend_TheCursed"],"score":669,"play_id":"af621943-290f-4a88-910e-881497ae5a53","local_time":"20210224011508","is_ascension_mode":false,"campfire_choices":[{"data":"TheCursedMod:CleanUpWorkshop","floor":6,"key":"SMITH"},{"floor":8,"key":"REST"},{"data":"TheCursedMod:Obscuration","floor":8,"key":"SMITH"},{"data":"TheCursedMod:CursedWand","floor":10,"key":"SMITH"},{"data":"TheCursedMod:HellfireBreathing","floor":15,"key":"SMITH"},{"floor":23,"key":"RECALL"},{"data":"TheCursedMod:TroublousMinions","floor":32,"key":"SMITH"},{"data":"TheCursedMod:FleshFromBone","floor":34,"key":"SMITH"},{"data":"TheCursedMod:FleshFromBone","floor":42,"key":"SMITH"},{"data":"TheCursedMod:HellsGateOpen","floor":44,"key":"SMITH"}],"circlet_count":0,"master_deck":["TheCursedMod:Strike_TheCursed","TheCursedMod:Strike_TheCursed","TheCursedMod:Strike_TheCursed","TheCursedMod:Strike_TheCursed","TheCursedMod:Defend_TheCursed","TheCursedMod:Defend_TheCursed","TheCursedMod:CursedWand+1","TheCursedMod:CleanUpWorkshop+1","TheCursedMod:Dregs","TheCursedMod:CursedBlade","TheCursedMod:TroublousMinions+1","TheCursedMod:DoubleShield","TheCursedMod:HellfireBreathing+1","TheCursedMod:SurpriseAttack","TheCursedMod:HellsGateOpen+1","TheCursedMod:Obscuration+1","Injury","TheCursedMod:HellfireBreathing+1","TheCursedMod:VoidForm+1","TheCursedMod:CursedAmulet","TheCursedMod:CursedAmulet","TheCursedMod:LuckyCharm+1","TheCursedMod:AntiAging+1","downfall:Malfunctioning","Sickly","infinitespire:NeuralNetwork+1","TheCursedMod:FleshFromBone+1","TheCursedMod:CollectTribute+1","TheCursedMod:FleshFromBone+1","downfall:Icky","TheCursedMod:HellfireBreathing+1","TheCursedMod:CollectTribute+1"],"relics":["TheCursedMod:BlackMagic101","NeowsBlessing","Nunchaku","infinitespire:Magic Flask","Frozen Egg 2","infinitespire:FocusingShard","Odd Mushroom","Golden Idol","Painkiller Herb","ReplayTheSpireMod:Lightbulb","Philosopher\u0027s Stone","ReplayTheSpireMod:CursedCoin","Simple Rune","FossilizedHelix","Divine Protection"],"acts_visited":["Exordium","TheCity","TheBeyond"],"potions_floor_usage":[],"damage_taken":[{"damage":0,"enemies":"2 Louse","floor":1,"turns":1},{"damage":0,"enemies":"Jaw Worm","floor":3,"turns":1},{"damage":0,"enemies":"Small Slimes","floor":4,"turns":1},{"damage":7,"enemies":"Blue Slaver","floor":5,"turns":4},{"damage":7,"enemies":"3 Sentries","floor":7,"turns":6},{"damage":1,"enemies":"The Mushroom Lair","floor":12,"turns":4},{"damage":1,"enemies":"Red Slaver","floor":14,"turns":3},{"damage":22,"enemies":"Fading Forest","floor":16,"turns":11},{"damage":0,"enemies":"Chosen","floor":18,"turns":4},{"damage":0,"enemies":"Shell Parasite","floor":20,"turns":4},{"damage":13,"enemies":"Snake Plant","floor":21,"turns":4},{"damage":10,"enemies":"Chosen and Byrds","floor":22,"turns":4},{"damage":8,"enemies":"Sentry and Sphere","floor":29,"turns":3},{"damage":2,"enemies":"Book of Stabbing","floor":30,"turns":7},{"damage":0,"enemies":"Centurion and Healer","floor":31,"turns":5},{"damage":0,"enemies":"Cultist and Chosen","floor":33,"turns":4},{"damage":0,"enemies":"Automaton","floor":35,"turns":7},{"damage":8,"enemies":"3 Shapes","floor":37,"turns":5},{"damage":4,"enemies":"3 Darklings","floor":38,"turns":5},{"damage":7,"enemies":"Transient","floor":39,"turns":5},{"damage":0,"enemies":"Spire Growth","floor":41,"turns":6},{"damage":0,"enemies":"Sphere and 2 Shapes","floor":43,"turns":5},{"damage":95,"enemies":"Nightmare","floor":46,"turns":8}],"seed_played":"4949121805548804508","potions_obtained":[{"floor":1,"key":"AttackPotion"},{"floor":3,"key":"Slimebound:ThreeZeroPotion"},{"floor":7,"key":"hexamod:SoulburnPotion"},{"floor":22,"key":"infinitespire:BlackPotion"}],"is_trial":false,"path_per_floor":["M","?","M","M","M","R","E","R","T","R","$","?","?","M","R","B",null,"?","AVR","?","?","?","T","?","PTL","PTL","?","T","?","E","?","T","?","T","B",null,"?","?","?","T","?","T","?","T","T","NM"],"character_chosen":"THE_CURSED","items_purchased":["infinitespire:FocusingShard","ReplayTheSpireMod:CursedCoin","Simple Rune","FossilizedHelix","TheCursedMod:HellfireBreathing+1"],"campfire_rested":1,"item_purchase_floors":[11,40,40,40,40],"current_hp_per_floor":[75,57,57,57,50,50,43,65,65,65,65,64,64,63,63,51,75,75,75,75,62,52,52,52,52,52,52,52,47,48,48,48,51,51,54,87,82,81,77,77,80,80,83,83,83,0,0],"gold":200,"neow_bonus":"THREE_ENEMY_KILL","is_daily":false,"chose_seed":false,"campfire_upgraded":8,"win_rate":0.0,"timestamp":1614154508,"path_taken":["M","?","M","M","M","R","E","R","T","R","$","?","?","?","R","BOSS","?","AVR","?","?","?","T","?","PTL","PTL","?","T","?","E","?","T","?","T","BOSS","?","?","?","T","?","T","?","T","T","NM"],"items_purchased_type":["Relic","Relic","Relic","Relic","Card"],"build_version":"2020-12-22","purchased_purges":2,"victory":false,"max_hp_per_floor":[75,75,75,75,75,75,75,75,75,75,75,75,75,75,75,75,75,75,75,75,75,75,75,75,75,75,75,75,78,81,81,81,84,84,87,87,90,93,96,96,99,99,102,102,102,105,105],"card_choices":[{"not_picked":["TheCursedMod:Wield","TheCursedMod:CursedMace"],"picked":"TheCursedMod:CursedBlade","floor":1},{"not_picked":["TheCursedMod:Obscuration","TheCursedMod:CursedBlade"],"picked":"TheCursedMod:TroublousMinions","floor":2},{"not_picked":["TheCursedMod:SaltUponWound","TheCursedMod:Evocation"],"picked":"TheCursedMod:DoubleShield","floor":2},{"not_picked":["TheCursedMod:CursedStaff","TheCursedMod:CircleOfFlame"],"picked":"TheCursedMod:HellfireBreathing","floor":3},{"not_picked":["TheCursedMod:SpitefulPlan","TheCursedMod:PrepareRite"],"picked":"TheCursedMod:SurpriseAttack","floor":4},{"not_picked":["TheCursedMod:CircleOfFlame","TheCursedMod:Evocation"],"picked":"TheCursedMod:HellsGateOpen","floor":5},{"not_picked":["TheCursedMod:SoulReap","TheCursedMod:CursedBlade"],"picked":"TheCursedMod:Obscuration","floor":7},{"not_picked":["TheCursedMod:BloodBarrier","TheCursedMod:SoulCrush"],"picked":"TheCursedMod:HellfireBreathing+1","floor":14},{"not_picked":["TheCursedMod:ManaCirculation+1","TheCursedMod:StunningStrike"],"picked":"TheCursedMod:VoidForm+1","floor":16},{"not_picked":["TheCursedMod:SpitefulStrike+1","TheCursedMod:CircleOfFlame"],"picked":"TheCursedMod:CursedAmulet","floor":18},{"not_picked":["TheCursedMod:CursedStaff+1","TheCursedMod:CircleOfFlame"],"picked":"TheCursedMod:CursedAmulet","floor":20},{"not_picked":["TheCursedMod:Torture","TheCursedMod:Evocation"],"picked":"TheCursedMod:LuckyCharm+1","floor":21},{"not_picked":["TheCursedMod:LuckyCharm+1","TheCursedMod:FuryStrike"],"picked":"TheCursedMod:AntiAging","floor":22},{"not_picked":["infinitespire:Gouge","infinitespire:FutureSight"],"picked":"infinitespire:NeuralNetwork","floor":24},{"not_picked":["TheCursedMod:CursedBlade","TheCursedMod:AbyssShockwave","TheCursedMod:TacticalStrike"],"picked":"SKIP","floor":29},{"not_picked":["TheCursedMod:SurpriseAttack","TheCursedMod:CursedBlade","TheCursedMod:VitalStrike"],"picked":"SKIP","floor":30},{"not_picked":["TheCursedMod:Torture","TheCursedMod:CursedBlade+1","TheCursedMod:CursedShiv"],"picked":"SKIP","floor":31},{"not_picked":["TheCursedMod:RapidMovement","TheCursedMod:TacticalStrike+1"],"picked":"TheCursedMod:FleshFromBone","floor":33},{"not_picked":["TheCursedMod:ShockAndAwe","TheCursedMod:DarkBarrier"],"picked":"TheCursedMod:CollectTribute+1","floor":35},{"not_picked":["TheCursedMod:Grudge+1","TheCursedMod:Hemoplague+1","TheCursedMod:CursedBlade+1"],"picked":"SKIP","floor":37},{"not_picked":["TheCursedMod:Torture","TheCursedMod:SurpriseAttack"],"picked":"TheCursedMod:FleshFromBone","floor":38},{"not_picked":["TheCursedMod:CursedShiv","TheCursedMod:CursedSpellbook","TheCursedMod:SmokeScreen"],"picked":"SKIP","floor":39},{"not_picked":["TheCursedMod:CircleOfCorruption","TheCursedMod:FuryStrike","TheCursedMod:ReleasedKnowledge+1"],"picked":"SKIP","floor":41},{"not_picked":["TheCursedMod:Stretching+1","TheCursedMod:TacticalStrike+1"],"picked":"TheCursedMod:CollectTribute+1","floor":43}],"player_experience":1418814,"relics_obtained":[{"floor":2,"key":"Nunchaku"},{"floor":7,"key":"infinitespire:Magic Flask"},{"floor":9,"key":"Frozen Egg 2"},{"floor":12,"key":"Odd Mushroom"},{"floor":30,"key":"ReplayTheSpireMod:Lightbulb"},{"floor":45,"key":"Divine Protection"}],"event_choices":[{"damage_healed":0,"gold_gain":0,"player_choice":"Fought Mushrooms","damage_taken":0,"max_hp_gain":0,"max_hp_loss":0,"event_name":"Mushrooms","floor":12,"gold_loss":0},{"damage_healed":0,"gold_gain":0,"player_choice":"Take Wound","damage_taken":0,"relics_obtained":["Golden Idol"],"max_hp_gain":0,"max_hp_loss":0,"event_name":"Golden Idol","floor":13,"gold_loss":0,"cards_obtained":["Injury"]},{"damage_healed":0,"gold_gain":0,"player_choice":"Forge","damage_taken":0,"max_hp_gain":0,"max_hp_loss":0,"event_name":"Accursed Blacksmith","floor":27,"gold_loss":0,"cards_upgraded":["TheCursedMod:AntiAging"]}],"is_beta":false,"boss_relics":[{"not_picked":["SacredBark","Runic Pyramid"],"picked":"Painkiller Herb"},{"not_picked":["ReplayTheSpireMod:SealedPack","ChewingGum"],"picked":"Philosopher\u0027s Stone"}],"items_purged_floors":[11,40],"is_endless":false,"potions_floor_spawned":[1,3,7,14,21,22,30,33,35,38,39,43],"killed_by":"Nightmare","ascension_level":0}}