{"host":"8i4doyxqctgl5qb0","time":1614164895,"event":{"mods":["AchievementEnabler","BaseMod","Block Reminder","Colored Powertips","Minty Spire (QoL Compilation)","Permanent Neow","Potion Indicator Mod","Rare Cards Sparkle","StSLib","Together in Spire"],"gold_per_floor":[111,130,80,80,11,11,27,43,66,66,85,113,113,124,124,220,220,232,261,132,144,144,144,244,263,290,290,308,337,48,75,75,170,170,189,201,201,213,263,263,33,83,83,114,39,55,5,22,22,22,22,22,22,49,49],"floor_reached":56,"language":"ZHS","playtime":5044,"items_purged":["Pain","Strike_G"],"score":890,"play_id":"b81d9fec-03ff-40e1-85e3-48d73a2cc79b","local_time":"20210224190815","is_ascension_mode":false,"campfire_choices":[{"data":"Footwork","floor":6.0,"key":"SMITH"},{"data":"Dodge and Roll","floor":10.0,"key":"SMITH"},{"data":"Neutralize","floor":13.0,"key":"SMITH"},{"data":"Caltrops","floor":15.0,"key":"SMITH"},{"floor":23.0,"key":"REST"},{"data":"J.A.X.","floor":27.0,"key":"SMITH"},{"floor":32.0,"key":"REST"},{"floor":40.0,"key":"RECALL"},{"floor":49.0,"key":"REST"},{"data":"Burst","floor":52.0,"key":"SMITH"}],"circlet_count":0,"master_deck":["Strike_G+1","Strike_G","Defend_G","Defend_G","Defend_G","Defend_G","Survivor","Neutralize+1","Footwork+1","Deflect","Catalyst","Dodge and Roll+1","Terror","Poisoned Stab","Caltrops+1","Dagger Spray+1","Venomology","Blade Dance+1","Bouncing Flask+1","Backflip+1","Infinite Blades","Infinite Blades","Footwork","J.A.X.+1","Dodge and Roll","Outmaneuver+1","Poisoned Stab","Venomology","Deflect","Burst+1","CurseOfTheBell","Infinite Blades","Transmutation","Bandage Up","Good Instincts","Infinite Blades","Distraction","Footwork","Distraction","Catalyst","Parasite","Blur","Deflect"],"relics":["Ring of the Snake","WarpedTongs","Toy Ornithopter","Smiling Mask","Astrolabe","Red Mask","Ancient Tea Set","Whetstone","PreservedInsect","Oddly Smooth Stone","Calling Bell","Happy Flower","Mercury Hourglass","Shovel","WingedGreaves","Regal Pillow","StoneCalendar","Pantograph","Bronze Scales","Lantern"],"acts_visited":[],"potions_floor_usage":[55,55,55],"damage_taken":[{"damage":0.0,"enemies":"Small Slimes","floor":1.0,"turns":2.0},{"damage":2.0,"enemies":"2 Louse","floor":2.0,"turns":4.0},{"damage":3.0,"enemies":"Cultist","floor":7.0,"turns":4.0},{"damage":6.0,"enemies":"Looter","floor":8.0,"turns":4.0},{"damage":5.0,"enemies":"3 Louse","floor":11.0,"turns":8.0},{"damage":13.0,"enemies":"Lagavulin","floor":12.0,"turns":8.0},{"damage":2.0,"enemies":"Large Slime","floor":14.0,"turns":6.0},{"damage":2.0,"enemies":"Hexaghost","floor":16.0,"turns":4.0},{"damage":1.0,"enemies":"Chosen","floor":18.0,"turns":6.0},{"damage":34.0,"enemies":"Masked Bandits","floor":19.0,"turns":4.0},{"damage":8.0,"enemies":"Shell Parasite","floor":21.0,"turns":5.0},{"damage":14.0,"enemies":"Snake Plant","floor":25.0,"turns":5.0},{"damage":3.0,"enemies":"Centurion and Healer","floor":28.0,"turns":4.0},{"damage":30.0,"enemies":"Slavers","floor":29.0,"turns":5.0},{"damage":4.0,"enemies":"Book of Stabbing","floor":31.0,"turns":3.0},{"damage":8.0,"enemies":"Champ","floor":33.0,"turns":7.0},{"damage":3.0,"enemies":"3 Shapes","floor":35.0,"turns":5.0},{"damage":10.0,"enemies":"3 Darklings","floor":36.0,"turns":5.0},{"damage":14.0,"enemies":"Maw","floor":38.0,"turns":5.0},{"damage":15.0,"enemies":"Mind Bloom Boss Battle","floor":39.0,"turns":7.0},{"damage":27.0,"enemies":"2 Orb Walkers","floor":42.0,"turns":6.0},{"damage":0.0,"enemies":"Giant Head","floor":44.0,"turns":7.0},{"damage":13.0,"enemies":"Writhing Mass","floor":46.0,"turns":6.0},{"damage":0.0,"enemies":"Jaw Worm Horde","floor":48.0,"turns":4.0},{"damage":25.0,"enemies":"Awakened One","floor":50.0,"turns":9.0},{"damage":13.0,"enemies":"Shield and Spear","floor":54.0,"turns":5.0},{"damage":66,"enemies":"The Heart","floor":55,"turns":5}],"seed_played":"-4277057618612606933","potions_obtained":[{"floor":1.0,"key":"Regen Potion"},{"floor":7.0,"key":"Explosive Potion"},{"floor":12.0,"key":"Block Potion"},{"floor":14.0,"key":"Strength Potion"},{"floor":18.0,"key":"Regen Potion"},{"floor":19.0,"key":"Regen Potion"},{"floor":36.0,"key":"Regen Potion"},{"floor":44.0,"key":"GamblersBrew"},{"floor":54.0,"key":"Explosive Potion"}],"is_trial":false,"path_per_floor":["M","M","?","?","$","R","M","M","T","R","M","E","R","M","R","B",null,"M","?","$","M","?","R","?","M","T","R","M","E","$","E","R","B",null,"M","M","?","M","?","R","$","?","T","E","$","M","$","M","R","B",null,"R","$","E","B",null],"character_chosen":"THE_SILENT","items_purchased":["Catalyst","Footwork","PreservedInsect","Venomology","Regal Pillow","Footwork","Catalyst"],"campfire_rested":3,"item_purchase_floors":[5,20,30,30,41,41,45],"current_hp_per_floor":[84,82,81,81,81,81,78,72,72,72,67,54,54,52,52,55,81,80,47,47,58,58,81,81,68,68,68,70,45,45,41,65,77,81,78,73,63,67,73,73,73,63,63,67,67,59,59,59,81,70,81,81,81,73,30],"gold":49,"neow_bonus":"TWENTY_PERCENT_HP_BONUS","is_daily":false,"chose_seed":false,"campfire_upgraded":6,"win_rate":0.0,"timestamp":1614164895,"path_taken":["M","M","?","?","$","R","?","M","T","R","M","E","R","M","R","BOSS","M","?","$","M","?","R","?","M","T","R","M","E","$","E","R","BOSS","M","?","?","M","?","R","?","?","T","E","?","?","$","M","R","BOSS","R","$","E","BOSS"],"items_purchased_type":["Card","Card","Relic","Card","Relic","Card","Card"],"build_version":"2020-12-22","purchased_purges":2,"victory":true,"max_hp_per_floor":[84,84,81,81,81,81,81,81,81,81,81,81,81,81,81,81,81,81,81,81,81,81,81,81,81,81,81,81,81,81,81,81,81,81,81,81,81,81,81,81,81,81,81,81,81,81,81,81,81,81,81,81,81,81,81],"card_choices":[{"not_picked":["Slice","Dagger Throw"],"picked":"Footwork","floor":1.0},{"not_picked":["Quick Slash","Eviscerate"],"picked":"Deflect","floor":2.0},{"not_picked":["Quick Slash","Outmaneuver"],"picked":"Dodge and Roll","floor":7.0},{"not_picked":["Endless Agony","Outmaneuver"],"picked":"Terror","floor":8.0},{"not_picked":["Blur","Underhanded Strike"],"picked":"Poisoned Stab","floor":11.0},{"not_picked":["Cloak And Dagger","Setup"],"picked":"Caltrops","floor":12.0},{"not_picked":["Deadly Poison","Backflip"],"picked":"Dagger Spray","floor":14.0},{"not_picked":["Burst","Storm of Steel"],"picked":"Venomology","floor":16.0},{"not_picked":["All Out Attack+1","Heel Hook"],"picked":"Infinite Blades","floor":18.0},{"not_picked":["All Out Attack+1","Heel Hook"],"picked":"Infinite Blades","floor":19.0},{"not_picked":["Quick Slash","Masterful Stab","Outmaneuver"],"picked":"SKIP","floor":21.0},{"not_picked":["Quick Slash","Outmaneuver"],"picked":"Dodge and Roll","floor":25.0},{"not_picked":["Endless Agony","Sucker Punch"],"picked":"Outmaneuver+1","floor":28.0},{"not_picked":["Blur","Underhanded Strike"],"picked":"Poisoned Stab","floor":29.0},{"not_picked":["Terror","Masterful Stab"],"picked":"Deflect","floor":31.0},{"not_picked":["Adrenaline","Glass Knife"],"picked":"Burst","floor":33.0},{"not_picked":["Slice","Underhanded Strike","All Out Attack+1"],"picked":"SKIP","floor":35.0},{"not_picked":["All Out Attack+1","Heel Hook+1"],"picked":"Infinite Blades","floor":36.0},{"not_picked":["Blind","Forethought"],"picked":"Transmutation","floor":37.0},{"not_picked":["Discovery","Flash of Steel"],"picked":"Bandage Up","floor":37.0},{"not_picked":["HandOfGreed","Mind Blast"],"picked":"Good Instincts","floor":37.0},{"not_picked":["All Out Attack+1","Heel Hook+1"],"picked":"Infinite Blades","floor":38.0},{"not_picked":["All Out Attack","Dash"],"picked":"Distraction","floor":39.0},{"not_picked":["All Out Attack","Dash"],"picked":"Distraction","floor":44.0},{"not_picked":["Flechettes","Dodge and Roll+1","Quick Slash+1"],"picked":"SKIP","floor":46.0},{"not_picked":["Underhanded Strike","Poisoned Stab"],"picked":"Blur","floor":48.0},{"not_picked":["Terror","Masterful Stab"],"picked":"Deflect","floor":54.0}],"player_experience":206485,"relics_obtained":[{"floor":9.0,"key":"Toy Ornithopter"},{"floor":12.0,"key":"Smiling Mask"},{"floor":19.0,"key":"Red Mask"},{"floor":26.0,"key":"Ancient Tea Set"},{"floor":29.0,"key":"Whetstone"},{"floor":31.0,"key":"Oddly Smooth Stone"},{"floor":34.0,"key":"Happy Flower"},{"floor":34.0,"key":"Mercury Hourglass"},{"floor":34.0,"key":"Shovel"},{"floor":39.0,"key":"WingedGreaves"},{"floor":42.0,"key":"StoneCalendar"},{"floor":43.0,"key":"Pantograph"},{"floor":44.0,"key":"Bronze Scales"},{"floor":54.0,"key":"Lantern"}],"event_choices":[{"cards_removed":["Parasite"],"damage_healed":0.0,"max_hp_gain":0.0,"max_hp_loss":0.0,"gold_gain":0.0,"event_name":"The Cleric","player_choice":"Card Removal","floor":3.0,"gold_loss":50.0,"damage_taken":0.0},{"damage_healed":0.0,"max_hp_gain":0.0,"max_hp_loss":0.0,"gold_gain":0.0,"event_name":"Accursed Blacksmith","player_choice":"Rummage","floor":4.0,"gold_loss":0.0,"damage_taken":0.0,"relics_obtained":["WarpedTongs"],"cards_obtained":["Pain"]},{"damage_healed":0.0,"max_hp_gain":0.0,"max_hp_loss":0.0,"gold_gain":0.0,"event_name":"Masked Bandits","player_choice":"Fought Bandits","floor":19.0,"gold_loss":0.0,"damage_taken":0.0},{"damage_healed":0.0,"max_hp_gain":0.0,"max_hp_loss":0.0,"gold_gain":0.0,"event_name":"Drug Dealer","player_choice":"Obtain J.A.X.","floor":22.0,"gold_loss":0.0,"damage_taken":0.0,"cards_obtained":["J.A.X."]},{"damage_healed":0.0,"max_hp_gain":0.0,"max_hp_loss":0.0,"gold_gain":100.0,"event_name":"Golden Shrine","player_choice":"Pray","floor":24.0,"gold_loss":0.0,"damage_taken":0.0},{"damage_healed":0.0,"max_hp_gain":0.0,"max_hp_loss":0.0,"gold_gain":0.0,"event_name":"SensoryStone","player_choice":"Memory 3","floor":37.0,"gold_loss":0.0,"damage_taken":10.0},{"damage_healed":0.0,"max_hp_gain":0.0,"max_hp_loss":0.0,"gold_gain":0.0,"event_name":"MindBloom","player_choice":"Fight","floor":39.0,"gold_loss":0.0,"damage_taken":0.0},{"damage_healed":0.0,"max_hp_gain":0.0,"max_hp_loss":0.0,"gold_gain":0.0,"event_name":"Mysterious Sphere","player_choice":"Fight","floor":42.0,"gold_loss":0.0,"damage_taken":0.0}],"is_beta":false,"boss_relics":[{"not_picked":["Empty Cage","Busted Crown"],"picked":"Astrolabe"},{"not_picked":["Runic Pyramid","Sozu"],"picked":"Calling Bell"}],"items_purged_floors":[20,47],"is_endless":false,"potions_floor_spawned":[1,7,12,14,18,19,25,33,35,36,38,44,54],"ascension_level":0}}