{"host":"ztme5fio60r7om62","time":1614173887,"event":{"mods":["BaseMod","Highlight Path","Minty Spire (QoL Compilation)","Permanent Neow","everything is the same but u backflip on backflip"],"gold_per_floor":[119,134,152,172,19,45,45,63,89,89,116,81,114,131,131,231,231,231],"floor_reached":17,"language":"KOR","playtime":530,"items_purged":["Defend_R"],"score":177,"play_id":"3f28a305-fd04-4178-be21-1f3041786f94","local_time":"20210224223807","is_ascension_mode":false,"campfire_choices":[{"data":"Inflame","floor":10,"key":"SMITH"},{"data":"Evolve","floor":15,"key":"SMITH"}],"circlet_count":0,"master_deck":["Strike_R","Strike_R","Strike_R","Strike_R","Strike_R","Defend_R","Bash","Wild Strike","Clash","Whirlwind","Dual Wield","Heavy Blade","Inflame+1","Twin Strike","Strike_B","Iron Wave","Power Through","Evolve+1","Pummel","Limit Break"],"relics":["Burning Blood","Incense Burner","Orichalcum","Boot","Busted Crown"],"acts_visited":["Exordium","TheCity"],"potions_floor_usage":[6,13],"damage_taken":[{"damage":4,"enemies":"2 Louse","floor":1,"turns":3},{"damage":0,"enemies":"Cultist","floor":2,"turns":3},{"damage":6,"enemies":"Jaw Worm","floor":3,"turns":2},{"damage":5,"enemies":"Looter","floor":4,"turns":2},{"damage":18,"enemies":"Lagavulin","floor":6,"turns":4},{"damage":16,"enemies":"Large Slime","floor":8,"turns":6},{"damage":22,"enemies":"Gremlin Nob","floor":11,"turns":4},{"damage":13,"enemies":"Lagavulin","floor":13,"turns":5},{"damage":1,"enemies":"Gremlin Gang","floor":14,"turns":2},{"damage":30,"enemies":"Hexaghost","floor":16,"turns":8}],"seed_played":"-1895108221842241736","potions_obtained":[{"floor":3,"key":"AttackPotion"},{"floor":8,"key":"LiquidBronze"},{"floor":11,"key":"SteroidPotion"},{"floor":13,"key":"ElixirPotion"},{"floor":14,"key":"Fire Potion"}],"is_trial":false,"path_per_floor":["M","M","M","M","$","E","?","M","T","R","E","?","E","M","R","B",null],"character_chosen":"IRONCLAD","items_purchased":["Inflame"],"campfire_rested":0,"item_purchase_floors":[5],"current_hp_per_floor":[80,80,80,80,80,68,68,58,58,58,42,62,55,60,60,36,80,80],"gold":231,"neow_bonus":"TRANSFORM_CARD","is_daily":false,"chose_seed":false,"campfire_upgraded":2,"win_rate":0.0,"timestamp":1614173887,"path_taken":["M","M","M","M","$","E","?","?","T","R","E","?","E","M","R","BOSS"],"items_purchased_type":["Card"],"build_version":"2020-12-22","purchased_purges":1,"victory":false,"max_hp_per_floor":[80,80,80,80,80,80,80,80,80,80,80,80,80,80,80,80,80,80],"card_choices":[{"not_picked":["Shrug It Off","Whirlwind"],"picked":"Clash","floor":1},{"not_picked":["Rupture","Clothesline"],"picked":"Whirlwind","floor":2},{"not_picked":["Entrench","Blood for Blood"],"picked":"Dual Wield","floor":3},{"not_picked":["Havoc","Infernal Blade"],"picked":"Heavy Blade","floor":4},{"not_picked":["Combust","Corruption"],"picked":"Twin Strike","floor":6},{"not_picked":["Reckless Charge","Wild Strike"],"picked":"Iron Wave","floor":8},{"not_picked":["Anger","Clothesline"],"picked":"Power Through","floor":11},{"not_picked":["Exhume","Thunderclap"],"picked":"Evolve","floor":13},{"not_picked":["Feel No Pain","Wild Strike"],"picked":"Pummel","floor":14},{"not_picked":["Juggernaut","Berserk"],"picked":"Limit Break","floor":16}],"player_experience":624406,"relics_obtained":[{"floor":6,"key":"Incense Burner"},{"floor":11,"key":"Orichalcum"},{"floor":13,"key":"Boot"}],"event_choices":[{"cards_removed":["Defend_R"],"damage_healed":0,"gold_gain":0,"player_choice":"Took Card","damage_taken":0,"max_hp_gain":0,"max_hp_loss":0,"event_name":"NoteForYourself","floor":7,"gold_loss":0,"cards_obtained":["Strike_B"]},{"damage_healed":20,"gold_gain":0,"player_choice":"Healed","damage_taken":0,"max_hp_gain":0,"max_hp_loss":0,"event_name":"The Cleric","floor":12,"gold_loss":35}],"is_beta":false,"boss_relics":[{"not_picked":["Runic Cube","Runic Dome"],"picked":"Busted Crown"}],"items_purged_floors":[5],"is_endless":false,"potions_floor_spawned":[3,8,11,13,14],"ascension_level":0}}