{"host":"08xvxt5w1s7zc7e5","time":1614180703,"event":{"mods":["AchievementEnabler","BaseMod","DeckTracker","Minty Spire (QoL Compilation)","Quick Restart","StSLib","SuperFastMode"],"gold_per_floor":[119,119,119,129,14,14,14,14,95,108,108,121,139,155,155,253,253,240,240,251,251,270,270,289,289,289,299,299,398,424,154,154,255,255,266,226,25,38,38,38,67,79,79,110,127,127,127,173,173,173,173],"floor_reached":50,"language":"KOR","playtime":1841,"items_purged":["Strike_G","Decay"],"score":918,"play_id":"77605cdd-6c04-446c-ae98-28ad757e6b82","local_time":"20210225003143","is_ascension_mode":true,"campfire_choices":[{"data":"Noxious Fumes","floor":6.0,"key":"SMITH"},{"data":"Neutralize","floor":8.0,"key":"SMITH"},{"data":"Malaise","floor":15.0,"key":"SMITH"},{"floor":23.0,"key":"REST"},{"data":"Wraith Form v2","floor":25.0,"key":"SMITH"},{"data":"Calculated Gamble","floor":28.0,"key":"SMITH"},{"data":"Secret Technique","floor":32.0,"key":"SMITH"},{"data":"Wraith Form v2","floor":40.0,"key":"SMITH"},{"data":"Deadly Poison","floor":49.0,"key":"SMITH"}],"circlet_count":0,"master_deck":["AscendersBane","Survivor","Neutralize+1","Malaise+1","Crippling Poison+1","Cloak And Dagger","Noxious Fumes+1","Expertise+1","Wraith Form v2+1","Backflip+1","Venomology","Flying Knee","Bouncing Flask+1","Footwork","Wraith Form v2+1","Masterful Stab","Setup","Calculated Gamble+1","Deadly Poison+1","Secret Technique+1","Wraith Form v2+1","PiercingWail","Poisoned Stab","Escape Plan","Bane+1"],"relics":["Ring of the Snake","Singing Bowl","Pandora\u0027s Box","Thread and Needle","Oddly Smooth Stone","HoveringKite","War Paint","Orichalcum","Sundial","Smiling Mask","Unceasing Top"],"acts_visited":["Exordium","TheCity","TheBeyond"],"potions_floor_usage":[50,50],"damage_taken":[{"damage":2.0,"enemies":"Jaw Worm","floor":1.0,"turns":7.0},{"damage":7.0,"enemies":"2 Louse","floor":4.0,"turns":3.0},{"damage":3.0,"enemies":"Small Slimes","floor":10.0,"turns":4.0},{"damage":4.0,"enemies":"Red Slaver","floor":12.0,"turns":5.0},{"damage":4.0,"enemies":"Exordium Wildlife","floor":13.0,"turns":5.0},{"damage":5.0,"enemies":"3 Louse","floor":14.0,"turns":4.0},{"damage":23.0,"enemies":"The Guardian","floor":16.0,"turns":13.0},{"damage":36.0,"enemies":"2 Thieves","floor":18.0,"turns":4.0},{"damage":2.0,"enemies":"Spheric Guardian","floor":20.0,"turns":5.0},{"damage":0.0,"enemies":"Masked Bandits","floor":21.0,"turns":1.0},{"damage":21.0,"enemies":"Shelled Parasite and Fungi","floor":22.0,"turns":7.0},{"damage":0.0,"enemies":"3 Cultists","floor":24.0,"turns":7.0},{"damage":2.0,"enemies":"Snecko","floor":27.0,"turns":6.0},{"damage":8.0,"enemies":"Slavers","floor":30.0,"turns":8.0},{"damage":7.0,"enemies":"Automaton","floor":33.0,"turns":9.0},{"damage":0.0,"enemies":"Orb Walker","floor":35.0,"turns":5.0},{"damage":0.0,"enemies":"3 Darklings","floor":38.0,"turns":5.0},{"damage":18.0,"enemies":"Reptomancer","floor":41.0,"turns":7.0},{"damage":0.0,"enemies":"Sphere and 2 Shapes","floor":42.0,"turns":11.0},{"damage":0.0,"enemies":"Nemesis","floor":44.0,"turns":9.0},{"damage":0.0,"enemies":"Writhing Mass","floor":45.0,"turns":7.0},{"damage":0.0,"enemies":"2 Orb Walkers","floor":48.0,"turns":8.0},{"damage":86,"enemies":"Awakened One","floor":50,"turns":16}],"seed_played":"4590532009283279571","potions_obtained":[{"floor":1.0,"key":"Poison Potion"},{"floor":4.0,"key":"Block Potion"},{"floor":22.0,"key":"Fruit Juice"},{"floor":30.0,"key":"Fire Potion"},{"floor":33.0,"key":"PowerPotion"},{"floor":35.0,"key":"Explosive Potion"},{"floor":41.0,"key":"EntropicBrew"}],"is_trial":false,"path_per_floor":["M","?","?","M","$","R","?","R","T","M","?","M","M","M","R","B",null,"M","?","M","?","M","R","M","R","T","M","R","?","E","$","R","B",null,"M","?","$","M","$","R","E","M","T","E","M","$","?","?","R","B"],"character_chosen":"THE_SILENT","items_purchased":["Noxious Fumes","Secret Technique","PiercingWail","War Paint"],"campfire_rested":1,"item_purchase_floors":[5,31,37,37],"current_hp_per_floor":[61,66,59,52,52,52,52,52,52,49,49,47,45,40,40,17,64,28,28,28,28,9,33,40,40,40,40,40,40,34,34,34,27,77,79,79,79,79,79,79,61,61,61,63,63,63,63,80,80,0,0],"gold":173,"neow_bonus":"ONE_RANDOM_RARE_CARD","is_daily":false,"chose_seed":false,"campfire_upgraded":8,"win_rate":0.0,"timestamp":1614180703,"path_taken":["M","?","?","M","?","R","?","R","T","M","?","M","M","M","R","BOSS","M","?","M","?","M","R","M","R","T","M","R","?","E","$","R","BOSS","M","?","$","M","$","R","E","M","T","E","?","$","?","?","R","BOSS"],"items_purchased_type":["Card","Card","Card","Relic"],"build_version":"2020-12-22","purchased_purges":2,"victory":false,"max_hp_per_floor":[70,75,75,75,75,75,75,75,75,75,75,77,79,79,79,79,79,79,79,81,81,83,83,90,90,90,92,92,92,94,94,94,94,94,96,96,96,96,96,96,96,96,96,98,98,98,98,100,100,100,100],"card_choices":[{"not_picked":["Deflect","Sucker Punch"],"picked":"Crippling Poison","floor":1.0},{"not_picked":["Dagger Throw","Dodge and Roll"],"picked":"Cloak And Dagger","floor":4.0},{"not_picked":["Deadly Poison","Dash"],"picked":"Wraith Form v2","floor":10.0},{"not_picked":["Crippling Poison","Reflex","Predator"],"picked":"Singing Bowl","floor":12.0},{"not_picked":["Acrobatics","Sucker Punch","Prepared"],"picked":"Singing Bowl","floor":13.0},{"not_picked":["Poisoned Stab","Underhanded Strike"],"picked":"Backflip","floor":14.0},{"not_picked":["Storm of Steel","Envenom"],"picked":"Venomology","floor":16.0},{"not_picked":["Dodge and Roll","Slice"],"picked":"Deadly Poison","floor":18.0},{"not_picked":["Outmaneuver","Dodge and Roll+1","Cloak And Dagger+1"],"picked":"Singing Bowl","floor":20.0},{"not_picked":["Underhanded Strike","Cloak And Dagger","Setup"],"picked":"Singing Bowl","floor":22.0},{"not_picked":["Outmaneuver","Slice","Calculated Gamble"],"picked":"Singing Bowl","floor":24.0},{"not_picked":["Bouncing Flask","Distraction","Choke+1"],"picked":"Singing Bowl","floor":27.0},{"not_picked":["Distraction","After Image","Prepared"],"picked":"Singing Bowl","floor":30.0},{"not_picked":["Unload","Bullet Time"],"picked":"Wraith Form v2","floor":33.0},{"not_picked":["PiercingWail+1","Backflip","Blade Dance"],"picked":"Singing Bowl","floor":35.0},{"not_picked":["Prepared","Blade Dance"],"picked":"Poisoned Stab","floor":38.0},{"not_picked":["Well Laid Plans","Reflex"],"picked":"Escape Plan","floor":41.0},{"not_picked":["Expertise","Blade Dance+1"],"picked":"Bane+1","floor":42.0},{"not_picked":["Crippling Poison","Distraction+1","Footwork"],"picked":"Singing Bowl","floor":44.0},{"not_picked":["Calculated Gamble","Accuracy+1"],"picked":"Poisoned Stab+1","floor":45.0},{"not_picked":["Expertise+1","Leg Sweep+1","Riddle With Holes"],"picked":"Singing Bowl","floor":48.0}],"player_experience":423033,"relics_obtained":[{"floor":9.0,"key":"Singing Bowl"},{"floor":26.0,"key":"Thread and Needle"},{"floor":30.0,"key":"Oddly Smooth Stone"},{"floor":41.0,"key":"Orichalcum"},{"floor":43.0,"key":"Sundial"},{"floor":44.0,"key":"Smiling Mask"},{"floor":48.0,"key":"Unceasing Top"}],"event_choices":[{"damage_healed":0.0,"max_hp_gain":5.0,"max_hp_loss":0.0,"gold_gain":0.0,"event_name":"Big Fish","player_choice":"Donut","floor":2.0,"gold_loss":0.0,"damage_taken":0.0},{"cards_removed":["Defend_G"],"damage_healed":0.0,"max_hp_gain":0.0,"max_hp_loss":0.0,"gold_gain":0.0,"event_name":"Golden Wing","player_choice":"Card Removal","floor":3.0,"gold_loss":0.0,"damage_taken":7.0},{"damage_healed":0.0,"max_hp_gain":0.0,"max_hp_loss":0.0,"gold_gain":0.0,"cards_transformed":["Defend_G"],"event_name":"Living Wall","player_choice":"Change","floor":7.0,"gold_loss":0.0,"damage_taken":0.0,"cards_obtained":["Expertise"]},{"damage_healed":0.0,"max_hp_gain":0.0,"max_hp_loss":0.0,"gold_gain":0.0,"event_name":"Upgrade Shrine","player_choice":"Upgraded","floor":11.0,"gold_loss":0.0,"damage_taken":0.0,"cards_upgraded":["Wraith Form v2"]},{"damage_healed":0.0,"max_hp_gain":0.0,"max_hp_loss":0.0,"gold_gain":0.0,"event_name":"Forgotten Altar","player_choice":"Smashed Altar","floor":19.0,"gold_loss":0.0,"damage_taken":0.0,"cards_obtained":["Decay"]},{"damage_healed":0.0,"max_hp_gain":0.0,"max_hp_loss":0.0,"gold_gain":0.0,"event_name":"Masked Bandits","player_choice":"Fought Bandits","floor":21.0,"gold_loss":0.0,"damage_taken":0.0},{"damage_healed":0.0,"max_hp_gain":0.0,"max_hp_loss":0.0,"gold_gain":99.0,"event_name":"Nest","player_choice":"Stole From Cult","floor":29.0,"gold_loss":0.0,"damage_taken":0.0},{"damage_healed":0.0,"max_hp_gain":0.0,"max_hp_loss":0.0,"gold_gain":0.0,"event_name":"Designer","player_choice":"Upgraded Two","floor":36.0,"gold_loss":40.0,"damage_taken":0.0,"cards_upgraded":["Crippling Poison","Bouncing Flask"]},{"cards_removed":["Poisoned Stab"],"damage_healed":0.0,"max_hp_gain":0.0,"max_hp_loss":0.0,"gold_gain":0.0,"event_name":"Falling","player_choice":"Removed Attack","floor":47.0,"gold_loss":0.0,"damage_taken":0.0},{"damage_healed":0.0,"max_hp_gain":0.0,"max_hp_loss":0.0,"gold_gain":0.0,"event_name":"Mysterious Sphere","player_choice":"Fight","floor":48.0,"gold_loss":0.0,"damage_taken":0.0}],"is_beta":false,"boss_relics":[{"not_picked":["Black Star","Sozu"],"picked":"Pandora\u0027s Box"},{"not_picked":["Cursed Key","Coffee Dripper"],"picked":"HoveringKite"}],"items_purged_floors":[5,31],"is_endless":false,"potions_floor_spawned":[1,4,21,22,30,33,35,41,44],"killed_by":"Awakened One","ascension_level":11}}