{"host":"cfluht5kr2kfk9p9","time":1614179102,"event":{"mods":["ATMod(°¢èªMod)","BaseMod","Highlight Path","Library of Ruina","Library of Ruina Extra","Minty Spire (QoL Compilation)","Quick Restart","Rare Cards Sparkle","Relic Stats","Spicy Shops","StSLib"],"gold_per_floor":[111,111,111,131,56,56,85,85,85,99,128,28,44,79,79,181,181,199,209,84,102,102,102,133,160,160,178,178,213,232,244,244,345,345,364,374,374,385,397,431,431,466,466,492,503,523,540,567,567,567,567,567,567,4,34,34],"floor_reached":57,"language":"ZHS","playtime":3268,"items_purged":["LightAttack","LightDefense","LightAttack"],"score":2044,"play_id":"59b94984-1953-428a-9696-bb1532e2609c","local_time":"20210224230502","is_ascension_mode":true,"campfire_choices":[{"data":"FocusedStrikes","floor":6,"key":"SMITH"},{"data":"WaitUp","floor":8,"key":"SMITH"},{"data":"TheArtOfRapidSteps","floor":15,"key":"SMITH"},{"data":"UnforgettableMelody","floor":23,"key":"SMITH"},{"data":"SerpentineBarrier","floor":28,"key":"SMITH"},{"data":"Struggle","floor":32,"key":"SMITH"},{"floor":41,"key":"RECALL"},{"data":"Observe","floor":49,"key":"SMITH"},{"data":"ChargeAndCover","floor":53,"key":"SMITH"}],"circlet_count":0,"master_deck":["Dodge","LightDefense+1","LightDefense+1","ChargeAndCover+1","FocusedStrikes+1","Finesse","Parry2","WaitUp+1","Struggle+1","TheArtOfRapidSteps+1","ScatteringSlash+1","UnforgettableMelody+1","ForTheFamily","SerpentSwordTechnique","SerpentineBarrier+1","Laceration+1","CleanUp+1","ShrineToMusic","Observe+1","UnavoidableGaze","InkOver+1","Duel_lor+1","Parry2"],"relics":["PageOfLibrarian","AT_ATBox","Ginger","Shuriken","Molten Egg 2","Letter Opener","Snecko Eye","Red Mask","PageOfAspirationHeart","AT_SeraphEmbrace","Black Star","PageOfLittleHelper","PreservedInsect","Mummified Hand","Bottled Flame","Bottled Tornado","Toxic Egg 2","Thread and Needle","MealTicket","Mercury Hourglass","TheAbacus","AT_ChloranthyRing","Bag of Marbles","Incense Burner","PageOfPorccubus","PageOfPinocchio"],"acts_visited":["Exordium","TheCity","TheBeyond","TheEnding"],"potions_floor_usage":[11,14,27,27,33,42,50,55,56,56],"damage_taken":[{"damage":0,"enemies":"Jaw Worm","floor":1,"turns":3},{"damage":0,"enemies":"2 Louse","floor":4,"turns":4},{"damage":16,"enemies":"Gremlin Nob","floor":7,"turns":3},{"damage":5,"enemies":"Cultist","floor":10,"turns":3},{"damage":0,"enemies":"Lagavulin","floor":11,"turns":9},{"damage":2,"enemies":"2 Fungi Beasts","floor":13,"turns":4},{"damage":2,"enemies":"3 Sentries","floor":14,"turns":11},{"damage":9,"enemies":"Slime Boss","floor":16,"turns":7},{"damage":0,"enemies":"Spheric Guardian","floor":18,"turns":4},{"damage":0,"enemies":"Shell Parasite","floor":19,"turns":2},{"damage":0,"enemies":"Centurion and Healer","floor":21,"turns":4},{"damage":0,"enemies":"Masked Bandits","floor":24,"turns":3},{"damage":0,"enemies":"Gremlin Leader","floor":25,"turns":6},{"damage":0,"enemies":"Cultist and Chosen","floor":27,"turns":4},{"damage":3,"enemies":"Book of Stabbing","floor":29,"turns":4},{"damage":0,"enemies":"Snecko","floor":30,"turns":3},{"damage":0,"enemies":"Snake Plant","floor":31,"turns":3},{"damage":0,"enemies":"RedHoodMercenary","floor":33,"turns":10},{"damage":0,"enemies":"Orb Walker","floor":35,"turns":1},{"damage":0,"enemies":"3 Darklings","floor":36,"turns":2},{"damage":0,"enemies":"4 Shapes","floor":38,"turns":4},{"damage":0,"enemies":"Maw","floor":39,"turns":4},{"damage":0,"enemies":"Reptomancer","floor":40,"turns":4},{"damage":0,"enemies":"Nemesis","floor":42,"turns":3},{"damage":0,"enemies":"Giant Head","floor":44,"turns":3},{"damage":0,"enemies":"3 Darklings","floor":45,"turns":1},{"damage":4,"enemies":"Spire Growth","floor":46,"turns":4},{"damage":0,"enemies":"Maw","floor":47,"turns":2},{"damage":0,"enemies":"Reptomancer","floor":48,"turns":3},{"damage":0,"enemies":"Awakened One","floor":50,"turns":5},{"damage":0,"enemies":"Awakened One","floor":51,"turns":11},{"damage":0,"enemies":"Shield and Spear","floor":55,"turns":1},{"damage":27,"enemies":"The Heart","floor":56,"turns":5}],"seed_played":"-4190743205591652190","potions_obtained":[{"floor":4,"key":"Explosive Potion"},{"floor":13,"key":"Regen Potion"},{"floor":16,"key":"Fruit Juice"},{"floor":19,"key":"FearPotion"},{"floor":21,"key":"DistilledChaos"},{"floor":31,"key":"LiquidMemories"},{"floor":33,"key":"GamblersBrew"},{"floor":35,"key":"AttackPotion"},{"floor":36,"key":"AttackPotion"},{"floor":45,"key":"ColorlessPotion"},{"floor":55,"key":"SkillPotion"}],"is_trial":false,"path_per_floor":["M","?","?","M","$","R","E","R","T","M","E","$","M","E","R","B",null,"M","M","$","M","?","R","?","E","T","M","R","E","M","M","R","B",null,"M","M","?","M","M","E","R","E","T","E","M","M","M","E","R","B",null,null,"R","$","E","B",null],"character_chosen":"Librarian","items_purchased":["TheAbacus","AT_ChloranthyRing","Bag of Marbles","Incense Burner","Fruit Juice"],"campfire_rested":0,"item_purchase_floors":[54,54,54,54,54],"current_hp_per_floor":[54,41,41,41,41,41,25,25,25,20,20,20,18,31,31,22,57,57,57,57,57,57,57,57,78,78,83,83,80,80,80,80,86,91,91,91,88,88,88,88,88,88,88,88,88,84,84,84,84,84,84,87,87,88,93,72],"gold":34,"neow_bonus":"RANDOM_COLORLESS","is_daily":false,"chose_seed":false,"campfire_upgraded":8,"win_rate":0.0,"timestamp":1614179102,"path_taken":["M","?","?","M","$","R","E","R","T","M","E","?","?","E","R","BOSS","M","M","$","M","?","R","?","E","T","M","R","E","?","M","R","BOSS","M","M","?","M","M","E","R","E","T","E","M","M","M","E","R","BOSS","R","$","E","BOSS"],"items_purchased_type":["Relic","Relic","Relic","Relic","Potion"],"build_version":"2020-12-22","purchased_purges":3,"victory":true,"max_hp_per_floor":[63,63,63,68,68,68,68,68,68,68,68,68,68,68,68,68,68,68,68,68,68,68,68,68,78,78,83,83,93,93,93,93,93,93,93,93,88,88,88,88,88,88,88,88,88,88,88,88,88,88,88,88,88,88,93,93],"relic_stats":{"TheAbacus":[12],"counters":[33,140],"Shuriken":[27],"Mummified Hand":[45],"Snecko Eye":[232,258,198,203],"MealTicket":1,"PreservedInsect":299,"Black Star":5,"Ginger":[21],"Letter Opener":[279],"obtain_stats":[{"AT_SeraphEmbrace":47,"AT_ATBox":0,"Incense Burner":54,"Ginger":7,"Bottled Tornado":43,"AT_ArchangelStaff":29,"TheAbacus":54,"Mummified Hand":42,"MealTicket":48,"Red Mask":24,"PageOfPinocchio":55,"Toxic Egg 2":44,"AT_ChloranthyRing":54,"PageOfLittleHelper":40,"Thread and Needle":44,"PreservedInsect":40,"Letter Opener":14,"Mercury Hourglass":48,"PageOfLibrarian":0,"PageOfAspirationHeart":25,"Bottled Flame":42,"Shuriken":9,"Snecko Eye":17,"Molten Egg 2":11,"Black Star":34,"Bag of Marbles":54,"PageOfPorccubus":55},{"AT_SeraphEmbrace":28,"AT_ATBox":0,"Incense Burner":31,"Ginger":3,"Bottled Tornado":24,"AT_ArchangelStaff":15,"TheAbacus":31,"Mummified Hand":24,"MealTicket":29,"Red Mask":12,"PageOfPinocchio":32,"Toxic Egg 2":25,"AT_ChloranthyRing":31,"PageOfLittleHelper":23,"Thread and Needle":25,"PreservedInsect":23,"Letter Opener":7,"Mercury Hourglass":29,"PageOfLibrarian":0,"PageOfAspirationHeart":13,"Bottled Flame":24,"Shuriken":3,"Snecko Eye":8,"Molten Egg 2":5,"Black Star":18,"Bag of Marbles":31,"PageOfPorccubus":32},{"AT_SeraphEmbrace":115,"AT_ATBox":0,"Incense Burner":134,"Ginger":10,"Bottled Tornado":105,"AT_ArchangelStaff":71,"TheAbacus":134,"Mummified Hand":105,"MealTicket":118,"Red Mask":57,"PageOfPinocchio":135,"Toxic Egg 2":108,"AT_ChloranthyRing":134,"PageOfLittleHelper":102,"Thread and Needle":108,"PreservedInsect":102,"Letter Opener":37,"Mercury Hourglass":118,"PageOfLibrarian":0,"PageOfAspirationHeart":63,"Bottled Flame":105,"Shuriken":10,"Snecko Eye":44,"Molten Egg 2":22,"Black Star":87,"Bag of Marbles":134,"PageOfPorccubus":135}],"Mercury Hourglass":[90]},"card_choices":[{"not_picked":["Purity","AT_Homeward"],"picked":"Finesse","floor":0},{"not_picked":["FeelinGood","UnavoidableGaze","Parry2","DarkCloud"],"picked":"SKIP","floor":1},{"not_picked":["FeelinGood","UnavoidableGaze","DarkCloud"],"picked":"Parry2","floor":1},{"not_picked":["Slice_lor","HandleRequest","SharpSwipe","RipSpace"],"picked":"SKIP","floor":4},{"not_picked":["Standoff","Ripple","Rewind"],"picked":"WaitUp","floor":7},{"not_picked":["SnakesPrey","StructuralAnalysis","GaleKick"],"picked":"Struggle","floor":10},{"not_picked":["Rewind","YourShield","HighKick+1"],"picked":"TheArtOfRapidSteps","floor":11},{"not_picked":["HighKick+1","Duel_lor+1","HandleRequest+1"],"picked":"ScatteringSlash+1","floor":13},{"not_picked":["Standoff+1","SilentMist","FlashOfSunup+1"],"picked":"UnforgettableMelody","floor":14},{"not_picked":["ShockingBlow+1","Outburst+1","DimensionalRift+1","SpearedSweep+1"],"picked":"SKIP","floor":18},{"not_picked":["Parry2+1","SharpSwipe+1","DimensionalRift+1","SnakesPrey"],"picked":"SKIP","floor":19},{"not_picked":["Diversion+1","StructuralAnalysis","ElectricShock+1","BackAttack"],"picked":"SKIP","floor":21},{"not_picked":["Parry2","ScatteringSlash+1","Standoff+1"],"picked":"SerpentineBarrier","floor":24},{"not_picked":["StrikeDown+1","HighKick+1","Retaliate+1","GreatSerpentsImpact+1"],"picked":"SKIP","floor":25},{"not_picked":["ButterflySlash+1","Standoff+1","Overcharge"],"picked":"Laceration+1","floor":27},{"not_picked":["Diversion+1","DarkCloud","Overcharge+1","FlashOfSunup+1"],"picked":"SKIP","floor":29},{"not_picked":["HandleRequest+1","DarkCloud","Gamble+1","Leap_lor+1"],"picked":"SKIP","floor":30},{"not_picked":["StayCalm","Outburst+1","HighKick+1","EnergyCycle+1"],"picked":"SKIP","floor":31},{"not_picked":["Transpierce+1","ChargeUp"],"picked":"CleanUp+1","floor":33},{"not_picked":["ShockingBlow+1","Struggle","AlloutWar+1"],"picked":"ShrineToMusic","floor":35},{"not_picked":["ButterflySlash+1","HighKick+1","ShrineToMusic+1","SpearedSweep+1"],"picked":"SKIP","floor":36},{"not_picked":["SerpentSwordTechnique+1","StructuralAnalysis+1","HighKick+1","BindingArms+1"],"picked":"SKIP","floor":38},{"not_picked":["SharpSwipe+1","StrikeDown+1","EnergyCycle+1","Rewind"],"picked":"SKIP","floor":39},{"not_picked":["ShrineToMusic","StructuralAnalysis","SunsetBlade"],"picked":"Observe","floor":40},{"not_picked":["StrikeDown+1","ShockingBlow+1","BladeWhirl+1"],"picked":"UnavoidableGaze","floor":42},{"not_picked":["Diversion+1","Gamble+1","SnakesPrey"],"picked":"InkOver+1","floor":44},{"not_picked":["DestructiveImpact+1","IllEndYou+1","SerpentSwordTechnique+1","SnakesPrey+1"],"picked":"SKIP","floor":45},{"not_picked":["OpportunitySpotted+1","Brawl+1","SerpentSwordTechnique+1","SunsetBlade+1"],"picked":"SKIP","floor":46},{"not_picked":["Riposte+1","ViolentFlame","SpearedSweep+1"],"picked":"Duel_lor+1","floor":47},{"not_picked":["UnavoidableGaze+1","YourShield+1","Duel_lor+1","ButterflySlash+1"],"picked":"SKIP","floor":48},{"not_picked":["Diversion+1","SharpSwipe+1","Guardian_lor+1"],"picked":"Parry2","floor":55}],"player_experience":70398,"relics_obtained":[{"floor":7,"key":"Ginger"},{"floor":9,"key":"Shuriken"},{"floor":11,"key":"Molten Egg 2"},{"floor":14,"key":"Letter Opener"},{"floor":24,"key":"Red Mask"},{"floor":25,"key":"PageOfAspirationHeart"},{"floor":29,"key":"AT_ArchangelStaff"},{"floor":40,"key":"PageOfLittleHelper"},{"floor":40,"key":"PreservedInsect"},{"floor":42,"key":"Mummified Hand"},{"floor":42,"key":"Bottled Flame"},{"floor":43,"key":"Bottled Tornado"},{"floor":44,"key":"Toxic Egg 2"},{"floor":44,"key":"Thread and Needle"},{"floor":48,"key":"MealTicket"},{"floor":48,"key":"Mercury Hourglass"},{"floor":55,"key":"PageOfPorccubus"},{"floor":55,"key":"PageOfPinocchio"}],"event_choices":[{"damage_healed":0,"gold_gain":0,"player_choice":"Entered Light","damage_taken":13,"max_hp_gain":0,"max_hp_loss":0,"event_name":"Shining Light","floor":2,"gold_loss":0,"cards_upgraded":["LightDefense","LightDefense"]},{"damage_healed":0,"gold_gain":0,"player_choice":"Ignored","damage_taken":0,"max_hp_gain":0,"max_hp_loss":0,"event_name":"Liars Game","floor":3,"gold_loss":0},{"damage_healed":0,"gold_gain":0,"cards_transformed":["LightAttack","LightDefense"],"player_choice":"Became Test Subject","damage_taken":0,"max_hp_gain":0,"max_hp_loss":0,"event_name":"Drug Dealer","floor":22,"gold_loss":0,"cards_obtained":["ForTheFamily","SerpentSwordTechnique"]},{"damage_healed":0,"gold_gain":0,"player_choice":"Fought Bandits","damage_taken":0,"max_hp_gain":0,"max_hp_loss":0,"event_name":"Masked Bandits","floor":24,"gold_loss":0},{"damage_healed":0,"gold_gain":0,"player_choice":"Max HP","damage_taken":0,"max_hp_gain":0,"max_hp_loss":5,"event_name":"Winding Halls","floor":37,"gold_loss":0}],"is_beta":false,"boss_relics":[{"not_picked":["Cursed Key","SacredBark"],"picked":"Snecko Eye"},{"not_picked":["Busted Crown","Philosopher\u0027s Stone"],"picked":"Black Star"}],"items_purged_floors":[5,12,20],"is_endless":false,"potions_floor_spawned":[4,13,16,19,21,31,33,35,36,40,42,45,46,55],"ascension_level":6}}