{"host":"gbbz8f5svnnpwo8d","time":1614157298,"event":{"mods":["AchievementEnabler","AlwaysNeverKeys","BaseMod","Bestiary","Better Altar","Better Match","Better Note","Better Sensory Stone","Better Silent Start","Better Skull","Better Third Choice","Better Vampires","Better-Laid Plans","BetterRewards","Block Reminder","Bossed Relics","Colored Map","Colored Powertips","Curses Come First","Dark Map","Displayed Cursed Tome","GifTheSpireLib","Minty Spire (QoL Compilation)","MonsterHotkey","Permanent Neow","Potion Indicator Mod","Quick Restart","Random Character Button","Rare Cards Sparkle","Relic Stats","Shop Mod","Spicy Shops","Spire Birthday Party","StSLib","Transform Curses"],"gold_per_floor":[45,58,71,71,23,23,23,23,23,23,48,48,48,76,76,174,174,193,49,59,76,76,110,110,123,123,123,134,134,134,167,167,271,271,287,287,303,314,15,32,32,46,46,65,76,108,139,139,139,139,139,139,10,36,36],"floor_reached":56,"language":"ENG","playtime":18695,"items_purged":[],"score":1352,"play_id":"a0f6c4ec-686a-4139-a624-6d3d0637cbd4","local_time":"20210224020138","is_ascension_mode":false,"campfire_choices":[{"floor":6.0,"key":"REST"},{"data":"WreathOfFlame","floor":12.0,"key":"SMITH"},{"floor":15.0,"key":"REST"},{"floor":24.0,"key":"REST"},{"floor":27.0,"key":"REST"},{"data":"Ragnarok","floor":29.0,"key":"SMITH"},{"floor":32.0,"key":"REST"},{"floor":41.0,"key":"REST"},{"floor":49,"key":"REST"},{"data":"Worship","floor":52,"key":"SMITH"}],"circlet_count":0,"master_deck":["Strike_P","Strike_P","Strike_P","Strike_P","Defend_P","Defend_P","Defend_P","Defend_P","Eruption","Vigilance","FollowUp","Swivel","CrushJoints","Protect","LikeWater","Deep Breath","Worship+1","EmptyFist","Meditate","FlurryOfBlows","WreathOfFlame+1","Worship","Ragnarok+1","Prostrate","Dramatic Entrance","Prostrate+1","ForeignInfluence+1","FlurryOfBlows","Prostrate+1","FlurryOfBlows+1","RitualDagger","Alpha","Prostrate+1","FearNoEvil","Worship","Prostrate","EmptyFist","LikeWater","ClearTheMind","Parasite","FlurryOfBlows","Clumsy","FlurryOfBlows","Evaluate+1","Scrawl","LikeWater+1","Parasite","Halt+1"],"relics":["HolyWater","StoneCalendar","Gremlin Horn","Dead Branch","Lantern","Singing Bowl","Kunai","Shuriken","Cursed Key","Membership Card","MerchantsRug","CaptainsWheel","Bottled Lightning","Ornamental Fan","Happy Flower","Vajra","Art of War"],"acts_visited":["Exordium","TheCity","TheBeyond","TheEnding"],"potions_floor_usage":[46,47,55],"damage_taken":[{"damage":1.0,"enemies":"Cultist","floor":1.0,"turns":5.0},{"damage":1.0,"enemies":"2 Louse","floor":2.0,"turns":4.0},{"damage":7.0,"enemies":"Jaw Worm","floor":3.0,"turns":5.0},{"damage":0.0,"enemies":"Gremlin Nob","floor":11.0,"turns":3.0},{"damage":28.0,"enemies":"3 Sentries","floor":14.0,"turns":7.0},{"damage":54.0,"enemies":"Hexaghost","floor":16.0,"turns":11.0},{"damage":0.0,"enemies":"3 Byrds","floor":18.0,"turns":2.0},{"damage":0.0,"enemies":"Spheric Guardian","floor":20.0,"turns":1.0},{"damage":0.0,"enemies":"Centurion and Healer","floor":21.0,"turns":1.0},{"damage":63.0,"enemies":"Gremlin Leader","floor":23.0,"turns":9.0},{"damage":11.0,"enemies":"Snecko","floor":25.0,"turns":4.0},{"damage":0.0,"enemies":"Shelled Parasite and Fungi","floor":28.0,"turns":1.0},{"damage":27.0,"enemies":"Slavers","floor":31.0,"turns":3.0},{"damage":0.0,"enemies":"Collector","floor":33.0,"turns":5.0},{"damage":15.0,"enemies":"3 Shapes","floor":35.0,"turns":2.0},{"damage":28.0,"enemies":"3 Darklings","floor":37.0,"turns":4.0},{"damage":4.0,"enemies":"4 Shapes","floor":38.0,"turns":2.0},{"damage":0.0,"enemies":"Jaw Worm Horde","floor":40.0,"turns":1.0},{"damage":25.0,"enemies":"Writhing Mass","floor":42.0,"turns":7.0},{"damage":1.0,"enemies":"3 Darklings","floor":44.0,"turns":3.0},{"damage":9.0,"enemies":"Spire Growth","floor":45.0,"turns":4.0},{"damage":13,"enemies":"Reptomancer","floor":46,"turns":4},{"damage":0,"enemies":"Jaw Worm Horde","floor":47,"turns":1},{"damage":29,"enemies":"Donu and Deca","floor":50,"turns":5},{"damage":5,"enemies":"Shield and Spear","floor":54,"turns":6},{"damage":71,"enemies":"The Heart","floor":55,"turns":8}],"seed_played":"917799101761902775","potions_obtained":[{"floor":1.0,"key":"DistilledChaos"},{"floor":2.0,"key":"PowerPotion"},{"floor":21.0,"key":"DistilledChaos"},{"floor":25.0,"key":"SkillPotion"},{"floor":31.0,"key":"Fire Potion"},{"floor":33.0,"key":"Explosive Potion"},{"floor":37.0,"key":"CultistPotion"},{"floor":38.0,"key":"ColorlessPotion"},{"floor":44.0,"key":"Explosive Potion"},{"floor":45.0,"key":"DuplicationPotion"},{"floor":46,"key":"SteroidPotion"},{"floor":54,"key":"Fire Potion"}],"is_trial":false,"path_per_floor":["M","M","M","?","$","R","$","?","T","?","E","R","$","E","R","B",null,"M","$","M","M","$","E","R","M","T","R","M","R","?","E","R","B",null,"M","?","M","M","$","M","R","M","T","M","M","E","M","?","R","B",null,"R","$","E","B",null],"character_chosen":"WATCHER","items_purchased":["Mango","FollowUp","Swivel","CrushJoints","Protect","LikeWater","Deep Breath","FlurryOfBlows","Prostrate","Dramatic Entrance","Membership Card","Prostrate","EmptyFist","MerchantsRug","LikeWater","Ornamental Fan","Happy Flower","Vajra"],"campfire_rested":7,"item_purchase_floors":[0,0,0,0,0,0,0,5,19,19,39,39,39,39,39,53,53,53],"current_hp_per_floor":[53,52,45,45,45,70,70,67,67,67,67,67,67,39,64,10,86,88,88,88,88,88,25,51,40,40,66,66,66,60,35,62,62,90,75,75,47,43,43,43,70,45,45,44,35,22,22,22,49,20,90,90,90,85,14],"gold":36,"neow_bonus":"","is_daily":false,"chose_seed":false,"campfire_upgraded":3,"win_rate":0.0,"timestamp":1614157298,"path_taken":["M","?","M","?","$","R","$","?","T","?","E","R","$","E","R","BOSS","M","?","M","M","$","E","R","?","T","R","M","R","?","E","R","BOSS","M","?","?","M","$","M","R","M","T","M","M","E","M","?","R","BOSS","R","$","E","BOSS"],"items_purchased_type":["Relic","Card","Card","Card","Card","Card","Card","Card","Card","Card","Relic","Card","Card","Relic","Card","Relic","Relic","Relic"],"build_version":"2020-12-22","purchased_purges":0,"victory":true,"max_hp_per_floor":[86,86,86,86,86,86,86,86,86,86,86,86,86,86,86,86,86,88,88,88,88,88,88,88,88,88,88,88,88,88,90,90,90,90,90,90,90,90,90,90,90,90,90,90,90,90,90,90,90,90,90,90,90,90,90],"relic_stats":{"Gremlin Horn":[32,32],"Singing Bowl":4,"Happy Flower":[4],"counters":[226,920],"Shuriken":[48],"Ornamental Fan":[56],"Dead Branch":[105],"StoneCalendar":[162],"Art of War":[3],"Kunai":[49],"Cursed Key":1,"obtain_stats":[{"Ginger":0,"Whetstone":4,"Bottled Tornado":46,"Boot":54,"Old Coin":13,"MealTicket":38,"Kunai":0,"MerchantsRug":0,"Pear":0,"Blue Candle":17,"Eternal Feather":23,"Pen Nib":9,"Akabeko":9,"SlaversCollar":17,"MutagenicStrength":19,"CultistMask":5,"StrikeDummy":6,"Unceasing Top":0,"Regal Pillow":43,"Lantern":7,"Singing Bowl":23,"StoneCalendar":0,"Bag of Preparation":27,"Cursed Key":17,"Ancient Tea Set":7,"Matryoshka":6,"Shovel":0,"WingedGreaves":23,"Chemical X":31,"InkBottle":46,"Lee\u0027s Waffle":38,"Golden Idol":2,"Damaru":39,"Thread and Needle":0,"betterThird:NestCultRelic":24,"PreservedInsect":26,"The Courier":43,"Frozen Egg 2":40,"GoldenEye":0,"Busted Crown":34,"Ornamental Fan":0,"Bloody Idol":21,"betterThird:SlimedRelic":2,"Ectoplasm":17,"Turnip":0,"Art of War":9,"Bottled Lightning":48,"Toy Ornithopter":53,"Ice Cream":0,"Calipers":0,"Tiny House":34,"Gremlin Horn":43,"Vajra":26,"Sozu":34,"Centennial Puzzle":45,"Lizard Tail":29,"HornCleat":9,"FaceOfCleric":21,"Strawberry":6,"Prayer Wheel":17,"VioletLotus":34,"Toxic Egg 2":29,"Girya":0,"Happy Flower":13,"Dead Branch":39,"Oddly Smooth Stone":38,"War Paint":53,"Question Card":9,"Bottled Flame":31,"Shuriken":0,"Bronze Scales":10,"Molten Egg 2":14,"Nloth\u0027s Gift":21,"Symbiotic Virus":0,"Meat on the Bone":29,"SacredBark":17,"Melange":0,"Mango":38,"Juzu Bracelet":36,"TeardropLocket":37,"Frozen Eye":0,"Dream Catcher":6,"Nunchaku":46,"TheAbacus":53,"Mummified Hand":43,"Gambling Chip":0,"Pantograph":9,"Red Mask":45,"Cracked Core":0,"Odd Mushroom":7,"Orichalcum":6,"White Beast Statue":54,"Mercury Hourglass":53,"Peace Pipe":0,"Calling Bell":17,"Strange Spoon":53,"Anchor":54,"CaptainsWheel":0,"HolyWater":34,"Bag of Marbles":0,"Membership Card":53,"PureWater":0,"TungstenRod":26,"FossilizedHelix":53},{"Ginger":95,"Whetstone":174,"Bottled Tornado":68,"Boot":170,"Old Coin":51,"MealTicket":184,"Kunai":72,"MerchantsRug":0,"Pear":46,"Blue Candle":155,"Eternal Feather":45,"Pen Nib":99,"Akabeko":48,"SlaversCollar":32,"MutagenicStrength":53,"CultistMask":174,"StrikeDummy":76,"Unceasing Top":146,"Regal Pillow":20,"Lantern":39,"Singing Bowl":106,"StoneCalendar":200,"Bag of Preparation":58,"Cursed Key":8,"Ancient Tea Set":98,"Matryoshka":48,"Shovel":95,"WingedGreaves":56,"Chemical X":85,"InkBottle":91,"Lee\u0027s Waffle":19,"Golden Idol":36,"Damaru":140,"Thread and Needle":72,"betterThird:NestCultRelic":83,"PreservedInsect":107,"The Courier":114,"Frozen Egg 2":65,"GoldenEye":171,"Busted Crown":86,"Ornamental Fan":117,"Bloody Idol":34,"betterThird:SlimedRelic":47,"Ectoplasm":80,"Turnip":117,"Art of War":4,"Bottled Lightning":189,"Toy Ornithopter":70,"Ice Cream":24,"Calipers":46,"Tiny House":61,"Gremlin Horn":141,"Vajra":57,"Sozu":17,"Centennial Puzzle":142,"Lizard Tail":181,"HornCleat":48,"FaceOfCleric":44,"Strawberry":126,"Prayer Wheel":155,"VioletLotus":138,"Toxic Egg 2":181,"Girya":146,"Happy Flower":6,"Dead Branch":64,"Oddly Smooth Stone":19,"War Paint":169,"Question Card":29,"Bottled Flame":60,"Shuriken":24,"Bronze Scales":199,"Molten Egg 2":51,"Nloth\u0027s Gift":10,"Symbiotic Virus":0,"Meat on the Bone":108,"SacredBark":130,"Melange":146,"Mango":19,"Juzu Bracelet":18,"TeardropLocket":63,"Frozen Eye":146,"Dream Catcher":97,"Nunchaku":166,"TheAbacus":169,"Mummified Hand":90,"Gambling Chip":72,"Pantograph":77,"Red Mask":21,"Cracked Core":0,"Odd Mushroom":4,"Orichalcum":39,"White Beast Statue":94,"Mercury Hourglass":169,"Peace Pipe":0,"Calling Bell":155,"Strange Spoon":70,"Anchor":71,"CaptainsWheel":122,"HolyWater":163,"Bag of Marbles":146,"Membership Card":70,"PureWater":0,"TungstenRod":45,"FossilizedHelix":115},{"Ginger":389,"Whetstone":708,"Bottled Tornado":268,"Boot":688,"Old Coin":210,"MealTicket":747,"Kunai":290,"MerchantsRug":0,"Pear":191,"Blue Candle":651,"Eternal Feather":182,"Pen Nib":405,"Akabeko":196,"SlaversCollar":123,"MutagenicStrength":225,"CultistMask":708,"StrikeDummy":305,"Unceasing Top":628,"Regal Pillow":74,"Lantern":149,"Singing Bowl":429,"StoneCalendar":812,"Bag of Preparation":240,"Cursed Key":21,"Ancient Tea Set":403,"Matryoshka":196,"Shovel":389,"WingedGreaves":233,"Chemical X":340,"InkBottle":363,"Lee\u0027s Waffle":68,"Golden Idol":137,"Damaru":585,"Thread and Needle":290,"betterThird:NestCultRelic":335,"PreservedInsect":433,"The Courier":465,"Frozen Egg 2":260,"GoldenEye":696,"Busted Crown":343,"Ornamental Fan":488,"Bloody Idol":130,"betterThird:SlimedRelic":192,"Ectoplasm":324,"Turnip":488,"Art of War":9,"Bottled Lightning":769,"Toy Ornithopter":275,"Ice Cream":91,"Calipers":191,"Tiny House":250,"Gremlin Horn":590,"Vajra":237,"Sozu":60,"Centennial Puzzle":597,"Lizard Tail":731,"HornCleat":196,"FaceOfCleric":177,"Strawberry":522,"Prayer Wheel":651,"VioletLotus":578,"Toxic Egg 2":731,"Girya":628,"Happy Flower":13,"Dead Branch":259,"Oddly Smooth Stone":68,"War Paint":685,"Question Card":104,"Bottled Flame":247,"Shuriken":91,"Bronze Scales":810,"Molten Egg 2":210,"Nloth\u0027s Gift":29,"Symbiotic Virus":0,"Meat on the Bone":437,"SacredBark":540,"Melange":628,"Mango":68,"Juzu Bracelet":64,"TeardropLocket":255,"Frozen Eye":628,"Dream Catcher":398,"Nunchaku":673,"TheAbacus":685,"Mummified Hand":356,"Gambling Chip":290,"Pantograph":308,"Red Mask":79,"Cracked Core":0,"Odd Mushroom":9,"Orichalcum":149,"White Beast Statue":384,"Mercury Hourglass":685,"Peace Pipe":0,"Calling Bell":651,"Strange Spoon":275,"Anchor":279,"CaptainsWheel":505,"HolyWater":670,"Bag of Marbles":628,"Membership Card":275,"PureWater":0,"TungstenRod":182,"FossilizedHelix":474}]},"card_choices":[{"not_picked":["Perseverance","Halt"],"picked":"Worship","floor":1.0},{"not_picked":["PathToVictory","Crescendo"],"picked":"EmptyFist","floor":2.0},{"not_picked":["Swivel","BowlingBash"],"picked":"Meditate","floor":3.0},{"not_picked":["PathToVictory","EmptyBody"],"picked":"WreathOfFlame","floor":11.0},{"not_picked":["Conclude","Sanctity"],"picked":"Worship","floor":14.0},{"not_picked":["Vault","Wish"],"picked":"Ragnarok","floor":16.0},{"not_picked":["SignatureMove","MentalFortress","ClearTheMind"],"picked":"Singing Bowl","floor":18.0},{"not_picked":["ClearTheMind","LikeWater"],"picked":"Prostrate+1","floor":20.0},{"not_picked":["EmptyFist","FlyingSleeves"],"picked":"ForeignInfluence+1","floor":21.0},{"not_picked":["Vault","Evaluate"],"picked":"FlurryOfBlows","floor":23.0},{"not_picked":["EmptyBody+1","EmptyFist+1"],"picked":"Prostrate","floor":25.0},{"not_picked":["ClearTheMind","Crescendo"],"picked":"FlurryOfBlows+1","floor":28.0},{"not_picked":["EmptyFist","Judgement","BowlingBash+1"],"picked":"Singing Bowl","floor":31.0},{"not_picked":["DeusExMachina","LessonLearned"],"picked":"Alpha","floor":33.0},{"not_picked":["SignatureMove","Consecrate"],"picked":"Prostrate+1","floor":35.0},{"not_picked":["Study","SashWhip+1"],"picked":"FearNoEvil","floor":37.0},{"not_picked":["FollowUp","EmptyBody"],"picked":"Worship","floor":38.0},{"not_picked":["Crescendo+1","CrushJoints+1"],"picked":"ClearTheMind","floor":40.0},{"not_picked":["ThirdEye","Prostrate"],"picked":"FlurryOfBlows","floor":42.0},{"not_picked":["ClearTheMind","Nirvana+1"],"picked":"FlurryOfBlows","floor":44.0},{"not_picked":["BowlingBash+1","Blasphemy"],"picked":"Evaluate+1","floor":45.0},{"not_picked":["Wallop+1","CutThroughFate+1"],"picked":"Scrawl","floor":46},{"not_picked":["ClearTheMind+1","BowlingBash+1"],"picked":"LikeWater+1","floor":47},{"not_picked":["Evaluate","Swivel+1"],"picked":"Halt+1","floor":54}],"player_experience":3818354,"relics_obtained":[{"floor":9.0,"key":"Dead Branch"},{"floor":11.0,"key":"Lantern"},{"floor":14.0,"key":"Singing Bowl"},{"floor":23.0,"key":"Kunai"},{"floor":26.0,"key":"Shuriken"},{"floor":31.0,"key":"Shovel"},{"floor":43.0,"key":"CaptainsWheel"},{"floor":46,"key":"Bottled Lightning"},{"floor":54,"key":"Art of War"}],"event_choices":[{"damage_healed":0.0,"max_hp_gain":0.0,"max_hp_loss":0.0,"gold_gain":0.0,"event_name":"Golden Idol","player_choice":"Ignored","floor":4.0,"gold_loss":0.0,"damage_taken":0.0},{"damage_healed":0.0,"max_hp_gain":0.0,"max_hp_loss":0.0,"gold_gain":1.0,"event_name":"betterThird:BetterScrap","player_choice":"Relic ","floor":8.0,"gold_loss":0.0,"damage_taken":3.0,"cards_obtained":["Crippling Poison"]},{"cards_removed":["Strike_P"],"damage_healed":0.0,"max_hp_gain":0.0,"max_hp_loss":0.0,"gold_gain":0.0,"event_name":"betterNote:BetterNote","player_choice":"Give","floor":10.0,"gold_loss":0.0,"damage_taken":0.0,"cards_obtained":["Strike_G"]},{"damage_healed":0.0,"max_hp_gain":0.0,"max_hp_loss":0.0,"gold_gain":0.0,"event_name":"betterThird:BetterNest","player_choice":"Dagger","floor":30.0,"gold_loss":0.0,"damage_taken":6.0,"cards_obtained":["RitualDagger"]},{"damage_healed":0.0,"max_hp_gain":0.0,"max_hp_loss":0.0,"gold_gain":0.0,"event_name":"Accursed Blacksmith","player_choice":"Forge","floor":36.0,"gold_loss":0.0,"damage_taken":0.0,"cards_upgraded":["Prostrate"]},{"damage_healed":0,"gold_gain":0,"player_choice":"Ignored","damage_taken":0,"max_hp_gain":0,"max_hp_loss":0,"event_name":"Mysterious Sphere","floor":48,"gold_loss":0}],"is_beta":false,"boss_relics":[{"not_picked":["VioletLotus","Astrolabe"],"picked":"HolyWater"},{"not_picked":["Empty Cage","Pandora\u0027s Box"],"picked":"Cursed Key"}],"items_purged_floors":[],"is_endless":false,"potions_floor_spawned":[1,2,21,25,31,33,37,38,44,45,46,54],"ascension_level":0}}