{"host":"5bsc0nab6whpyrbj","time":1614132817,"event":{"mods":["BaseMod","Highlight Path","Minty Spire (QoL Compilation)"],"gold_per_floor":[110,58,58,133,133,133,65,65,116,134,162,162,162,172,172,272,272,283,11,31,106,106,106,106,120,120,20,0,0,16,36,36,134,184,197,72,72,84,0,0,0,0,23,23,23,23,50,62,62,62],"floor_reached":51,"language":"ENG","playtime":1037,"items_purged":["Hyperbeam","Force Field","Doom and Gloom"],"score":742,"play_id":"21a24a4a-5ac0-4a5d-908e-e29b5b7aceb0","local_time":"20210223211337","is_ascension_mode":false,"campfire_choices":[{"data":"FTL","floor":12.0,"key":"SMITH"},{"data":"Gash","floor":15,"key":"SMITH"},{"floor":23,"key":"REST"},{"data":"Gash","floor":32,"key":"SMITH"},{"data":"Gash","floor":40,"key":"SMITH"},{"data":"All For One","floor":42,"key":"SMITH"},{"floor":49,"key":"REST"}],"circlet_count":0,"master_deck":["Zap+1","Dualcast","Gash+1","Gash+1","FTL+1","Gash+1","All For One+1","Self Repair","Self Repair","Chill","Go for the Eyes","Gash+1","Beam Cell","Stack+1","Genetic Algorithm","BootSequence","Gash","Go for the Eyes","Redo+1"],"relics":["Cracked Core","Juzu Bracelet","White Beast Statue","Boot","Matryoshka","Calipers","Pandora\u0027s Box","Strawberry","War Paint","Darkstone Periapt","Sundial","Pear","Tiny House","Letter Opener","Red Mask","Omamori","Unceasing Top"],"acts_visited":["Exordium","TheCity","TheBeyond"],"potions_floor_usage":[16,25,33,33,33,38,50,50],"damage_taken":[{"damage":6.0,"enemies":"2 Louse","floor":1.0,"turns":2.0},{"damage":6.0,"enemies":"Jaw Worm","floor":10.0,"turns":2.0},{"damage":5.0,"enemies":"Gremlin Nob","floor":11.0,"turns":3.0},{"damage":0,"enemies":"Cultist","floor":14,"turns":3},{"damage":61,"enemies":"The Guardian","floor":16,"turns":9},{"damage":22,"enemies":"Shell Parasite","floor":18,"turns":5},{"damage":13,"enemies":"2 Thieves","floor":20,"turns":3},{"damage":15,"enemies":"Centurion and Healer","floor":25,"turns":3},{"damage":22,"enemies":"Chosen and Byrds","floor":30,"turns":5},{"damage":11,"enemies":"Shelled Parasite and Fungi","floor":31,"turns":3},{"damage":21,"enemies":"Collector","floor":33,"turns":6},{"damage":35,"enemies":"3 Shapes","floor":35,"turns":3},{"damage":6,"enemies":"3 Darklings","floor":38,"turns":4},{"damage":38,"enemies":"Nemesis","floor":47,"turns":4},{"damage":1,"enemies":"Maw","floor":48,"turns":5},{"damage":43,"enemies":"Time Eater","floor":50,"turns":7}],"seed_played":"8535060321956391024","potions_obtained":[{"floor":10.0,"key":"Fire Potion"},{"floor":11.0,"key":"Regen Potion"},{"floor":14,"key":"PotionOfCapacity"},{"floor":16,"key":"Block Potion"},{"floor":18,"key":"LiquidMemories"},{"floor":20,"key":"SpeedPotion"},{"floor":25,"key":"SteroidPotion"},{"floor":30,"key":"Strength Potion"},{"floor":33,"key":"SneckoOil"},{"floor":34,"key":"Ancient Potion"},{"floor":35,"key":"SmokeBomb"},{"floor":38,"key":"FearPotion"},{"floor":47,"key":"PotionOfCapacity"},{"floor":48,"key":"EssenceOfSteel"}],"is_trial":false,"path_per_floor":["M","$","?","?","T","?","$","?","T","M","E","R","?","M","R","B",null,"M","$","M","?","?","R","?","M","T","$","?","T","M","M","R","B",null,"M","$","T","M","?","R","?","R","T","?","?","$","E","M","R","B",null],"character_chosen":"DEFECT","items_purchased":["Gash","FTL","Gash","Strawberry"],"campfire_rested":2,"item_purchase_floors":[2,7,19,19],"current_hp_per_floor":[69,69,69,58,58,43,43,68,68,62,57,57,57,57,57,11,75,60,67,61,53,53,77,71,56,56,56,56,66,58,61,61,47,97,62,62,62,63,63,63,63,63,63,63,63,63,39,52,81,52],"gold":62,"neow_bonus":"RANDOM_COMMON_RELIC","is_daily":false,"chose_seed":false,"campfire_upgraded":5,"win_rate":0.0,"timestamp":1614132817,"path_taken":["M","$","?","?","?","?","$","?","T","M","E","R","?","M","R","BOSS","M","$","M","?","?","R","?","M","T","?","?","?","M","M","R","BOSS","M","$","?","M","?","R","?","R","T","?","?","$","E","M","R","BOSS"],"items_purchased_type":["Card","Card","Card","Relic"],"build_version":"2020-12-22","purchased_purges":3,"victory":true,"max_hp_per_floor":[75,75,75,75,75,75,75,75,75,75,75,75,75,75,75,75,75,75,82,82,82,82,82,82,82,82,82,82,92,92,92,92,92,97,97,97,97,97,97,97,97,97,97,97,97,97,97,97,97,97],"card_choices":[{"not_picked":["Redo","Melter"],"picked":"Gash","floor":1.0},{"not_picked":["Skim","Stack"],"picked":"Gash","floor":10.0},{"not_picked":["Coolheaded","Redo","Hologram"],"picked":"SKIP","floor":11.0},{"not_picked":["Glacier","Conserve Battery","Chaos"],"picked":"SKIP","floor":14},{"not_picked":["Fission","Echo Form"],"picked":"All For One","floor":16},{"not_picked":["Redo+1","Hello World"],"picked":"Go for the Eyes","floor":18},{"not_picked":["BootSequence","Stack+1"],"picked":"Beam Cell","floor":20},{"not_picked":["Redo","Cold Snap+1"],"picked":"Stack","floor":25},{"not_picked":["Meteor Strike","Chaos"],"picked":"Genetic Algorithm","floor":30},{"not_picked":["Cold Snap","Rebound"],"picked":"BootSequence","floor":31},{"not_picked":["Rebound","Defragment"],"picked":"Gash","floor":35},{"not_picked":["Leap","Streamline"],"picked":"Go for the Eyes","floor":38},{"not_picked":["Loop","Auto Shields+1"],"picked":"Redo+1","floor":47},{"not_picked":["Biased Cognition","Force Field+1","Turbo"],"picked":"SKIP","floor":48}],"player_experience":113626,"relics_obtained":[{"floor":5.0,"key":"White Beast Statue"},{"floor":9.0,"key":"Boot"},{"floor":11.0,"key":"Matryoshka"},{"floor":26,"key":"War Paint"},{"floor":26,"key":"Darkstone Periapt"},{"floor":29,"key":"Sundial"},{"floor":29,"key":"Pear"},{"floor":37,"key":"Letter Opener"},{"floor":43,"key":"Omamori"},{"floor":47,"key":"Unceasing Top"}],"event_choices":[{"damage_healed":0.0,"max_hp_gain":0.0,"max_hp_loss":0.0,"gold_gain":0.0,"event_name":"Living Wall","player_choice":"Grow","floor":3.0,"gold_loss":0.0,"damage_taken":0.0,"cards_upgraded":["Gash"]},{"damage_healed":0.0,"max_hp_gain":0.0,"max_hp_loss":0.0,"gold_gain":75.0,"event_name":"World of Goop","player_choice":"Gather Gold","floor":4.0,"gold_loss":0.0,"damage_taken":11.0},{"damage_healed":0.0,"max_hp_gain":0.0,"max_hp_loss":0.0,"gold_gain":0.0,"event_name":"Shining Light","player_choice":"Entered Light","floor":6.0,"gold_loss":0.0,"damage_taken":15.0,"cards_upgraded":["Strike_B","Strike_B"]},{"damage_healed":25.0,"max_hp_gain":0.0,"max_hp_loss":0.0,"gold_gain":0.0,"event_name":"Big Fish","player_choice":"Banana","floor":8.0,"gold_loss":0.0,"damage_taken":0.0},{"damage_healed":0,"gold_gain":0,"player_choice":"Searched \u00271\u0027 times","damage_taken":0,"relics_obtained":["Calipers"],"max_hp_gain":0,"max_hp_loss":0,"event_name":"Dead Adventurer","floor":13,"gold_loss":0},{"damage_healed":0,"gold_gain":75,"player_choice":"Touch","damage_taken":8,"max_hp_gain":0,"max_hp_loss":0,"event_name":"FaceTrader","floor":21,"gold_loss":0},{"damage_healed":0,"gold_gain":0,"player_choice":"Ignored","damage_taken":0,"max_hp_gain":0,"max_hp_loss":0,"event_name":"Ghosts","floor":22,"gold_loss":0},{"damage_healed":0,"gold_gain":0,"player_choice":"","damage_taken":6,"max_hp_gain":0,"max_hp_loss":0,"event_name":"Knowing Skull","floor":24,"potions_obtained":[],"gold_loss":0,"cards_obtained":[]},{"damage_healed":0,"gold_gain":0,"player_choice":"Paid Fearfully","damage_taken":0,"max_hp_gain":0,"max_hp_loss":0,"event_name":"Masked Bandits","floor":28,"gold_loss":20},{"damage_healed":0,"gold_gain":0,"player_choice":"Paid","damage_taken":0,"relics_obtained":["Red Mask"],"max_hp_gain":0,"max_hp_loss":0,"event_name":"Tomb of Lord Red Mask","floor":39,"gold_loss":84},{"cards_removed":["Chaos"],"damage_healed":0,"gold_gain":0,"player_choice":"Purged","damage_taken":0,"max_hp_gain":0,"max_hp_loss":0,"event_name":"Purifier","floor":41,"gold_loss":0},{"damage_healed":0,"gold_gain":0,"player_choice":"Ignored","damage_taken":0,"max_hp_gain":0,"max_hp_loss":0,"event_name":"NoteForYourself","floor":44,"gold_loss":0},{"cards_removed":["Reinforced Body"],"damage_healed":0,"gold_gain":0,"player_choice":"Removed Skill","damage_taken":0,"max_hp_gain":0,"max_hp_loss":0,"event_name":"Falling","floor":45,"gold_loss":0}],"is_beta":false,"boss_relics":[{"not_picked":["Empty Cage","Sozu"],"picked":"Pandora\u0027s Box"},{"not_picked":["Snecko Eye","Cursed Key"],"picked":"Tiny House"}],"items_purged_floors":[19,27,36],"is_endless":false,"potions_floor_spawned":[10,11,14,16,18,20,25,30,31,33,35,38,47,48],"ascension_level":0}}