{"host":"nia1zwr35jsu5y7h","time":1614154953,"event":{"mods":["2.2 Compatiblity","Abigail Mod","Bard","BaseMod","Colored Map","Conspire","Downfall","Friendly Minions","Hermit","Highlight Path","Hubris","Infinite Spire","Kiyohime????","Koishi","Marisa????????","Minty Spire (QoL Compilation)","Quick Restart","Replay The Spire","Shade Mod","Shop Mod","StSLib","The Animator","The Construct","The Cursed","The Disciple","The Mystic","The Necromancer","The Servant 0.9.4"],"gold_per_floor":[112,122,122,3,17,17,48,48,48,68,94,94,109,138,138,239,239,259,259,275,289,318,353,353,372,372,47,63,85,135,168,168,282,282,306,332,41,57,57,63,63],"floor_reached":40,"language":"ENG","playtime":3008,"items_purged":["hermit:Snapshot","hermit:DeadMansHand"],"score":680,"play_id":"01026ee7-18bc-4954-9f6c-c771ac4fca30","local_time":"20210224002233","is_ascension_mode":true,"campfire_choices":[{"data":"hermit:Spite","floor":6,"key":"SMITH"},{"data":"hermit:FatalDesire","floor":8,"key":"SMITH"},{"floor":15,"key":"REST"},{"floor":24,"key":"REST"},{"data":"hermit:Magnum","floor":32,"key":"SMITH"}],"circlet_count":0,"master_deck":["conspire:GhostlyStrike","conspire:GhostlyStrike","conspire:GhostlyStrike","conspire:GhostlyStrike","conspire:GhostlyDefend","conspire:GhostlyDefend","conspire:GhostlyDefend","conspire:GhostlyDefend","hermit:Covet","hermit:GhostlyPresence","hermit:ShadowCloak","hermit:LowProfile+1","hermit:Spite+1","hermit:FatalDesire+1","hermit:Magnum+1","hermit:Gambit","hermit:Reprieve","hermit:Brawl","hermit:GhostlyPresence","hermit:Gambit","hermit:ShadowCloak","hermit:Roughhouse","hermit:FatalDesire","Parasite","TheCursedMod:Dregs","animator:Curse_GriefSeed","hermit:Virtue","ReplayTheSpireMod:Necrogeddon"],"relics":["hermit:Momento","NeowsBlessing","Replay:Towering Pillar of Hats","hubris:SlimyHat","Blue Doll","hubris:Towel","hubris:SphereOfDissonance","Painkiller Herb","hexamod:BolsterEngine","Replay:Bandana","infinitespire:WardingShard","Iron Hammer","infinitespire:BottledMercury","Replay:Ancient Bell","conspire:TopHat","Meat on the Bone","hermit:CharredGlove"],"acts_visited":["Exordium","TheCity","TheBeyond"],"potions_floor_usage":[14,21,21,22,40],"damage_taken":[{"damage":0,"enemies":"Jaw Worm","floor":1,"turns":1},{"damage":0,"enemies":"2 Louse","floor":2,"turns":1},{"damage":0,"enemies":"conspire:RoseBush","floor":5,"turns":1},{"damage":27,"enemies":"Gremlin Nob","floor":7,"turns":5},{"damage":2,"enemies":"2 Fungi Beasts","floor":10,"turns":4},{"damage":8,"enemies":"3 Sentries","floor":11,"turns":13},{"damage":5,"enemies":"3 Louse","floor":13,"turns":4},{"damage":16,"enemies":"Gremlin Nob","floor":14,"turns":4},{"damage":12,"enemies":"Fading Forest","floor":16,"turns":11},{"damage":5,"enemies":"2 Thieves","floor":18,"turns":4},{"damage":11,"enemies":"conspire:FuzzyDice","floor":20,"turns":6},{"damage":18,"enemies":"Snake Plant","floor":21,"turns":3},{"damage":14,"enemies":"conspire:MimicChest","floor":22,"turns":6},{"damage":8,"enemies":"Nightmare","floor":23,"turns":8},{"damage":0,"enemies":"conspire:HollyBat","floor":25,"turns":7},{"damage":18,"enemies":"Centurion and Healer","floor":28,"turns":6},{"damage":17,"enemies":"Snecko","floor":29,"turns":6},{"damage":1,"enemies":"conspire:SneckoGhost","floor":30,"turns":7},{"damage":1,"enemies":"Snake Plant","floor":31,"turns":3},{"damage":19,"enemies":"Automaton","floor":33,"turns":11},{"damage":12,"enemies":"3 Darklings","floor":35,"turns":5},{"damage":0,"enemies":"3 Shapes","floor":36,"turns":5},{"damage":23,"enemies":"3 Darklings","floor":38,"turns":6},{"damage":56,"enemies":"Reptomancer","floor":40,"turns":5}],"seed_played":"6723429524598932295","potions_obtained":[{"floor":5,"key":"Block Potion"},{"floor":10,"key":"DuplicationPotion"},{"floor":11,"key":"construct:ShiftPotion"},{"floor":16,"key":"hexamod:SoulburnPotion"},{"floor":21,"key":"DuplicationPotion"},{"floor":29,"key":"SteroidPotion"},{"floor":31,"key":"champ:CounterPotion"}],"is_trial":false,"path_per_floor":["M","M","?","$","M","R","E","R","T","M","E","?","M","E","R","B",null,"?","?","?","?","?","NM","T","?","T","T","?","?","E","?","T","B",null,"?","?","T","?","T","E"],"character_chosen":"HERMIT","items_purchased":["hermit:ShadowCloak","hermit:LowProfile+1","Iron Hammer","hermit:Virtue","ReplayTheSpireMod:Necrogeddon"],"campfire_rested":2,"item_purchase_floors":[4,4,27,37,37],"current_hp_per_floor":[68,68,68,68,68,68,41,41,41,39,31,31,26,10,32,28,63,58,58,51,33,27,19,41,53,53,53,47,30,41,40,40,41,67,55,55,55,48,48,0,0],"gold":63,"neow_bonus":"THREE_ENEMY_KILL","is_daily":false,"chose_seed":false,"campfire_upgraded":3,"win_rate":0.0,"timestamp":1614154953,"path_taken":["M","M","?","$","M","R","E","R","T","M","E","?","M","E","R","BOSS","?","?","?","?","?","NM","T","?","T","T","?","?","E","?","T","BOSS","?","?","T","?","T","E"],"items_purchased_type":["Card","Card","Relic","Card","Card"],"build_version":"2020-12-22","purchased_purges":2,"victory":false,"max_hp_per_floor":[75,75,75,75,75,75,75,75,75,75,75,75,75,75,75,75,75,75,75,75,75,75,75,75,75,75,75,75,75,75,75,75,75,75,75,75,75,75,75,75,75],"card_choices":[{"not_picked":["hermit:LowProfile","hermit:Misfire"],"picked":"hermit:GhostlyPresence","floor":1},{"not_picked":["hermit:Snipe","hermit:LuckOfTheDraw","hermit:Shortfuse"],"picked":"SKIP","floor":2},{"not_picked":["hermit:Misfire","hermit:Desperado"],"picked":"hermit:Spite","floor":5},{"not_picked":["hermit:Combo","hermit:HighCaliber"],"picked":"hermit:FatalDesire","floor":7},{"not_picked":["hermit:ItchyTrigger","hermit:Coalescence","hermit:Headshot"],"picked":"SKIP","floor":10},{"not_picked":["hermit:HeroicBravado","hermit:TakeCover"],"picked":"hermit:Magnum","floor":11},{"not_picked":["hermit:Headshot","hermit:Ricochet"],"picked":"hermit:DeadMansHand","floor":13},{"not_picked":["hermit:Snipe","hermit:PistolWhip"],"picked":"hermit:Gambit","floor":14},{"not_picked":["hermit:FinalCanter","hermit:BlackWind"],"picked":"hermit:Reprieve","floor":16},{"not_picked":["hermit:GoldenBullet","hermit:Feint+1","hermit:Headshot"],"picked":"SKIP","floor":18},{"not_picked":["hermit:Showdown","hermit:Combo+1","hermit:Determination+1"],"picked":"SKIP","floor":20},{"not_picked":["hermit:Vantage","hermit:Feint"],"picked":"hermit:Brawl","floor":21},{"not_picked":["hermit:TakeCover","hermit:CalledShot"],"picked":"hermit:GhostlyPresence","floor":22},{"not_picked":["hermit:Headshot","hermit:Roulette+1","hermit:Quickdraw+1"],"picked":"SKIP","floor":23},{"not_picked":["hermit:Scavenge","hermit:LowProfile"],"picked":"hermit:Gambit","floor":25},{"not_picked":["hermit:Coalescence+1","hermit:Vantage","hermit:TakeAim"],"picked":"SKIP","floor":28},{"not_picked":["hermit:Misfire","hermit:BodyArmor"],"picked":"hermit:ShadowCloak","floor":29},{"not_picked":["hermit:LoneWolf","hermit:Vantage"],"picked":"hermit:Roughhouse","floor":30},{"not_picked":["hermit:Dive","hermit:Malice","hermit:ItchyTrigger+1"],"picked":"SKIP","floor":31},{"not_picked":["hermit:Gambit","hermit:HighNoon"],"picked":"hermit:FatalDesire","floor":33},{"not_picked":["Doubt","Hallucinations"],"picked":"Parasite","floor":34},{"not_picked":["downfall:Malfunctioning","conspire:Blindness"],"picked":"TheCursedMod:Dregs","floor":34},{"not_picked":["Replay:Sluggish","Voices"],"picked":"animator:Curse_GriefSeed","floor":34},{"not_picked":["hermit:DeadMansHand+1","hermit:Desperado+1","hermit:Vantage+1"],"picked":"SKIP","floor":35},{"not_picked":["hermit:PistolWhip","hermit:Spite","hermit:Quickdraw"],"picked":"SKIP","floor":36},{"not_picked":["hermit:CursedWeapon+1","hermit:TakeAim","hermit:Roughhouse"],"picked":"SKIP","floor":38}],"player_experience":2216913,"relics_obtained":[{"floor":7,"key":"Replay:Towering Pillar of Hats"},{"floor":9,"key":"hubris:SlimyHat"},{"floor":11,"key":"Blue Doll"},{"floor":14,"key":"hubris:SphereOfDissonance"},{"floor":22,"key":"hexamod:BolsterEngine"},{"floor":23,"key":"Replay:Bandana"},{"floor":26,"key":"infinitespire:WardingShard"},{"floor":30,"key":"infinitespire:BottledMercury"}],"event_choices":[{"damage_healed":0,"gold_gain":0,"player_choice":"Agree","damage_taken":0,"max_hp_gain":0,"max_hp_loss":0,"event_name":"conspire:LoneGhost","floor":3,"gold_loss":0}],"is_beta":false,"boss_relics":[{"not_picked":["Pandora\u0027s Box","SacredBark"],"picked":"Painkiller Herb"},{"not_picked":["hubris:RunicObelisk","Runic Pyramid"],"picked":"Replay:Ancient Bell"},{"not_picked":["War Paint","MawBank"],"picked":"conspire:TopHat"},{"not_picked":["conspire:BottledYoYo","Onion Ring"],"picked":"Meat on the Bone"},{"not_picked":["conspire:GiftBox","Ginger"],"picked":"hermit:CharredGlove"}],"items_purged_floors":[27,37],"is_endless":false,"potions_floor_spawned":[5,10,11,13,16,20,21,29,31,38],"killed_by":"Reptomancer","ascension_level":8}}