{"host":"ilo0sg5cl3zcnqwd","time":1614208034,"event":{"mods":["BaseMod","Downfall","Minty Spire (QoL Compilation)","StSLib"],"gold_per_floor":[99,117,137,137,153,179,179,79,92,106,106,106,106,123,135,135,135,135],"floor_reached":16,"language":"ENG","playtime":715,"items_purged":[],"score":109,"play_id":"5c4707cb-ab49-45fb-96df-cb2e7637ffeb","local_time":"20210224230714","is_ascension_mode":true,"campfire_choices":[{"data":"Guardian:CurlUp","floor":1,"key":"SMITH"},{"floor":8,"key":"REST"},{"data":"Guardian:ConstructionForm","floor":11,"key":"SMITH"},{"data":"Guardian:RefractedBeam","floor":13,"key":"SMITH"}],"circlet_count":0,"master_deck":["Guardian:Strike_Guardian","Guardian:Strike_Guardian","Guardian:Strike_Guardian","Guardian:Defend_Guardian","Guardian:Defend_Guardian","Guardian:Defend_Guardian","Guardian:Defend_Guardian","Guardian:CurlUp+1","Guardian:TwinSlam","Guardian:ConstructionForm+1","Guardian:Gem_Purple","Guardian:RollAttack","Guardian:RefractedBeam+1","Guardian:Gem_Crimson","Guardian:Gem_Fragmented"],"relics":["Guardian:ModeShifter","Orichalcum","Gremlin Horn","Strawberry","Matryoshka","downfall:HeartBlessingGreen"],"acts_visited":["Exordium"],"potions_floor_usage":[16],"damage_taken":[{"damage":0,"enemies":"Cultist","floor":2,"turns":5},{"damage":1,"enemies":"Jaw Worm","floor":3,"turns":4},{"damage":4,"enemies":"Small Slimes","floor":5,"turns":3},{"damage":69,"enemies":"Gremlin Nob","floor":6,"turns":9},{"damage":0,"enemies":"Blue Slaver","floor":9,"turns":5},{"damage":9,"enemies":"Exordium Thugs","floor":10,"turns":5},{"damage":10,"enemies":"Large Slime","floor":14,"turns":5},{"damage":7,"enemies":"Red Slaver","floor":15,"turns":2},{"damage":15,"enemies":"IC_STATUS_ARCHETYPE","floor":16,"turns":8}],"seed_played":"7838490108777860075","potions_obtained":[{"floor":3,"key":"SteroidPotion"},{"floor":5,"key":"Dexterity Potion"},{"floor":9,"key":"FearPotion"}],"is_trial":false,"path_per_floor":["R","M","M","T","M","E","T","R","M","M","R","?","R","M","M","B"],"character_chosen":"GUARDIAN","items_purchased":[],"campfire_rested":1,"item_purchase_floors":[],"current_hp_per_floor":[80,80,79,79,75,13,13,39,39,30,30,30,30,20,13,0,0,0],"gold":135,"neow_bonus":"RANDOM_COMMON_RELIC","is_daily":false,"chose_seed":false,"campfire_upgraded":3,"win_rate":0.0,"timestamp":1614208034,"path_taken":["R","M","?","?","M","E","T","R","M","M","R","?","R","M","M","BOSS"],"items_purchased_type":[],"build_version":"2020-12-22","purchased_purges":0,"victory":false,"max_hp_per_floor":[80,80,80,80,80,87,87,87,87,87,87,87,87,87,87,87,87,87],"card_choices":[{"not_picked":["Guardian:Recover","Guardian:Gem_Purple"],"picked":"Guardian:Gem_White","floor":2},{"not_picked":["Guardian:TemporalShield","Guardian:CrystalBeam"],"picked":"Guardian:Gem_Cyan","floor":3},{"not_picked":["Guardian:BronzeOrb","Guardian:Reroute"],"picked":"Guardian:Gem_White","floor":5},{"not_picked":["Guardian:ChargeCore","Guardian:Incinerate"],"picked":"Guardian:ConstructionForm","floor":6},{"not_picked":["Guardian:Gem_Cyan","Guardian:TemporalStrike"],"picked":"Guardian:Gem_Purple","floor":9},{"not_picked":["Guardian:Gem_Yellow","Guardian:ArmoredProtocol"],"picked":"Guardian:RollAttack","floor":10},{"not_picked":["Guardian:Recover","Guardian:TemporalStrike"],"picked":"Guardian:Gem_Crimson","floor":14},{"not_picked":["Guardian:ShieldSpikes","Guardian:BronzeOrb"],"picked":"Guardian:Gem_Fragmented","floor":15}],"player_experience":306121,"relics_obtained":[{"floor":4,"key":"Gremlin Horn"},{"floor":6,"key":"Strawberry"},{"floor":7,"key":"Matryoshka"}],"event_choices":[{"damage_healed":0,"gold_gain":0,"cards_transformed":["Guardian:Strike_Guardian"],"player_choice":"Change","damage_taken":0,"max_hp_gain":0,"max_hp_loss":0,"event_name":"Living Wall","floor":12,"gold_loss":0,"cards_obtained":["Guardian:RefractedBeam"]}],"is_beta":false,"boss_relics":[],"items_purged_floors":[],"is_endless":false,"potions_floor_spawned":[3,5,9],"killed_by":"IC_STATUS_ARCHETYPE","ascension_level":1}}