{"host":"llzxi9jqk7yykm8l","time":1614142919,"event":{"mods":["BaseMod","Colored Map","Highlight Path","Minty Spire (QoL Compilation)","Replay The Spire","StSLib","Transform Curses"],"gold_per_floor":[113,113,113,65,78,104,120,120,191,191,210,221,221,231,231,328,328,294,23,36,36,36,36,47,47,47,47,61,61,27,27,27,27,27],"floor_reached":33,"language":"ENG","playtime":2465,"items_purged":[],"score":245,"play_id":"edcbc2eb-3c51-45b9-ac3d-6f5954f4bc81","local_time":"20210223230159","is_ascension_mode":false,"campfire_choices":[{"floor":8,"key":"REST"},{"data":"Shrug It Off","floor":10,"key":"SMITH"},{"floor":15,"key":"REST"},{"floor":23,"key":"REST"},{"floor":25,"key":"REST"},{"floor":29,"key":"REST"},{"data":"Seeing Red","floor":32,"key":"SMITH"}],"circlet_count":0,"master_deck":["Strike_R","Strike_R","Strike_R","Strike_R","Strike_R","Defend_R","Defend_R","Defend_R+1","Defend_R","Bash","Headbutt+1","Twin Strike","Twin Strike","Rampage","Flex","Seeing Red+1","Impervious","Power Through","Dramatic Entrance","Shrug It Off","Shrug It Off","Flex","Cleave+1","Iron Wave","Rampage"],"relics":["Burning Blood","King of Hearts","Kunai","Black Star","Bronze Scales","Replay:Towering Pillar of Hats","Blue Candle"],"acts_visited":["Exordium","TheCity"],"potions_floor_usage":[11,16,24],"damage_taken":[{"damage":2,"enemies":"Small Slimes","floor":1,"turns":4},{"damage":2,"enemies":"2 Louse","floor":5,"turns":4},{"damage":31,"enemies":"Lagavulin","floor":6,"turns":7},{"damage":0,"enemies":"Cultist","floor":7,"turns":3},{"damage":16,"enemies":"Exordium Wildlife","floor":11,"turns":4},{"damage":33,"enemies":"Gremlin Gang","floor":12,"turns":7},{"damage":0,"enemies":"2 Fungi Beasts","floor":14,"turns":3},{"damage":55,"enemies":"Hexaghost","floor":16,"turns":14},{"damage":31,"enemies":"2 Thieves","floor":18,"turns":5},{"damage":14,"enemies":"Spheric Guardian","floor":20,"turns":4},{"damage":21,"enemies":"Centurion and Healer","floor":24,"turns":14},{"damage":24,"enemies":"Sentry and Sphere","floor":28,"turns":8},{"damage":94,"enemies":"Automaton","floor":33,"turns":10}],"seed_played":"-8189239715369514240","potions_obtained":[{"floor":7,"key":"Explosive Potion"},{"floor":14,"key":"LifebloodPotion"},{"floor":18,"key":"Elixir"}],"is_trial":false,"path_per_floor":["M","?","?","$","M","E","M","R","T","R","M","M","?","M","R","B",null,"M","$","M","?","$","R","M","R","T","?","M","R","$","?","R","B"],"character_chosen":"IRONCLAD","items_purchased":["Shrug It Off","Bronze Scales","Dramatic Entrance","Shrug It Off","Rampage"],"campfire_rested":5,"item_purchase_floors":[4,19,19,19,30],"current_hp_per_floor":[85,85,85,85,85,60,66,85,85,85,75,48,53,59,84,35,85,60,60,52,52,52,77,62,85,85,85,67,85,85,85,85,0,0],"gold":27,"neow_bonus":"RANDOM_EVENT","is_daily":false,"chose_seed":false,"campfire_upgraded":2,"win_rate":0.0,"timestamp":1614142919,"path_taken":["M","?","?","$","M","E","M","R","T","R","M","?","?","M","R","BOSS","M","$","?","?","?","R","M","R","T","?","?","R","$","?","R","BOSS"],"items_purchased_type":["Card","Relic","Card","Card","Card"],"build_version":"2020-12-22","purchased_purges":0,"victory":false,"max_hp_per_floor":[85,85,85,85,85,85,85,85,85,85,85,85,85,85,85,85,85,85,85,85,85,85,85,85,85,85,85,85,85,85,85,85,85,85],"card_choices":[{"not_picked":["Sword Boomerang","Evolve"],"picked":"Headbutt","floor":1},{"not_picked":["Thunderclap","Clash"],"picked":"Twin Strike","floor":5},{"not_picked":["Headbutt","ReplayTheSpireMod:Limb From Limb"],"picked":"Twin Strike","floor":6},{"not_picked":["Bloodletting","Rupture"],"picked":"Rampage","floor":7},{"not_picked":["Clash","Replay:Undeath\u0027s Touch"],"picked":"Body Slam","floor":11},{"not_picked":["True Grit","Havoc"],"picked":"Flex","floor":12},{"not_picked":["Anger","Ghostly Armor"],"picked":"Seeing Red","floor":14},{"not_picked":["Limit Break","Double Tap"],"picked":"Impervious","floor":16},{"not_picked":["Clash+1","ReplayTheSpireMod:Muscle Training"],"picked":"Power Through","floor":18},{"not_picked":["Perfected Strike","Abandon"],"picked":"Shrug It Off","floor":20},{"not_picked":["Flame Barrier","Fire Breathing"],"picked":"Cleave+1","floor":24},{"not_picked":["Armaments","Dual Wield"],"picked":"Iron Wave","floor":28}],"player_experience":2450694,"relics_obtained":[{"floor":6,"key":"King of Hearts"},{"floor":9,"key":"Kunai"},{"floor":26,"key":"Replay:Towering Pillar of Hats"}],"event_choices":[{"damage_healed":0,"gold_gain":0,"player_choice":"Donut","damage_taken":0,"max_hp_gain":5,"max_hp_loss":0,"event_name":"Big Fish","floor":0,"gold_loss":0},{"damage_healed":0,"gold_gain":0,"player_choice":"Forge","damage_taken":0,"max_hp_gain":0,"max_hp_loss":0,"event_name":"Accursed Blacksmith","floor":3,"gold_loss":0,"cards_upgraded":["Headbutt"]},{"cards_removed":["Body Slam"],"damage_healed":5,"gold_gain":0,"player_choice":"Offered Common","damage_taken":0,"max_hp_gain":0,"max_hp_loss":0,"event_name":"Bonfire Elementals","floor":13,"gold_loss":0},{"cards_removed":["Body Slam"],"damage_healed":5,"gold_gain":0,"player_choice":"Offered Special","damage_taken":0,"max_hp_gain":0,"max_hp_loss":0,"event_name":"Bonfire Elementals","floor":13,"gold_loss":0},{"damage_healed":0,"gold_gain":0,"player_choice":"Copied","damage_taken":0,"max_hp_gain":0,"max_hp_loss":0,"event_name":"Duplicator","floor":21,"gold_loss":0,"cards_obtained":["Flex"]},{"cards_removed":["Shrug It Off"],"damage_healed":0,"gold_gain":0,"player_choice":"Gave Card","damage_taken":0,"relics_obtained":["Blue Candle"],"max_hp_gain":0,"max_hp_loss":0,"event_name":"WeMeetAgain","floor":27,"gold_loss":0},{"damage_healed":0,"gold_gain":0,"player_choice":"Ignored","damage_taken":0,"max_hp_gain":0,"max_hp_loss":0,"event_name":"Vampires","floor":31,"gold_loss":0}],"is_beta":false,"boss_relics":[{"not_picked":["Ring of Chaos","Ooze Armor"],"picked":"Black Star"}],"items_purged_floors":[],"is_endless":false,"potions_floor_spawned":[7,14,18],"killed_by":"Automaton","ascension_level":0}}