{"host":"ow66nzv2xecjoor3","time":1614154102,"event":{"mods":["BaseMod","Bestiary","Block Reminder","Colored Powertips","Curses Come First","Highlight Path","Keyboard Shortcuts","Minty Spire (QoL Compilation)","Permanent Neow","Relic Stats","StSLib","UnlockEverythingMod"],"gold_per_floor":[110,110,123,135,151,182,182,207,207,218,146,146,176,190,190,267,267,282,301,301,301],"floor_reached":20,"language":"ENG","playtime":871,"items_purged":[],"score":392,"play_id":"6107f507-276e-4b11-839c-d20a404aa441","local_time":"20210224020822","is_ascension_mode":true,"campfire_choices":[{"floor":7,"key":"REST"},{"floor":12,"key":"REST"},{"floor":15,"key":"REST"}],"circlet_count":0,"master_deck":["AscendersBane","Strike_P","Defend_P","Defend_P","Defend_P","Eruption","Vigilance","BowlingBash+1","CutThroughFate","EmptyMind","CrushJoints","Sanctity","FlurryOfBlows","Consecrate","Halt+1","Conclude","LessonLearned","Sanctity+1","FollowUp+1","Prostrate+1","CutThroughFate","WheelKick"],"relics":["Sozu","Vajra","Frozen Egg 2","Bottled Flame","Art of War","Astrolabe"],"acts_visited":["Exordium","TheCity"],"potions_floor_usage":[],"damage_taken":[{"damage":0,"enemies":"2 Louse","floor":1,"turns":4},{"damage":0,"enemies":"Jaw Worm","floor":3,"turns":4},{"damage":0,"enemies":"Small Slimes","floor":4,"turns":3},{"damage":5,"enemies":"Exordium Thugs","floor":5,"turns":4},{"damage":48,"enemies":"Lagavulin","floor":6,"turns":9},{"damage":16,"enemies":"Gremlin Nob","floor":8,"turns":3},{"damage":0,"enemies":"Blue Slaver","floor":10,"turns":2},{"damage":6,"enemies":"Lagavulin","floor":13,"turns":5},{"damage":0,"enemies":"2 Fungi Beasts","floor":14,"turns":2},{"damage":11,"enemies":"The Guardian","floor":16,"turns":10},{"damage":43,"enemies":"Chosen","floor":18,"turns":7},{"damage":0,"enemies":"Spheric Guardian","floor":19,"turns":2},{"damage":37,"enemies":"Shelled Parasite and Fungi","floor":20,"turns":3}],"seed_played":"5258333532401549755","potions_obtained":[],"is_trial":false,"path_per_floor":["M","?","M","M","M","E","R","E","T","M","?","R","E","M","R","B",null,"M","M","M"],"character_chosen":"WATCHER","items_purchased":[],"campfire_rested":3,"item_purchase_floors":[],"current_hp_per_floor":[61,54,54,54,49,1,21,5,5,5,5,25,19,19,39,28,58,15,15,0,0],"gold":301,"neow_bonus":"BOSS_RELIC","is_daily":false,"chose_seed":false,"campfire_upgraded":0,"win_rate":0.0,"timestamp":1614154102,"path_taken":["M","?","M","M","M","E","R","E","T","M","?","R","E","M","R","BOSS","M","M","M"],"items_purchased_type":[],"build_version":"2020-12-22","purchased_purges":0,"victory":false,"max_hp_per_floor":[68,68,68,68,68,68,68,68,68,68,68,68,68,68,68,68,68,68,68,68,68],"relic_stats":{"Sozu":7,"counters":[13,58],"Astrolabe":["Sanctity","FollowUp","Prostrate"],"Art of War":[5],"obtain_stats":[{"Sozu":0,"Bottled Flame":9,"Astrolabe":17,"Vajra":6,"Art of War":13,"PureWater":0,"Frozen Egg 2":8},{"Sozu":0,"Bottled Flame":6,"Astrolabe":10,"Vajra":5,"Art of War":8,"PureWater":0,"Frozen Egg 2":6},{"Sozu":0,"Bottled Flame":27,"Astrolabe":46,"Vajra":24,"Art of War":34,"PureWater":0,"Frozen Egg 2":27}]},"card_choices":[{"not_picked":["Prostrate","ThirdEye"],"picked":"BowlingBash","floor":1},{"not_picked":["WreathOfFlame","Indignation"],"picked":"CutThroughFate","floor":3},{"not_picked":["Nirvana","InnerPeace"],"picked":"EmptyMind","floor":4},{"not_picked":["FlyingSleeves","Worship"],"picked":"CrushJoints","floor":5},{"not_picked":["Perseverance","LikeWater"],"picked":"Sanctity","floor":6},{"not_picked":["ClearTheMind","DevaForm+1"],"picked":"FlurryOfBlows","floor":8},{"not_picked":["JustLucky","Collect"],"picked":"Consecrate","floor":10},{"not_picked":["ForeignInfluence","PathToVictory"],"picked":"Halt","floor":13},{"not_picked":["Crescendo","FlyingSleeves"],"picked":"Conclude","floor":14},{"not_picked":["Brilliance","DevaForm+1"],"picked":"LessonLearned","floor":16},{"not_picked":["ClearTheMind","CarveReality"],"picked":"CutThroughFate","floor":18},{"not_picked":["Halt","Protect"],"picked":"WheelKick","floor":19}],"player_experience":2982220,"relics_obtained":[{"floor":6,"key":"Vajra"},{"floor":8,"key":"Frozen Egg 2"},{"floor":9,"key":"Bottled Flame"},{"floor":13,"key":"Art of War"}],"event_choices":[{"cards_removed":["Strike_P"],"damage_healed":0,"gold_gain":0,"player_choice":"Card Removal","damage_taken":7,"max_hp_gain":0,"max_hp_loss":0,"event_name":"Golden Wing","floor":2,"gold_loss":0},{"damage_healed":0,"gold_gain":0,"player_choice":"Left Gold","damage_taken":0,"max_hp_gain":0,"max_hp_loss":0,"event_name":"World of Goop","floor":11,"gold_loss":72}],"is_beta":false,"boss_relics":[{"not_picked":["Calling Bell","SlaversCollar"],"picked":"Astrolabe"}],"items_purged_floors":[],"is_endless":false,"potions_floor_spawned":[3,4,5,8,13,18,19],"killed_by":"Shelled Parasite and Fungi","ascension_level":20}}