{"host":"19r1ww88x2tc73i0","time":1614159788,"event":{"mods":["BaseMod","BetterRewards","Colored Map","Minty Spire (QoL Compilation)","Relic Stats","StSLib","SuperFastMode","slay the spire mod where everything is the same but ironclad has a cowboy hat"],"gold_per_floor":[111,129,141,141,29,60,60,92,115,115,147,163,197,215,215,291,291,305,305,50,60,70,98,111,111,134,148,183,183,61,61,61],"floor_reached":31,"language":"ENG","playtime":1090,"items_purged":["Strike_R"],"score":660,"play_id":"d461c25c-1e0b-4ddb-b5dd-856206894d89","local_time":"25640224164308","is_ascension_mode":true,"campfire_choices":[{"data":"Rupture","floor":7.0,"key":"SMITH"},{"data":"Bash","floor":10,"key":"SMITH"},{"data":"Rupture","floor":15,"key":"SMITH"},{"data":"Dark Embrace","floor":25,"key":"SMITH"},{"data":"Fiend Fire","floor":29,"key":"SMITH"}],"circlet_count":0,"master_deck":["AscendersBane","Strike_R","Strike_R","Strike_R","Strike_R","Defend_R","Defend_R","Defend_R","Defend_R","Bash+1","Rupture+1","Shrug It Off","Rupture+1","Bloodletting","Heavy Blade","Reaper","Pummel","Ghostly Armor","Dark Embrace+1","Dual Wield","Fiend Fire+1","Heavy Blade+1","Battle Trance","Feel No Pain","Clothesline","Thunderclap","Double Tap"],"relics":["Burning Blood","Pen Nib","HandDrill","Lantern","Thread and Needle","Boot","Anchor","Bag of Marbles","Ice Cream","Happy Flower","Coffee Dripper","The Courier","Torii","Self Forming Clay","Vajra"],"acts_visited":["Exordium","TheCity"],"potions_floor_usage":[8,13,22,23,27],"damage_taken":[{"damage":3.0,"enemies":"Jaw Worm","floor":1.0,"turns":4.0},{"damage":2.0,"enemies":"Cultist","floor":2.0,"turns":3.0},{"damage":2.0,"enemies":"2 Louse","floor":3.0,"turns":2.0},{"damage":8.0,"enemies":"Gremlin Nob","floor":6.0,"turns":3.0},{"damage":17,"enemies":"3 Sentries","floor":8,"turns":10},{"damage":11,"enemies":"Lagavulin","floor":11,"turns":5},{"damage":0,"enemies":"Red Slaver","floor":12,"turns":2},{"damage":0,"enemies":"Gremlin Nob","floor":13,"turns":3},{"damage":0,"enemies":"2 Fungi Beasts","floor":14,"turns":4},{"damage":30,"enemies":"The Guardian","floor":16,"turns":9},{"damage":0,"enemies":"Spheric Guardian","floor":18,"turns":3},{"damage":0,"enemies":"2 Thieves","floor":21,"turns":3},{"damage":7,"enemies":"Centurion and Healer","floor":22,"turns":4},{"damage":27,"enemies":"Book of Stabbing","floor":23,"turns":5},{"damage":32,"enemies":"Snecko","floor":24,"turns":5},{"damage":13,"enemies":"Cultist and Chosen","floor":27,"turns":6},{"damage":27,"enemies":"Slavers","floor":28,"turns":5},{"damage":17,"enemies":"Snake Plant","floor":31,"turns":2}],"seed_played":"-4514537029908183808","potions_obtained":[{"floor":2.0,"key":"ElixirPotion"},{"floor":3.0,"key":"Fire Potion"},{"floor":12,"key":"BlessingOfTheForge"},{"floor":14,"key":"FearPotion"},{"floor":16,"key":"Explosive Potion"},{"floor":21,"key":"CultistPotion"},{"floor":24,"key":"Swift Potion"}],"is_trial":false,"path_per_floor":["M","M","M","?","$","E","R","E","T","R","E","M","E","M","R","B",null,"M","T","$","M","M","E","M","R","T","M","E","R","$","M"],"character_chosen":"IRONCLAD","items_purchased":["Pen Nib","HandDrill","Lantern","Thread and Needle","Strength Potion","Bloodletting","Heavy Blade","Torii","Double Tap"],"campfire_rested":0,"item_purchase_floors":[0,0,0,0,0,5,5,20,30],"current_hp_per_floor":[71,75,75,71,71,69,69,60,60,60,55,61,67,75,75,51,69,75,75,75,75,74,53,27,27,27,36,15,15,15,0,0],"gold":61,"neow_bonus":"","is_daily":false,"chose_seed":false,"campfire_upgraded":5,"win_rate":0.0,"timestamp":1614159788,"path_taken":["M","M","M","?","$","E","R","E","T","R","E","?","E","M","R","BOSS","M","?","$","M","M","E","M","R","T","M","E","R","$","M"],"items_purchased_type":["Relic","Relic","Relic","Relic","Potion","Card","Card","Relic","Card"],"build_version":"2020-12-22","purchased_purges":1,"victory":false,"max_hp_per_floor":[75,75,75,75,75,75,75,75,75,75,75,75,75,75,75,75,75,75,75,75,75,75,75,75,75,75,75,75,75,75,75,75],"relic_stats":{"Happy Flower":[15],"Torii":13,"counters":[56,204],"Self Forming Clay":[30],"Pen Nib":[12],"HandDrill":[14],"Boot":[44],"obtain_stats":[{"Ice Cream":11,"Regal Pillow":23,"Lantern":0,"Gremlin Horn":45,"Torii":45,"Vajra":28,"Whetstone":25,"Ginger":26,"Bottled Tornado":43,"Boot":14,"Sling":0,"Burning Blood":0,"Mummified Hand":25,"Sundial":28,"Red Mask":29,"HandDrill":0,"Chemical X":0,"Paper Frog":12,"Potion Belt":13,"Happy Flower":13,"Self Forming Clay":9,"Oddly Smooth Stone":28,"Eternal Feather":38,"Thread and Needle":0,"PreservedInsect":0,"Pen Nib":0,"The Courier":19,"Orichalcum":8,"War Paint":9,"Question Card":14,"Akabeko":0,"White Beast Statue":12,"Du-Vu Doll":37,"Anchor":8,"Brimstone":22,"Bird Faced Urn":39,"Bag of Marbles":0,"Black Star":17,"Coffee Dripper":34,"Art of War":7,"Champion Belt":0,"Toy Ornithopter":23,"FossilizedHelix":31},{"Ice Cream":44,"Regal Pillow":12,"Lantern":38,"Gremlin Horn":26,"Torii":26,"Vajra":55,"Whetstone":13,"Ginger":13,"Bottled Tornado":24,"Boot":7,"Sling":29,"Burning Blood":0,"Mummified Hand":13,"Sundial":15,"Red Mask":16,"HandDrill":38,"Chemical X":29,"Paper Frog":5,"Potion Belt":36,"Happy Flower":46,"Self Forming Clay":35,"Oddly Smooth Stone":15,"Eternal Feather":21,"Thread and Needle":38,"PreservedInsect":0,"Pen Nib":38,"The Courier":49,"Orichalcum":4,"War Paint":4,"Question Card":37,"Akabeko":0,"White Beast Statue":36,"Du-Vu Doll":21,"Anchor":43,"Brimstone":11,"Bird Faced Urn":22,"Bag of Marbles":0,"Black Star":8,"Coffee Dripper":18,"Art of War":35,"Champion Belt":29,"Toy Ornithopter":12,"FossilizedHelix":17},{"Ice Cream":153,"Regal Pillow":35,"Lantern":126,"Gremlin Horn":76,"Torii":76,"Vajra":202,"Whetstone":38,"Ginger":38,"Bottled Tornado":70,"Boot":17,"Sling":83,"Burning Blood":0,"Mummified Hand":38,"Sundial":44,"Red Mask":47,"HandDrill":126,"Chemical X":83,"Paper Frog":14,"Potion Belt":111,"Happy Flower":158,"Self Forming Clay":108,"Oddly Smooth Stone":44,"Eternal Feather":62,"Thread and Needle":126,"PreservedInsect":0,"Pen Nib":126,"The Courier":174,"Orichalcum":11,"War Paint":11,"Question Card":115,"Akabeko":0,"White Beast Statue":111,"Du-Vu Doll":62,"Anchor":148,"Brimstone":33,"Bird Faced Urn":65,"Bag of Marbles":0,"Black Star":24,"Coffee Dripper":57,"Art of War":108,"Champion Belt":83,"Toy Ornithopter":35,"FossilizedHelix":49}],"Burning Blood":273},"card_choices":[{"not_picked":["Havoc","Iron Wave"],"picked":"Rupture","floor":1.0},{"not_picked":["Wild Strike","Warcry"],"picked":"Shrug It Off","floor":2.0},{"not_picked":["Armaments","True Grit"],"picked":"Rupture","floor":3.0},{"not_picked":["Pummel","Impervious"],"picked":"Reaper","floor":6.0},{"not_picked":["Blood for Blood","Clash","Dual Wield"],"picked":"SKIP","floor":8},{"not_picked":["Twin Strike","Perfected Strike"],"picked":"Pummel","floor":11},{"not_picked":["Headbutt","Uppercut"],"picked":"Ghostly Armor","floor":12},{"not_picked":["Combust","Headbutt"],"picked":"Dark Embrace","floor":13},{"not_picked":["Anger","Fire Breathing"],"picked":"Dual Wield","floor":14},{"not_picked":["Immolate","Reaper"],"picked":"Fiend Fire","floor":16},{"not_picked":["Body Slam","Clothesline"],"picked":"Heavy Blade+1","floor":18},{"not_picked":["Shockwave","Thunderclap+1"],"picked":"Battle Trance","floor":21},{"not_picked":["Thunderclap","Carnage"],"picked":"Feel No Pain","floor":22},{"not_picked":["Clothesline","Pommel Strike","Iron Wave"],"picked":"SKIP","floor":23},{"not_picked":["Clothesline","Pommel Strike","Iron Wave"],"picked":"SKIP","floor":23},{"not_picked":["Pommel Strike","Iron Wave"],"picked":"Clothesline","floor":23},{"not_picked":["Dark Embrace","Body Slam","True Grit"],"picked":"SKIP","floor":24},{"not_picked":["Headbutt","Perfected Strike","Dark Embrace"],"picked":"SKIP","floor":27},{"not_picked":["Searing Blow","Uppercut"],"picked":"Thunderclap","floor":28}],"player_experience":1156916,"relics_obtained":[{"floor":6.0,"key":"Boot"},{"floor":8,"key":"Anchor"},{"floor":9,"key":"Bag of Marbles"},{"floor":11,"key":"Ice Cream"},{"floor":13,"key":"Happy Flower"},{"floor":19,"key":"The Courier"},{"floor":23,"key":"Self Forming Clay"},{"floor":28,"key":"Vajra"}],"event_choices":[{"damage_healed":0.0,"max_hp_gain":0.0,"max_hp_loss":0.0,"gold_gain":0.0,"event_name":"The Woman in Blue","player_choice":"Bought 0 Potions","floor":4.0,"gold_loss":0.0,"damage_taken":0.0}],"is_beta":false,"boss_relics":[{"not_picked":["Pandora\u0027s Box","Ectoplasm"],"picked":"Coffee Dripper"}],"items_purged_floors":[30],"is_endless":false,"potions_floor_spawned":[2,3,12,14,16,21,24],"killed_by":"Snake Plant","ascension_level":20}}