{"host":"1lxw72ckkilnkgp7","time":1614161344,"event":{"mods":["ATMod(阿瑾Mod)","BaseMod","BetterRewards","Custom Start","Marisa（F雨　魔理沙）","Minty Spire (QoL Compilation)","Quick Restart","Replay The Spire","Shop Mod","StSLib","The Servant 0.9.4","[IsaacMod]以撒尖塔","[功能]功能增强和修复MOD"],"gold_per_floor":[135,135,203,253,253,662,700,859,859,1010,1412,1447,1605,1749,1749,2183,2183,2221,2264,2264,2368,2368,2522,2522,2572,2651,2853,2903,2868,3028,3095,3095,3503,3503,3643,3693,3743,3743,3793,3949,3999,4151,4151,4301,4351,4454,4454,4644,4644,5044,5044,5044,5044,5362,6797],"floor_reached":56,"language":"ZHS","playtime":2986,"items_purged":["ReplayTheSpireMod:Doomed","Strike_S","Strike_S","Defend_S","Defend_S","Hightail","Strike_S","BloodyBrimstone","Defend_S","Strike_S","Defend_S","BottledTime","Replace+1"],"score":2611,"play_id":"d270a82e-39fd-41f8-8ce5-0526b9cdf6ad","local_time":"20210224180904","is_ascension_mode":true,"campfire_choices":[{"floor":15.0,"key":"RECALL"},{"floor":24.0,"key":"REST"},{"floor":32.0,"key":"DIG"},{"floor":47,"key":"REST"},{"floor":49,"key":"DIG"},{"floor":52,"key":"REST"}],"circlet_count":0,"master_deck":["KidneyShot+1","Exchange","AT_FamilyPortrait+1","Rearm+1","BottledTime+1","DualDimension","SuicideKing","StarChef","Sunlight+1","Alleviate+1","Manipulate","Gouge","DualDimension+1","ShiftingGears+1","BottledTime","SoulSculpture","InstantArmor","MurderousAura","LightFlow","Hightail+1","Solidify+1","Gouge","FloweringNight+1","TheWorld+1","SilverBlades+1","Offering+1","Fasting2+1","Acrobatics+1","EscapeVelocity+1","ReplayTheSpireMod:Necrogeddon+1","Collapse+1","Berserk+1","AT_FamilyPortrait+1","Cloak And Dagger+1","AT_ChampionStep+1"],"relics":["Uniform","HushsDoor","BelialBook","Chemical X","AT_MibuBalloonWealth","AT_EbonyIvory","AT_ChloranthyRing","Lantern","Void","Replay:Baseball","AT_SeraphEmbrace","Strange Spoon","Pan","Potion Belt","BargainBundle","Toy Ornithopter","Gremlin Horn","AT_TheCollector","OrangePellets","Quantum Egg","Frozen Egg 2","AT_SilvercatRing","Medical Kit","AT_BellowingDragoncrestRing","TheBattery","Golden Egg","SteamSale","PreservedInsect","Sling","SsserpentHead","Regal Pillow","Orichalcum","Odd Mushroom","AT_ImmortalShieldbow","DeathBook","Juzu Bracelet","Fusion Hammer","Calipers","ReplayTheSpireMod:TigerMarble","Bag of Marbles","Replay:Bottled Flurry","Gremlin Food","BookOfRevelations","Replay:Mystery Machine","GuppysHead","ChewingGum","InkBottle","Nunchaku","Anchor","Replay:Bandana","Incense Burner","Mummified Hand","ReplayTheSpireMod:Ninjato","Broom","PokeGo"],"acts_visited":["Exordium","TheCity","TheBeyond","TheEnding"],"potions_floor_usage":[55,55,55,55],"damage_taken":[{"damage":0.0,"enemies":"Cultist","floor":1.0,"turns":2.0},{"damage":0.0,"enemies":"Small Slimes","floor":3.0,"turns":1.0},{"damage":0.0,"enemies":"3 Sentries","floor":6.0,"turns":2.0},{"damage":0.0,"enemies":"Jaw Worm","floor":7.0,"turns":2.0},{"damage":0.0,"enemies":"Lagavulin","floor":8.0,"turns":2.0},{"damage":0.0,"enemies":"The Mushroom Lair","floor":10.0,"turns":1.0},{"damage":0.0,"enemies":"3 Sentries","floor":11.0,"turns":1.0},{"damage":0.0,"enemies":"Blue Slaver","floor":12.0,"turns":1.0},{"damage":0.0,"enemies":"Replay:BlueRogue","floor":13.0,"turns":1.0},{"damage":0.0,"enemies":"3 Louse","floor":14.0,"turns":1.0},{"damage":0.0,"enemies":"Fading Forest","floor":16.0,"turns":3.0},{"damage":0.0,"enemies":"Chosen","floor":18.0,"turns":1.0},{"damage":0.0,"enemies":"Spheric Guardian","floor":19.0,"turns":1.0},{"damage":0.0,"enemies":"Book of Stabbing","floor":23.0,"turns":1.0},{"damage":0.0,"enemies":"Slavers","floor":27.0,"turns":1.0},{"damage":0.0,"enemies":"Book of Stabbing","floor":30.0,"turns":1.0},{"damage":0.0,"enemies":"Shelled Parasite and Fungi","floor":31.0,"turns":1.0},{"damage":0.0,"enemies":"Collector","floor":33.0,"turns":1.0},{"damage":0,"enemies":"3 Darklings","floor":35,"turns":1},{"damage":0,"enemies":"Nemesis","floor":40,"turns":1},{"damage":0,"enemies":"R_Hoarder","floor":42,"turns":1},{"damage":0,"enemies":"Giant Head","floor":44,"turns":1},{"damage":0,"enemies":"Orb Walker","floor":45,"turns":1},{"damage":0,"enemies":"Writhing Mass","floor":46,"turns":1},{"damage":0,"enemies":"Nemesis","floor":48,"turns":1},{"damage":0,"enemies":"Awakened One","floor":50,"turns":2},{"damage":0,"enemies":"Shield and Spear","floor":54,"turns":1},{"damage":0,"enemies":"Delirium","floor":55,"turns":5}],"seed_played":"2217316332775165725","potions_obtained":[{"floor":1.0,"key":"Swift Potion"},{"floor":7.0,"key":"Adrenaline Potion"},{"floor":8.0,"key":"Adrenaline Potion"},{"floor":10.0,"key":"Dexterity Potion"},{"floor":11.0,"key":"Flashbang"},{"floor":18.0,"key":"GamblersBrew"},{"floor":30.0,"key":"Weak Potion"},{"floor":45,"key":"Reflective Coating"},{"floor":46,"key":"PowerPotion"}],"is_trial":false,"path_per_floor":["M","$","M","?","?","E","M","E","T","?","E","M","E","M","R","B",null,"M","M","$","?","$","E","R","?","T","E","?","?","E","M","R","B",null,"M","T","?","$","?","E","?","E","T","E","M","M","R","E","R","B",null,"R","$","E","B",null],"character_chosen":"THE_SERVANT","items_purchased":["Rearm","Chemical X","BottledTime","AT_MibuBalloonWealth","ReplayTheSpireMod:CursedCoin","DualDimension","AT_EbonyIvory","SuicideKing","AT_ChloranthyRing","StarChef","Lantern","Orrery","Dexterity Potion","Hightail","Void","PrismaticShard","Replay:Baseball","AT_ArchangelStaff","Gouge","DualDimension","Strange Spoon","ShiftingGears","Pan","Membership Card","Potion Belt","SoulSculpture","InstantArmor","BargainBundle","MurderousAura","LightFlow","Hightail+1","Toy Ornithopter","Gremlin Horn","AT_TheCollector","OrangePellets","Quantum Egg","Frozen Egg 2","AT_SilvercatRing","Medical Kit","AT_BellowingDragoncrestRing","Solidify","Gouge","TheBattery","Golden Egg","FloweringNight+1","SteamSale","Lee\u0027s Waffle","TheWorld","SilverBlades+1","PreservedInsect","Sling","Collapse","Calipers","ReplayTheSpireMod:TigerMarble","Blue Doll","DollysMirror","ReplayTheSpireMod:Ninjato","Broom"],"campfire_rested":3,"item_purchase_floors":[0,0,0,0,0,0,0,0,0,0,0,0,0,0,0,0,0,0,0,0,0,0,0,0,0,0,0,0,0,0,0,0,0,0,0,0,0,0,0,0,0,0,0,0,0,0,0,0,0,2,2,17,20,22,38,38,53,53],"current_hp_per_floor":[72,72,72,57,57,57,57,57,57,57,57,57,57,57,57,57,64,64,64,64,49,49,49,64,64,64,64,64,64,64,64,64,64,64,64,64,64,64,64,64,61,61,61,61,61,61,61,61,61,61,61,61,61,61,61],"gold":6797,"neow_bonus":"","is_daily":false,"chose_seed":false,"campfire_upgraded":0,"win_rate":0.0,"timestamp":1614161344,"path_taken":["M","$","?","?","?","E","M","E","T","?","E","M","E","?","R","BOSS","M","M","$","?","$","E","R","?","T","E","?","?","E","M","R","BOSS","M","?","?","$","?","E","?","E","T","E","M","M","R","E","R","BOSS","R","$","E","BOSS"],"items_purchased_type":["Card","Relic","Card","Relic","Relic","Card","Relic","Card","Relic","Card","Relic","Relic","Potion","Card","Card","Relic","Relic","Relic","Card","Card","Relic","Card","Relic","Relic","Relic","Card","Card","Relic","Card","Card","Card","Relic","Relic","Relic","Relic","Relic","Relic","Relic","Relic","Relic","Card","Card","Relic","Relic","Card","Relic","Relic","Card","Card","Relic","Relic","Card","Relic","Relic","Relic","Relic","Relic","Relic"],"build_version":"2020-12-22","purchased_purges":13,"victory":true,"max_hp_per_floor":[72,72,72,72,72,72,72,72,72,72,72,72,72,72,72,72,64,64,64,64,64,64,64,64,64,64,64,64,64,64,64,64,64,64,64,64,64,64,64,64,61,61,61,61,61,61,61,61,61,61,61,61,61,61,61],"card_choices":[{"not_picked":[],"picked":"BloodyBrimstone","floor":0.0},{"not_picked":["Snipe","SilverBlades"],"picked":"Sunlight","floor":0.0},{"not_picked":["BottledTime","Bomb"],"picked":"Alleviate","floor":0.0},{"not_picked":["Luminosity","ShatteredReality"],"picked":"Manipulate","floor":0.0},{"not_picked":["Read","Bomb"],"picked":"Replace","floor":0.0},{"not_picked":["Bomb","TimeWarp"],"picked":"BottledTime","floor":0.0},{"not_picked":["Coolheaded","Hologram"],"picked":"Offering","floor":1.0},{"not_picked":["Madness","PathToVictory"],"picked":"Fasting2+1","floor":3.0},{"not_picked":["Misdirection","LuminesStrike"],"picked":"Exhume","floor":6.0},{"not_picked":["Steam","WindmillStrike","Uppercut"],"picked":"SKIP","floor":7.0},{"not_picked":["FlyingSleeves","IllusionStar","EmptyBody"],"picked":"SKIP","floor":8.0},{"not_picked":["ReplayTheSpireMod:Private Reserves","Defy"],"picked":"Acrobatics","floor":11.0},{"not_picked":["NonDirectionalLaser","Go for the Eyes","Sucker Punch"],"picked":"SKIP","floor":12.0},{"not_picked":["Pommel Strike","AT_WomanClash","PathToVictory"],"picked":"SKIP","floor":13.0},{"not_picked":["MoonPhase+1","Havoc","Dagger Throw"],"picked":"SKIP","floor":14.0},{"not_picked":["CasketOfStar+1","AT_MyraUnstableElement"],"picked":"EscapeVelocity+1","floor":16.0},{"not_picked":["Eclipse","Rainbow"],"picked":"ReplayTheSpireMod:Necrogeddon","floor":16.0},{"not_picked":["LuminesStrike","Flying Knee","Shrug It Off"],"picked":"SKIP","floor":18.0},{"not_picked":["Collect","AT_CaressingTears","OneTimeOff+1"],"picked":"SKIP","floor":19.0},{"not_picked":["Blind+1","Defy","Anger+1"],"picked":"SKIP","floor":23.0},{"not_picked":["Fission","Reckless Charge","NonDirectionalLaser+1"],"picked":"SKIP","floor":27.0},{"not_picked":["Caltrops+1","Replay:ManipulateFuture+1","Finisher"],"picked":"SKIP","floor":30.0},{"not_picked":["GravityBeat+1","Comet","Trip"],"picked":"SKIP","floor":31.0},{"not_picked":["ForgedInTime","Hyperbeam"],"picked":"Berserk+1","floor":33.0},{"not_picked":["Thunderclap","Dodge and Roll","BasicCrystalCard"],"picked":"SKIP","floor":35},{"not_picked":["Panic Button","Quick Slash","Genetic Algorithm"],"picked":"SKIP","floor":40},{"not_picked":["Replay:BasicMightCard+1","AT_FocusSwordFire+1"],"picked":"Cloak And Dagger+1","floor":42},{"not_picked":["Flying Knee","LikeWater+1","Abandon"],"picked":"SKIP","floor":44},{"not_picked":["Collapse","Sword Boomerang+1","Impatience"],"picked":"SKIP","floor":45},{"not_picked":["Replay:Hum","Tools of the Trade+1"],"picked":"AT_ChampionStep+1","floor":46},{"not_picked":["ShatteredReality","Protect+1","PowerUp"],"picked":"SKIP","floor":48},{"not_picked":["Crippling Poison","DragonMeteor+1","StarDustReverie"],"picked":"SKIP","floor":54}],"player_experience":170153,"relics_obtained":[{"floor":6.0,"key":"Regal Pillow"},{"floor":8.0,"key":"Orichalcum"},{"floor":10.0,"key":"Odd Mushroom"},{"floor":11.0,"key":"AT_ImmortalShieldbow"},{"floor":13.0,"key":"DeathBook"},{"floor":16.0,"key":"Juzu Bracelet"},{"floor":23.0,"key":"Bag of Marbles"},{"floor":26.0,"key":"Replay:Bottled Flurry"},{"floor":27.0,"key":"Gremlin Food"},{"floor":30.0,"key":"BookOfRevelations"},{"floor":32.0,"key":"Replay:Mystery Machine"},{"floor":33.0,"key":"GuppysHead"},{"floor":36,"key":"InkBottle"},{"floor":40,"key":"Nunchaku"},{"floor":42,"key":"Anchor"},{"floor":44,"key":"Replay:Bandana"},{"floor":48,"key":"Incense Burner"},{"floor":49,"key":"Mummified Hand"},{"floor":54,"key":"PokeGo"}],"event_choices":[{"damage_healed":0.0,"max_hp_gain":0.0,"max_hp_loss":0.0,"gold_gain":0.0,"event_name":"FaceTrader","player_choice":"Trade","floor":5.0,"gold_loss":0.0,"damage_taken":0.0,"relics_obtained":["SsserpentHead"]},{"damage_healed":0.0,"max_hp_gain":0.0,"max_hp_loss":0.0,"gold_gain":0.0,"event_name":"Mushrooms","player_choice":"Fought Mushrooms","floor":10.0,"gold_loss":0.0,"damage_taken":0.0},{"damage_healed":0.0,"max_hp_gain":0.0,"max_hp_loss":0.0,"gold_gain":0.0,"event_name":"Accursed Blacksmith","player_choice":"Forge","floor":25.0,"gold_loss":0.0,"damage_taken":0.0,"cards_upgraded":["Rearm"]},{"damage_healed":0.0,"max_hp_gain":0.0,"max_hp_loss":0.0,"gold_gain":0.0,"event_name":"Ghosts","player_choice":"Ignored","floor":28.0,"gold_loss":0.0,"damage_taken":0.0},{"damage_healed":0.0,"max_hp_gain":0.0,"max_hp_loss":0.0,"gold_gain":0.0,"event_name":"Addict","player_choice":"Obtained Relic","floor":29.0,"gold_loss":85.0,"damage_taken":0.0,"relics_obtained":["AnarchistCookbook"]},{"cards_removed":["Exhume"],"damage_healed":0,"gold_gain":0,"player_choice":"Removed Skill","damage_taken":0,"max_hp_gain":0,"max_hp_loss":0,"event_name":"Falling","floor":37,"gold_loss":0},{"damage_healed":0,"gold_gain":0,"player_choice":"Max HP","damage_taken":0,"max_hp_gain":0,"max_hp_loss":3,"event_name":"Winding Halls","floor":41,"gold_loss":0}],"is_beta":false,"boss_relics":[{"not_picked":["Replay:Ancient Bell","Replay:Bronze Core"],"picked":"Fusion Hammer"},{"not_picked":[]},{"not_picked":["Snecko Eye","Pandora\u0027s Box"],"picked":"ChewingGum"},{"not_picked":[]}],"items_purged_floors":[0,0,0,0,0,0,0,0,2,17,20,38,53],"is_endless":false,"potions_floor_spawned":[1,7,8,8,10,11,11,11,11,14,14,18,19,19,27,30,31,35,40,42,45,45,46,46,48,54],"ascension_level":4}}