{"host":"5tzvto3beate6p8b","time":1614194434,"event":{"mods":["BaseMod","Colored Map","DeckTracker","Minty Spire (QoL Compilation)","Relic Stats","StSLib","SuperFastMode"],"gold_per_floor":[116,128,128,128,128,161,30,60,132,132,146,164,13,24,24,96,96,96,115,132,78,2,2,29,29,29,46,73,32,32,41,41,127,127,154,5,5,5],"floor_reached":37,"language":"JPN","playtime":1914,"items_purged":["Strike_G","Defend_G"],"score":930,"play_id":"1ab16b50-86ad-4daf-a4d9-a7af291c9fc2","local_time":"20210225042034","is_ascension_mode":true,"campfire_choices":[{"data":"Bane","floor":10,"key":"SMITH"},{"data":"Deadly Poison","floor":15,"key":"SMITH"},{"data":"Malaise","floor":23,"key":"SMITH"},{"data":"Leg Sweep","floor":25,"key":"SMITH"},{"data":"Footwork","floor":30,"key":"SMITH"},{"data":"Footwork","floor":32,"key":"SMITH"}],"circlet_count":0,"master_deck":["AscendersBane","Defend_G","Defend_G","Defend_G","Defend_G","Survivor","Neutralize","Quick Slash","Underhanded Strike","Deadly Poison+1","Cloak And Dagger","Bane+1","Terror","Deadly Poison","Bandage Up","Cloak And Dagger","Deadly Poison","Malaise+1","Footwork+1","Outmaneuver+1","Bane+1","Footwork+1","Footwork+1","Leg Sweep+1","Infinite Blades+1","Catalyst+1","Endless Agony","Caltrops","Shame","Burst","Blade Dance+1","Blade Dance"],"relics":["Ring of the Snake","NeowsBlessing","Kunai","Oddly Smooth Stone","Thread and Needle","Gremlin Horn","Astrolabe","Dream Catcher","Blue Candle","Turnip","CeramicFish","Cursed Key"],"acts_visited":["Exordium","TheCity","TheBeyond"],"potions_floor_usage":[8,18,19,24,24,33],"damage_taken":[{"damage":0.0,"enemies":"Cultist","floor":1.0,"turns":1.0},{"damage":0.0,"enemies":"2 Louse","floor":2.0,"turns":1.0},{"damage":0.0,"enemies":"Lagavulin","floor":6.0,"turns":1.0},{"damage":25,"enemies":"Gremlin Nob","floor":8,"turns":4},{"damage":0,"enemies":"Jaw Worm","floor":11,"turns":2},{"damage":0,"enemies":"Lots of Slimes","floor":12,"turns":3},{"damage":0,"enemies":"Gremlin Gang","floor":14,"turns":5},{"damage":4,"enemies":"The Guardian","floor":16,"turns":8},{"damage":0,"enemies":"2 Thieves","floor":18,"turns":1},{"damage":1,"enemies":"3 Byrds","floor":19,"turns":8},{"damage":2,"enemies":"Snake Plant","floor":20,"turns":6},{"damage":8,"enemies":"Slavers","floor":24,"turns":8},{"damage":4,"enemies":"Shelled Parasite and Fungi","floor":27,"turns":8},{"damage":0,"enemies":"Book of Stabbing","floor":28,"turns":9},{"damage":48,"enemies":"Automaton","floor":33,"turns":13},{"damage":52,"enemies":"3 Darklings","floor":35,"turns":13},{"damage":13,"enemies":"Orb Walker","floor":37,"turns":2}],"seed_played":"-5065556358939598005","potions_obtained":[{"floor":2.0,"key":"AttackPotion"},{"floor":12,"key":"SmokeBomb"},{"floor":14,"key":"AttackPotion"},{"floor":20,"key":"DistilledChaos"},{"floor":27,"key":"Block Potion"},{"floor":33,"key":"Energy Potion"}],"is_trial":false,"path_per_floor":["M","M","?","?","T","E","$","E","T","R","M","M","$","M","R","B",null,"M","M","M","$","$","R","E","R","T","M","E","$","R","?","R","B",null,"M","$","M"],"character_chosen":"THE_SILENT","items_purchased":["Cloak And Dagger","Bandage Up","Cloak And Dagger","Fire Potion","Leg Sweep","Caltrops","Blade Dance"],"campfire_rested":0,"item_purchase_floors":[7,13,13,21,22,29,36],"current_hp_per_floor":[59,59,52,52,52,52,52,27,27,27,27,27,27,31,31,31,57,57,60,62,62,62,62,58,58,58,58,62,62,62,62,62,18,54,6,6,0,0],"gold":5,"neow_bonus":"THREE_ENEMY_KILL","is_daily":false,"chose_seed":false,"campfire_upgraded":6,"win_rate":0.0,"timestamp":1614194434,"path_taken":["M","?","?","?","?","E","$","E","T","R","M","M","$","?","R","BOSS","M","?","M","?","$","R","E","R","T","M","E","$","R","?","R","BOSS","M","$","M"],"items_purchased_type":["Card","Card","Card","Potion","Card","Card","Card"],"build_version":"2020-12-22","purchased_purges":2,"victory":false,"max_hp_per_floor":[66,66,66,66,66,66,66,66,66,66,66,66,66,66,66,66,66,66,66,66,66,66,66,66,66,66,66,66,66,66,66,66,66,66,66,66,66,66],"relic_stats":{"Dream Catcher":0,"Gremlin Horn":[21,21],"counters":[17,93],"Astrolabe":["Footwork","Outmaneuver","Bane"],"Blue Candle":[3],"CeramicFish":36,"Turnip":[0],"Kunai":[31],"Cursed Key":0,"obtain_stats":[{"Dream Catcher":24,"NeowsBlessing":0,"Gremlin Horn":9,"Astrolabe":17,"Blue Candle":26,"CeramicFish":31,"Oddly Smooth Stone":6,"Thread and Needle":8,"Turnip":28,"Kunai":5,"Cursed Key":34,"Ring of the Snake":0},{"Dream Catcher":12,"NeowsBlessing":0,"Gremlin Horn":4,"Astrolabe":8,"Blue Candle":12,"CeramicFish":14,"Oddly Smooth Stone":3,"Thread and Needle":4,"Turnip":14,"Kunai":2,"Cursed Key":15,"Ring of the Snake":0},{"Dream Catcher":48,"NeowsBlessing":0,"Gremlin Horn":7,"Astrolabe":25,"Blue Candle":48,"CeramicFish":65,"Oddly Smooth Stone":3,"Thread and Needle":7,"Turnip":65,"Kunai":2,"Cursed Key":78,"Ring of the Snake":0}],"Ring of the Snake":[34]},"card_choices":[{"not_picked":["Sucker Punch","Deflect"],"picked":"Quick Slash","floor":1.0},{"not_picked":["Setup","PiercingWail"],"picked":"Underhanded Strike","floor":2.0},{"not_picked":["Catalyst","Flying Knee"],"picked":"Deadly Poison","floor":6.0},{"not_picked":["Outmaneuver","Concentrate"],"picked":"Bane","floor":8},{"not_picked":["Distraction","Dodge and Roll"],"picked":"Terror","floor":11},{"not_picked":["Prepared","Glass Knife"],"picked":"Deadly Poison","floor":12},{"not_picked":["Reflex","PiercingWail"],"picked":"Deadly Poison","floor":14},{"not_picked":["Glass Knife","Envenom"],"picked":"Malaise","floor":16},{"not_picked":["Terror","Bane+1"],"picked":"Footwork","floor":19},{"not_picked":["Dagger Throw","Deadly Poison"],"picked":"Footwork","floor":20},{"not_picked":["Predator","Escape Plan"],"picked":"Infinite Blades+1","floor":24},{"not_picked":["Expertise","Sucker Punch"],"picked":"Catalyst+1","floor":27},{"not_picked":["Masterful Stab","Deadly Poison+1"],"picked":"Endless Agony","floor":28},{"not_picked":["Unload","Die Die Die"],"picked":"Burst","floor":33},{"not_picked":["Expertise","Riddle With Holes"],"picked":"Blade Dance+1","floor":35}],"player_experience":874475,"relics_obtained":[{"floor":5.0,"key":"Kunai"},{"floor":6.0,"key":"Oddly Smooth Stone"},{"floor":8,"key":"Thread and Needle"},{"floor":9,"key":"Gremlin Horn"},{"floor":24,"key":"Dream Catcher"},{"floor":26,"key":"Blue Candle"},{"floor":28,"key":"Turnip"}],"event_choices":[{"cards_removed":["Strike_G"],"damage_healed":0.0,"max_hp_gain":0.0,"max_hp_loss":0.0,"gold_gain":0.0,"event_name":"Golden Wing","player_choice":"Card Removal","floor":3.0,"gold_loss":0.0,"damage_taken":7.0},{"damage_healed":0.0,"max_hp_gain":0.0,"max_hp_loss":0.0,"gold_gain":0.0,"event_name":"Liars Game","player_choice":"Ignored","floor":4.0,"gold_loss":0.0,"damage_taken":0.0},{"damage_healed":0,"gold_gain":0,"player_choice":"Stole Relic","damage_taken":0,"relics_obtained":["CeramicFish"],"max_hp_gain":0,"max_hp_loss":0,"event_name":"Addict","floor":31,"gold_loss":0,"cards_obtained":["Shame"]}],"is_beta":false,"boss_relics":[{"not_picked":["Snecko Eye","SlaversCollar"],"picked":"Astrolabe"},{"not_picked":["HoveringKite","Busted Crown"],"picked":"Cursed Key"}],"items_purged_floors":[7,36],"is_endless":false,"potions_floor_spawned":[2,12,14,16,20,27,33],"killed_by":"Orb Walker","ascension_level":20}}