{"host":"t6r1isv2bex5ovch","time":1614159208,"event":{"mods":["AchievementEnabler","Act Like it!","Aspiration","BaseMod","Better Altar","Better Match","Better Note","Better Sensory Stone","Better Skull","Better Third Choice","Better Vampires","Bossed Relics","Colored Powertips","Displayed Cursed Tome","Evolution","Fox Events","Gremlin Skip","Halation","Highlight Path","Hubris","Infinite Spire","Minty Spire (QoL Compilation)","Reliquary","Ruina","Spire Arcade","StSLib"],"gold_per_floor":[114,125,125,125,50,84,84,84,156,34,34,54,74,24,24,121,121,134,84,96,106,106,141,156,156,156,169,184,134,134,164,164,164,164],"floor_reached":33,"language":"ENG","playtime":1748,"items_purged":["Strike_B","Defend_B","Defend_B","Defend_B","Defend_B","Dualcast"],"score":342,"play_id":"f3ff9544-9af7-48a4-b1b6-5760c81492d0","local_time":"20210224203328","is_ascension_mode":true,"campfire_choices":[{"floor":7.0,"key":"RECALL"},{"data":"Self Repair","floor":11.0,"key":"SMITH"},{"data":"Conserve Battery","floor":15.0,"key":"SMITH"},{"data":"Conserve Battery","floor":30,"key":"SMITH"},{"data":"Conserve Battery","floor":32,"key":"SMITH"}],"circlet_count":0,"master_deck":["Rebound","Rebound","Rebound","Zap+1","Ball Lightning","Self Repair+1","Conserve Battery+1","Conserve Battery+1","Machine Learning","Double Energy+1","Conserve Battery+1"],"relics":["Cracked Core","EVO:Axolotl","Smiling Mask","Pandora\u0027s Box","hubris:Icosahedron","reliquary:PrincelyHelmet","reliquary:Sideboard","Blue Candle","aspiration:StickyExplosives_weak"],"acts_visited":["Exordium","TheCity"],"potions_floor_usage":[23,23,23,31,33],"damage_taken":[{"damage":2.0,"enemies":"Jaw Worm","floor":1.0,"turns":3.0},{"damage":0.0,"enemies":"Small Slimes","floor":2.0,"turns":2.0},{"damage":38.0,"enemies":"3 Sentries","floor":6.0,"turns":5.0},{"damage":2.0,"enemies":"2 Louse","floor":12.0,"turns":2.0},{"damage":0.0,"enemies":"Exordium Thugs","floor":13.0,"turns":3.0},{"damage":20.0,"enemies":"The Guardian","floor":16.0,"turns":9.0},{"damage":0.0,"enemies":"Chosen","floor":18.0,"turns":4.0},{"damage":4.0,"enemies":"Shell Parasite","floor":20.0,"turns":4.0},{"damage":17.0,"enemies":"Snecko","floor":21.0,"turns":4.0},{"damage":56,"enemies":"Slavers","floor":23,"turns":6},{"damage":21,"enemies":"Shelled Parasite and Fungi","floor":24,"turns":4},{"damage":0,"enemies":"Cultist and Chosen","floor":27,"turns":4},{"damage":24,"enemies":"Snake Plant","floor":28,"turns":3},{"damage":8,"enemies":"Book of Stabbing","floor":31,"turns":4},{"damage":30,"enemies":"Collector","floor":33,"turns":3}],"seed_played":"-7782603854036722463","potions_obtained":[{"floor":6.0,"key":"SkillPotion"},{"floor":16.0,"key":"Weak Potion"},{"floor":21.0,"key":"Ancient Potion"},{"floor":28,"key":"LiquidBronze"},{"floor":31,"key":"SkillPotion"}],"is_trial":false,"path_per_floor":["M","M","?","?","$","E","R","?","T","$","R","M","M","$","R","B",null,"M","$","M","M","?","E","M","AVR","T","M","M","$","R","E","R","B"],"character_chosen":"DEFECT","items_purchased":["Self Repair"],"campfire_rested":0,"item_purchase_floors":[10],"current_hp_per_floor":[80,80,80,80,80,42,42,42,42,42,42,50,60,60,60,50,82,82,82,82,75,75,39,28,28,28,38,24,24,24,26,26,0,0],"gold":164,"neow_bonus":"TEN_PERCENT_HP_BONUS","is_daily":false,"chose_seed":false,"campfire_upgraded":4,"win_rate":0.0,"timestamp":1614159208,"path_taken":["M","M","?","?","$","E","R","?","T","$","R","M","M","$","R","BOSS","M","$","M","M","?","E","M","AVR","T","M","M","$","R","E","R","BOSS"],"items_purchased_type":["Card"],"build_version":"2020-12-22","purchased_purges":6,"victory":false,"max_hp_per_floor":[82,82,82,82,82,82,82,82,82,82,82,82,82,82,82,82,82,82,82,82,82,82,82,82,82,82,82,82,82,82,82,82,82,82],"card_choices":[{"not_picked":["Barrage","Rebound"],"picked":"Ball Lightning","floor":1.0},{"not_picked":["Force Field","Capacitor","Cold Snap"],"picked":"SKIP","floor":2.0},{"not_picked":["Gash","Cold Snap","Compile Driver"],"picked":"SKIP","floor":6.0},{"not_picked":["Beam Cell","hubris:PowerSurge"],"picked":"Conserve Battery","floor":12.0},{"not_picked":["Hologram","Redo"],"picked":"Conserve Battery","floor":13.0},{"not_picked":["hubris:Prefetch","Reboot"],"picked":"Machine Learning","floor":16.0},{"not_picked":["hubris:PowerSurge","Sweeping Beam+1","Rebound+1"],"picked":"SKIP","floor":18.0},{"not_picked":["Gash","Glacier","Streamline"],"picked":"SKIP","floor":20.0},{"not_picked":["Rebound","Redo","Tempest"],"picked":"SKIP","floor":21.0},{"not_picked":["Rebound","Redo","Tempest"],"picked":"SKIP","floor":21.0},{"not_picked":["Redo","Lockon"],"picked":"Double Energy+1","floor":23},{"not_picked":["hubris:Ukulele","Beam Cell","Hologram"],"picked":"SKIP","floor":24},{"not_picked":["Scrape","Rainbow"],"picked":"aspiration:Polymerization","floor":27},{"not_picked":["Beam Cell","Sweeping Beam"],"picked":"Conserve Battery","floor":28},{"not_picked":["Turbo","Redo"],"picked":"Conserve Battery","floor":31}],"player_experience":409851,"relics_obtained":[{"floor":6.0,"key":"Smiling Mask"},{"floor":23,"key":"reliquary:PrincelyHelmet"},{"floor":26,"key":"Blue Candle"},{"floor":31,"key":"aspiration:StickyExplosives_weak"}],"event_choices":[{"damage_healed":42.0,"max_hp_gain":0.0,"max_hp_loss":82.0,"gold_gain":0.0,"event_name":"betterThird:BetterShining","player_choice":"Leave","floor":8.0,"gold_loss":0.0,"damage_taken":0.0}],"is_beta":false,"boss_relics":[{"not_picked":["Runic Dome","SacredBark"],"picked":"Pandora\u0027s Box"}],"items_purged_floors":[5,10,14,19,25,29],"is_endless":false,"potions_floor_spawned":[6,16,21,28,31],"killed_by":"Collector","ascension_level":4}}