{"host":"5m2js577gj4e7pak","time":1614203997,"event":{"mods":["AchievementEnabler","Act Like it!","BaseMod","Better Match","Better Note","Better Third Choice","BetterRewards","Colored Map","Colored Powertips","Highlight Path","Library of Ruina","Library of Ruina Extra","Lobotomy","LobotomyExtend","Minty Spire (QoL Compilation)","Quick Restart","Relic Sorter","Remove Card Discount Mod","Ruina","Shop Mod","Spicy Shops","StSLib"],"gold_per_floor":[112,112,112,112,125,150,150,170,238,238,203,236,236,248,248,348,348,361,286,286,43,43,70,70,83,83,83,96,114,114,132,132,229,229,247,247,247],"floor_reached":36,"language":"ENG","playtime":1103,"items_purged":[],"score":515,"play_id":"6e0a0fa7-3e80-4604-8fd7-3ea8d62a282d","local_time":"20210224225957","is_ascension_mode":false,"campfire_choices":[{"data":"DegradedShockwave","floor":7,"key":"SMITH"},{"data":"DegradedPillar","floor":13,"key":"SMITH"},{"data":"DegradedChain","floor":15,"key":"SMITH"},{"data":"ruina:Harvest","floor":24,"key":"SMITH"},{"floor":27,"key":"RECALL"},{"data":"TrashDisposal","floor":32,"key":"SMITH"}],"circlet_count":0,"master_deck":["Woodsman","BigBird","DegradedFairy","DegradedFairy","DegradedFairy","DegradedChain","DegradedChain+1","DegradedLock+1","DegradedPillar+1","DegradedPillar+1","DegradedShockwave+1","ShyLook","Quickness","Burn","UpbeatPerformance","Guardian_lor","AGoldenOpportunity","Wellcheers","Reload+1","GrazeTheGrass","TrashDisposal+1","OSAHOGD","Unlock1+1","Parry","Punishment","ReadyUp+1","ruina:Harvest+1","Unlock1","Leap_lor","Faith+1","WillProduceFineSilk+1"],"relics":["PageOfLibrarian","RabbitCall","CogitoBucket","PageOfOzma","LetterFromLob","Pen Nib","Toxic Egg 2","Moonlight_r","PageOfBloodbath","Theresia","Busted Crown","PageOfPorccubus","Ancient Tea Set","Lamp_r","PageOfBlackSwan","Logging_r"],"acts_visited":["Exordium","Exordium","TheBeyond"],"potions_floor_usage":[],"damage_taken":[{"damage":0,"enemies":"Small Slimes","floor":1,"turns":1},{"damage":3,"enemies":"Jaw Worm","floor":5,"turns":2},{"damage":3,"enemies":"Lagavulin","floor":6,"turns":3},{"damage":0,"enemies":"2 Louse","floor":8,"turns":1},{"damage":0,"enemies":"3 Sentries","floor":12,"turns":2},{"damage":0,"enemies":"2 Fungi Beasts","floor":14,"turns":3},{"damage":2,"enemies":"Slime Boss","floor":16,"turns":3},{"damage":0,"enemies":"ruina:2_Scarecrows","floor":18,"turns":2},{"damage":0,"enemies":"ruina:ServantOfWrath","floor":23,"turns":3},{"damage":0,"enemies":"ruina:3_Bats","floor":25,"turns":3},{"damage":18,"enemies":"ruina:KnightOfDespair","floor":28,"turns":3},{"damage":0,"enemies":"ruina:KingOfGreed","floor":29,"turns":2},{"damage":0,"enemies":"ruina:QueenOfHate","floor":31,"turns":2},{"damage":0,"enemies":"ruina:Red_and_Wolf","floor":33,"turns":5},{"damage":0,"enemies":"3 Shapes","floor":35,"turns":1},{"damage":0,"enemies":"3 Darklings","floor":36,"turns":7}],"seed_played":"1988685129231425328","potions_obtained":[{"floor":1,"key":"Energy Potion"},{"floor":8,"key":"Dexterity Potion"},{"floor":14,"key":"Ancient Potion"}],"is_trial":false,"path_per_floor":["M","?","?","?","M","E","R","M","T","E","?","E","R","M","R","B",null,"M","?","?","$","?","E","R","M","T","R","M","M","$","M","R","B",null,"M","M"],"character_chosen":"Librarian","items_purchased":["PageOfOzma"],"campfire_rested":0,"item_purchase_floors":[21],"current_hp_per_floor":[60,65,65,73,70,67,67,67,67,11,34,34,34,34,34,32,95,95,95,88,88,88,72,72,72,72,72,65,69,69,69,69,82,88,88,88,88],"gold":247,"neow_bonus":"","is_daily":false,"chose_seed":false,"campfire_upgraded":5,"win_rate":0.0,"timestamp":1614203997,"path_taken":["M","?","?","?","M","E","R","M","T","E","?","E","R","M","R","BOSS","M","?","?","$","?","E","R","M","T","R","?","M","$","M","R","BOSS","M","M"],"items_purchased_type":["Relic"],"build_version":"2020-12-22","purchased_purges":0,"victory":false,"max_hp_per_floor":[90,95,95,95,95,95,95,95,95,95,95,95,95,95,95,95,95,95,95,88,88,88,88,88,88,88,88,88,88,88,88,88,88,88,88,88,88],"card_choices":[{"not_picked":["SpiderBud","BeautyBeast","Bloodbath"],"picked":"Singing Bowl","floor":1},{"not_picked":["SingingMachine","OldLady"],"picked":"ShyLook","floor":1},{"not_picked":["PinpointShot","BackAttack","ReadyUp","SuppressingShot","HiddenBlade","QuickAttack","Commandeering","StructuralAnalysis"],"picked":"Quickness","floor":1},{"not_picked":["OldLady","SpiderBud","CherryBlossoms"],"picked":"Singing Bowl","floor":5},{"not_picked":["ChiWen","Execute_lor","SharpSwipe","FormingStorm","ViolentFlame","StrongStrike","QuickSuppression","Quickness"],"picked":"UpbeatPerformance","floor":5},{"not_picked":["WallGazer","SpiderBud","LittlePrince"],"picked":"Singing Bowl","floor":6},{"not_picked":["DefenseOrder","EndlessBattle","RushDown","Creak","HighSpeedStabbing","GutHarvesting","BackAttack","GrazeTheGrass"],"picked":"Guardian_lor","floor":6},{"not_picked":["BeautyBeast","MHz","UniverseFragment"],"picked":"Singing Bowl","floor":8},{"not_picked":["Quickness","Punishment","Leap_lor","SomberProcuration","VioletBlade","SpearedSweep","Ripple","Standoff"],"picked":"AGoldenOpportunity","floor":8},{"not_picked":["OldLady","Funeral"],"picked":"Wellcheers","floor":12},{"not_picked":["Rewind+1","Punishment","HiddenBlade","SnakeSlit","ShrineToMusic","CircusKnives","UpbeatPerformance","DefenseOrder+1"],"picked":"Reload+1","floor":12},{"not_picked":["Scorched","CherryBlossoms","Variant"],"picked":"Singing Bowl","floor":14},{"not_picked":["GaleKick","MultiBlock+1","UndertakePrescript+1","Standoff","DesperateStruggle","PuppetBlockade+1","CoordinatedAssault+1","AbsorbImpact+1"],"picked":"GrazeTheGrass","floor":14},{"not_picked":["Variant","BodiesMountain"],"picked":"BigBird","floor":16},{"not_picked":["Transpierce","Disposal"],"picked":"TrashDisposal","floor":16},{"not_picked":["OldLady","FieryBird"],"picked":"OSAHOGD","floor":18},{"not_picked":["DirtyBlow","EnergyCycle+1","SnakesPrey","ButterflySlash","StructuralAnalysis+1","GatherIntel+1"],"picked":"Unlock1+1","floor":18},{"not_picked":["Thrust","Outburst","Quickness","FierceCharge","GuidanceOfTheGears","FrontalAssault"],"picked":"Parry","floor":19},{"not_picked":["TieShanKao","Castigation","Disposal","Suppress","FleshFillet","Eradication"],"picked":"Punishment","floor":19},{"not_picked":["VioletBlade","BladeWhirl","RushDown","DimensionalRift","Thirst","HighSpeedStabbing"],"picked":"ReadyUp","floor":19},{"not_picked":["ruina:Nihil+1","ruina:FadedMemories+1","ruina:Lumber","ruina:BlindRage","ruina:Mimicry","ruina:GoldRush"],"picked":"ruina:Harvest","floor":20},{"not_picked":["QueenBee","NakedNest","WallGazer"],"picked":"Singing Bowl","floor":23},{"not_picked":["QuickAttack","HeavyPeaks","BiteOff","GuardingStance+1","Diversion+1","SerpentineBarrier+1","WrathOfTorment"],"picked":"SKIP","floor":23},{"not_picked":["SpiderBud","LittleHelper","Murderer"],"picked":"Singing Bowl","floor":25},{"not_picked":["MultiHit","UnavoidableGaze+1","Overpower","BiteOff","NightInTheBackstreets","BiAn+1"],"picked":"Unlock1","floor":25},{"not_picked":["GreedKing","BeautyBeast","BlackArmy"],"picked":"Singing Bowl","floor":28},{"not_picked":["SmokingPipe+1","TheRedNotes","YoureAHindrance","Standoff","SerpentSwordTechnique+1","Laceration","CircusKnives+1"],"picked":"SKIP","floor":28},{"not_picked":["HeroicMonk","FieryBird","Scarecrow"],"picked":"Singing Bowl","floor":29},{"not_picked":["UpbeatPerformance","BladeWhirl","ScatteringSlash","Thrust","FlashingStrike","Outburst"],"picked":"Leap_lor","floor":29},{"not_picked":["QueenBee","WhitesApple","CrumblingArmor"],"picked":"Singing Bowl","floor":31},{"not_picked":["QuickAttack","FaintMemories","CoordinatedAssault+1","PinpointShot","DimensionalRift+1","BlazingStrike"],"picked":"Faith+1","floor":31},{"not_picked":["RedShoes","VoidDream","CherryBlossoms"],"picked":"Singing Bowl","floor":33},{"not_picked":["LongBird","CENSORED"],"picked":"Woodsman","floor":35},{"not_picked":["TendonChords+1","StrikeDown","TraceOfFumes+1","Bvapour+1","NightInTheBackstreets+1","EnergyStrike+1"],"picked":"WillProduceFineSilk+1","floor":35}],"player_experience":92854,"relics_obtained":[{"floor":1,"key":"LetterFromLob"},{"floor":6,"key":"Pen Nib"},{"floor":9,"key":"Toxic Egg 2"},{"floor":12,"key":"PageOfBloodbath"},{"floor":23,"key":"PageOfPorccubus"},{"floor":26,"key":"Ancient Tea Set"}],"event_choices":[{"damage_healed":0,"gold_gain":0,"player_choice":"Donut","damage_taken":0,"max_hp_gain":5,"max_hp_loss":0,"event_name":"Big Fish","floor":2,"gold_loss":0},{"damage_healed":65,"gold_gain":0,"player_choice":"Embrace Burn","damage_taken":0,"max_hp_gain":0,"max_hp_loss":95,"event_name":"betterThird:BetterShining","floor":3,"gold_loss":0},{"damage_healed":23,"gold_gain":0,"player_choice":"Healed","damage_taken":0,"max_hp_gain":0,"max_hp_loss":0,"event_name":"The Cleric","floor":11,"gold_loss":35},{"damage_healed":0,"gold_gain":0,"player_choice":"1","damage_taken":0,"max_hp_gain":0,"max_hp_loss":0,"event_name":"betterMatch:BetterMatch","floor":19,"gold_loss":0,"cards_obtained":["betterMatch:CommonCard","betterMatch:RareCard","betterMatch:UncommonCard"]}],"is_beta":false,"boss_relics":[{"not_picked":["Velvet Choker","Coffee Dripper"],"picked":"Busted Crown"},{"not_picked":["Empty Cage","Runic Dome"],"picked":"PageOfBlackSwan"}],"items_purged_floors":[],"is_endless":false,"potions_floor_spawned":[1,8,14,23,25,33],"killed_by":"3 Darklings","ascension_level":0}}