{"host":"r5cycnjhcbwgkpkf","time":1614191610,"event":{"mods":["2.2 Compatiblity","AchievementEnabler","BaseMod","Bestiary","Better Altar","Better Match","Better Note","Better Skull","Better Third Choice","BetterRewards","Colored Map","Colored Powertips","Infinite Spire","Minty Spire (QoL Compilation)","Reliquary","Replay The Spire","Spicy Shops","StSLib"],"gold_per_floor":[115,40,60,80,99,99,99,109,133,133,133,163,163,128,128,201,201,212,212,232,246,246,246,277,277,277,277,292,327,61,61,61,138,138,151,176,176,192,203,203,203,222,271,113,113,126,126,139,139,139,139],"floor_reached":52,"language":"ENG","playtime":2473,"items_purged":["Strike_R","Fire Breathing","Parasite"],"score":1505,"play_id":"8dd8364c-1232-49e2-a4a4-1c580ba0a9e4","local_time":"20210224103330","is_ascension_mode":true,"campfire_choices":[{"floor":7,"key":"REST"},{"data":"infinitespire:Collect","floor":10,"key":"SMITH"},{"data":"Bash","floor":13,"key":"SMITH"},{"data":"Metallicize","floor":15,"key":"SMITH"},{"floor":23,"key":"REST"},{"floor":25,"key":"REST"},{"data":"Demon Form","floor":27,"key":"SMITH"},{"floor":32,"key":"REST"},{"floor":40,"key":"REST"},{"floor":47,"key":"REST"},{"data":"Clothesline","floor":49,"key":"SMITH"}],"circlet_count":0,"master_deck":["AscendersBane","Strike_R+2","Strike_R+1","Strike_R","Defend_R+1","Defend_R+1","Defend_R+2","Defend_R","Bash+1","Metallicize+1","Pommel Strike","Cleave+1","infinitespire:Collect+1","Clothesline+1","Demon Form+1","Spot Weakness+1","Berserk"],"relics":["Burning Blood","OrangePellets","Singing Bowl","Toolbox","Simple Rune","Boot","infinitespire:Burning Sword","Gremlin Food","reliquary:TridentHead","reliquary:TridentHead","InkBottle","Medical Kit","MutagenicStrength","SlaversCollar","Incense Burner","reliquary:Sod","Mark of Pain","Juzu Bracelet","Vajra"],"acts_visited":["TheCity","TheBeyond"],"potions_floor_usage":[16,39,51],"damage_taken":[{"damage":3,"enemies":"Cultist","floor":1,"turns":4},{"damage":0,"enemies":"2 Louse","floor":3,"turns":3},{"damage":1,"enemies":"Small Slimes","floor":4,"turns":4},{"damage":16,"enemies":"Exordium Wildlife","floor":5,"turns":4},{"damage":10,"enemies":"Blue Slaver","floor":8,"turns":3},{"damage":22,"enemies":"3 Sentries","floor":12,"turns":7},{"damage":36,"enemies":"Hexaghost","floor":16,"turns":10},{"damage":14,"enemies":"Chosen","floor":18,"turns":5},{"damage":31,"enemies":"3 Byrds","floor":20,"turns":4},{"damage":4,"enemies":"3 Cultists","floor":21,"turns":4},{"damage":28,"enemies":"Replay:Snechameleon","floor":24,"turns":7},{"damage":19,"enemies":"Snecko","floor":28,"turns":4},{"damage":32,"enemies":"Slavers","floor":29,"turns":4},{"damage":61,"enemies":"Automaton","floor":33,"turns":7},{"damage":51,"enemies":"3 Darklings","floor":35,"turns":3},{"damage":0,"enemies":"Mind Bloom Boss Battle","floor":36,"turns":3},{"damage":9,"enemies":"3 Shapes","floor":38,"turns":2},{"damage":28,"enemies":"Writhing Mass","floor":39,"turns":3},{"damage":0,"enemies":"Jaw Worm Horde","floor":42,"turns":2},{"damage":0,"enemies":"Transient","floor":46,"turns":6},{"damage":0,"enemies":"Sphere and 2 Shapes","floor":48,"turns":1},{"damage":49,"enemies":"Awakened One","floor":50,"turns":7},{"damage":12,"enemies":"Replay:Hell Engine","floor":51,"turns":6}],"seed_played":"-6429742254950112375","potions_obtained":[{"floor":3,"key":"Weak Potion"},{"floor":4,"key":"LiquidBronze"},{"floor":16,"key":"Ancient Potion"},{"floor":35,"key":"DuplicationPotion"},{"floor":39,"key":"Energy Potion"},{"floor":45,"key":"EssenceOfSteel"}],"is_trial":false,"path_per_floor":["M","$","M","M","M","?","R","M","T","R","?","E","R","?","R","B",null,"M","?","M","M","T","R","E","R","T","R","M","E","$","?","R","B",null,"M","?","?","M","M","R","AVR","M","T","$","?","M","R","M","R","B","B",null],"character_chosen":"IRONCLAD","items_purchased":["OrangePellets","Metallicize","Singing Bowl","Toolbox","Medical Kit","Vajra"],"campfire_rested":6,"item_purchase_floors":[0,0,0,0,30,44],"current_hp_per_floor":[49,49,57,62,54,36,59,57,57,57,57,43,43,63,63,33,71,65,82,57,61,61,87,65,87,87,87,76,52,52,52,79,26,76,33,41,41,40,20,50,50,56,56,56,56,64,94,102,102,59,53],"gold":139,"neow_bonus":"","is_daily":false,"chose_seed":false,"campfire_upgraded":5,"win_rate":0.0,"timestamp":1614191610,"path_taken":["M","?","M","M","?","?","R","M","T","R","?","E","R","?","R","BOSS","M","?","M","M","?","R","E","R","T","R","M","E","?","?","R","BOSS","M","?","?","M","M","R","AVR","?","T","?","?","M","R","M","R","BOSS","BOSS"],"items_purchased_type":["Relic","Card","Relic","Relic","Relic","Relic"],"build_version":"2020-12-22","purchased_purges":3,"victory":true,"max_hp_per_floor":[75,75,77,77,79,79,79,81,81,81,81,83,83,83,83,83,83,85,85,85,87,87,87,87,87,87,87,89,91,91,91,91,93,93,95,97,97,99,101,101,98,98,98,98,98,100,100,102,102,102,102],"card_choices":[{"not_picked":["Ghostly Armor","Thunderclap"],"picked":"Pommel Strike","floor":1},{"not_picked":["True Grit","Replay:Undeath\u0027s Touch","Armaments"],"picked":"Singing Bowl","floor":3},{"not_picked":["Fiend Fire","Wild Strike"],"picked":"Cleave","floor":4},{"not_picked":["Replay:Undeath\u0027s Touch","Cleave","Carnage"],"picked":"Singing Bowl","floor":5},{"not_picked":["infinitespire:SealOfDarkness+","ReplayTheSpireMod:Haul"],"picked":"infinitespire:Collect","floor":6},{"not_picked":["Clash","Shrug It Off","Evolve"],"picked":"Singing Bowl","floor":8},{"not_picked":["Perfected Strike","Run Through","Entrench"],"picked":"Singing Bowl","floor":12},{"not_picked":["Impervious","Offering"],"picked":"Demon Form","floor":16},{"not_picked":["Body Slam","Wild Strike","Sword Boomerang"],"picked":"Singing Bowl","floor":18},{"not_picked":["Entrench","Shrug It Off"],"picked":"Fire Breathing","floor":20},{"not_picked":["Life Link","True Grit","Seeing Red"],"picked":"Singing Bowl","floor":21},{"not_picked":["Intimidate","Pommel Strike+1"],"picked":"Spot Weakness+1","floor":24},{"not_picked":["Abandon","Flex","ReplayTheSpireMod:Strike From Hell"],"picked":"Singing Bowl","floor":28},{"not_picked":["ReplayTheSpireMod:LeadingStrike","Perfected Strike","Anger"],"picked":"Singing Bowl","floor":29},{"not_picked":["Hemogenesis","Demonic Infusion","Feed"],"picked":"Singing Bowl","floor":33},{"not_picked":["Shrug It Off+1","Heavy Blade","Perfected Strike"],"picked":"Singing Bowl","floor":35},{"not_picked":["Flex","Armaments","Heavy Blade+1"],"picked":"Singing Bowl","floor":36},{"not_picked":["ReplayTheSpireMod:Strike From Hell+1","Body Slam","Anger"],"picked":"Singing Bowl","floor":38},{"not_picked":["Warcry","Dark Embrace","Battle Trance"],"picked":"Singing Bowl","floor":39},{"not_picked":["Rampage","Shockwave+1"],"picked":"Berserk","floor":42},{"not_picked":["Inflame","Twin Strike","True Grit+1"],"picked":"Singing Bowl","floor":46},{"not_picked":["Cleave","Warcry","Dropkick+1"],"picked":"Singing Bowl","floor":48}],"player_experience":437618,"relics_obtained":[{"floor":9,"key":"Simple Rune"},{"floor":12,"key":"Boot"},{"floor":22,"key":"Gremlin Food"},{"floor":24,"key":"reliquary:TridentHead"},{"floor":26,"key":"reliquary:SculptingSteel"},{"floor":29,"key":"InkBottle"},{"floor":36,"key":"Incense Burner"},{"floor":43,"key":"Juzu Bracelet"}],"event_choices":[{"damage_healed":0,"gold_gain":0,"cards_transformed":["Strike_R"],"player_choice":"Change","damage_taken":0,"max_hp_gain":0,"max_hp_loss":0,"event_name":"Living Wall","floor":11,"gold_loss":0,"cards_obtained":["Clothesline"]},{"damage_healed":20,"gold_gain":0,"player_choice":"Healed","damage_taken":0,"max_hp_gain":0,"max_hp_loss":0,"event_name":"The Cleric","floor":14,"gold_loss":35},{"damage_healed":17,"gold_gain":0,"player_choice":"Heal","damage_taken":0,"max_hp_gain":0,"max_hp_loss":0,"event_name":"The Library","floor":19,"gold_loss":0},{"damage_healed":0,"gold_gain":0,"player_choice":"Inject Mutagens","damage_taken":0,"relics_obtained":["MutagenicStrength"],"max_hp_gain":0,"max_hp_loss":0,"event_name":"Drug Dealer","floor":31,"gold_loss":0},{"damage_healed":0,"gold_gain":0,"player_choice":"Fight","damage_taken":0,"max_hp_gain":0,"max_hp_loss":0,"event_name":"MindBloom","floor":36,"gold_loss":0},{"damage_healed":0,"gold_gain":0,"player_choice":"Forge","damage_taken":0,"max_hp_gain":0,"max_hp_loss":0,"event_name":"Accursed Blacksmith","floor":37,"gold_loss":0,"cards_upgraded":["Cleave"]},{"damage_healed":0,"gold_gain":0,"player_choice":"Got Potions","damage_taken":0,"max_hp_gain":0,"max_hp_loss":0,"event_name":"Lab","floor":45,"gold_loss":0}],"is_beta":false,"boss_relics":[{"not_picked":["reliquary:RedPaperclip","SacredBark"],"picked":"infinitespire:Burning Sword"},{"not_picked":["reliquary:Ember","reliquary:RedCape"],"picked":"SlaversCollar"}],"items_purged_floors":[2,30,41],"is_endless":false,"potions_floor_spawned":[3,4,8,16,21,24,35,38,39],"ascension_level":20}}