{"host":"cd25ms2o8pjhjp7m","time":1614156804,"event":{"mods":["Aspiration","BaseMod","Bestiary","Better Third Choice","BetterRewards","Conspire","Curses Come First","Friendly Minions","GifTheSpireLib","Hubris","Infinite Spire","Minty Spire (QoL Compilation)","Rare Cards Sparkle","Relic Stats","Reliquary","Replay The Spire","Robot Space Explorer","StSLib","The Poker Player","The Runesmith","Uncapped","[IsaacMod]????","??????REMEMod"],"gold_per_floor":[113,132,307,325,325,325,352,352,402,421,421,421,437,456,456,555,555,570,570,353,353,366,366,366,366],"floor_reached":24,"language":"DEU","playtime":1113,"items_purged":["Pain"],"score":196,"play_id":"85a344b6-013d-444c-8ecd-983f2e6161f6","local_time":"20210224095324","is_ascension_mode":false,"campfire_choices":[{"data":"Runesmith:LithiumIon","floor":6,"key":"SMITH"},{"floor":12,"key":"REST"},{"floor":15,"key":"REST"},{"floor":23,"key":"REST"}],"circlet_count":0,"master_deck":["Runesmith:Strike_RS+1","Runesmith:Strike_RS+1","Runesmith:Strike_RS+1","Runesmith:Strike_RS+1","Runesmith:Defend_RS+1","Runesmith:Defend_RS+1","Runesmith:Defend_RS+1","Runesmith:Defend_RS+1","Runesmith:CraftFirestone","Runesmith:Fortify","SuicideKing","Replay:Many Hands","Runesmith:BackupBattery","Runesmith:LithiumIon+1","Runesmith:CraftSpiculum","Doubt","Runesmith:ElementalConversion","Runesmith:OneForEveryone","Voices","Runesmith:RuneHurl","Runesmith:CraftMagma","Runesmith:ArcReactor","Runesmith:Supernova","Runesmith:RunicBlueprint+1","Runesmith:Firestorm","Runesmith:CraftMedicinae","Runesmith:CraftIncendium+1"],"relics":["Runesmith:CoreCrystal","REME_ComplimentaryCards","HushsDoor","BookOfRevelations","infinitespire:ShieldingShard","ReplayTheSpireMod:Ring of Addiction","White Beast Statue","Toy Ornithopter","ReplayTheSpireMod:Ring of Collecting","Ring of Greed","Membership Card","hubris:MobiusCoin","aspiration:RitualStick","hubris:EmptyBottle"],"acts_visited":["Exordium","TheCity"],"potions_floor_usage":[8,13,14,16,16,16,20,20,24,24],"damage_taken":[{"damage":7,"enemies":"Jaw Worm","floor":1,"turns":5},{"damage":6,"enemies":"Small Slimes","floor":2,"turns":3},{"damage":2,"enemies":"2 Louse","floor":4,"turns":3},{"damage":25,"enemies":"Lagavulin","floor":7,"turns":7},{"damage":15,"enemies":"Lots of Slimes","floor":10,"turns":4},{"damage":6,"enemies":"2 Fungi Beasts","floor":13,"turns":3},{"damage":11,"enemies":"3 Louse","floor":14,"turns":4},{"damage":41,"enemies":"Slime Boss","floor":16,"turns":10},{"damage":47,"enemies":"Chosen","floor":18,"turns":9},{"damage":25,"enemies":"3 Byrds","floor":22,"turns":6},{"damage":43,"enemies":"Gremlin Leader","floor":24,"turns":4}],"seed_played":"4775890729424630319","potions_obtained":[{"floor":2,"key":"AttackPotion"},{"floor":8,"key":"Ancient Potion"},{"floor":8,"key":"REME_GoldPotion"},{"floor":8,"key":"Explosive Potion"},{"floor":10,"key":"FearPotion"},{"floor":13,"key":"Fruit Juice"},{"floor":14,"key":"Energy Potion"},{"floor":16,"key":"SteroidPotion"},{"floor":18,"key":"FearPotion"},{"floor":22,"key":"AttackPotion"}],"is_trial":false,"path_per_floor":["M","M","?","M","?","R","E","?","T","M","?","R","M","M","R","B",null,"M","?","$","?","M","R","E"],"character_chosen":"RUNESMITH_CLASS","items_purchased":["Runesmith:Firestorm","Runesmith:CraftMedicinae","hubris:EmptyBottle","REME_GoldPotion"],"campfire_rested":3,"item_purchase_floors":[20,20,20,20],"current_hp_per_floor":[63,57,57,55,55,55,30,35,35,20,20,40,39,38,59,33,73,26,11,21,21,3,24,0,0],"gold":366,"neow_bonus":"THREE_CARDS","is_daily":false,"chose_seed":false,"campfire_upgraded":1,"win_rate":0.0,"timestamp":1614156804,"path_taken":["M","M","?","M","?","R","E","?","T","M","?","R","?","M","R","BOSS","M","?","?","?","M","R","E"],"items_purchased_type":["Card","Card","Relic","Potion"],"build_version":"2020-12-22","purchased_purges":1,"victory":false,"max_hp_per_floor":[70,70,70,70,70,70,70,70,70,70,70,68,68,73,73,73,73,73,73,71,71,71,71,69,69],"relic_stats":{"counters":[22,99],"obtain_stats":[{"LagranYue:RandomDrawCardRelic":0,"hubris:EmptyBottle":20,"aspiration:RitualStick":19,"PokeGo":0,"infinitespire:ShieldingShard":7,"KeepersGift":0,"Gremlin Food":9,"hubris:MobiusCoin":9,"Runesmith:BrokenRuby":0,"NeowsBlessing":0,"ReplayTheSpireMod:Ring of Addiction":8,"Thread and Needle":18,"Pen Nib":8,"hubris:HollowSoul":17,"Letter Opener":15,"Ring of Greed":9,"Frozen Egg 2":10,"MegaBlast":17,"White Beast Statue":8,"Runesmith:CoreCrystal":17,"Anchor":18,"REME_HourglassOfDeath":18,"ReplayTheSpireMod:Ring of Collecting":8,"reliquary:SculptingSteel":18,"hubris:ToyBattleship":18,"GuppysHairball":17,"Membership Card":9,"Grinning Jar":18,"HushsDoor":0,"ReplayTheSpireMod:Lightbulb":6,"Toy Ornithopter":8,"REME_ComplimentaryCards":0},{"LagranYue:RandomDrawCardRelic":0,"hubris:EmptyBottle":20,"aspiration:RitualStick":20,"PokeGo":0,"infinitespire:ShieldingShard":15,"KeepersGift":0,"Gremlin Food":5,"hubris:MobiusCoin":15,"Runesmith:BrokenRuby":0,"NeowsBlessing":0,"ReplayTheSpireMod:Ring of Addiction":15,"Thread and Needle":9,"Pen Nib":5,"hubris:HollowSoul":8,"Letter Opener":7,"Ring of Greed":15,"Frozen Egg 2":5,"MegaBlast":8,"White Beast Statue":15,"Runesmith:CoreCrystal":19,"Anchor":9,"REME_HourglassOfDeath":9,"ReplayTheSpireMod:Ring of Collecting":15,"reliquary:SculptingSteel":9,"hubris:ToyBattleship":9,"GuppysHairball":8,"Membership Card":15,"Grinning Jar":9,"HushsDoor":0,"ReplayTheSpireMod:Lightbulb":3,"Toy Ornithopter":15,"REME_ComplimentaryCards":0},{"LagranYue:RandomDrawCardRelic":0,"hubris:EmptyBottle":89,"aspiration:RitualStick":89,"PokeGo":0,"infinitespire:ShieldingShard":59,"KeepersGift":0,"Gremlin Food":11,"hubris:MobiusCoin":59,"Runesmith:BrokenRuby":0,"NeowsBlessing":0,"ReplayTheSpireMod:Ring of Addiction":59,"Thread and Needle":32,"Pen Nib":11,"hubris:HollowSoul":28,"Letter Opener":17,"Ring of Greed":59,"Frozen Egg 2":11,"MegaBlast":28,"White Beast Statue":59,"Runesmith:CoreCrystal":80,"Anchor":32,"REME_HourglassOfDeath":32,"ReplayTheSpireMod:Ring of Collecting":59,"reliquary:SculptingSteel":32,"hubris:ToyBattleship":32,"GuppysHairball":28,"Membership Card":59,"Grinning Jar":32,"HushsDoor":0,"ReplayTheSpireMod:Lightbulb":4,"Toy Ornithopter":59,"REME_ComplimentaryCards":0}],"Toy Ornithopter":50,"aspiration:RitualStick":[0]},"card_choices":[{"not_picked":[],"picked":"SuicideKing","floor":0},{"not_picked":["Runesmith:ShiftingStrike","Runesmith:HeatExchange"],"picked":"Runesmith:BackupBattery","floor":0},{"not_picked":["Runesmith:CraftProtectio","Runesmith:FieryHammer"],"picked":"Runesmith:LithiumIon","floor":1},{"not_picked":["Bomb","Runesmith:UnstableHammer"],"picked":"Runesmith:CraftSpiculum","floor":2},{"not_picked":["Runesmith:Overpower","Runesmith:GenerateForcefield"],"picked":"Runesmith:ElementalConversion","floor":4},{"not_picked":["Runesmith:ChargedHammer","Runesmith:CraftSpiculum"],"picked":"Runesmith:OneForEveryone","floor":7},{"not_picked":["Runesmith:StaticCage","Runesmith:Retool"],"picked":"Runesmith:RuneHurl","floor":10},{"not_picked":["Runesmith:NanitesCloud","Runesmith:EarthShield"],"picked":"Runesmith:CraftMagma","floor":13},{"not_picked":["Runesmith:ChiselStab","Runesmith:EnergizedChisel"],"picked":"Runesmith:ArcReactor","floor":14},{"not_picked":["Runesmith:MetallurgicalResearch","Runesmith:CraftMedicinae"],"picked":"Runesmith:Supernova","floor":16},{"not_picked":["Runesmith:ShiftingStrike","Runesmith:MakeshiftArmor"],"picked":"Runesmith:RunicBlueprint+1","floor":18},{"not_picked":["Runesmith:UnstableHammer","Runesmith:Accelerate+1"],"picked":"Runesmith:CraftIncendium+1","floor":22}],"player_experience":505512,"relics_obtained":[{"floor":7,"key":"infinitespire:ShieldingShard"},{"floor":8,"key":"ReplayTheSpireMod:Ring of Addiction"},{"floor":8,"key":"White Beast Statue"},{"floor":8,"key":"Toy Ornithopter"},{"floor":8,"key":"ReplayTheSpireMod:Ring of Collecting"},{"floor":9,"key":"Ring of Greed"},{"floor":9,"key":"Membership Card"},{"floor":9,"key":"hubris:MobiusCoin"}],"event_choices":[{"damage_healed":0,"gold_gain":175,"player_choice":"AGREE","damage_taken":132,"max_hp_gain":0,"max_hp_loss":0,"event_name":"betterThird:BetterSerpent","floor":3,"gold_loss":0},{"damage_healed":0,"gold_gain":0,"player_choice":"Simplicity","damage_taken":0,"max_hp_gain":0,"max_hp_loss":8,"event_name":"betterThird:BetterWriting","floor":21,"gold_loss":0}],"is_beta":false,"boss_relics":[{"not_picked":["Busted Crown","Black Star"],"picked":"Runesmith:CoreCrystal"},{"not_picked":[]}],"items_purged_floors":[20],"is_endless":false,"potions_floor_spawned":[2,10,13,14,16,18,22],"killed_by":"Gremlin Leader","ascension_level":0}}