{"host":"dbkc9h3etq50r1dq","time":1614206792,"event":{"mods":["AchievementEnabler","BaseMod","Block Reminder","Colored Powertips","Curses Come First","Dark Map","Minty Spire (QoL Compilation)","Permanent Neow","Potion Indicator Mod","Rare Cards Sparkle","Robot Space Explorer","StSLib","SuperFastMode","Weighted Paths"],"gold_per_floor":[112,112,126,141,73,73,73,93,93,70,70,85,119,132,132,237,237,255,255,255],"floor_reached":19,"language":"ZHS","playtime":629,"items_purged":[],"score":194,"play_id":"b7a99509-295d-4878-8e8c-539d87895537","local_time":"20210225064632","is_ascension_mode":false,"campfire_choices":[{"data":"RobotSpaceExplorer:StarLightning","floor":6,"key":"SMITH"},{"data":"RobotSpaceExplorer:Pulsar","floor":11,"key":"SMITH"},{"data":"RobotSpaceExplorer:Pulsar","floor":15,"key":"SMITH"}],"circlet_count":0,"master_deck":["RobotSpaceExplorer:Strike","RobotSpaceExplorer:Strike","RobotSpaceExplorer:Strike","RobotSpaceExplorer:Defend","RobotSpaceExplorer:Defend","RobotSpaceExplorer:Defend","RobotSpaceExplorer:Scan","RobotSpaceExplorer:MiniLasers","RobotSpaceExplorer:JunkDive","RobotSpaceExplorer:Pulsar","RobotSpaceExplorer:Pulsar+1","RobotSpaceExplorer:StarLightning+1","RobotSpaceExplorer:Arsenal","RobotSpaceExplorer:Pulsar+1","RobotSpaceExplorer:ShockMissile","RobotSpaceExplorer:Fix","CurseOfTheBell"],"relics":["RobotSpaceExplorer:RoboCore","White Beast Statue","Calipers","Calling Bell","Vajra","Eternal Feather","Prayer Wheel"],"acts_visited":["Exordium","TheCity"],"potions_floor_usage":[13,16],"damage_taken":[{"damage":0,"enemies":"Jaw Worm","floor":1,"turns":5},{"damage":0,"enemies":"Cultist","floor":3,"turns":3},{"damage":0,"enemies":"2 Louse","floor":4,"turns":4},{"damage":0,"enemies":"Exordium Thugs","floor":8,"turns":4},{"damage":0,"enemies":"Gremlin Gang","floor":12,"turns":5},{"damage":0,"enemies":"Lagavulin","floor":13,"turns":6},{"damage":5,"enemies":"Blue Slaver","floor":14,"turns":3},{"damage":19,"enemies":"Hexaghost","floor":16,"turns":10},{"damage":1,"enemies":"Shell Parasite","floor":18,"turns":7},{"damage":0,"enemies":"Spheric Guardian","floor":19,"turns":1}],"seed_played":"5915181605733532385","potions_obtained":[{"floor":0,"key":"SpeedPotion"},{"floor":0,"key":"BlessingOfTheForge"},{"floor":0,"key":"FairyPotion"},{"floor":12,"key":"Regen Potion"},{"floor":13,"key":"Energy Potion"},{"floor":16,"key":"DuplicationPotion"}],"is_trial":false,"path_per_floor":["M","?","M","M","$","R","?","M","T","$","R","M","E","M","R","B",null,"M","M"],"character_chosen":"RobotSpaceExplorer","items_purchased":["RobotSpaceExplorer:StarLightning","RobotSpaceExplorer:Pulsar"],"campfire_rested":0,"item_purchase_floors":[5,10],"current_hp_per_floor":[75,75,75,75,75,75,75,75,75,75,75,75,75,70,70,70,75,74,74,74],"gold":255,"neow_bonus":"THREE_SMALL_POTIONS","is_daily":false,"chose_seed":false,"campfire_upgraded":3,"win_rate":0.0,"timestamp":1614206792,"path_taken":["M","?","?","M","$","R","?","M","T","?","R","?","E","M","R","BOSS","M","M"],"items_purchased_type":["Card","Card"],"build_version":"2020-12-22","purchased_purges":0,"victory":false,"max_hp_per_floor":[75,75,75,75,75,75,75,75,75,75,75,75,75,75,75,75,75,75,75,75],"card_choices":[{"not_picked":["RobotSpaceExplorer:GearShield","RobotSpaceExplorer:Ammunition"],"picked":"RobotSpaceExplorer:JunkDive","floor":1},{"not_picked":["RobotSpaceExplorer:Reload","RobotSpaceExplorer:SurgingStrike"],"picked":"RobotSpaceExplorer:Pulsar","floor":3},{"not_picked":["RobotSpaceExplorer:ScrapShield","RobotSpaceExplorer:PowerGlove"],"picked":"RobotSpaceExplorer:Pulsar","floor":4},{"not_picked":["RobotSpaceExplorer:FreezeRay","RobotSpaceExplorer:MakeshiftVolley","RobotSpaceExplorer:ImprovisedAttack"],"picked":"SKIP","floor":8},{"not_picked":["RobotSpaceExplorer:ShockKick","RobotSpaceExplorer:Counterblock","RobotSpaceExplorer:SurgingStrike"],"picked":"SKIP","floor":12},{"not_picked":["RobotSpaceExplorer:Jetpack","RobotSpaceExplorer:Counterblock"],"picked":"RobotSpaceExplorer:ShockMissile","floor":13},{"not_picked":["RobotSpaceExplorer:FreezeRay","RobotSpaceExplorer:StunGrenade"],"picked":"RobotSpaceExplorer:Fix","floor":14},{"not_picked":["RobotSpaceExplorer:Electropulse","RobotSpaceExplorer:SwiftStep","RobotSpaceExplorer:Calculate"],"picked":"SKIP","floor":18},{"not_picked":["RobotSpaceExplorer:Probe","RobotSpaceExplorer:GlueShot","RobotSpaceExplorer:RigExplosive"],"picked":"SKIP","floor":18}],"player_experience":163381,"relics_obtained":[{"floor":9,"key":"White Beast Statue"},{"floor":13,"key":"Calipers"},{"floor":17,"key":"Vajra"},{"floor":17,"key":"Eternal Feather"},{"floor":17,"key":"Prayer Wheel"}],"event_choices":[{"cards_removed":["RobotSpaceExplorer:Defend"],"damage_healed":0,"gold_gain":0,"player_choice":"Offered Basic","damage_taken":0,"max_hp_gain":0,"max_hp_loss":0,"event_name":"Bonfire Elementals","floor":2,"gold_loss":0},{"damage_healed":0,"gold_gain":0,"cards_transformed":["RobotSpaceExplorer:Strike"],"player_choice":"Transformed","damage_taken":0,"max_hp_gain":0,"max_hp_loss":0,"event_name":"Transmorgrifier","floor":7,"gold_loss":0,"cards_obtained":["RobotSpaceExplorer:Arsenal"]}],"is_beta":false,"boss_relics":[{"not_picked":["Black Star","Runic Dome"],"picked":"Calling Bell"}],"items_purged_floors":[],"is_endless":false,"potions_floor_spawned":[3,12,13,14,16,18],"killed_by":"Spheric Guardian","ascension_level":0}}