{"host":"lufzn74xe9ct3rkf","time":1614146734,"event":{"mods":["AchievementEnabler","BaseMod","DNKmod","Evolution","Friendly Minions","Minty Spire (QoL Compilation)","StSLib","Treasure Hunter"],"gold_per_floor":[457,474,491,491,30,30,40,70,123,123,152,58,58,72,72,174,224,235,246,14,14,33,33,59,59,108,132,57,57,83,97,97,192,192,205,205,180,180,199,214,214,214,514,532,551,461,474,528,528,528,528,528,88,116,116,116],"floor_reached":55,"language":"ENG","playtime":2823,"items_purged":[],"score":870,"play_id":"0fbabedd-58ad-4af8-ad73-c8fb3f15e0aa","local_time":"20210223220534","is_ascension_mode":false,"campfire_choices":[{"floor":6,"key":"RECALL"},{"data":"Blizzard","floor":10,"key":"SMITH"},{"data":"Mind Blast","floor":15,"key":"SMITH"},{"floor":23,"key":"REST"},{"floor":25,"key":"REST"},{"floor":32,"key":"REST"},{"floor":41,"key":"REST"},{"floor":49,"key":"REST"},{"floor":52,"key":"REST"}],"circlet_count":0,"master_deck":["Barrage","Barrage","Barrage","Strike_B","Defend_B","Defend_B","Zap","Dualcast","Trip+1","Coolheaded+1","Coolheaded+1","Blizzard+1","Transmutation+1","Capacitor+1","Ball Lightning","Spot Weakness+1","TH:CursedSword","CutThroughFate+1","TH:EnergyPotion","TH:DeckOfManyThings","Barricade+1","Mind Blast+1","Dagger Throw","TH:DeckOfManyThings","Violence+1","FollowUp","Crescendo+1","BattleHymn+1","Loop+1","Cold Snap","Seeing Red+1","BowlingBash","TH:CursedSword","TH:EnergyPotion","RitualDagger","TH:CursedSword+1","Hello World+1","Exhume+1","Redo+1","TH:CopperCoins","Demon Form+1","Flex+1","Madness+1","Madness+1","TH:DeckOfManyThings","Riddle With Holes+1","FlyingSleeves+1","Chrysalis+1","TH:EnergyPotion","Carnage+1","Lockon","Consecrate","Armaments+1","Flex+1","Madness+1","Hello World+1","Cold Snap","TH:CursedSword","ConjureBlade+1"],"relics":["Cracked Core","EVO:Axolotl","Toxic Egg 2","Pantograph","TH:Strongbox","Mango","Sundial","Oddly Smooth Stone","Frozen Egg 2","Singing Bowl","Whetstone","Bag of Preparation","Blood Vial","Potion Belt","Juzu Bracelet","Regal Pillow","Pear","HornCleat","Question Card","Strawberry","Mercury Hourglass","Blue Candle","Bottled Flame","StoneCalendar","Gremlin Horn","Dream Catcher","Orichalcum","PrismaticShard","Tiny Chest","Bronze Scales","Vajra","Tiny House","Lantern","Red Mask","Ancient Tea Set","Ginger","Fusion Hammer","Shuriken","Old Coin","TungstenRod","Lizard Tail","White Beast Statue"],"acts_visited":["Exordium","TheCity","TheBeyond","TheEnding"],"potions_floor_usage":[8,30,33,33,50,54,54],"damage_taken":[{"damage":0,"enemies":"2 Louse","floor":1,"turns":1},{"damage":0,"enemies":"Cultist","floor":2,"turns":2},{"damage":0,"enemies":"Small Slimes","floor":3,"turns":1},{"damage":0,"enemies":"Exordium Thugs","floor":7,"turns":2},{"damage":0,"enemies":"Lagavulin","floor":8,"turns":2},{"damage":12,"enemies":"3 Sentries","floor":11,"turns":4},{"damage":0,"enemies":"3 Louse","floor":14,"turns":1},{"damage":19,"enemies":"The Guardian","floor":16,"turns":5},{"damage":4,"enemies":"Chosen","floor":18,"turns":2},{"damage":16,"enemies":"2 Thieves","floor":19,"turns":2},{"damage":12,"enemies":"Centurion and Healer","floor":22,"turns":2},{"damage":2,"enemies":"Masked Bandits","floor":24,"turns":2},{"damage":4,"enemies":"Slavers","floor":30,"turns":2},{"damage":0,"enemies":"3 Cultists","floor":31,"turns":2},{"damage":27,"enemies":"Collector","floor":33,"turns":4},{"damage":10,"enemies":"3 Shapes","floor":35,"turns":3},{"damage":4,"enemies":"3 Darklings","floor":39,"turns":2},{"damage":5,"enemies":"4 Shapes","floor":40,"turns":2},{"damage":2,"enemies":"Jaw Worm Horde","floor":44,"turns":2},{"damage":1,"enemies":"3 Darklings","floor":45,"turns":2},{"damage":0,"enemies":"Spire Growth","floor":47,"turns":2},{"damage":23,"enemies":"2 Orb Walkers","floor":48,"turns":3},{"damage":29,"enemies":"Donu and Deca","floor":50,"turns":5},{"damage":49,"enemies":"Shield and Spear","floor":54,"turns":5},{"damage":71,"enemies":"The Heart","floor":55,"turns":5}],"seed_played":"4251780182884289683","potions_obtained":[{"floor":3,"key":"LiquidMemories"},{"floor":11,"key":"Strength Potion"},{"floor":14,"key":"Dexterity Potion"},{"floor":16,"key":"ColorlessPotion"},{"floor":17,"key":"LiquidMemories"},{"floor":30,"key":"SteroidPotion"},{"floor":35,"key":"SpeedPotion"},{"floor":40,"key":"Dexterity Potion"},{"floor":45,"key":"Energy Potion"},{"floor":54,"key":"BlessingOfTheForge"}],"is_trial":false,"path_per_floor":["M","M","M","?","$","R","M","E","T","R","E","$","?","M","R","B",null,"M","M","$","?","M","R","?","R","T","T","?","?","E","M","R","B",null,"M","?","$","T","M","M","R","?","T","M","M","?","M","?","R","B",null,"R","$","E","B"],"character_chosen":"DEFECT","items_purchased":["Transmutation+1","PrismaticShard","Capacitor+1","Ball Lightning","Mind Blast","Lantern","Loop+1","Ball Lightning","Lizard Tail","Hello World+1","Cold Snap"],"campfire_rested":6,"item_purchase_floors":[5,5,5,5,12,20,20,37,53,53,53],"current_hp_per_floor":[75,75,75,75,75,75,75,75,75,75,63,63,68,70,70,61,85,81,67,67,67,57,85,83,85,85,85,85,79,77,79,85,58,85,75,64,64,64,62,59,85,85,85,83,84,84,85,62,85,56,85,85,85,36,42,42],"gold":116,"neow_bonus":"RANDOM_COLORLESS","is_daily":false,"chose_seed":false,"campfire_upgraded":2,"win_rate":0.0,"timestamp":1614146734,"path_taken":["M","M","M","?","$","R","M","E","T","R","E","$","?","M","R","BOSS","M","M","$","?","M","R","?","R","T","?","?","?","E","M","R","BOSS","M","?","$","?","M","M","R","?","T","M","M","?","M","?","R","BOSS","R","$","E","BOSS"],"items_purchased_type":["Card","Relic","Card","Card","Card","Relic","Card","Card","Relic","Card","Card"],"build_version":"2020-12-22","purchased_purges":0,"victory":false,"max_hp_per_floor":[75,75,75,75,75,75,75,75,75,75,75,75,80,80,80,80,85,85,85,85,85,85,85,85,85,85,85,85,85,85,85,85,85,85,85,85,85,85,85,85,85,85,85,85,85,85,85,85,85,85,85,85,85,85,85,85],"card_choices":[{"not_picked":["PanicButton","Purity"],"picked":"Trip","floor":0},{"not_picked":["Sweeping Beam","Conserve Battery+1","Redo+1"],"picked":"Coolheaded+1","floor":1},{"not_picked":["Doom and Gloom","BootSequence+1","Storm+1"],"picked":"Coolheaded+1","floor":2},{"not_picked":["Cold Snap","Rip and Tear","Conserve Battery+1"],"picked":"Blizzard","floor":3},{"not_picked":["Dark Embrace+1","Outmaneuver+1","Well Laid Plans+1"],"picked":"Spot Weakness+1","floor":7},{"not_picked":["TH:DeckOfManyThings","TH:CopperCoins"],"picked":"TH:CursedSword","floor":8},{"not_picked":["TH:ArmorSpikes","Masterful Stab","Stack+1"],"picked":"CutThroughFate","floor":8},{"not_picked":["TH:ArmorSpikes","TH:ElvenBoots"],"picked":"TH:EnergyPotion","floor":9},{"not_picked":["TH:ElvenBoots","TH:CopperCoins"],"picked":"TH:DeckOfManyThings","floor":11},{"not_picked":["BattleHymn+1","Dark Shackles+1","Sentinel+1"],"picked":"Barricade+1","floor":11},{"not_picked":["ClearTheMind+1","Intimidate+1","Leg Sweep+1"],"picked":"Dagger Throw","floor":14},{"not_picked":["TH:CopperCoins","TH:PixieDust"],"picked":"TH:DeckOfManyThings","floor":16},{"not_picked":["Corruption+1","Establishment+1","Bludgeon"],"picked":"Violence+1","floor":16},{"not_picked":["Quick Slash","Compile Driver","Steam+1"],"picked":"FollowUp","floor":17},{"not_picked":["Bane+1","Noxious Fumes+1","Calculated Gamble+1"],"picked":"Crescendo+1","floor":18},{"not_picked":["Hologram+1","Meditate+1","Perfected Strike+1"],"picked":"BattleHymn+1","floor":19},{"not_picked":["Evolve+1","ThirdEye+1","Tactician+1"],"picked":"Cold Snap","floor":22},{"not_picked":["DeceiveReality+1","Choke+1","Study+1"],"picked":"After Image+1","floor":23},{"not_picked":["Forethought+1","Indignation+1","Shrug It Off+1"],"picked":"Seeing Red+1","floor":24},{"not_picked":["All Out Attack","Slice","Barrage"],"picked":"BowlingBash","floor":25},{"not_picked":["TH:ArmorSpikes","TH:BikiniMail"],"picked":"TH:CursedSword","floor":26},{"not_picked":["TH:PixieDust","TH:TreasureMap"],"picked":"TH:EnergyPotion","floor":27},{"not_picked":["TH:BikiniMail","TH:ArmorSpikes"],"picked":"TH:CursedSword","floor":30},{"not_picked":["Double Energy+1","Sucker Punch+1","SashWhip"],"picked":"Hello World+1","floor":30},{"not_picked":["Outmaneuver+1","Hologram+1","Anger+1"],"picked":"Exhume+1","floor":31},{"not_picked":["Stack+1","Deadly Poison+1","Blade Dance+1"],"picked":"Redo+1","floor":32},{"not_picked":["TH:ElvenBoots","TH:Mimic"],"picked":"TH:CopperCoins","floor":33},{"not_picked":["Brutality+1","Seek+1","Brilliance"],"picked":"Demon Form+1","floor":33},{"not_picked":["SashWhip","Distraction+1","Blind+1"],"picked":"Flex+1","floor":35},{"not_picked":["TH:CopperCoins","TH:BikiniMail"],"picked":"TH:DeckOfManyThings","floor":38},{"not_picked":["WheelKick+1","Leap+1","BowlingBash"],"picked":"Riddle With Holes+1","floor":39},{"not_picked":["Dodge and Roll+1","Rupture+1","Headbutt"],"picked":"FlyingSleeves+1","floor":40},{"not_picked":["Jack Of All Trades+1","Chill+1","Streamline+1"],"picked":"Chrysalis+1","floor":41},{"not_picked":["TH:CopperCoins","TH:ArmorSpikes"],"picked":"TH:EnergyPotion","floor":43},{"not_picked":["ThirdEye+1","Forethought+1","Pommel Strike"],"picked":"Carnage+1","floor":44},{"not_picked":["Underhanded Strike+1","Stack+1","Warcry+1"],"picked":"Lockon","floor":45},{"not_picked":["Evolve+1","Thunder Strike","WaveOfTheHand+1"],"picked":"Consecrate","floor":47},{"not_picked":["Purity+1","Dagger Spray+1","Cold Snap"],"picked":"Armaments+1","floor":48},{"not_picked":["WaveOfTheHand+1","Halt+1","Ball Lightning+1"],"picked":"Flex+1","floor":49},{"not_picked":["Sever Soul+1","Protect+1","ThirdEye+1"],"picked":"Madness+1","floor":52},{"not_picked":["TH:EnergyPotion","TH:TreasureMap"],"picked":"TH:CursedSword","floor":54},{"not_picked":["Glacier+1","Stack+1","Armaments+1"],"picked":"ConjureBlade+1","floor":54}],"player_experience":51673,"relics_obtained":[{"floor":8,"key":"Tiny Chest"},{"floor":9,"key":"Bronze Scales"},{"floor":11,"key":"Vajra"},{"floor":24,"key":"Red Mask"},{"floor":27,"key":"Ancient Tea Set"},{"floor":30,"key":"Ginger"},{"floor":38,"key":"Shuriken"},{"floor":43,"key":"Old Coin"},{"floor":48,"key":"TungstenRod"},{"floor":54,"key":"White Beast Statue"}],"event_choices":[{"cards_removed":["Defend_B"],"damage_healed":0,"gold_gain":0,"player_choice":"Offered Basic","damage_taken":0,"max_hp_gain":0,"max_hp_loss":0,"event_name":"Bonfire Elementals","floor":4,"gold_loss":0},{"damage_healed":0,"gold_gain":0,"player_choice":"Donut","damage_taken":0,"max_hp_gain":5,"max_hp_loss":0,"event_name":"Big Fish","floor":13,"gold_loss":0},{"damage_healed":0,"gold_gain":0,"player_choice":"Ignored","damage_taken":0,"max_hp_gain":0,"max_hp_loss":0,"event_name":"Ghosts","floor":21,"gold_loss":0},{"damage_healed":0,"gold_gain":0,"player_choice":"Fought Bandits","damage_taken":0,"max_hp_gain":0,"max_hp_loss":0,"event_name":"Masked Bandits","floor":24,"gold_loss":0},{"cards_removed":["Defend_B"],"damage_healed":0,"gold_gain":0,"player_choice":"Gave Gold","damage_taken":0,"max_hp_gain":0,"max_hp_loss":0,"event_name":"Beggar","floor":28,"gold_loss":75},{"damage_healed":0,"gold_gain":0,"player_choice":"Joined the Cult","damage_taken":6,"max_hp_gain":0,"max_hp_loss":0,"event_name":"Nest","floor":29,"gold_loss":0,"cards_obtained":["RitualDagger"]},{"damage_healed":0,"gold_gain":0,"player_choice":"Embrace Madness","damage_taken":11,"max_hp_gain":0,"max_hp_loss":0,"event_name":"Winding Halls","floor":36,"gold_loss":0,"cards_obtained":["Madness","Madness"]},{"cards_removed":["Ball Lightning"],"damage_healed":0,"gold_gain":0,"player_choice":"Removed Attack","damage_taken":0,"max_hp_gain":0,"max_hp_loss":0,"event_name":"Falling","floor":42,"gold_loss":0},{"cards_removed":["After Image"],"damage_healed":0,"gold_gain":0,"player_choice":"Upgrade and Remove","damage_taken":0,"max_hp_gain":0,"max_hp_loss":0,"event_name":"Designer","floor":46,"gold_loss":90,"cards_upgraded":["TH:CursedSword"]},{"damage_healed":0,"gold_gain":0,"player_choice":"Fight","damage_taken":0,"max_hp_gain":0,"max_hp_loss":0,"event_name":"Mysterious Sphere","floor":48,"gold_loss":0}],"is_beta":false,"boss_relics":[{"not_picked":["Cursed Key","Coffee Dripper"],"picked":"Tiny House"},{"not_picked":["Snecko Eye","Runic Dome"],"picked":"Fusion Hammer"}],"items_purged_floors":[],"is_endless":false,"potions_floor_spawned":[3,11,14,16,18,19,24,30,35,40,45,47,54],"killed_by":"The Heart","ascension_level":0}}