{"host":"strpjp9enjjpooof","time":1614148182,"event":{"mods":["Aspiration","BaseMod","Better Altar","Better Match","Better Note","Better Sensory Stone","Better Skull","Better Third Choice","Colored Powertips","Conspire","Energized Spire","Force Act Four","GifTheSpireLib","Halation","Hubris","Lobotomy","Minty Spire (QoL Compilation)","Relic Filter Mod","Reliquary","Replay The Spire","Spicy Shops","Spikes Relics","StSLib","Stuff the Spire","The Blue Laboratory","Together in Spire"],"gold_per_floor":[118,135,135,147,4,4,35,35,35,35,51,76,91,104,104,201,201,215,233,16,16,33,33,33,68,68,68,68,78,89,104,104,207,207,223,236,249,249,6,20,20,20,46,56,90,90,124,141,141,141,141,141,41,68,68,68],"floor_reached":55,"language":"ENG","playtime":2746,"items_purged":[],"score":711,"play_id":"3be0b614-7768-4fad-840c-d6fe2e13e00b","local_time":"20210223212942","is_ascension_mode":false,"campfire_choices":[{"data":"Seeing Red","floor":6.0,"key":"SMITH"},{"data":"Predator","floor":10.0,"key":"SMITH"},{"floor":15.0,"key":"REST"},{"data":"Double Tap","floor":23.0,"key":"SMITH"},{"data":"Replay:AllIn","floor":27.0,"key":"SMITH"},{"floor":32.0,"key":"REST"},{"data":"Judgement","floor":42.0,"key":"SMITH"},{"floor":46.0,"key":"REST"},{"data":"Mind Blast","floor":49,"key":"SMITH"},{"data":"Lantern","floor":52,"key":"SMITH"}],"circlet_count":0,"master_deck":["conspire:GhostlyStrike","conspire:GhostlyStrike+1","conspire:GhostlyStrike","conspire:GhostlyStrike","conspire:GhostlyStrike","conspire:GhostlyDefend","conspire:GhostlyDefend","conspire:GhostlyDefend+1","conspire:GhostlyDefend","Bash","Twin Strike","Sword Boomerang","Seeing Red+1","Thunderclap","Predator+1","Spore","Double Tap+1","Regret_ego","Ball Lightning","Replay:AllIn+1","Poisoned Stab","Bouncing Flask+1","Wingbeat+1","Heaven","Bloodletting","Horn","Mind Blast+1","SashWhip","Disarm+1","Bane","Judgement+1","Leap+1","Shrug It Off+1","StuffTheSpire:Coldhearted+1","Penitence+1","Clothesline","Hidden Blade","Lantern+1","Magnetism","Madness+1","Madness+1","CutThroughFate","WristCuter+1","Wallop+1","Recycle+1","DeceiveReality+1","Rebound+1","Bouncing Flask+1"],"relics":["Black Blood","hubris:Icosahedron","PrismaticShard","conspire:DeflatedDodgeball","ReplayTheSpireMod:Ninjato","hubris:BottledRain","ChewingGum","King of Hearts","StuffTheSpire:BottledEssence","Prayer Wheel","Mercury Hourglass","Toxic Egg 2","Oddly Smooth Stone","reliquary:Stiletto","StuffTheSpire:GrapeVine","Simple Rune","hubris:Potato"],"acts_visited":["TheEnding"],"potions_floor_usage":[48,50,50,54,54],"damage_taken":[{"damage":6.0,"enemies":"Small Slimes","floor":1.0,"turns":2.0},{"damage":0.0,"enemies":"Jaw Worm","floor":2.0,"turns":1.0},{"damage":11.0,"enemies":"2 Louse","floor":4.0,"turns":2.0},{"damage":0.0,"enemies":"Gremlin Nob","floor":7.0,"turns":2.0},{"damage":0.0,"enemies":"Large Slime","floor":11.0,"turns":1.0},{"damage":9.0,"enemies":"Replay:BlueRogue","floor":12.0,"turns":2.0},{"damage":11.0,"enemies":"conspire:2 RoseBushes","floor":13.0,"turns":3.0},{"damage":10.0,"enemies":"Gremlin Gang","floor":14.0,"turns":2.0},{"damage":2.0,"enemies":"Hexaghost","floor":16.0,"turns":3.0},{"damage":3.0,"enemies":"3 Byrds","floor":18.0,"turns":3.0},{"damage":0.0,"enemies":"Shell Parasite","floor":19.0,"turns":2.0},{"damage":0.0,"enemies":"Cultist and Chosen","floor":22.0,"turns":2.0},{"damage":0.0,"enemies":"Gremlin Leader","floor":25.0,"turns":2.0},{"damage":10.0,"enemies":"Centurion and Healer","floor":29.0,"turns":3.0},{"damage":3.0,"enemies":"Shelled Parasite and Fungi","floor":30.0,"turns":2.0},{"damage":20.0,"enemies":"Sentry and Sphere","floor":31.0,"turns":3.0},{"damage":16.0,"enemies":"Automaton","floor":33.0,"turns":4.0},{"damage":15.0,"enemies":"3 Shapes","floor":35.0,"turns":2.0},{"damage":7.0,"enemies":"Orb Walker","floor":36.0,"turns":2.0},{"damage":16.0,"enemies":"Sphere and 2 Shapes","floor":37.0,"turns":2.0},{"damage":0.0,"enemies":"3 Darklings","floor":40.0,"turns":4.0},{"damage":20.0,"enemies":"Jaw Worm Horde","floor":44.0,"turns":3.0},{"damage":9.0,"enemies":"Giant Head","floor":45.0,"turns":3.0},{"damage":0,"enemies":"Nemesis","floor":47,"turns":1},{"damage":9,"enemies":"4 Shapes","floor":48,"turns":3},{"damage":55,"enemies":"Awakened One","floor":50,"turns":8},{"damage":32,"enemies":"Shield and Spear","floor":54,"turns":4},{"damage":63,"enemies":"The Heart","floor":55,"turns":6}],"seed_played":"478043333626746072","potions_obtained":[{"floor":1.0,"key":"LiquidBronze"},{"floor":7.0,"key":"Milkshake"},{"floor":13.0,"key":"blueLaboratory:BubblePotion"},{"floor":16.0,"key":"Swift Potion"},{"floor":21.0,"key":"BloodPotion"},{"floor":21.0,"key":"blueLaboratory:BottleOfRum"},{"floor":22.0,"key":"blueLaboratory:IronCompound"},{"floor":29.0,"key":"blueLaboratory:HeartbeatPotion"},{"floor":44.0,"key":"Adrenaline Potion"},{"floor":45.0,"key":"Block Potion"}],"is_trial":false,"path_per_floor":["M","M","?","M","$","R","E","?","T","R","M","E","M","M","R","B",null,"M","M","$","?","M","R","$","E","T","R","?","M","M","M","R","B",null,"M","M","M","?","$","M","?","R","T","M","E","R","E","M","R","B",null,"R","$","E","B"],"character_chosen":"IRONCLAD","items_purchased":["PrismaticShard","King of Hearts","StuffTheSpire:BottledEssence","Toxic Egg 2","SkillPotion","Block Potion"],"campfire_rested":3,"item_purchase_floors":[5,20,20,39,53,53],"current_hp_per_floor":[80,80,80,75,75,75,80,80,80,80,80,77,72,68,80,80,80,80,80,80,80,80,80,80,80,80,80,80,76,79,65,80,70,80,77,80,76,76,76,80,70,70,70,62,65,80,80,80,80,53,80,80,80,60,0,0],"gold":68,"neow_bonus":"THREE_CARDS","is_daily":false,"chose_seed":false,"campfire_upgraded":7,"win_rate":0.0,"timestamp":1614148182,"path_taken":["M","M","?","M","$","R","E","?","T","R","M","E","M","M","R","BOSS","M","M","$","?","M","R","?","E","T","R","?","M","?","M","R","BOSS","M","M","?","?","$","M","?","R","T","M","E","R","E","M","R","BOSS","R","$","E","BOSS"],"items_purchased_type":["Relic","Relic","Relic","Relic","Potion","Potion"],"build_version":"2020-12-22","purchased_purges":0,"victory":false,"max_hp_per_floor":[80,80,80,80,80,80,80,80,80,80,80,80,80,80,80,80,80,80,80,80,80,80,80,80,80,80,80,80,80,80,80,80,80,80,80,80,80,80,80,80,80,80,80,80,80,80,80,80,80,80,80,80,80,80,80,80],"card_choices":[{"not_picked":["Run Through","Havoc"],"picked":"Twin Strike","floor":0.0},{"not_picked":["ReplayTheSpireMod:Corrosion Curse","StuffTheSpire:Incineration"],"picked":"Sword Boomerang","floor":1.0},{"not_picked":["hubris:CleavingFinish","Havoc"],"picked":"Seeing Red","floor":2.0},{"not_picked":["ReplayTheSpireMod:Strike From Hell","StuffTheSpire:RockThrow"],"picked":"Thunderclap","floor":4.0},{"not_picked":["Wild Strike","ReplayTheSpireMod:LeadingStrike"],"picked":"Predator","floor":7.0},{"not_picked":["ReplayTheSpireMod:Trickstab","Diffraction"],"picked":"Spore","floor":11.0},{"not_picked":["Panic Button","Wild Strike"],"picked":"Double Tap","floor":12.0},{"not_picked":["Sneak Up","Replay:BluntJabs"],"picked":"Regret_ego","floor":13.0},{"not_picked":["Shrug It Off","Uppercut"],"picked":"Ball Lightning","floor":14.0},{"not_picked":["Meteor Strike","Demon Form"],"picked":"Replay:AllIn","floor":16.0},{"not_picked":["Gash","True Grit+1"],"picked":"Poisoned Stab","floor":18.0},{"not_picked":["Wingbeat","conspire:Banana"],"picked":"Bouncing Flask+1","floor":19.0},{"not_picked":["StuffTheSpire:ShieldGenerator","EmptyBody"],"picked":"Wingbeat+1","floor":22.0},{"not_picked":["Compile Driver+1","ThirdEye"],"picked":"Heaven","floor":25.0},{"not_picked":["Stack","PiercingWail"],"picked":"Bloodletting","floor":29.0},{"not_picked":["Armaments","Rebound"],"picked":"Horn","floor":29.0},{"not_picked":["Flex+1","ThirdEye+1"],"picked":"Mind Blast","floor":30.0},{"not_picked":["Panic Button","ConjureBlade"],"picked":"SashWhip","floor":30.0},{"not_picked":["Eviscerate","JustLucky+1"],"picked":"Disarm+1","floor":31.0},{"not_picked":["Dual Wield","Wild Strike"],"picked":"Bane","floor":31.0},{"not_picked":["hubris:Prefetch","A Thousand Cuts"],"picked":"Judgement","floor":33.0},{"not_picked":["Eviscerate","Thunderclap"],"picked":"Leap+1","floor":35.0},{"not_picked":["Darkness+1","Expertise+1"],"picked":"Shrug It Off+1","floor":35.0},{"not_picked":["RedEyes+1","ClearTheMind"],"picked":"StuffTheSpire:Coldhearted+1","floor":36.0},{"not_picked":["Survey Options+1","FlyingSleeves+1"],"picked":"Penitence+1","floor":36.0},{"not_picked":["Coolheaded","StuffTheSpire:Pyroclast"],"picked":"Clothesline","floor":37.0},{"not_picked":["StuffTheSpire:PlasmaPunch","Dagger Spray"],"picked":"Hidden Blade","floor":37.0},{"not_picked":["Poisoned Stab+1","Ball Lightning+1"],"picked":"Lantern","floor":40.0},{"not_picked":["Cloak And Dagger+1","Horn"],"picked":"Magnetism","floor":40.0},{"not_picked":["StuffTheSpire:CleanHardDrive+1","StuffTheSpire:Python+1"],"picked":"CutThroughFate","floor":44.0},{"not_picked":["Beak+1","PathToVictory+1"],"picked":"WristCuter+1","floor":44.0},{"not_picked":["Ecstasy","DeceiveReality+1"],"picked":"Wallop+1","floor":45.0},{"not_picked":["Dramatic Entrance","True Grit+1"],"picked":"Recycle+1","floor":47},{"not_picked":["Go for the Eyes+1","SomewhereSpear+1"],"picked":"DeceiveReality+1","floor":48},{"not_picked":["ReplayTheSpireMod:Necrosis+1","StuffTheSpire:RockThrow"],"picked":"Rebound+1","floor":48},{"not_picked":["Wingbeat+1","conspire:Banana+1"],"picked":"Bouncing Flask+1","floor":54}],"player_experience":179444,"relics_obtained":[{"floor":7.0,"key":"conspire:DeflatedDodgeball"},{"floor":9.0,"key":"ReplayTheSpireMod:Ninjato"},{"floor":12.0,"key":"hubris:BottledRain"},{"floor":25.0,"key":"Prayer Wheel"},{"floor":26.0,"key":"Mercury Hourglass"},{"floor":43.0,"key":"Oddly Smooth Stone"},{"floor":45.0,"key":"reliquary:Stiletto"},{"floor":47,"key":"StuffTheSpire:GrapeVine"},{"floor":54,"key":"Simple Rune"}],"event_choices":[{"damage_healed":0.0,"max_hp_gain":0.0,"max_hp_loss":0.0,"gold_gain":0.0,"event_name":"conspire:LoneGhost","player_choice":"Agree","floor":8.0,"gold_loss":0.0,"damage_taken":0.0},{"damage_healed":0.0,"max_hp_gain":0.0,"max_hp_loss":0.0,"gold_gain":0.0,"event_name":"Lab","player_choice":"Got Potions","floor":21.0,"gold_loss":0.0,"damage_taken":0.0},{"damage_healed":0.0,"max_hp_gain":0.0,"max_hp_loss":0.0,"gold_gain":0.0,"event_name":"Purifier","player_choice":"Ignored","floor":28.0,"gold_loss":0.0,"damage_taken":0.0},{"damage_healed":0.0,"max_hp_gain":0.0,"max_hp_loss":0.0,"gold_gain":0.0,"event_name":"betterMatch:BetterMatch","player_choice":"3","floor":38.0,"gold_loss":0.0,"damage_taken":0.0,"cards_obtained":[]},{"damage_healed":0.0,"max_hp_gain":0.0,"max_hp_loss":0.0,"gold_gain":0.0,"event_name":"Winding Halls","player_choice":"Embrace Madness","floor":41.0,"gold_loss":0.0,"damage_taken":10.0,"cards_obtained":["Madness","Madness"]}],"is_beta":false,"boss_relics":[{"not_picked":["Tiny House","halation:MonkeysPaw"],"picked":"ChewingGum"},{"not_picked":["StuffTheSpire:Kangaroo","hubris:BlackHole"],"picked":"Black Blood"}],"items_purged_floors":[],"is_endless":false,"potions_floor_spawned":[1,7,13,16,22,29,31,36,44,45,47],"killed_by":"The Heart","ascension_level":0}}