{"host":"i0avyit1s6jb1siw","time":1614193401,"event":{"mods":["BaseMod","DeckTracker","Dota2Spire","Minty Spire (QoL Compilation)","Quick Restart","StSLib","SuperFastMode"],"gold_per_floor":[118,130,130,130,140,140,167,167,193,211,211,226,253,270,270,348,348,360,360,379,397,397,428,428,462,472,472,264,364,391,406,436,436,511,511,525,542,592,612,630,664,664,679,703,703,737,397,414,433,433,433,433,433,433,113,145,145],"floor_reached":58,"language":"ENG","playtime":1386,"items_purged":["Defend_P","BowlingBash"],"score":3072,"play_id":"a890ca9e-444f-4421-9082-5407303db9ee","local_time":"20210224200321","is_ascension_mode":true,"campfire_choices":[{"data":"Eruption","floor":6.0,"key":"SMITH"},{"data":"CrushJoints","floor":8.0,"key":"SMITH"},{"data":"TalkToTheHand","floor":11.0,"key":"SMITH"},{"data":"Adaptation","floor":15,"key":"SMITH"},{"data":"TalkToTheHand","floor":24,"key":"SMITH"},{"floor":33,"key":"REST"},{"floor":42,"key":"RECALL"},{"data":"MentalFortress","floor":50,"key":"SMITH"},{"data":"Vault","floor":54,"key":"SMITH"}],"circlet_count":0,"master_deck":["AscendersBane","Strike_P+1","Defend_P","Defend_P","Eruption+1","Vigilance","FollowUp+1","CrushJoints+1","TalkToTheHand+1","FlurryOfBlows","Adaptation+1","Scrawl+1","InnerPeace","FearNoEvil","TalkToTheHand+1","ClearTheMind","Adaptation","Crescendo","Pray","Vault","Vault+1","Sanctity","MentalFortress+1","Master of Strategy","Deep Breath"],"relics":["PureWater","NeowsBlessing","Whetstone","Nunchaku","Bag of Marbles","Dota2Spire:RefresherOrb","Ornamental Fan","Dota2Spire:Butterfly","Ancient Tea Set","Dota2Spire:Satanic","Dota2Spire:Dagon","Smiling Mask","Bird Faced Urn","Dota2Spire:Bloodstone","CloakClasp","Dota2Spire:OrchidMalevolence","Damaru"],"acts_visited":["Exordium","TheCity","TheBeyond","TheEnding"],"potions_floor_usage":[16,23,29,31],"damage_taken":[{"damage":0.0,"enemies":"Cultist","floor":1.0,"turns":1.0},{"damage":0.0,"enemies":"2 Louse","floor":2.0,"turns":1.0},{"damage":0.0,"enemies":"Small Slimes","floor":5.0,"turns":1.0},{"damage":17.0,"enemies":"Gremlin Nob","floor":7.0,"turns":3.0},{"damage":8.0,"enemies":"Exordium Thugs","floor":10.0,"turns":3.0},{"damage":5.0,"enemies":"3 Louse","floor":12.0,"turns":4.0},{"damage":12,"enemies":"Lagavulin","floor":13,"turns":3},{"damage":0,"enemies":"Large Slime","floor":14,"turns":2},{"damage":0,"enemies":"Slime Boss","floor":16,"turns":3},{"damage":3,"enemies":"Spheric Guardian","floor":18,"turns":3},{"damage":1,"enemies":"3 Byrds","floor":20,"turns":4},{"damage":0,"enemies":"Centurion and Healer","floor":21,"turns":1},{"damage":1,"enemies":"Slavers","floor":23,"turns":2},{"damage":0,"enemies":"Book of Stabbing","floor":25,"turns":2},{"damage":6,"enemies":"Cultist and Chosen","floor":26,"turns":4},{"damage":0,"enemies":"Colosseum Slavers","floor":29,"turns":3},{"damage":5,"enemies":"Colosseum Nobs","floor":29,"turns":3},{"damage":13,"enemies":"Slavers","floor":30,"turns":3},{"damage":0,"enemies":"Chosen and Byrds","floor":31,"turns":3},{"damage":8,"enemies":"Gremlin Leader","floor":32,"turns":4},{"damage":1,"enemies":"Collector","floor":34,"turns":3},{"damage":8,"enemies":"Orb Walker","floor":36,"turns":3},{"damage":3,"enemies":"3 Darklings","floor":37,"turns":4},{"damage":0,"enemies":"Writhing Mass","floor":39,"turns":2},{"damage":0,"enemies":"Spire Growth","floor":40,"turns":2},{"damage":0,"enemies":"Reptomancer","floor":41,"turns":3},{"damage":2,"enemies":"Maw","floor":43,"turns":4},{"damage":7,"enemies":"Nemesis","floor":46,"turns":5},{"damage":0,"enemies":"Sphere and 2 Shapes","floor":48,"turns":4},{"damage":0,"enemies":"Spire Growth","floor":49,"turns":3},{"damage":7,"enemies":"Donu and Deca","floor":51,"turns":7},{"damage":9,"enemies":"Awakened One","floor":52,"turns":6},{"damage":0,"enemies":"Shield and Spear","floor":56,"turns":2},{"damage":49,"enemies":"The Heart","floor":57,"turns":8}],"seed_played":"5437067855699609080","potions_obtained":[{"floor":7.0,"key":"SteroidPotion"},{"floor":13,"key":"CultistPotion"},{"floor":14,"key":"Swift Potion"},{"floor":16,"key":"GamblersBrew"},{"floor":18,"key":"Block Potion"},{"floor":26,"key":"LiquidBronze"},{"floor":29,"key":"Ambrosia"},{"floor":32,"key":"FearPotion"}],"is_trial":false,"path_per_floor":["M","M","?","?","M","R","E","R","T","M","R","M","E","M","R","B",null,"M","?","M","M","?","E","R","E","M","T","$","?","E","M","E","R","B",null,"M","M","?","M","M","E","R","M","T","?","E","$","M","M","R","B","B",null,"R","$","E","B",null],"character_chosen":"WATCHER","items_purchased":["Adaptation","Crescendo","MentalFortress","Master of Strategy","Deep Breath"],"campfire_rested":1,"item_purchase_floors":[28,28,47,55,55],"current_hp_per_floor":[61,61,61,54,54,54,37,37,37,29,29,24,12,12,12,12,54,51,51,50,50,50,49,49,49,43,43,43,38,25,25,17,37,40,61,55,56,56,60,62,66,66,66,66,66,61,61,65,68,68,65,62,67,67,67,68,23],"gold":145,"neow_bonus":"THREE_ENEMY_KILL","is_daily":false,"chose_seed":false,"campfire_upgraded":7,"win_rate":0.0,"timestamp":1614193401,"path_taken":["M","?","?","?","M","R","E","R","T","M","R","M","E","M","R","BOSS","M","?","?","M","?","E","R","E","M","T","$","?","E","M","E","R","BOSS","M","M","?","M","M","E","R","?","T","?","E","$","M","M","R","BOSS","BOSS","R","$","E","BOSS"],"items_purchased_type":["Card","Card","Card","Card","Card"],"build_version":"2020-12-22","purchased_purges":2,"victory":true,"max_hp_per_floor":[68,68,68,68,68,68,68,68,68,68,68,68,68,68,68,68,68,68,68,68,68,68,68,68,68,68,68,68,68,68,68,68,68,68,68,68,68,68,68,68,68,68,68,68,68,68,68,68,68,68,68,68,68,68,68,68,68],"card_choices":[{"not_picked":["Consecrate","Swivel"],"picked":"FollowUp","floor":1.0},{"not_picked":["SignatureMove","ClearTheMind","Protect"],"picked":"SKIP","floor":2.0},{"not_picked":["EmptyBody","EmptyFist"],"picked":"CrushJoints","floor":5.0},{"not_picked":["Sanctity","Pray"],"picked":"TalkToTheHand","floor":7.0},{"not_picked":["Collect","Prostrate"],"picked":"FlurryOfBlows","floor":10.0},{"not_picked":["Crescendo","Perseverance","Consecrate"],"picked":"SKIP","floor":12.0},{"not_picked":["Indignation","WindmillStrike"],"picked":"Adaptation","floor":13},{"not_picked":["Judgement","Consecrate"],"picked":"BowlingBash","floor":14},{"not_picked":["DevaForm","Alpha"],"picked":"Scrawl","floor":16},{"not_picked":["DeceiveReality","Wireheading"],"picked":"InnerPeace","floor":18},{"not_picked":["CrushJoints","CutThroughFate","Prostrate"],"picked":"SKIP","floor":20},{"not_picked":["CrushJoints","Wireheading"],"picked":"FearNoEvil","floor":21},{"not_picked":["CutThroughFate","WreathOfFlame","PathToVictory"],"picked":"SKIP","floor":23},{"not_picked":["Prostrate","Brilliance","FollowUp"],"picked":"SKIP","floor":25},{"not_picked":["FollowUp","FlyingSleeves","Evaluate"],"picked":"SKIP","floor":26},{"not_picked":["Protect","Alpha"],"picked":"Pray","floor":30},{"not_picked":["Prostrate","JustLucky","Consecrate"],"picked":"SKIP","floor":31},{"not_picked":["DeceiveReality","ClearTheMind","Study"],"picked":"SKIP","floor":32},{"not_picked":["LessonLearned","Ragnarok"],"picked":"Vault","floor":34},{"not_picked":["Pray","WaveOfTheHand","CrushJoints"],"picked":"SKIP","floor":36},{"not_picked":["WaveOfTheHand","Weave","FlyingSleeves+1"],"picked":"SKIP","floor":37},{"not_picked":["Perseverance+1","Halt","WreathOfFlame"],"picked":"SKIP","floor":39},{"not_picked":["Consecrate","Halt","BowlingBash+1"],"picked":"SKIP","floor":40},{"not_picked":["Sanctity","PathToVictory","Crescendo"],"picked":"SKIP","floor":41},{"not_picked":["JustLucky","Halt"],"picked":"Vault","floor":43},{"not_picked":["WaveOfTheHand","Swivel","ReachHeaven"],"picked":"SKIP","floor":46},{"not_picked":["FlyingSleeves","Conclude","ClearTheMind"],"picked":"SKIP","floor":48},{"not_picked":["PathToVictory+1","Crescendo+1","Evaluate"],"picked":"SKIP","floor":49},{"not_picked":["Vengeance","EmptyFist","SashWhip"],"picked":"SKIP","floor":56}],"player_experience":2508055,"relics_obtained":[{"floor":7.0,"key":"Whetstone"},{"floor":9.0,"key":"Nunchaku"},{"floor":13,"key":"Bag of Marbles"},{"floor":23,"key":"Ornamental Fan"},{"floor":25,"key":"Dota2Spire:Butterfly"},{"floor":27,"key":"Ancient Tea Set"},{"floor":29,"key":"Dota2Spire:Satanic"},{"floor":29,"key":"Dota2Spire:Dagon"},{"floor":30,"key":"Smiling Mask"},{"floor":32,"key":"Bird Faced Urn"},{"floor":41,"key":"CloakClasp"},{"floor":46,"key":"Dota2Spire:OrchidMalevolence"},{"floor":56,"key":"Damaru"}],"event_choices":[{"damage_healed":0.0,"max_hp_gain":0.0,"max_hp_loss":0.0,"gold_gain":0.0,"event_name":"Liars Game","player_choice":"Ignored","floor":3.0,"gold_loss":0.0,"damage_taken":0.0},{"cards_removed":["Defend_P"],"damage_healed":0.0,"max_hp_gain":0.0,"max_hp_loss":0.0,"gold_gain":0.0,"event_name":"Golden Wing","player_choice":"Card Removal","floor":4.0,"gold_loss":0.0,"damage_taken":7.0},{"damage_healed":0,"gold_gain":0,"player_choice":"Forge","damage_taken":0,"max_hp_gain":0,"max_hp_loss":0,"event_name":"Accursed Blacksmith","floor":19,"gold_loss":0,"cards_upgraded":["Scrawl"]},{"damage_healed":0,"gold_gain":0,"cards_transformed":["Strike_P","Strike_P"],"player_choice":"Became Test Subject","damage_taken":0,"max_hp_gain":0,"max_hp_loss":0,"event_name":"Drug Dealer","floor":22,"gold_loss":0,"cards_obtained":["TalkToTheHand","ClearTheMind"]},{"damage_healed":0,"gold_gain":0,"player_choice":"Fight","damage_taken":0,"max_hp_gain":0,"max_hp_loss":0,"event_name":"Colosseum","floor":29,"gold_loss":0},{"damage_healed":0,"gold_gain":0,"player_choice":"Fought Nobs","damage_taken":0,"max_hp_gain":0,"max_hp_loss":0,"event_name":"Colosseum","floor":29,"gold_loss":0},{"damage_healed":0,"gold_gain":50,"player_choice":"Pray","damage_taken":0,"max_hp_gain":0,"max_hp_loss":0,"event_name":"Golden Shrine","floor":38,"gold_loss":0},{"damage_healed":0,"gold_gain":0,"cards_transformed":["Strike_P"],"player_choice":"Transformed","damage_taken":0,"max_hp_gain":0,"max_hp_loss":0,"event_name":"Transmorgrifier","floor":45,"gold_loss":0,"cards_obtained":["Sanctity"]}],"is_beta":false,"boss_relics":[{"not_picked":["Fusion Hammer","Ectoplasm"],"picked":"Dota2Spire:RefresherOrb"},{"not_picked":["SlaversCollar","Calling Bell"],"picked":"Dota2Spire:Bloodstone"}],"items_purged_floors":[28,55],"is_endless":false,"potions_floor_spawned":[7,13,14,16,18,20,26,29,32,37,43,49,56],"ascension_level":20}}