{"host":"1dhlu4qzehvrzpot","time":1614161992,"event":{"mods":["2.2 Compatiblity","AchievementEnabler","BaseMod","Block Reminder","Minty Spire (QoL Compilation)","Permanent Neow","Quick Restart","Rare Cards Sparkle","Relic Stats","Say the Spire","Slay-I","StSLib","SuperFastMode"],"gold_per_floor":[109,384,41,56,74,74,92,92,92,135,158,186,227,257,269,281,281],"floor_reached":16,"language":"ENG","playtime":305,"items_purged":["Regret"],"score":188,"play_id":"ec2c6bd5-7891-4a67-9f89-fd5011bdf6d6","local_time":"20210224111952","is_ascension_mode":true,"campfire_choices":[{"data":"Apotheosis","floor":6,"key":"SMITH"},{"data":"Self Repair","floor":8,"key":"SMITH"},{"data":"Panache","floor":15,"key":"SMITH"}],"circlet_count":0,"master_deck":["AscendersBane","Strike_B","Strike_B","Strike_B","Strike_B","Defend_B","Defend_B","Defend_B","Defend_B","Zap","Dualcast","Regret","Apotheosis+1","Streamline","Self Repair","Panache+1","Self Repair+1","FTL","Genetic Algorithm","Fission","Self Repair"],"relics":["Cracked Core","MawBank","Mummified Hand","WingedGreaves"],"acts_visited":["Exordium"],"potions_floor_usage":[16],"damage_taken":[{"damage":8,"enemies":"Jaw Worm","floor":1,"turns":3},{"damage":13,"enemies":"Cultist","floor":4,"turns":4},{"damage":10,"enemies":"2 Louse","floor":5,"turns":2},{"damage":0,"enemies":"2 Fungi Beasts","floor":7,"turns":3},{"damage":32,"enemies":"Gremlin Nob","floor":10,"turns":4},{"damage":10,"enemies":"Gremlin Gang","floor":11,"turns":3},{"damage":14,"enemies":"Large Slime","floor":12,"turns":5},{"damage":35,"enemies":"Lagavulin","floor":13,"turns":7},{"damage":8,"enemies":"3 Louse","floor":14,"turns":3},{"damage":50,"enemies":"Hexaghost","floor":16,"turns":9}],"seed_played":"5890493918058253896","potions_obtained":[{"floor":7,"key":"Energy Potion"},{"floor":10,"key":"Dexterity Potion"},{"floor":11,"key":"PotionOfCapacity"}],"is_trial":false,"path_per_floor":["M","?","$","M","M","R","M","R","T","E","M","M","E","M","R","B"],"character_chosen":"DEFECT","items_purchased":["Self Repair","Panache"],"campfire_rested":0,"item_purchase_floors":[3,3],"current_hp_per_floor":[60,60,60,57,47,47,57,57,57,42,49,55,40,46,46,0,0],"gold":281,"neow_bonus":"RANDOM_COLORLESS_2","is_daily":false,"chose_seed":false,"campfire_upgraded":3,"win_rate":0.0,"timestamp":1614161992,"path_taken":["M","?","$","M","?","R","M","R","T","E","M","M","E","M","R","BOSS"],"items_purchased_type":["Card","Card"],"build_version":"2020-12-22","purchased_purges":1,"victory":false,"max_hp_per_floor":[75,75,75,75,75,75,75,75,75,75,75,75,75,75,75,75,75],"relic_stats":{"counters":[10,43],"Mummified Hand":[16],"MawBank":84,"obtain_stats":[{"Mummified Hand":10,"WingedGreaves":13,"Cracked Core":0,"MawBank":9},{"Mummified Hand":5,"WingedGreaves":8,"Cracked Core":0,"MawBank":4},{"Mummified Hand":16,"WingedGreaves":31,"Cracked Core":0,"MawBank":12}]},"card_choices":[{"not_picked":["Magnetism","The Bomb"],"picked":"Apotheosis","floor":0},{"not_picked":["Turbo","Conserve Battery"],"picked":"Streamline","floor":1},{"not_picked":["Compile Driver","Cold Snap"],"picked":"Self Repair","floor":4},{"not_picked":["Leap","Turbo"],"picked":"FTL","floor":5},{"not_picked":["Chaos","Barrage","Streamline"],"picked":"SKIP","floor":7},{"not_picked":["Gash","Steam Power"],"picked":"Genetic Algorithm","floor":10},{"not_picked":["Ball Lightning","Stack"],"picked":"Fission","floor":11},{"not_picked":["Go for the Eyes","Compile Driver","Beam Cell"],"picked":"SKIP","floor":12},{"not_picked":["Skim","Hologram"],"picked":"Self Repair","floor":13},{"not_picked":["Barrage","Beam Cell","Hello World"],"picked":"SKIP","floor":14}],"player_experience":566699,"relics_obtained":[{"floor":9,"key":"MawBank"},{"floor":10,"key":"Mummified Hand"},{"floor":13,"key":"WingedGreaves"}],"event_choices":[{"damage_healed":0,"gold_gain":275,"player_choice":"Desecrate","damage_taken":0,"max_hp_gain":0,"max_hp_loss":0,"event_name":"Golden Shrine","floor":2,"gold_loss":0,"cards_obtained":["Regret"]}],"is_beta":false,"boss_relics":[],"items_purged_floors":[3],"is_endless":false,"potions_floor_spawned":[7,10,11,13],"killed_by":"Hexaghost","ascension_level":13}}