{"host":"sgdhw3pdkzxa44vc","time":1614131975,"event":{"mods":["BaseMod","Bestiary","Colored Map","Highlight Path","Minty Spire (QoL Compilation)","Relic Stats"],"gold_per_floor":[114,67,167,182,182,182,212,227,302,302,332,347,377,392,392,492,492,507,522,522,547,562,562,55,85,85,100,115,115,145,160,160,160,160],"floor_reached":33,"language":"ENG","playtime":1588,"items_purged":["Strike_R"],"score":307,"play_id":"5fea3fc8-3e00-4055-b17f-62932d6e2389","local_time":"20210224035935","daily_mods":["Heirloom","Colorless Cards","DeadlyEvents"],"is_ascension_mode":false,"campfire_choices":[{"data":"Body Slam","floor":6,"key":"SMITH"},{"data":"Bash","floor":10,"key":"SMITH"},{"data":"Demon Form","floor":15,"key":"SMITH"},{"floor":23,"key":"REST"},{"floor":29,"key":"REST"},{"floor":32,"key":"REST"}],"circlet_count":0,"master_deck":["Strike_R+1","Strike_R","Strike_R","Strike_R","Defend_R","Defend_R","Defend_R","Defend_R","Bash+1","Body Slam+1","Iron Wave","Inflame+1","Cleave","Demon Form+1","Spot Weakness","Shrug It Off","Clothesline","Double Tap","Iron Wave+1","RitualDagger","Perfected Strike","Metallicize","Shrug It Off","Pummel","Rage","Rage"],"relics":["Burning Blood","Magic Flower","Gremlin Horn","Sundial","Bottled Flame","Centennial Puzzle","Black Star","Toy Ornithopter","Lee\u0027s Waffle","Oddly Smooth Stone","Ice Cream","Whetstone","Red Skull","Mummified Hand","Tiny Chest"],"acts_visited":["Exordium","TheCity"],"potions_floor_usage":[13,16,16,18,25,30,33],"damage_taken":[{"damage":1,"enemies":"Cultist","floor":1,"turns":4},{"damage":1,"enemies":"Jaw Worm","floor":4,"turns":4},{"damage":26,"enemies":"Lagavulin","floor":7,"turns":7},{"damage":1,"enemies":"2 Louse","floor":8,"turns":2},{"damage":23,"enemies":"Gremlin Nob","floor":11,"turns":4},{"damage":9,"enemies":"Blue Slaver","floor":12,"turns":4},{"damage":24,"enemies":"Lagavulin","floor":13,"turns":5},{"damage":2,"enemies":"3 Louse","floor":14,"turns":2},{"damage":20,"enemies":"The Guardian","floor":16,"turns":8},{"damage":22,"enemies":"Spheric Guardian","floor":18,"turns":4},{"damage":35,"enemies":"2 Thieves","floor":19,"turns":5},{"damage":15,"enemies":"Snecko","floor":22,"turns":5},{"damage":35,"enemies":"Book of Stabbing","floor":25,"turns":8},{"damage":21,"enemies":"Centurion and Healer","floor":27,"turns":6},{"damage":30,"enemies":"Snake Plant","floor":28,"turns":7},{"damage":26,"enemies":"Slavers","floor":30,"turns":5},{"damage":28,"enemies":"Cultist and Chosen","floor":31,"turns":6},{"damage":69,"enemies":"Automaton","floor":33,"turns":8}],"seed_played":"1986488565424594500","potions_obtained":[{"floor":8,"key":"BloodPotion"},{"floor":11,"key":"Block Potion"},{"floor":13,"key":"EssenceOfSteel"},{"floor":16,"key":"DistilledChaos"},{"floor":27,"key":"SmokeBomb"},{"floor":28,"key":"DistilledChaos"},{"floor":31,"key":"Swift Potion"}],"is_trial":false,"path_per_floor":["M","$","?","M","?","R","E","M","T","R","E","M","E","M","R","B",null,"M","M","?","T","M","R","$","E","T","M","M","R","E","M","R","B"],"character_chosen":"IRONCLAD","items_purchased":["Iron Wave","Lee\u0027s Waffle","Metallicize","Shrug It Off","Oddly Smooth Stone","AttackPotion"],"campfire_rested":3,"item_purchase_floors":[2,24,24,24,24,24],"current_hp_per_floor":[80,80,80,80,80,80,63,71,71,71,57,57,42,49,49,62,80,67,41,35,35,29,53,87,69,69,57,36,62,53,34,60,0,0],"gold":160,"neow_bonus":"","is_daily":true,"chose_seed":false,"campfire_upgraded":3,"win_rate":0.0,"timestamp":1614131975,"path_taken":["M","?","?","?","?","R","E","?","T","R","?","M","E","M","R","BOSS","M","M","?","?","?","R","?","E","T","?","M","R","E","M","R","BOSS"],"items_purchased_type":["Card","Relic","Card","Card","Relic","Potion"],"build_version":"2020-12-22","purchased_purges":1,"victory":false,"max_hp_per_floor":[80,80,80,80,80,80,80,80,80,80,80,80,80,80,80,80,80,80,80,80,80,80,80,87,87,87,87,87,87,87,87,87,87,87],"relic_stats":{"Lee\u0027s Waffle":34,"Gremlin Horn":[10,10],"counters":[18,94],"Magic Flower":[62],"Whetstone":["Strike_R","Iron Wave"],"Burning Blood":137,"Centennial Puzzle":[33],"Sundial":[10],"Mummified Hand":[4],"Tiny Chest":0,"Black Star":2,"obtain_stats":[{"Ice Cream":25,"Lee\u0027s Waffle":24,"Gremlin Horn":7,"Magic Flower":0,"Oddly Smooth Stone":24,"Whetstone":25,"Burning Blood":0,"Bottled Flame":11,"Centennial Puzzle":13,"Sundial":9,"Mummified Hand":30,"Tiny Chest":30,"Black Star":17,"Toy Ornithopter":21,"Red Skull":26},{"Ice Cream":13,"Lee\u0027s Waffle":12,"Gremlin Horn":3,"Magic Flower":0,"Oddly Smooth Stone":12,"Whetstone":13,"Burning Blood":0,"Bottled Flame":5,"Centennial Puzzle":7,"Sundial":4,"Mummified Hand":16,"Tiny Chest":16,"Black Star":9,"Toy Ornithopter":11,"Red Skull":13},{"Ice Cream":62,"Lee\u0027s Waffle":54,"Gremlin Horn":15,"Magic Flower":0,"Oddly Smooth Stone":54,"Whetstone":62,"Burning Blood":0,"Bottled Flame":21,"Centennial Puzzle":30,"Sundial":17,"Mummified Hand":80,"Tiny Chest":80,"Black Star":40,"Toy Ornithopter":49,"Red Skull":62}],"Toy Ornithopter":24},"card_choices":[{"not_picked":["Flex","Cleave"],"picked":"Body Slam","floor":1},{"not_picked":["Second Wind","Flash of Steel"],"picked":"Inflame","floor":4},{"not_picked":["Anger","Warcry","Flex"],"picked":"SKIP","floor":7},{"not_picked":["Dark Embrace","Heavy Blade"],"picked":"Cleave","floor":8},{"not_picked":["Forethought","Feel No Pain"],"picked":"Demon Form","floor":11},{"not_picked":["Thunderclap","Pommel Strike"],"picked":"Spot Weakness","floor":12},{"not_picked":["Seeing Red","Havoc"],"picked":"Shrug It Off","floor":13},{"not_picked":["Madness","Cleave"],"picked":"Clothesline","floor":14},{"not_picked":["HandOfGreed","Master of Strategy"],"picked":"Double Tap","floor":16},{"not_picked":["Pommel Strike","Warcry+1","Feel No Pain"],"picked":"SKIP","floor":18},{"not_picked":["Evolve","Heavy Blade"],"picked":"Iron Wave","floor":19},{"not_picked":["Deep Breath","Warcry"],"picked":"Perfected Strike","floor":22},{"not_picked":["Impatience+1","Pommel Strike","Shockwave"],"picked":"SKIP","floor":25},{"not_picked":["Purity","Thunderclap"],"picked":"Pummel","floor":27},{"not_picked":["Pummel","Perfected Strike"],"picked":"Rage","floor":28},{"not_picked":["Iron Wave","Power Through"],"picked":"Rage","floor":30},{"not_picked":["Havoc","Sentinel+1","Clothesline"],"picked":"SKIP","floor":31}],"player_experience":569029,"relics_obtained":[{"floor":7,"key":"Gremlin Horn"},{"floor":9,"key":"Sundial"},{"floor":11,"key":"Bottled Flame"},{"floor":13,"key":"Centennial Puzzle"},{"floor":21,"key":"Toy Ornithopter"},{"floor":25,"key":"Ice Cream"},{"floor":25,"key":"Whetstone"},{"floor":26,"key":"Red Skull"},{"floor":30,"key":"Mummified Hand"},{"floor":30,"key":"Tiny Chest"}],"event_choices":[{"damage_healed":0,"gold_gain":100,"player_choice":"Pray","damage_taken":0,"max_hp_gain":0,"max_hp_loss":0,"event_name":"Golden Shrine","floor":3,"gold_loss":0},{"damage_healed":0,"gold_gain":0,"player_choice":"Grow","damage_taken":0,"max_hp_gain":0,"max_hp_loss":0,"event_name":"Living Wall","floor":5,"gold_loss":0,"cards_upgraded":["Inflame"]},{"damage_healed":0,"gold_gain":0,"player_choice":"Joined the Cult","damage_taken":6,"max_hp_gain":0,"max_hp_loss":0,"event_name":"Nest","floor":20,"gold_loss":0,"cards_obtained":["RitualDagger"]}],"is_beta":false,"boss_relics":[{"not_picked":["SlaversCollar","Tiny House"],"picked":"Black Star"}],"items_purged_floors":[24],"is_endless":false,"potions_floor_spawned":[8,11,13,16,27,28,31],"killed_by":"Automaton","ascension_level":0}}