{"host":"2l5k2wp87eek7qja","time":1614181452,"event":{"mods":["BaseMod","Colored Map","Minty Spire (QoL Compilation)","Relic Stats"],"gold_per_floor":[114,64,214,214,232,266,266,285,285,315,315,315,350,103,103,196,196,209,53,53,53,503,503,503],"floor_reached":23,"language":"ENG","playtime":746,"items_purged":["Doubt","Strike_G"],"score":506,"play_id":"ef9f0cfa-800b-49c9-80c3-f9cbe4186218","local_time":"20210224174412","is_ascension_mode":true,"campfire_choices":[{"data":"Neutralize","floor":7,"key":"SMITH"},{"data":"Cloak And Dagger","floor":12,"key":"SMITH"},{"data":"Footwork","floor":15,"key":"SMITH"}],"circlet_count":0,"master_deck":["AscendersBane","Strike_G","Strike_G","Strike_G","Strike_G","Defend_G","Defend_G","Defend_G","Defend_G","Defend_G","Survivor","Neutralize+1","All Out Attack","Blade Dance+1","Concentrate","Acrobatics","Reflex","Cloak And Dagger+1","Footwork+1","Storm of Steel","Leg Sweep","Accuracy","Burst","Ghostly","Ghostly","Ghostly"],"relics":["Ring of the Snake","NeowsBlessing","Gremlin Horn","Ornamental Fan","Juzu Bracelet","Bloody Idol","Calipers","Membership Card","Runic Pyramid"],"acts_visited":["Exordium","TheCity"],"potions_floor_usage":[10,13,16,16,23,23],"damage_taken":[{"damage":0,"enemies":"Cultist","floor":1,"turns":1},{"damage":0,"enemies":"Jaw Worm","floor":5,"turns":1},{"damage":0,"enemies":"Lagavulin","floor":6,"turns":1},{"damage":2,"enemies":"Small Slimes","floor":8,"turns":3},{"damage":31,"enemies":"3 Sentries","floor":10,"turns":9},{"damage":0,"enemies":"Gremlin Nob","floor":13,"turns":3},{"damage":11,"enemies":"Hexaghost","floor":16,"turns":10},{"damage":0,"enemies":"3 Byrds","floor":18,"turns":4},{"damage":10,"enemies":"Slavers","floor":23,"turns":6}],"seed_played":"3419220939263661727","potions_obtained":[{"floor":6,"key":"Poison Potion"},{"floor":8,"key":"Dexterity Potion"},{"floor":13,"key":"EntropicBrew"},{"floor":16,"key":"Block Potion"}],"is_trial":false,"path_per_floor":["M","$","?","?","M","E","R","M","T","E","?","R","E","$","R","B",null,"M","$","?","?","?","E"],"character_chosen":"THE_SILENT","items_purchased":["Blade Dance","Membership Card","Footwork","Accuracy","Burst"],"campfire_rested":0,"item_purchase_floors":[2,14,14,19,19],"current_hp_per_floor":[59,59,59,59,59,59,59,57,57,26,26,26,26,26,26,15,49,49,49,30,30,9,0,0],"gold":503,"neow_bonus":"THREE_ENEMY_KILL","is_daily":false,"chose_seed":false,"campfire_upgraded":3,"win_rate":0.0,"timestamp":1614181452,"path_taken":["M","$","?","?","?","E","R","M","T","E","?","R","E","$","R","BOSS","M","$","?","?","?","E"],"items_purchased_type":["Card","Relic","Card","Card","Card"],"build_version":"2020-12-22","purchased_purges":2,"victory":false,"max_hp_per_floor":[66,66,66,66,66,66,66,66,66,66,60,60,60,60,60,60,60,60,60,30,30,30,30,30],"relic_stats":{"Gremlin Horn":[6,6],"counters":[9,38],"Ornamental Fan":[108],"Bloody Idol":25,"Juzu Bracelet":0,"obtain_stats":[{"Calipers":13,"NeowsBlessing":0,"Gremlin Horn":6,"Ornamental Fan":9,"Golden Idol":11,"Bloody Idol":21,"Juzu Bracelet":10,"Membership Card":14,"Ring of the Snake":0,"Runic Pyramid":17},{"Calipers":6,"NeowsBlessing":0,"Gremlin Horn":3,"Ornamental Fan":4,"Golden Idol":5,"Bloody Idol":8,"Juzu Bracelet":5,"Membership Card":6,"Ring of the Snake":0,"Runic Pyramid":7},{"Calipers":18,"NeowsBlessing":0,"Gremlin Horn":3,"Ornamental Fan":6,"Golden Idol":15,"Bloody Idol":32,"Juzu Bracelet":15,"Membership Card":18,"Ring of the Snake":0,"Runic Pyramid":28}],"Ring of the Snake":[18]},"card_choices":[{"not_picked":["Dagger Throw","Flying Knee"],"picked":"All Out Attack","floor":1},{"not_picked":["Poisoned Stab","Skewer"],"picked":"Concentrate","floor":5},{"not_picked":["Riddle With Holes","Slice"],"picked":"Acrobatics","floor":6},{"not_picked":["Outmaneuver","Dagger Spray"],"picked":"Reflex","floor":8},{"not_picked":["Infinite Blades","Noxious Fumes"],"picked":"Cloak And Dagger","floor":10},{"not_picked":["Acrobatics","Envenom","Distraction"],"picked":"SKIP","floor":13},{"not_picked":["Venomology","Envenom"],"picked":"Storm of Steel","floor":16},{"not_picked":["Dodge and Roll","Deadly Poison"],"picked":"Leg Sweep","floor":18}],"player_experience":881894,"relics_obtained":[{"floor":6,"key":"Gremlin Horn"},{"floor":9,"key":"Ornamental Fan"},{"floor":10,"key":"Juzu Bracelet"},{"floor":13,"key":"Calipers"}],"event_choices":[{"damage_healed":0,"gold_gain":150,"player_choice":"AGREE","damage_taken":0,"max_hp_gain":0,"max_hp_loss":0,"event_name":"Liars Game","floor":3,"gold_loss":0,"cards_obtained":["Doubt"]},{"damage_healed":0,"gold_gain":0,"player_choice":"Upgraded","damage_taken":0,"max_hp_gain":0,"max_hp_loss":0,"event_name":"Upgrade Shrine","floor":4,"gold_loss":0,"cards_upgraded":["Blade Dance"]},{"damage_healed":0,"gold_gain":0,"player_choice":"Lose Max HP","damage_taken":0,"relics_obtained":["Golden Idol"],"max_hp_gain":0,"max_hp_loss":6,"event_name":"Golden Idol","floor":11,"gold_loss":0},{"damage_healed":0,"gold_gain":0,"player_choice":"Became a Ghost","damage_taken":0,"max_hp_gain":0,"max_hp_loss":30,"event_name":"Ghosts","floor":20,"gold_loss":0,"cards_obtained":["Ghostly","Ghostly","Ghostly"]},{"damage_healed":0,"gold_gain":0,"player_choice":"Gave Idol","damage_taken":0,"relics_obtained":["Bloody Idol"],"max_hp_gain":0,"max_hp_loss":0,"event_name":"Forgotten Altar","floor":21,"relics_lost":["Golden Idol"],"gold_loss":0},{"damage_healed":0,"gold_gain":450,"player_choice":"GOLD GOLD GOLD GOLD GOLD ","damage_taken":46,"max_hp_gain":0,"max_hp_loss":0,"event_name":"Knowing Skull","floor":22,"potions_obtained":[],"gold_loss":0,"cards_obtained":[]}],"is_beta":false,"boss_relics":[{"not_picked":["Ring of the Serpent","Coffee Dripper"],"picked":"Runic Pyramid"}],"items_purged_floors":[14,19],"is_endless":false,"potions_floor_spawned":[6,8,13,16],"killed_by":"Slavers","ascension_level":20}}