{"host":"vumwfieg2b2mnrfl","time":1614138198,"event":{"mods":["AchievementEnabler","BaseMod","Minty Spire (QoL Compilation)","Rare Cards Sparkle","Relic Stats"],"gold_per_floor":[135,135,174,232,195,228,264,264,264,301,102,161,110,176,176,176,176],"floor_reached":16,"language":"ENG","playtime":470,"items_purged":["Strike_R"],"score":220,"play_id":"9d9bbe7f-30f3-48b7-876d-dbee89735992","local_time":"20210223214318","is_ascension_mode":true,"campfire_choices":[{"data":"Armaments","floor":8.0,"key":"SMITH"},{"data":"Shockwave","floor":15,"key":"SMITH"}],"circlet_count":0,"master_deck":["AscendersBane","Strike_R","Strike_R","Strike_R","Strike_R","Defend_R","Defend_R","Defend_R","Defend_R","Bash+1","HandOfGreed","Cleave","Shrug It Off","Reaper","Battle Trance","Flex","Armaments+1","Battle Trance","Shockwave+1"],"relics":["Burning Blood","PreservedInsect","Self Forming Clay","Membership Card","WingedGreaves","The Courier","InkBottle"],"acts_visited":["Exordium"],"potions_floor_usage":[14],"damage_taken":[{"damage":7.0,"enemies":"Jaw Worm","floor":1.0,"turns":2.0},{"damage":7.0,"enemies":"Cultist","floor":3.0,"turns":4.0},{"damage":1.0,"enemies":"2 Louse","floor":4.0,"turns":5.0},{"damage":32.0,"enemies":"Gremlin Nob","floor":6.0,"turns":4.0},{"damage":9.0,"enemies":"Red Slaver","floor":7.0,"turns":2.0},{"damage":11.0,"enemies":"Blue Slaver","floor":10.0,"turns":6.0},{"damage":8.0,"enemies":"Gremlin Nob","floor":12.0,"turns":3.0},{"damage":17,"enemies":"3 Sentries","floor":14,"turns":6},{"damage":65,"enemies":"Hexaghost","floor":16,"turns":11}],"seed_played":"3709249911261454958","potions_obtained":[{"floor":1.0,"key":"FairyPotion"},{"floor":6.0,"key":"SteroidPotion"}],"is_trial":false,"path_per_floor":["M","?","M","M","$","E","M","R","T","M","$","?","?","E","R","B"],"character_chosen":"IRONCLAD","items_purchased":["Battle Trance","Membership Card"],"campfire_rested":0,"item_purchase_floors":[5,11],"current_hp_per_floor":[67,67,66,68,68,42,39,39,39,39,39,37,37,36,36,0,0],"gold":176,"neow_bonus":"RANDOM_COLORLESS_2","is_daily":false,"chose_seed":false,"campfire_upgraded":2,"win_rate":0.0,"timestamp":1614138198,"path_taken":["M","?","M","M","?","E","?","R","T","M","$","?","?","E","R","BOSS"],"items_purchased_type":["Card","Relic"],"build_version":"2020-12-22","purchased_purges":1,"victory":false,"max_hp_per_floor":[68,68,68,68,68,68,68,68,68,68,68,68,68,68,68,68,68],"relic_stats":{"counters":[9,43],"Self Forming Clay":[42],"PreservedInsect":56,"obtain_stats":[{"Self Forming Clay":9,"PreservedInsect":6,"WingedGreaves":12,"The Courier":13,"Membership Card":11,"Burning Blood":0,"InkBottle":14},{"Self Forming Clay":5,"PreservedInsect":4,"WingedGreaves":7,"The Courier":7,"Membership Card":6,"Burning Blood":0,"InkBottle":8},{"Self Forming Clay":17,"PreservedInsect":15,"WingedGreaves":26,"The Courier":26,"Membership Card":23,"Burning Blood":0,"InkBottle":32}],"Burning Blood":45,"InkBottle":[1]},"card_choices":[{"not_picked":["Chrysalis","Metamorphosis"],"picked":"HandOfGreed","floor":0.0},{"not_picked":["True Grit","Clothesline"],"picked":"Cleave","floor":1.0},{"not_picked":["Headbutt","Heavy Blade"],"picked":"Shrug It Off","floor":3.0},{"not_picked":["Iron Wave","Clash"],"picked":"Reaper","floor":4.0},{"not_picked":["Rupture","Clash"],"picked":"Flex","floor":6.0},{"not_picked":["Body Slam","Shrug It Off"],"picked":"Armaments","floor":7.0},{"not_picked":["Searing Blow","Body Slam"],"picked":"Battle Trance","floor":10.0},{"not_picked":["Hemokinesis","Havoc"],"picked":"Shockwave","floor":14}],"player_experience":579868,"relics_obtained":[{"floor":6.0,"key":"PreservedInsect"},{"floor":9.0,"key":"Self Forming Clay"},{"floor":12.0,"key":"WingedGreaves"},{"floor":14,"key":"InkBottle"}],"event_choices":[{"damage_healed":0.0,"max_hp_gain":0.0,"max_hp_loss":0.0,"gold_gain":0.0,"event_name":"Upgrade Shrine","player_choice":"Upgraded","floor":2.0,"gold_loss":0.0,"damage_taken":0.0,"cards_upgraded":["Bash"]},{"damage_healed":0.0,"max_hp_gain":0.0,"max_hp_loss":0.0,"gold_gain":0.0,"event_name":"Dead Adventurer","player_choice":"Searched \u00272\u0027 times","floor":12.0,"gold_loss":0.0,"damage_taken":0.0},{"damage_healed":0.0,"max_hp_gain":0.0,"max_hp_loss":0.0,"gold_gain":0.0,"event_name":"WeMeetAgain","player_choice":"Paid Gold","floor":13.0,"gold_loss":51.0,"damage_taken":0.0,"relics_obtained":["The Courier"]}],"is_beta":false,"boss_relics":[],"items_purged_floors":[11],"is_endless":false,"potions_floor_spawned":[1,6,7],"killed_by":"Hexaghost","ascension_level":20}}