{"host":"vms4oj7um5h6bhuu","time":1614170133,"event":{"mods":["BaseMod","Custom Start","Downfall","Hermit","Minty Spire (QoL Compilation)","READ ME - Guardian Mod","StSLib","The Cursed","The Servant 0.9.4"],"gold_per_floor":[111,124,143,103,53,80,80,80,80],"floor_reached":8,"language":"ZHS","playtime":439,"items_purged":[],"score":62,"play_id":"af93e611-2fc2-4012-9cf6-8975929e9460","local_time":"20210224203533","daily_mods":["Heirloom","DeadlyEvents","Elite Swarm"],"is_ascension_mode":true,"campfire_choices":[{"data":"KillingDoll","floor":7,"key":"SMITH"}],"circlet_count":0,"master_deck":["Strike_S","Strike_S","Strike_S","Defend_S","Defend_S","Defend_S","Defend_S","KidneyShot","Exchange","Ricochet","FastForward","ShiftingGears","GearUp","KillingDoll+1"],"relics":["Uniform","Du-Vu Doll","PocketWatch"],"acts_visited":["Exordium"],"potions_floor_usage":[6,6],"damage_taken":[{"damage":0,"enemies":"Cultist","floor":1,"turns":4},{"damage":10,"enemies":"Jaw Worm","floor":2,"turns":4},{"damage":0,"enemies":"Small Slimes","floor":3,"turns":2},{"damage":16,"enemies":"Gremlin Nob","floor":6,"turns":6},{"damage":26,"enemies":"Lagavulin","floor":8,"turns":10}],"seed_played":"7418259060551153105","potions_obtained":[{"floor":1,"key":"Block Potion"},{"floor":2,"key":"Explosive Potion"},{"floor":6,"key":"BlessingOfTheForge"}],"is_trial":true,"path_per_floor":["M","M","M","$","?","E","R","E"],"character_chosen":"THE_SERVANT","items_purchased":["GearUp"],"campfire_rested":0,"item_purchase_floors":[4],"current_hp_per_floor":[65,55,55,55,55,39,39,13,13],"gold":80,"neow_bonus":"","is_daily":false,"chose_seed":false,"campfire_upgraded":1,"win_rate":0.0,"timestamp":1614170133,"path_taken":["M","M","M","?","?","E","R","E"],"items_purchased_type":["Card"],"build_version":"2020-12-22","purchased_purges":0,"victory":false,"max_hp_per_floor":[65,65,65,65,65,65,65,65,65],"card_choices":[{"not_picked":["WasteNot","Potential"],"picked":"Ricochet","floor":1},{"not_picked":["Potential","Replace"],"picked":"FastForward","floor":2},{"not_picked":["DoubleEdge","Potential"],"picked":"ShiftingGears","floor":3},{"not_picked":["Initiator","PendulumOfEternity"],"picked":"KillingDoll","floor":6}],"player_experience":527452,"relics_obtained":[{"floor":6,"key":"PocketWatch"}],"event_choices":[{"cards_removed":["Strike_S"],"damage_healed":0,"gold_gain":0,"player_choice":"Card Removal","damage_taken":0,"max_hp_gain":0,"max_hp_loss":0,"event_name":"The Cleric","floor":5,"gold_loss":50}],"is_beta":false,"boss_relics":[],"items_purged_floors":[],"is_endless":true,"potions_floor_spawned":[1,2,6],"killed_by":"Lagavulin","ascension_level":2}}