{"host":"hk6dj51uwihyiztj","time":1614176777,"event":{"mods":["BaseMod","Block Reminder","Hubris","Infinite Spire","Minty Spire (QoL Compilation)","Quick Restart","Reliquary","Replay The Spire","StSLib","SuperFastMode"],"gold_per_floor":[119,194,204,221,221,255,255,2,2,2,34,45,45,59,59,163,163,181,195,212,230,248,248,264,275,301,336,356,356,356,59,113,209,259,278,278,278,278,298,327,343,91,91,110,121,121,141,160,160,160],"floor_reached":51,"language":"ENG","playtime":3819,"items_purged":["Streamline","Pot Of Greed","Hallucinations"],"score":690,"play_id":"d4a383ba-7de8-4769-ac39-378c85ccdea3","local_time":"20210224152617","daily_mods":["Draft"],"is_ascension_mode":false,"campfire_choices":[{"floor":7,"key":"REST"},{"data":"Fusion","floor":10,"key":"SMITH"},{"data":"ReplayTheSpireMod:Calculation Training","floor":15,"key":"SMITH"},{"data":"infinitespire:UltimateForm","floor":23,"key":"SMITH"},{"data":"ReplayTheSpireMod:Fabricate Wheel","floor":29,"key":"SMITH"},{"data":"Apotheosis","floor":49,"key":"SMITH"}],"circlet_count":0,"master_deck":["Cold Snap","Conserve Battery","Hello World","ReplayTheSpireMod:Calculation Training+1","Heatsinks","FIFO Queue","Barrage","Sweeping Beam","Genetic Algorithm","Sweeping Beam","ReplayTheSpireMod:Calculation Training","Leap","Genetic Algorithm","Barrage","Fusion+1","infinitespire:UltimateForm+1","Reboot","White Noise","Coolheaded","Machine Learning+1","Loop+1","Self Repair+1","White Noise","Pot Of Greed","Pot Of Greed","infinitespire:UltimateForm+1","Self Repair+1","Echo Form","Amplify","Apotheosis+1","Steam Power+1","Creative AI"],"relics":["Cracked Core","Eternal Feather","Runic Capacitor","ReplayTheSpireMod:TigerMarble","Meat on the Bone","Carrot","hubris:VirtuousBlindfold","Grinning Jar","Blue Doll","DollysMirror","Prayer Wheel","Tiny House","Ring of Chaos","Ring of Fury","hubris:Towel","Lizard Tail","Ice Cream"],"acts_visited":["Exordium","TheCity","TheBeyond"],"potions_floor_usage":[],"damage_taken":[{"damage":1,"enemies":"2 Louse","floor":1,"turns":3},{"damage":11,"enemies":"Jaw Worm","floor":3,"turns":4},{"damage":0,"enemies":"Cultist","floor":4,"turns":4},{"damage":18,"enemies":"3 Sentries","floor":6,"turns":9},{"damage":16,"enemies":"Lagavulin","floor":11,"turns":7},{"damage":13,"enemies":"Red Slaver","floor":12,"turns":4},{"damage":5,"enemies":"Looter","floor":14,"turns":3},{"damage":3,"enemies":"The Guardian","floor":16,"turns":9},{"damage":2,"enemies":"Spheric Guardian","floor":18,"turns":6},{"damage":0,"enemies":"Chosen","floor":19,"turns":6},{"damage":2,"enemies":"Snecko","floor":20,"turns":4},{"damage":0,"enemies":"Chosen and Byrds","floor":21,"turns":7},{"damage":25,"enemies":"Snake Plant","floor":22,"turns":7},{"damage":2,"enemies":"Centurion and Healer","floor":24,"turns":6},{"damage":31,"enemies":"Cultist and Chosen","floor":25,"turns":9},{"damage":32,"enemies":"Slavers","floor":27,"turns":4},{"damage":0,"enemies":"Snecko","floor":28,"turns":6},{"damage":8,"enemies":"Champ","floor":33,"turns":10},{"damage":34,"enemies":"Orb Walker","floor":35,"turns":5},{"damage":39,"enemies":"3 Shapes","floor":39,"turns":6},{"damage":0,"enemies":"Nemesis","floor":40,"turns":7},{"damage":22,"enemies":"3 Darklings","floor":41,"turns":6},{"damage":62,"enemies":"4 Shapes","floor":44,"turns":5},{"damage":34,"enemies":"Jaw Worm Horde","floor":45,"turns":5},{"damage":5,"enemies":"Maw","floor":47,"turns":9},{"damage":29,"enemies":"Writhing Mass","floor":48,"turns":7},{"damage":38,"enemies":"Time Eater","floor":50,"turns":8}],"seed_played":"-4839295218601516657","potions_obtained":[{"floor":1,"key":"Fire Potion"},{"floor":3,"key":"Strength Potion"},{"floor":4,"key":"Strength Potion"},{"floor":24,"key":"Flashbang"}],"is_trial":true,"path_per_floor":["M","?","M","M","?","E","R","$","T","R","E","M","T","M","R","B",null,"M","M","M","M","M","R","M","M","T","E","M","R","?","$","R","B",null,"M","?","?","?","M","E","M","$","T","M","M","?","M","M","R","B",null],"character_chosen":"DEFECT","items_purchased":["Runic Capacitor","White Noise","DollysMirror","Self Repair+1","Apotheosis"],"campfire_rested":1,"item_purchase_floors":[8,8,31,31,42],"current_hp_per_floor":[74,63,52,52,34,16,47,47,47,56,40,39,39,46,58,55,75,73,73,71,71,46,58,66,57,57,37,59,74,74,74,75,75,80,66,66,66,66,59,69,67,67,67,37,55,55,80,80,80,62],"gold":160,"neow_bonus":"","is_daily":false,"chose_seed":false,"campfire_upgraded":5,"win_rate":0.0,"timestamp":1614176777,"path_taken":["M","?","M","M","?","E","R","?","T","R","E","?","?","M","R","BOSS","M","M","M","M","M","R","M","M","T","E","M","R","?","$","R","BOSS","M","?","?","?","M","E","M","$","T","M","M","?","M","M","R","BOSS"],"items_purchased_type":["Relic","Card","Relic","Card","Card"],"build_version":"2020-12-22","purchased_purges":3,"victory":true,"max_hp_per_floor":[75,75,75,75,75,75,75,75,75,75,75,75,75,75,75,75,75,75,75,75,75,75,75,75,75,75,75,75,75,75,75,75,75,80,80,80,80,80,80,80,80,80,80,80,80,80,80,80,80,80],"card_choices":[{"not_picked":["Scrape","ReplayTheSpireMod:System Scan"],"picked":"Cold Snap","floor":0},{"not_picked":["Beam Cell","BasicCrystalCard"],"picked":"Conserve Battery","floor":0},{"not_picked":["Chill","Beam Cell"],"picked":"Hello World","floor":0},{"not_picked":["ReplaySolidLightProjector","ReplayGash"],"picked":"ReplayTheSpireMod:Calculation Training","floor":0},{"not_picked":["Go for the Eyes","Redo"],"picked":"Heatsinks","floor":0},{"not_picked":["Redo","Conserve Battery"],"picked":"FIFO Queue","floor":0},{"not_picked":["Force Field","Chill"],"picked":"Barrage","floor":0},{"not_picked":["Beam Cell","BasicCrystalCard"],"picked":"Sweeping Beam","floor":0},{"not_picked":["Reprogram","Streamline"],"picked":"Genetic Algorithm","floor":0},{"not_picked":["FTL","hubris:Ukulele"],"picked":"Sweeping Beam","floor":0},{"not_picked":["Steam","Redo"],"picked":"ReplayTheSpireMod:Calculation Training","floor":0},{"not_picked":["ReplayTheSpireMod:Repulse","Compile Driver"],"picked":"Streamline","floor":0},{"not_picked":["Streamline","Go for the Eyes"],"picked":"Leap","floor":0},{"not_picked":["Stack","Undo"],"picked":"Genetic Algorithm","floor":0},{"not_picked":["Leap","Steam"],"picked":"FIFO Queue","floor":0},{"not_picked":["Auto Shields","Stack"],"picked":"Barrage","floor":1},{"not_picked":["Compile Driver","ReplayTheSpireMod:Reroute Power","Hologram"],"picked":"SKIP","floor":3},{"not_picked":["Loop","Barrage"],"picked":"Fusion","floor":4},{"not_picked":["ReplayTheSpireMod:Haul","infinitespire:Fortify"],"picked":"infinitespire:UltimateForm","floor":5},{"not_picked":["Rebound","hubris:PowerSurge"],"picked":"Reboot","floor":6},{"not_picked":["Reinforced Body","Hyperbeam"],"picked":"Coolheaded","floor":11},{"not_picked":["BasicCrystalCard","Redo","Barrage"],"picked":"SKIP","floor":12},{"not_picked":["Barrage","Static Discharge","ReplaySort"],"picked":"SKIP","floor":14},{"not_picked":["Seek","Reboot"],"picked":"Machine Learning","floor":16},{"not_picked":["Conserve Battery","Storm","ReplayGash"],"picked":"SKIP","floor":18},{"not_picked":["ReplayGash+1","Rebound+1","Cold Snap"],"picked":"SKIP","floor":19},{"not_picked":["Darkness","Streamline","Coolheaded"],"picked":"SKIP","floor":20},{"not_picked":["Meteor Strike","Turbo"],"picked":"Loop+1","floor":21},{"not_picked":["Leap+1","Lockon"],"picked":"Self Repair+1","floor":22},{"not_picked":["Scrape","Turbo","Stack"],"picked":"SKIP","floor":24},{"not_picked":["Coolheaded","Compile Driver+1"],"picked":"White Noise","floor":25},{"not_picked":["Lockon","Coolheaded","Streamline"],"picked":"SKIP","floor":27},{"not_picked":["Aggregate","Heatsinks+1"],"picked":"ReplayTheSpireMod:Fabricate Wheel","floor":28},{"not_picked":["All For One","Electrodynamics"],"picked":"Amplify","floor":33},{"not_picked":["Conserve Battery","Hologram+1","Redo+1"],"picked":"SKIP","floor":35},{"not_picked":["Turbo+1","Hologram","Beam Cell+1"],"picked":"SKIP","floor":35},{"not_picked":["Compile Driver+1","Go for the Eyes","Electrodynamics"],"picked":"SKIP","floor":39},{"not_picked":["Steam","FIFO Queue","Heatsinks+1"],"picked":"SKIP","floor":39},{"not_picked":["Cold Snap","Multi-Cast","Sweeping Beam+1"],"picked":"SKIP","floor":40},{"not_picked":["Go for the Eyes","Steam+1","Loop"],"picked":"SKIP","floor":41},{"not_picked":["Chaos","Beam Cell+1","ReplayTheSpireMod:System Scan"],"picked":"SKIP","floor":41},{"not_picked":["Glacier","Steam"],"picked":"Steam Power+1","floor":44},{"not_picked":["Hologram+1","Beam Cell+1","Turbo"],"picked":"SKIP","floor":44},{"not_picked":["Redo","Barrage","Darkness+1"],"picked":"SKIP","floor":45},{"not_picked":["BootSequence","Capacitor","Barrage"],"picked":"SKIP","floor":45},{"not_picked":["Sweeping Beam","Cold Snap+1","Reprogram"],"picked":"SKIP","floor":47},{"not_picked":["Compile Driver+1","Panic Button","BasicCrystalCard"],"picked":"SKIP","floor":47},{"not_picked":["Sweeping Beam+1","Melter+1"],"picked":"Creative AI","floor":48},{"not_picked":["BootSequence","Sunder+1","Reprogram+1"],"picked":"SKIP","floor":48}],"player_experience":129786,"relics_obtained":[{"floor":6,"key":"Eternal Feather"},{"floor":9,"key":"ReplayTheSpireMod:TigerMarble"},{"floor":11,"key":"Meat on the Bone"},{"floor":13,"key":"Carrot"},{"floor":26,"key":"Grinning Jar"},{"floor":27,"key":"Blue Doll"},{"floor":36,"key":"Ring of Chaos"},{"floor":36,"key":"Ring of Fury"},{"floor":40,"key":"Lizard Tail"},{"floor":43,"key":"Ice Cream"}],"event_choices":[{"damage_healed":0,"gold_gain":75,"player_choice":"Gather Gold","damage_taken":11,"max_hp_gain":0,"max_hp_loss":0,"event_name":"World of Goop","floor":2,"gold_loss":0},{"cards_removed":["FIFO Queue"],"damage_healed":0,"gold_gain":0,"player_choice":"Elegance","damage_taken":0,"max_hp_gain":0,"max_hp_loss":0,"event_name":"Back to Basics","floor":30,"gold_loss":0},{"damage_healed":0,"gold_gain":0,"player_choice":"Ignored","damage_taken":0,"max_hp_gain":0,"max_hp_loss":0,"event_name":"Tomb of Lord Red Mask","floor":37,"gold_loss":0},{"cards_removed":["Apotheosis"],"damage_healed":0,"gold_gain":0,"player_choice":"Purged","damage_taken":0,"max_hp_gain":0,"max_hp_loss":0,"event_name":"Purifier","floor":46,"gold_loss":0}],"is_beta":false,"boss_relics":[{"not_picked":["hubris:GrandSneckoEye","ChewingGum"],"picked":"hubris:VirtuousBlindfold"},{"not_picked":["Empty Cage","Fusion Hammer"],"picked":"Tiny House"}],"items_purged_floors":[8,31,42],"is_endless":false,"potions_floor_spawned":[1,3,4,12,18,20,24,27,33,40,41,44,47],"ascension_level":0}}