{"host":"hk6dj51uwihyiztj","time":1614172809,"event":{"mods":["BaseMod","Block Reminder","Hubris","Infinite Spire","Minty Spire (QoL Compilation)","Quick Restart","Reliquary","Replay The Spire","StSLib","SuperFastMode"],"gold_per_floor":[114,114,114,125,137,137,171,171,194,220,220,256,40,52,52,161,161,181,181,198,212,69,104,104,139,191,191,216,216,216,252,252,358,358,377,377,83,100,100,131,150,188,211,249,259,279,279,297,297,297],"floor_reached":51,"language":"ENG","playtime":2374,"items_purged":["Strike_R"],"score":901,"play_id":"e1ee8f90-eabd-45a4-8d69-97be45c470fe","local_time":"20210224142009","is_ascension_mode":true,"campfire_choices":[{"data":"infinitespire:Punishment","floor":6.0,"key":"SMITH"},{"data":"Iron Wave","floor":8.0,"key":"SMITH"},{"data":"Sentinel","floor":11.0,"key":"SMITH"},{"data":"Rage","floor":15.0,"key":"SMITH"},{"floor":24.0,"key":"REST"},{"floor":29.0,"key":"REST"},{"data":"Flex","floor":32.0,"key":"SMITH"},{"data":"Offering","floor":49,"key":"SMITH"}],"circlet_count":0,"master_deck":["Strike_R","Strike_R","Strike_R+1","Defend_R","Defend_R","Defend_R","Bash+1","infinitespire:Punishment+1","Sentinel+1","Iron Wave+1","Rage+1","infinitespire:Punishment+1","Limit Break+1","Headbutt+1","Flex+1","Offering+1","hubris:ReadiedAction+1","Offering","Dropkick+1","Dual Wield+1","Burning Pact+1"],"relics":["Burning Blood","CeramicFish","Pet Ghost","Omamori","infinitespire:WardingShard","DollysMirror","infinitespire:Burning Sword","War Paint","reliquary:JackalopeAntler","Durian","reliquary:Buckler","hubris:Towel","Bag of Preparation","Black Blood","Regal Pillow","Coffee Dripper","reliquary:FingerTrap","Red Skull","Dead Branch","Whetstone","Pen Nib"],"acts_visited":["Exordium","TheCity","TheBeyond"],"potions_floor_usage":[],"damage_taken":[{"damage":10.0,"enemies":"2 Louse","floor":1.0,"turns":3.0},{"damage":7.0,"enemies":"Jaw Worm","floor":4.0,"turns":2.0},{"damage":6.0,"enemies":"Small Slimes","floor":5.0,"turns":2.0},{"damage":5.0,"enemies":"3 Sentries","floor":7.0,"turns":8.0},{"damage":18.0,"enemies":"Lagavulin","floor":10.0,"turns":4.0},{"damage":10.0,"enemies":"Gremlin Nob","floor":12.0,"turns":3.0},{"damage":0.0,"enemies":"Exordium Wildlife","floor":14.0,"turns":3.0},{"damage":13.0,"enemies":"The Guardian","floor":16.0,"turns":7.0},{"damage":0.0,"enemies":"2 Thieves","floor":18.0,"turns":2.0},{"damage":0.0,"enemies":"Chosen","floor":20.0,"turns":2.0},{"damage":8.0,"enemies":"3 Cultists","floor":21.0,"turns":5.0},{"damage":25.0,"enemies":"Gremlin Leader","floor":23.0,"turns":4.0},{"damage":21.0,"enemies":"Nightmare","floor":25.0,"turns":4.0},{"damage":22.0,"enemies":"Gremlin Leader","floor":28.0,"turns":3.0},{"damage":1.0,"enemies":"Replay:Snechameleon","floor":31.0,"turns":2.0},{"damage":28.0,"enemies":"Champ","floor":33.0,"turns":5.0},{"damage":4.0,"enemies":"3 Shapes","floor":35.0,"turns":2.0},{"damage":0.0,"enemies":"Orb Walker","floor":38.0,"turns":1.0},{"damage":7.0,"enemies":"Giant Head","floor":40.0,"turns":6.0},{"damage":0.0,"enemies":"Spire Growth","floor":41.0,"turns":1.0},{"damage":22.0,"enemies":"Nightmare","floor":42.0,"turns":3.0},{"damage":0,"enemies":"Giant Head","floor":44,"turns":3},{"damage":0,"enemies":"Sphere and 2 Shapes","floor":45,"turns":1},{"damage":0,"enemies":"Jaw Worm Horde","floor":46,"turns":2},{"damage":0,"enemies":"Maw","floor":48,"turns":2},{"damage":0,"enemies":"Replay:Hell Engine","floor":50,"turns":2}],"seed_played":"-4698211693234660250","potions_obtained":[{"floor":5.0,"key":"GamblersBrew"},{"floor":10.0,"key":"HeartOfIron"},{"floor":14.0,"key":"CultistPotion"},{"floor":16.0,"key":"Energy Potion"},{"floor":20.0,"key":"SteroidPotion"},{"floor":28.0,"key":"EntropicBrew"},{"floor":35.0,"key":"Explosive Potion"},{"floor":40.0,"key":"Fire Potion"}],"is_trial":true,"path_per_floor":["M","?","?","M","M","R","E","R","T","E","R","E","$","M","R","B",null,"M","?","M","M","$","E","R","NM","T","?","E","R","AVR","E","R","B",null,"M","?","$","M","?","E","M","NM","T","E","M","M","?","M","R","B",null],"character_chosen":"IRONCLAD","items_purchased":["DollysMirror","War Paint","reliquary:FingerTrap","Offering"],"campfire_rested":2,"item_purchase_floors":[13,22,37,37],"current_hp_per_floor":[76,56,56,55,55,55,56,56,56,44,44,40,40,46,46,39,70,76,61,67,65,65,46,71,61,61,61,45,72,72,89,89,79,87,90,90,90,90,90,90,90,86,86,90,90,90,90,90,90,90],"gold":297,"neow_bonus":"","is_daily":false,"chose_seed":false,"campfire_upgraded":6,"win_rate":0.0,"timestamp":1614172809,"path_taken":["M","?","?","M","M","R","E","R","T","E","R","E","$","M","R","BOSS","M","?","M","M","$","E","R","NM","T","?","E","R","AVR","E","R","BOSS","M","?","$","M","?","E","?","NM","T","E","?","M","?","M","R","BOSS"],"items_purchased_type":["Relic","Relic","Relic","Card"],"build_version":"2020-12-22","purchased_purges":1,"victory":true,"max_hp_per_floor":[80,80,80,80,80,80,80,80,80,80,80,80,80,80,80,80,80,80,85,85,85,85,85,85,90,90,90,90,90,90,90,90,90,90,90,90,90,90,90,90,90,90,90,90,90,90,90,90,90,90],"card_choices":[{"not_picked":["True Grit","Evolve","ReplayTheSpireMod:Stacked"],"picked":"SKIP","floor":1.0},{"not_picked":["infinitespire:TheBestDefense","infinitespire:Menacing"],"picked":"infinitespire:Punishment","floor":2.0},{"not_picked":["Sever Soul","Evolve","Sword Boomerang"],"picked":"SKIP","floor":4.0},{"not_picked":["Iron Wave","Armaments"],"picked":"Sentinel","floor":5.0},{"not_picked":["Rupture","Eclipse"],"picked":"Iron Wave","floor":7.0},{"not_picked":["ReplayTheSpireMod:Stacked","Perfected Strike","Thunderclap"],"picked":"SKIP","floor":10.0},{"not_picked":["Abandon","Heavy Blade"],"picked":"Rage","floor":12.0},{"not_picked":["Headbutt","Heavy Blade","Sword Boomerang"],"picked":"SKIP","floor":14.0},{"not_picked":["Reaper","Fiend Fire"],"picked":"Limit Break","floor":16.0},{"not_picked":["Perfected Strike","Abandon"],"picked":"Headbutt","floor":18.0},{"not_picked":["Defy Death+1","True Grit","Run Through"],"picked":"SKIP","floor":20.0},{"not_picked":["Twin Strike+1","Havoc+1","Rupture+1"],"picked":"SKIP","floor":21.0},{"not_picked":["Evolve+1","Feed","Run Through+1"],"picked":"SKIP","floor":23.0},{"not_picked":["Reckless Charge","Wild Strike","Replay:Undeath\u0027s Touch"],"picked":"SKIP","floor":25.0},{"not_picked":["hubris:ReadiedAction","ReplayReversal+1","Warcry"],"picked":"SKIP","floor":28.0},{"not_picked":["Cleave","Run Through"],"picked":"Flex","floor":31.0},{"not_picked":["Fiend Fire","Replay:Many Hands"],"picked":"Offering","floor":33.0},{"not_picked":["ReplayReversal+1","Abandon+1"],"picked":"hubris:ReadiedAction+1","floor":35.0},{"not_picked":["Infernal Blade","Clash+1","Rampage"],"picked":"SKIP","floor":38.0},{"not_picked":["Cleave+1","Infernal Blade","Thunderclap+1"],"picked":"SKIP","floor":40.0},{"not_picked":["hubris:SharpeningStone","Rampage","Replay:Undeath\u0027s Touch+1"],"picked":"SKIP","floor":41.0},{"not_picked":["Iron Wave+1","Ghostly Armor"],"picked":"Dropkick+1","floor":42},{"not_picked":["Havoc+1","Cleave+1"],"picked":"Dual Wield+1","floor":44},{"not_picked":["Havoc","ReplayReversal+1","Warcry"],"picked":"SKIP","floor":45},{"not_picked":["Havoc","Immolate"],"picked":"Burning Pact+1","floor":46},{"not_picked":["Shrug It Off+1","Defy Death","Cleave"],"picked":"SKIP","floor":48}],"player_experience":127387,"relics_obtained":[{"floor":7.0,"key":"CeramicFish"},{"floor":9.0,"key":"Pet Ghost"},{"floor":10.0,"key":"Omamori"},{"floor":12.0,"key":"infinitespire:WardingShard"},{"floor":23.0,"key":"reliquary:JackalopeAntler"},{"floor":25.0,"key":"Durian"},{"floor":26.0,"key":"reliquary:Buckler"},{"floor":28.0,"key":"Bag of Preparation"},{"floor":31.0,"key":"Regal Pillow"},{"floor":40.0,"key":"Red Skull"},{"floor":42,"key":"Dead Branch"},{"floor":43,"key":"Whetstone"},{"floor":44,"key":"Pen Nib"}],"event_choices":[{"damage_healed":0.0,"max_hp_gain":5.0,"max_hp_loss":0.0,"gold_gain":0.0,"event_name":"Forgotten Altar","player_choice":"Shed Blood","floor":19.0,"gold_loss":0.0,"damage_taken":20.0},{"cards_removed":["Defend_R"],"damage_healed":0.0,"max_hp_gain":0.0,"max_hp_loss":0.0,"gold_gain":0.0,"event_name":"Falling","player_choice":"Removed Skill","floor":36.0,"gold_loss":0.0,"damage_taken":0.0},{"damage_healed":0.0,"max_hp_gain":0.0,"max_hp_loss":0.0,"gold_gain":0.0,"event_name":"The Woman in Blue","player_choice":"Bought 0 Potions","floor":39.0,"gold_loss":0.0,"damage_taken":0.0},{"cards_removed":["Strike_R"],"damage_healed":0,"gold_gain":0,"player_choice":"Purged","damage_taken":0,"max_hp_gain":0,"max_hp_loss":0,"event_name":"Purifier","floor":47,"gold_loss":0}],"is_beta":false,"boss_relics":[{"not_picked":["infinitespire:Cupcake","Snecko Heart"],"picked":"infinitespire:Burning Sword"},{"not_picked":["hubris:Backtick","Painkiller Herb"],"picked":"Coffee Dripper"}],"items_purged_floors":[13],"is_endless":false,"potions_floor_spawned":[5,10,14,16,20,21,28,35,40,42,44],"ascension_level":5}}