{"host":"1e3ivg30op4goso1","time":1614192923,"event":{"mods":["AchievementEnabler","Ascension Unlocker","BaseMod","Colored Map","Minty Spire (QoL Compilation)","Permanent Neow","Quick Restart","Relic Filter","StSLib","SuperFastMode"],"gold_per_floor":[115,115,127,137,137,137,147,167,167,167,242,91,107,134,134,234,234,246,98,116,143,143,143,175,175,175,204,215,314,345,363,363,465,465,484,484,371,384,403,403,416,450,497,547,219,252,173,200,200,200],"floor_reached":51,"language":"ENG","playtime":3103,"items_purged":["Strike_R","Strike_R"],"score":1265,"play_id":"41883e75-be68-4c08-8b29-b203723b937b","local_time":"20210224135523","is_ascension_mode":true,"campfire_choices":[{"data":"Uppercut","floor":6.0,"key":"SMITH"},{"data":"Bash","floor":10.0,"key":"SMITH"},{"data":"Clothesline","floor":15.0,"key":"SMITH"},{"floor":23.0,"key":"REST"},{"floor":32.0,"key":"REST"},{"floor":40.0,"key":"REST"},{"floor":49,"key":"REST"}],"circlet_count":0,"master_deck":["AscendersBane","Strike_R","Strike_R","Strike_R","Defend_R","Defend_R+1","Defend_R","Defend_R","Bash+1","Armaments+1","Uppercut+1","Reaper","Clothesline+1","Impervious","Corruption","Uppercut","Barricade+1","Bludgeon","Demon Form+1","Armaments+1","Limit Break"],"relics":["Snecko Eye","Eternal Feather","Letter Opener","Fusion Hammer","Membership Card","Red Mask","Frozen Egg 2","Pen Nib","Mummified Hand","Ornamental Fan","Red Skull","Black Star","OrangePellets","Pear","Paper Frog","Potion Belt","Unceasing Top","InkBottle","Bag of Preparation","Cauldron","Molten Egg 2","Ancient Tea Set","Shuriken","Bronze Scales","Self Forming Clay"],"acts_visited":["Exordium","TheCity","TheBeyond"],"potions_floor_usage":[42,42,50,50,50],"damage_taken":[{"damage":0.0,"enemies":"2 Louse","floor":1.0,"turns":2.0},{"damage":0.0,"enemies":"Small Slimes","floor":3.0,"turns":3.0},{"damage":9.0,"enemies":"Jaw Worm","floor":4.0,"turns":2.0},{"damage":7.0,"enemies":"Large Slime","floor":7.0,"turns":5.0},{"damage":9.0,"enemies":"2 Fungi Beasts","floor":8.0,"turns":3.0},{"damage":0.0,"enemies":"Lots of Slimes","floor":13.0,"turns":2.0},{"damage":6.0,"enemies":"Gremlin Nob","floor":14.0,"turns":3.0},{"damage":18.0,"enemies":"The Guardian","floor":16.0,"turns":8.0},{"damage":1.0,"enemies":"Spheric Guardian","floor":18.0,"turns":4.0},{"damage":0.0,"enemies":"Chosen","floor":20.0,"turns":4.0},{"damage":13.0,"enemies":"Masked Bandits","floor":21.0,"turns":4.0},{"damage":29.0,"enemies":"Slavers","floor":24.0,"turns":7.0},{"damage":12.0,"enemies":"Book of Stabbing","floor":27.0,"turns":5.0},{"damage":0.0,"enemies":"Centurion and Healer","floor":28.0,"turns":4.0},{"damage":13.0,"enemies":"Slavers","floor":30.0,"turns":5.0},{"damage":5.0,"enemies":"Cultist and Chosen","floor":31.0,"turns":6.0},{"damage":77.0,"enemies":"Collector","floor":33.0,"turns":9.0},{"damage":0.0,"enemies":"3 Darklings","floor":35.0,"turns":4.0},{"damage":9.0,"enemies":"Orb Walker","floor":38.0,"turns":3.0},{"damage":17.0,"enemies":"Writhing Mass","floor":39.0,"turns":4.0},{"damage":1.0,"enemies":"Spire Growth","floor":41.0,"turns":4.0},{"damage":79,"enemies":"Giant Head","floor":42,"turns":9},{"damage":12,"enemies":"Mind Bloom Boss Battle","floor":44,"turns":6},{"damage":9,"enemies":"Nemesis","floor":46,"turns":5},{"damage":0,"enemies":"Reptomancer","floor":48,"turns":1},{"damage":10,"enemies":"Time Eater","floor":50,"turns":9}],"seed_played":"7847842360187225035","potions_obtained":[{"floor":4.0,"key":"DuplicationPotion"},{"floor":8.0,"key":"Explosive Potion"},{"floor":14.0,"key":"SkillPotion"},{"floor":18.0,"key":"SteroidPotion"},{"floor":24.0,"key":"AttackPotion"},{"floor":27.0,"key":"Weak Potion"},{"floor":31.0,"key":"GamblersBrew"},{"floor":38.0,"key":"Swift Potion"},{"floor":45,"key":"LiquidMemories"},{"floor":45,"key":"CultistPotion"},{"floor":45,"key":"EssenceOfSteel"},{"floor":45,"key":"SteroidPotion"}],"is_trial":false,"path_per_floor":["M","?","M","M","?","R","M","M","T","R","?","$","M","E","R","B",null,"M","$","M","?","T","R","E","$","T","E","M","?","E","M","R","B",null,"M","?","$","M","M","R","M","E","T","?","$","E","?","E","R","B",null],"character_chosen":"IRONCLAD","items_purchased":["Reaper","Membership Card","OrangePellets","InkBottle","Bag of Preparation","Cauldron"],"campfire_rested":4,"item_purchase_floors":[12,19,37,45,45,45],"current_hp_per_floor":[72,72,72,63,47,47,40,31,31,37,26,26,38,38,47,35,69,75,75,80,71,71,80,67,67,67,61,73,73,73,77,80,13,63,80,76,76,67,50,76,75,28,28,39,39,65,65,82,86,86],"gold":200,"neow_bonus":"BOSS_RELIC","is_daily":false,"chose_seed":false,"campfire_upgraded":3,"win_rate":0.0,"timestamp":1614192923,"path_taken":["M","?","M","M","?","R","M","M","T","R","?","$","M","E","R","BOSS","M","$","M","?","?","R","E","$","T","E","M","?","E","M","R","BOSS","M","?","$","M","M","R","M","E","T","?","$","E","?","E","R","BOSS"],"items_purchased_type":["Card","Relic","Relic","Relic","Relic","Relic"],"build_version":"2020-12-22","purchased_purges":2,"victory":true,"max_hp_per_floor":[80,80,80,80,80,80,80,80,80,80,80,80,80,80,80,80,80,80,80,80,80,80,80,80,80,80,80,80,80,80,80,80,80,80,80,76,76,76,76,76,76,86,86,86,86,86,86,86,86,86],"card_choices":[{"not_picked":["True Grit","Combust"],"picked":"Armaments","floor":1.0},{"not_picked":["Reckless Charge","Bloodletting"],"picked":"Uppercut","floor":3.0},{"not_picked":["Perfected Strike","Pommel Strike","Battle Trance"],"picked":"SKIP","floor":4.0},{"not_picked":["Wild Strike","Flex","Infernal Blade"],"picked":"SKIP","floor":7.0},{"not_picked":["Twin Strike","Thunderclap","Intimidate"],"picked":"SKIP","floor":8.0},{"not_picked":["Pommel Strike","Clash"],"picked":"Clothesline","floor":13.0},{"not_picked":["Pommel Strike","Anger"],"picked":"Impervious","floor":14.0},{"not_picked":["Immolate","Fiend Fire"],"picked":"Corruption","floor":16.0},{"not_picked":["True Grit+1","Blood for Blood+1","Inflame"],"picked":"SKIP","floor":18.0},{"not_picked":["Carnage","Sword Boomerang"],"picked":"Uppercut","floor":20.0},{"not_picked":["Fire Breathing+1","Body Slam","Entrench"],"picked":"SKIP","floor":24.0},{"not_picked":["Clothesline","Thunderclap"],"picked":"Barricade+1","floor":27.0},{"not_picked":["Reckless Charge+1","Armaments","Sword Boomerang+1"],"picked":"SKIP","floor":28.0},{"not_picked":["Feel No Pain+1","Searing Blow+1","Clash"],"picked":"SKIP","floor":30.0},{"not_picked":["Wild Strike","Shockwave","Whirlwind"],"picked":"SKIP","floor":31.0},{"not_picked":["Reaper","Double Tap"],"picked":"Bludgeon","floor":33.0},{"not_picked":["Warcry+1","Shrug It Off+1","Anger+1"],"picked":"SKIP","floor":35.0},{"not_picked":["Perfected Strike","Second Wind","Ghostly Armor"],"picked":"SKIP","floor":38.0},{"not_picked":["Dropkick+1","Evolve+1","Heavy Blade"],"picked":"SKIP","floor":39.0},{"not_picked":["Iron Wave","Corruption+1","True Grit+1"],"picked":"SKIP","floor":41.0},{"not_picked":["Armaments+1","Clash"],"picked":"Demon Form+1","floor":42},{"not_picked":["Searing Blow+1","Flex+1"],"picked":"Armaments+1","floor":44},{"not_picked":["Sword Boomerang+1","True Grit","Iron Wave+1"],"picked":"SKIP","floor":46},{"not_picked":["Sever Soul+1","Anger+1"],"picked":"Limit Break","floor":48}],"player_experience":22117,"relics_obtained":[{"floor":9.0,"key":"Eternal Feather"},{"floor":14.0,"key":"Letter Opener"},{"floor":21.0,"key":"Red Mask"},{"floor":22.0,"key":"Frozen Egg 2"},{"floor":24.0,"key":"Pen Nib"},{"floor":26.0,"key":"Mummified Hand"},{"floor":27.0,"key":"Ornamental Fan"},{"floor":30.0,"key":"Red Skull"},{"floor":42,"key":"Pear"},{"floor":42,"key":"Paper Frog"},{"floor":43,"key":"Potion Belt"},{"floor":44,"key":"Unceasing Top"},{"floor":46,"key":"Molten Egg 2"},{"floor":46,"key":"Ancient Tea Set"},{"floor":48,"key":"Bronze Scales"},{"floor":48,"key":"Self Forming Clay"}],"event_choices":[{"damage_healed":0.0,"max_hp_gain":0.0,"max_hp_loss":0.0,"gold_gain":0.0,"event_name":"The Cleric","player_choice":"Leave","floor":2.0,"gold_loss":0.0,"damage_taken":0.0},{"damage_healed":0.0,"max_hp_gain":0.0,"max_hp_loss":0.0,"gold_gain":0.0,"event_name":"Shining Light","player_choice":"Entered Light","floor":5.0,"gold_loss":0.0,"damage_taken":16.0,"cards_upgraded":["Armaments","Defend_R"]},{"damage_healed":0.0,"max_hp_gain":0.0,"max_hp_loss":0.0,"gold_gain":75.0,"event_name":"World of Goop","player_choice":"Gather Gold","floor":11.0,"gold_loss":0.0,"damage_taken":11.0},{"damage_healed":0.0,"max_hp_gain":0.0,"max_hp_loss":0.0,"gold_gain":0.0,"event_name":"Masked Bandits","player_choice":"Fought Bandits","floor":21.0,"gold_loss":0.0,"damage_taken":0.0},{"damage_healed":0.0,"max_hp_gain":0.0,"max_hp_loss":0.0,"gold_gain":99.0,"event_name":"Nest","player_choice":"Stole From Cult","floor":29.0,"gold_loss":0.0,"damage_taken":0.0},{"damage_healed":0.0,"max_hp_gain":0.0,"max_hp_loss":4.0,"gold_gain":0.0,"event_name":"Winding Halls","player_choice":"Max HP","floor":36.0,"gold_loss":0.0,"damage_taken":0.0},{"damage_healed":0,"gold_gain":0,"player_choice":"Fight","damage_taken":0,"max_hp_gain":0,"max_hp_loss":0,"event_name":"MindBloom","floor":44,"gold_loss":0},{"damage_healed":0,"gold_gain":0,"player_choice":"Paid Gold","damage_taken":0,"relics_obtained":["Shuriken"],"max_hp_gain":0,"max_hp_loss":0,"event_name":"WeMeetAgain","floor":47,"gold_loss":79}],"is_beta":false,"boss_relics":[{"not_picked":["SacredBark","Velvet Choker"],"picked":"Fusion Hammer"},{"not_picked":["Runic Pyramid","Runic Dome"],"picked":"Black Star"}],"items_purged_floors":[37,45],"is_endless":false,"potions_floor_spawned":[4,8,14,18,24,27,31,33,35,38,48],"ascension_level":10}}