{"host":"Oniwa","time":1614170735,"event":{"mods":["BaseMod","Bestiary","Colored Map","Colored Powertips","Minty Spire (QoL Compilation)","Relic Stats","Slay the Relics Exporter","SpireBot","StSLib","ojb\u0027s Better Paths Mod","ojb\u0027s Info Mod: The sequel"],"gold_per_floor":[114,114,132,150,9,9,38,38,38,57,57,86,103,114,114,187,187,201,126,144,154,154,154,172,172,172,198,198,209,241,291,291,363,363,373,373,385,410,410,438,448,448,500,500,533,550,600,617,617,617,617,617,617,117,148,148,148],"floor_reached":56,"language":"JPN","playtime":6970,"items_purged":["Strike_G","Clumsy"],"score":2039,"play_id":"105efaeb-2951-4233-a84b-427f2eee8688","local_time":"20210224214535","is_ascension_mode":true,"campfire_choices":[{"data":"Blade Dance","floor":6.0,"key":"SMITH"},{"floor":8.0,"key":"REST"},{"data":"Eviscerate","floor":11.0,"key":"SMITH"},{"data":"Strike_G","floor":15.0,"key":"PURGE"},{"data":"Well Laid Plans","floor":23.0,"key":"SMITH"},{"data":"Burst","floor":28.0,"key":"SMITH"},{"floor":32.0,"key":"REST"},{"data":"A Thousand Cuts","floor":42.0,"key":"SMITH"},{"data":"Pain","floor":44.0,"key":"PURGE"},{"floor":49.0,"key":"RECALL"},{"data":"Caltrops","floor":53.0,"key":"SMITH"}],"circlet_count":0,"master_deck":["AscendersBane","Strike_G+1","Defend_G","Defend_G","Defend_G","Defend_G","Survivor","Neutralize","Burst+1","Underhanded Strike","Blade Dance+1","Finisher+1","Eviscerate+1","Infinite Blades","Masterful Stab","Dagger Throw","Venomology+1","Backflip","Prepared","Backflip+1","Well Laid Plans+1","PiercingWail","Burst","Leg Sweep","Outmaneuver+1","PiercingWail+1","Dagger Throw","A Thousand Cuts+1","Prepared+1","Trip+1","Dark Shackles+1","PanicButton+1","Blade Dance+1","Backflip+1","Cloak And Dagger+1","Expertise+1","Caltrops+1","Footwork","Leg Sweep+1","Burst+1","Reflex+1"],"relics":["Ring of the Snake","Peace Pipe","Kunai","Whetstone","Cursed Key","Toxic Egg 2","Potion Belt","Ginger","Philosopher\u0027s Stone","CaptainsWheel","Smiling Mask","War Paint","Unceasing Top"],"acts_visited":["Exordium","TheCity","TheBeyond","TheEnding"],"potions_floor_usage":[56,56,56,56,56],"damage_taken":[{"damage":0.0,"enemies":"2 Louse","floor":1.0,"turns":5.0},{"damage":7.0,"enemies":"Small Slimes","floor":3.0,"turns":4.0},{"damage":0.0,"enemies":"Cultist","floor":4.0,"turns":4.0},{"damage":36.0,"enemies":"Gremlin Nob","floor":7.0,"turns":4.0},{"damage":0.0,"enemies":"2 Fungi Beasts","floor":10.0,"turns":2.0},{"damage":22.0,"enemies":"3 Sentries","floor":12.0,"turns":7.0},{"damage":1.0,"enemies":"Exordium Thugs","floor":13.0,"turns":6.0},{"damage":0.0,"enemies":"Red Slaver","floor":14.0,"turns":3.0},{"damage":0.0,"enemies":"Slime Boss","floor":16.0,"turns":6.0},{"damage":6.0,"enemies":"3 Byrds","floor":18.0,"turns":5.0},{"damage":8.0,"enemies":"2 Thieves","floor":20.0,"turns":3.0},{"damage":0.0,"enemies":"Centurion and Healer","floor":21.0,"turns":7.0},{"damage":0.0,"enemies":"Sentry and Sphere","floor":24.0,"turns":3.0},{"damage":4.0,"enemies":"Slavers","floor":27.0,"turns":8.0},{"damage":30.0,"enemies":"Shelled Parasite and Fungi","floor":29.0,"turns":6.0},{"damage":9.0,"enemies":"Gremlin Leader","floor":30.0,"turns":5.0},{"damage":10.0,"enemies":"Collector","floor":33.0,"turns":15.0},{"damage":0.0,"enemies":"3 Shapes","floor":35.0,"turns":7.0},{"damage":0.0,"enemies":"Orb Walker","floor":37.0,"turns":3.0},{"damage":0.0,"enemies":"Mind Bloom Boss Battle","floor":38.0,"turns":7.0},{"damage":9.0,"enemies":"Reptomancer","floor":40.0,"turns":8.0},{"damage":0.0,"enemies":"4 Shapes","floor":41.0,"turns":11.0},{"damage":0.0,"enemies":"Giant Head","floor":45.0,"turns":5.0},{"damage":2.0,"enemies":"Writhing Mass","floor":46.0,"turns":10.0},{"damage":0.0,"enemies":"Sphere and 2 Shapes","floor":48.0,"turns":6.0},{"damage":26.0,"enemies":"Donu and Deca","floor":50.0,"turns":11.0},{"damage":1.0,"enemies":"Time Eater","floor":51.0,"turns":11.0},{"damage":26.0,"enemies":"Shield and Spear","floor":55.0,"turns":11.0},{"damage":28,"enemies":"The Heart","floor":56,"turns":2}],"seed_played":"1700083500682661732","potions_obtained":[{"floor":1.0,"key":"ColorlessPotion"},{"floor":7.0,"key":"DistilledChaos"},{"floor":13.0,"key":"Strength Potion"},{"floor":18.0,"key":"DuplicationPotion"},{"floor":33.0,"key":"CultistPotion"},{"floor":35.0,"key":"Ancient Potion"},{"floor":40.0,"key":"SteroidPotion"},{"floor":45.0,"key":"PowerPotion"},{"floor":46.0,"key":"DistilledChaos"}],"is_trial":false,"path_per_floor":["M","?","M","M","$","R","E","R","T","M","R","E","M","M","R","B",null,"M","$","M","M","?","R","M","?","T","E","R","M","E","?","R","B",null,"M","?","M","?","?","E","M","R","T","R","E","M","?","M","R","B","B",null,"R","$","E","B"],"character_chosen":"THE_SILENT","items_purchased":["Fire Potion","Finisher","CultistPotion","Block Potion","Footwork","Leg Sweep+1","Burst+1"],"campfire_rested":2,"item_purchase_floors":[5,5,54,54,54,54,54],"current_hp_per_floor":[59,52,45,45,45,45,9,27,27,27,27,5,4,4,4,4,46,40,40,32,32,32,32,32,32,32,28,28,13,4,4,22,12,48,48,38,38,38,38,29,29,29,29,29,34,32,32,32,32,6,5,46,46,46,20,0,0],"gold":148,"neow_bonus":"THREE_RARE_CARDS","is_daily":false,"chose_seed":false,"campfire_upgraded":6,"win_rate":0.0,"timestamp":1614170735,"path_taken":["M","?","M","M","$","R","E","R","T","M","R","E","M","M","R","BOSS","M","$","M","M","?","R","M","?","T","E","R","M","E","?","R","BOSS","M","?","M","?","?","E","M","R","T","R","E","M","?","?","R","BOSS","BOSS","R","$","E","BOSS"],"items_purchased_type":["Potion","Card","Potion","Potion","Card","Card","Card"],"build_version":"2020-12-18","purchased_purges":2,"victory":false,"max_hp_per_floor":[60,60,60,60,60,60,60,60,60,60,60,60,60,60,60,60,60,60,60,60,60,60,60,60,60,60,60,60,60,60,60,60,60,60,60,60,60,60,60,60,60,60,60,60,60,60,60,60,60,60,60,60,60,60,60,60,60],"relic_stats":{"Peace Pipe":5,"counters":[29,185],"Kunai":[134],"Whetstone":["Strike_G","Finisher"],"Ginger":[15],"War Paint":["Backflip","Venomology"],"Cursed Key":2,"Smiling Mask":50,"obtain_stats":[{"Potion Belt":27,"Whetstone":12,"Ginger":30,"War Paint":45,"Cursed Key":17,"Smiling Mask":40,"Peace Pipe":7,"CaptainsWheel":38,"Philosopher\u0027s Stone":34,"Kunai":9,"Toxic Egg 2":26,"Unceasing Top":55,"Ring of the Snake":0},{"Potion Belt":14,"Whetstone":6,"Ginger":16,"War Paint":23,"Cursed Key":9,"Smiling Mask":21,"Peace Pipe":4,"CaptainsWheel":20,"Philosopher\u0027s Stone":17,"Kunai":4,"Toxic Egg 2":13,"Unceasing Top":28,"Ring of the Snake":0},{"Potion Belt":67,"Whetstone":26,"Ginger":78,"War Paint":134,"Cursed Key":41,"Smiling Mask":118,"Peace Pipe":17,"CaptainsWheel":110,"Philosopher\u0027s Stone":93,"Kunai":17,"Toxic Egg 2":59,"Unceasing Top":183,"Ring of the Snake":0}],"Unceasing Top":[0],"Ring of the Snake":[58]},"card_choices":[{"not_picked":["Doppelganger","Bullet Time"],"picked":"Burst","floor":0.0},{"not_picked":["Bane","Deadly Poison"],"picked":"Underhanded Strike","floor":1.0},{"not_picked":["Quick Slash","Escape Plan"],"picked":"Blade Dance","floor":3.0},{"not_picked":["Bane","Outmaneuver"],"picked":"Deadly Poison","floor":4.0},{"not_picked":["Sucker Punch","Poisoned Stab"],"picked":"Eviscerate","floor":7.0},{"not_picked":["Outmaneuver","Underhanded Strike","Flying Knee"],"picked":"SKIP","floor":10.0},{"not_picked":["Outmaneuver","Underhanded Strike","Flying Knee"],"picked":"SKIP","floor":10.0},{"not_picked":["Outmaneuver","Underhanded Strike","Flying Knee"],"picked":"SKIP","floor":10.0},{"not_picked":["Skewer","Finisher"],"picked":"Infinite Blades","floor":12.0},{"not_picked":["A Thousand Cuts","Bane"],"picked":"Masterful Stab","floor":13.0},{"not_picked":["Infinite Blades","Prepared"],"picked":"Dagger Throw","floor":14.0},{"not_picked":["Malaise","Grand Finale"],"picked":"Venomology","floor":16.0},{"not_picked":["Acrobatics","Accuracy"],"picked":"Backflip","floor":18.0},{"not_picked":["Footwork","Dagger Spray"],"picked":"Prepared","floor":20.0},{"not_picked":["Slice+1","Predator"],"picked":"Backflip","floor":21.0},{"not_picked":["Deadly Poison","Unload"],"picked":"PiercingWail","floor":24.0},{"not_picked":["Infinite Blades","Dagger Throw"],"picked":"Outmaneuver+1","floor":27.0},{"not_picked":["Backstab","Flying Knee"],"picked":"PiercingWail+1","floor":29.0},{"not_picked":["Poisoned Stab","Slice"],"picked":"Dagger Throw","floor":30.0},{"not_picked":["Bullet Time+1","Burst+1"],"picked":"A Thousand Cuts","floor":33.0},{"not_picked":["Deadly Poison+1","Slice"],"picked":"Prepared+1","floor":35.0},{"not_picked":["PanicButton+1","Chrysalis+1"],"picked":"Trip+1","floor":36.0},{"not_picked":["PanicButton+1","Panacea+1"],"picked":"Dark Shackles+1","floor":36.0},{"not_picked":["Impatience+1","Enlightenment+1"],"picked":"PanicButton+1","floor":36.0},{"not_picked":["Deadly Poison+1","Bane+1"],"picked":"Blade Dance+1","floor":37.0},{"not_picked":["All Out Attack","Prepared+1","Flying Knee"],"picked":"SKIP","floor":40.0},{"not_picked":["Prepared+1","Well Laid Plans"],"picked":"Backflip+1","floor":41.0},{"not_picked":["Footwork","Caltrops"],"picked":"Cloak And Dagger+1","floor":45.0},{"not_picked":["Catalyst+1","Dash+1"],"picked":"Expertise+1","floor":46.0},{"not_picked":["Dash","Setup+1"],"picked":"Caltrops","floor":48.0},{"not_picked":["Storm of Steel+1","Dodge and Roll+1"],"picked":"Reflex+1","floor":55.0}],"player_experience":2765039,"relics_obtained":[{"floor":7.0,"key":"Peace Pipe"},{"floor":9.0,"key":"Kunai"},{"floor":12.0,"key":"Whetstone"},{"floor":26.0,"key":"Toxic Egg 2"},{"floor":27.0,"key":"Potion Belt"},{"floor":30.0,"key":"Ginger"},{"floor":38.0,"key":"CaptainsWheel"},{"floor":40.0,"key":"Smiling Mask"},{"floor":45.0,"key":"War Paint"},{"floor":55.0,"key":"Unceasing Top"}],"event_choices":[{"cards_removed":["Strike_G"],"damage_healed":0.0,"max_hp_gain":0.0,"max_hp_loss":0.0,"gold_gain":0.0,"event_name":"Golden Wing","player_choice":"Card Removal","floor":2.0,"gold_loss":0.0,"damage_taken":7.0},{"damage_healed":0.0,"max_hp_gain":0.0,"max_hp_loss":0.0,"gold_gain":0.0,"event_name":"The Library","player_choice":"Read","floor":22.0,"gold_loss":0.0,"damage_taken":0.0,"cards_obtained":["Well Laid Plans"]},{"damage_healed":0.0,"max_hp_gain":0.0,"max_hp_loss":0.0,"gold_gain":0.0,"cards_transformed":["Strike_G","Defend_G"],"event_name":"Drug Dealer","player_choice":"Became Test Subject","floor":25.0,"gold_loss":0.0,"damage_taken":0.0,"cards_obtained":["Burst","Leg Sweep"]},{"damage_healed":0.0,"max_hp_gain":0.0,"max_hp_loss":0.0,"gold_gain":50.0,"event_name":"Nest","player_choice":"Stole From Cult","floor":31.0,"gold_loss":0.0,"damage_taken":0.0},{"damage_healed":0.0,"max_hp_gain":0.0,"max_hp_loss":0.0,"gold_gain":0.0,"event_name":"SensoryStone","player_choice":"Memory 3","floor":36.0,"gold_loss":0.0,"damage_taken":10.0},{"damage_healed":0.0,"max_hp_gain":0.0,"max_hp_loss":0.0,"gold_gain":0.0,"event_name":"MindBloom","player_choice":"Fight","floor":38.0,"gold_loss":0.0,"damage_taken":0.0},{"cards_removed":["Deadly Poison"],"damage_healed":0.0,"max_hp_gain":0.0,"max_hp_loss":0.0,"gold_gain":0.0,"event_name":"Falling","player_choice":"Removed Skill","floor":39.0,"gold_loss":0.0,"damage_taken":0.0},{"damage_healed":0.0,"max_hp_gain":0.0,"max_hp_loss":0.0,"gold_gain":50.0,"event_name":"Golden Shrine","player_choice":"Pray","floor":47.0,"gold_loss":0.0,"damage_taken":0.0}],"is_beta":true,"boss_relics":[{"not_picked":["Astrolabe","WristBlade"],"picked":"Cursed Key"},{"not_picked":["Tiny House","Runic Dome"],"picked":"Philosopher\u0027s Stone"}],"items_purged_floors":[19,54],"is_endless":false,"potions_floor_spawned":[1,7,13,14,18,24,33,35,40,45,46],"killed_by":"The Heart","ascension_level":20}}