{"host":"ovivighfa421z0zp","time":1614181160,"event":{"mods":["BaseMod","Colored Map","DeckTracker","Keyboard Shortcuts","Minty Spire (QoL Compilation)","Permanent Neow","Quick Restart","Replay The Spire","StSLib","SuperFastMode","The Cursed","The Hierophant"],"gold_per_floor":[116,134,23,23,23,23,35,35,35,70,70,112,144,180,180,220,220],"floor_reached":16,"language":"KOR","playtime":564,"items_purged":["hierophant:Strike_Hierophant"],"score":141,"play_id":"29463bed-5f53-4639-ab83-4d7863b96603","local_time":"20210225003920","is_ascension_mode":true,"campfire_choices":[{"data":"hierophant:Kindle","floor":6.0,"key":"SMITH"},{"data":"hierophant:ChurchCoffers","floor":8.0,"key":"SMITH"},{"data":"hierophant:Punish","floor":11,"key":"SMITH"},{"data":"hierophant:Exaltation","floor":15,"key":"SMITH"}],"circlet_count":0,"master_deck":["AscendersBane","hierophant:Strike_Hierophant","hierophant:Punish+1","hierophant:Defend_Hierophant","hierophant:Defend_Hierophant","hierophant:Defend_Hierophant","hierophant:Defend_Hierophant","hierophant:ChurchCoffers+1","hierophant:Kindle+1","hierophant:HammerAndAnvil","hierophant:SealAway","hierophant:OrnateJavelin","hierophant:SecretStash","hierophant:Embezzle","hierophant:Racketeering","hierophant:Exaltation+1"],"relics":["hierophant:PropheticMaskRelic","Tiny Chest"],"acts_visited":["Exordium"],"potions_floor_usage":[16],"damage_taken":[{"damage":1.0,"enemies":"2 Louse","floor":1.0,"turns":2.0},{"damage":11.0,"enemies":"Jaw Worm","floor":2.0,"turns":4.0},{"damage":1.0,"enemies":"Cultist","floor":7.0,"turns":3.0},{"damage":5,"enemies":"Gremlin Gang","floor":10,"turns":3},{"damage":2,"enemies":"3 Louse","floor":12,"turns":2},{"damage":14,"enemies":"Red Slaver","floor":13,"turns":5},{"damage":0,"enemies":"Gremlin Gang","floor":14,"turns":3},{"damage":65,"enemies":"Fading Forest","floor":16,"turns":10}],"seed_played":"8379850301428586464","potions_obtained":[{"floor":2.0,"key":"BlessingOfTheForge"},{"floor":10,"key":"PowerPotion"},{"floor":14,"key":"Weak Potion"}],"is_trial":false,"path_per_floor":["M","M","$","?","?","R","M","R","T","M","R","M","M","M","R","B"],"character_chosen":"HIEROPHANT","items_purchased":["hierophant:OrnateJavelin"],"campfire_rested":0,"item_purchase_floors":[3],"current_hp_per_floor":[67,56,56,56,56,56,55,55,55,50,50,48,34,34,34,0,0],"gold":220,"neow_bonus":"THREE_RARE_CARDS","is_daily":false,"chose_seed":false,"campfire_upgraded":4,"win_rate":0.0,"timestamp":1614181160,"path_taken":["M","M","$","?","?","R","M","R","T","?","R","M","?","M","R","BOSS"],"items_purchased_type":["Card"],"build_version":"2020-12-22","purchased_purges":1,"victory":false,"max_hp_per_floor":[68,68,68,68,68,68,68,68,68,68,68,68,68,68,68,68,68],"card_choices":[{"not_picked":["hierophant:Levitation","hierophant:Batter"],"picked":"hierophant:Kindle","floor":0.0},{"not_picked":["hierophant:Patience","hierophant:Doubloon"],"picked":"hierophant:HammerAndAnvil","floor":1.0},{"not_picked":["hierophant:HammerAndAnvil","hierophant:Sermon"],"picked":"hierophant:SealAway","floor":2.0},{"not_picked":["hierophant:Rebuild","hierophant:HammerAndAnvil","hierophant:Doubloon"],"picked":"SKIP","floor":7.0},{"not_picked":["hierophant:HolyVerse","hierophant:PassingBell"],"picked":"hierophant:Embezzle","floor":10},{"not_picked":["hierophant:CursedGold","hierophant:MirrorShield","hierophant:Shelter"],"picked":"SKIP","floor":12},{"not_picked":["hierophant:EyeForCoin","hierophant:RepressedViolence"],"picked":"hierophant:Racketeering","floor":13},{"not_picked":["hierophant:Zeal","hierophant:Refuge"],"picked":"hierophant:Exaltation","floor":14}],"player_experience":861493,"relics_obtained":[{"floor":9.0,"key":"Tiny Chest"}],"event_choices":[{"damage_healed":0.0,"max_hp_gain":0.0,"max_hp_loss":0.0,"gold_gain":0.0,"cards_transformed":["hierophant:Strike_Hierophant"],"event_name":"Living Wall","player_choice":"Change","floor":4.0,"gold_loss":0.0,"damage_taken":0.0,"cards_obtained":["hierophant:SecretStash"]},{"cards_removed":["hierophant:Strike_Hierophant"],"damage_healed":0.0,"max_hp_gain":0.0,"max_hp_loss":0.0,"gold_gain":0.0,"event_name":"Purifier","player_choice":"Purged","floor":5.0,"gold_loss":0.0,"damage_taken":0.0}],"is_beta":false,"boss_relics":[],"items_purged_floors":[3],"is_endless":false,"potions_floor_spawned":[2,10,14],"killed_by":"Fading Forest","ascension_level":10}}