{"host":"nuu0xlk1bpqu5s2n","time":1614204489,"event":{"mods":["AchievementEnabler","BaseMod","Minty Spire (QoL Compilation)","StSLib"],"gold_per_floor":[119,194,214,214,214,240,240,256,256,13,13,48,48,74,74,150,150,126,139,54,72,89,89,107,107,157,172,172,87,87,116,116,189,189,199,218,567,617,634,634,667,667,690,705,736,736,756,770,770,770,770,770],"floor_reached":51,"language":"ENG","playtime":3646,"items_purged":["Strike_G"],"score":1565,"play_id":"c81dd1bd-16fe-4756-a6a4-11cbdb593f18","local_time":"20210225000809","is_ascension_mode":true,"campfire_choices":[{"data":"Neutralize","floor":7.0,"key":"SMITH"},{"data":"Blade Dance","floor":11.0,"key":"SMITH"},{"data":"Dash","floor":13.0,"key":"SMITH"},{"data":"Bouncing Flask","floor":15.0,"key":"SMITH"},{"data":"1","floor":23.0,"key":"LIFT"},{"data":"2","floor":25.0,"key":"LIFT"},{"data":"3","floor":28.0,"key":"LIFT"},{"floor":30.0,"key":"REST"},{"data":"Adrenaline","floor":32.0,"key":"SMITH"},{"floor":40.0,"key":"REST"},{"floor":42.0,"key":"REST"},{"floor":46.0,"key":"REST"},{"floor":49,"key":"RECALL"}],"circlet_count":0,"master_deck":["AscendersBane","Strike_G","Strike_G","Strike_G","Strike_G","Defend_G","Defend_G","Defend_G","Defend_G","Defend_G","Survivor","Neutralize+1","Slice","Blade Dance+1","Endless Agony","Well Laid Plans","Dash+1","Bouncing Flask+1","Adrenaline+1","CurseOfTheBell","PiercingWail+1","Backflip+1","Backstab","Night Terror+1","Footwork+1","Doppelganger+1","Dodge and Roll+1","Escape Plan+1","Acrobatics+1","Backflip+1","Tools of the Trade"],"relics":["Ring of the Snake","NeowsBlessing","FossilizedHelix","Unceasing Top","Centennial Puzzle","Meat on the Bone","The Specimen","Calling Bell","Girya","Toxic Egg 2","Blood Vial","Snake Skull","Akabeko","Strawberry","Fusion Hammer","Old Coin","Omamori","Sundial"],"acts_visited":["Exordium","TheCity","TheBeyond"],"potions_floor_usage":[48,50],"damage_taken":[{"damage":0.0,"enemies":"Jaw Worm","floor":1.0,"turns":1.0},{"damage":0.0,"enemies":"Small Slimes","floor":3.0,"turns":1.0},{"damage":0.0,"enemies":"Lagavulin","floor":6.0,"turns":1.0},{"damage":0.0,"enemies":"2 Louse","floor":8.0,"turns":3.0},{"damage":0.0,"enemies":"Gremlin Nob","floor":12.0,"turns":4.0},{"damage":12.0,"enemies":"Lagavulin","floor":14.0,"turns":7.0},{"damage":17.0,"enemies":"Hexaghost","floor":16.0,"turns":9.0},{"damage":0.0,"enemies":"2 Thieves","floor":18.0,"turns":4.0},{"damage":23.0,"enemies":"Spheric Guardian","floor":19.0,"turns":6.0},{"damage":9.0,"enemies":"Chosen and Byrds","floor":21.0,"turns":6.0},{"damage":5.0,"enemies":"Centurion and Healer","floor":22.0,"turns":9.0},{"damage":0.0,"enemies":"3 Cultists","floor":24.0,"turns":4.0},{"damage":41.0,"enemies":"Cultist and Chosen","floor":27.0,"turns":5.0},{"damage":8.0,"enemies":"Gremlin Leader","floor":31.0,"turns":5.0},{"damage":45.0,"enemies":"Champ","floor":33.0,"turns":16.0},{"damage":0.0,"enemies":"Orb Walker","floor":35.0,"turns":2.0},{"damage":0.0,"enemies":"3 Shapes","floor":36.0,"turns":4.0},{"damage":46.0,"enemies":"2 Orb Walkers","floor":37.0,"turns":5.0},{"damage":10.0,"enemies":"Maw","floor":39.0,"turns":7.0},{"damage":9.0,"enemies":"Giant Head","floor":41.0,"turns":7.0},{"damage":30.0,"enemies":"Spire Growth","floor":44.0,"turns":4.0},{"damage":0.0,"enemies":"Nemesis","floor":45.0,"turns":9.0},{"damage":0,"enemies":"Jaw Worm Horde","floor":47,"turns":6},{"damage":0,"enemies":"4 Shapes","floor":48,"turns":6},{"damage":73,"enemies":"Awakened One","floor":50,"turns":17},{"damage":26,"enemies":"Time Eater","floor":51,"turns":3}],"seed_played":"-3549773974640336499","potions_obtained":[{"floor":6.0,"key":"DistilledChaos"},{"floor":14.0,"key":"Swift Potion"},{"floor":19.0,"key":"Energy Potion"},{"floor":22.0,"key":"Explosive Potion"},{"floor":27.0,"key":"EssenceOfSteel"},{"floor":31.0,"key":"EssenceOfSteel"},{"floor":33.0,"key":"LiquidBronze"},{"floor":41.0,"key":"Poison Potion"},{"floor":44.0,"key":"Dexterity Potion"},{"floor":48,"key":"Dexterity Potion"}],"is_trial":false,"path_per_floor":["M","?","M","?","?","E","R","M","T","$","R","E","R","E","R","B",null,"M","M","$","M","M","R","M","R","T","M","R","?","R","E","R","B",null,"M","M","?","?","M","R","E","R","T","M","E","R","M","M","R","B","B"],"character_chosen":"THE_SILENT","items_purchased":["Centennial Puzzle","Backstab"],"campfire_rested":4,"item_purchase_floors":[10,20],"current_hp_per_floor":[59,48,48,48,53,53,53,53,53,53,53,53,53,41,41,36,62,64,43,43,36,45,45,47,47,47,20,20,20,41,54,54,23,64,66,68,36,36,40,63,56,78,78,48,50,73,75,77,77,17,0,0],"gold":770,"neow_bonus":"THREE_ENEMY_KILL","is_daily":false,"chose_seed":false,"campfire_upgraded":5,"win_rate":0.0,"timestamp":1614204489,"path_taken":["M","?","M","?","?","E","R","?","T","$","R","E","R","E","R","BOSS","M","M","$","M","M","R","M","R","T","M","R","?","R","E","R","BOSS","M","M","?","?","M","R","E","R","T","M","E","R","M","?","R","BOSS","BOSS"],"items_purchased_type":["Relic","Card"],"build_version":"2020-12-22","purchased_purges":1,"victory":false,"max_hp_per_floor":[66,66,66,66,71,71,71,71,71,71,71,71,71,71,71,71,71,71,71,71,71,71,71,71,71,71,71,71,71,71,78,78,78,78,78,78,78,78,78,78,78,78,78,78,78,78,78,78,78,78,78,78],"card_choices":[{"not_picked":["Prepared","Caltrops"],"picked":"Slice","floor":1.0},{"not_picked":["Poisoned Stab","Prepared"],"picked":"Blade Dance","floor":3.0},{"not_picked":["Poisoned Stab","Infinite Blades"],"picked":"Endless Agony","floor":6.0},{"not_picked":["Poisoned Stab","Deflect"],"picked":"Well Laid Plans","floor":8.0},{"not_picked":["Dodge and Roll","Bullet Time"],"picked":"Dash","floor":12.0},{"not_picked":["Slice","Outmaneuver"],"picked":"Bouncing Flask","floor":14.0},{"not_picked":["Unload","Doppelganger"],"picked":"Adrenaline","floor":16.0},{"not_picked":["Deadly Poison+1","Prepared+1"],"picked":"PiercingWail+1","floor":18.0},{"not_picked":["Bane","Choke"],"picked":"Backflip+1","floor":19.0},{"not_picked":["Cloak And Dagger+1","All Out Attack"],"picked":"Night Terror+1","floor":21.0},{"not_picked":["All Out Attack","Finisher","Sucker Punch"],"picked":"SKIP","floor":22.0},{"not_picked":["Poisoned Stab","Accuracy"],"picked":"Footwork+1","floor":24.0},{"not_picked":["Setup+1","Flying Knee","Sucker Punch"],"picked":"SKIP","floor":27.0},{"not_picked":["Endless Agony","Riddle With Holes","Deflect+1"],"picked":"SKIP","floor":31.0},{"not_picked":["Night Terror+1","A Thousand Cuts"],"picked":"Doppelganger+1","floor":33.0},{"not_picked":["Quick Slash","PiercingWail+1","Dagger Spray"],"picked":"SKIP","floor":35.0},{"not_picked":["Slice","PiercingWail+1"],"picked":"Dodge and Roll+1","floor":36.0},{"not_picked":["Dodge and Roll+1","Outmaneuver+1"],"picked":"Escape Plan+1","floor":39.0},{"not_picked":["Setup+1","Bane"],"picked":"Acrobatics+1","floor":41.0},{"not_picked":["Setup+1","Eviscerate+1"],"picked":"Backflip+1","floor":44.0},{"not_picked":["Underhanded Strike","Endless Agony"],"picked":"Tools of the Trade","floor":45.0},{"not_picked":["Dagger Throw","Bane","All Out Attack"],"picked":"SKIP","floor":47},{"not_picked":["Expertise+1","Sucker Punch","Quick Slash"],"picked":"SKIP","floor":48}],"player_experience":569052,"relics_obtained":[{"floor":6.0,"key":"FossilizedHelix"},{"floor":9.0,"key":"Unceasing Top"},{"floor":12.0,"key":"Meat on the Bone"},{"floor":14.0,"key":"The Specimen"},{"floor":17.0,"key":"Girya"},{"floor":17.0,"key":"Toxic Egg 2"},{"floor":17.0,"key":"Blood Vial"},{"floor":26.0,"key":"Snake Skull"},{"floor":31.0,"key":"Strawberry"},{"floor":37.0,"key":"Old Coin"},{"floor":41.0,"key":"Omamori"},{"floor":45.0,"key":"Sundial"}],"event_choices":[{"damage_healed":0.0,"max_hp_gain":0.0,"max_hp_loss":0.0,"gold_gain":75.0,"event_name":"World of Goop","player_choice":"Gather Gold","floor":2.0,"gold_loss":0.0,"damage_taken":11.0},{"damage_healed":0.0,"max_hp_gain":0.0,"max_hp_loss":0.0,"gold_gain":0.0,"event_name":"Golden Wing","player_choice":"Ignored","floor":4.0,"gold_loss":0.0,"damage_taken":0.0},{"damage_healed":0.0,"max_hp_gain":5.0,"max_hp_loss":0.0,"gold_gain":0.0,"event_name":"Big Fish","player_choice":"Donut","floor":5.0,"gold_loss":0.0,"damage_taken":0.0},{"damage_healed":0.0,"max_hp_gain":0.0,"max_hp_loss":0.0,"gold_gain":0.0,"event_name":"Addict","player_choice":"Obtained Relic","floor":29.0,"gold_loss":85.0,"damage_taken":0.0,"relics_obtained":["Akabeko"]},{"damage_healed":0.0,"max_hp_gain":0.0,"max_hp_loss":0.0,"gold_gain":0.0,"event_name":"Mysterious Sphere","player_choice":"Fight","floor":37.0,"gold_loss":0.0,"damage_taken":0.0},{"damage_healed":0.0,"max_hp_gain":0.0,"max_hp_loss":0.0,"gold_gain":50.0,"event_name":"Golden Shrine","player_choice":"Pray","floor":38.0,"gold_loss":0.0,"damage_taken":0.0}],"is_beta":false,"boss_relics":[{"not_picked":["HoveringKite","Busted Crown"],"picked":"Calling Bell"},{"not_picked":["Runic Dome","Snecko Eye"],"picked":"Fusion Hammer"}],"items_purged_floors":[10],"is_endless":false,"potions_floor_spawned":[6,14,19,22,27,31,33,41,44,48],"killed_by":"Time Eater","ascension_level":20}}