{"host":"z37g2hkgkh2zjyzk","time":1614209912,"event":{"mods":["2.2 Compatiblity","AchievementEnabler","BaseMod","Bestiary","Colored Map","Colored Powertips","Curses Come First","Highlight Path","Keyboard Shortcuts","Minty Spire (QoL Compilation)","Relic Stats","StSLib","SuperFastMode"],"gold_per_floor":[111,111,121,141,141,141,166,166,166,14,40,55,5,5,5,100,100,117,130,146,157,169,197,197,224,224,234,2,2,17,17,17,116,116,130,140,140,155,155,182,201,201,201,214,264,277,25,35,35,35,35,35,35,67,67,67],"floor_reached":55,"language":"ENG","playtime":4628,"items_purged":["Strike_R","Normality"],"score":1016,"play_id":"bbc0485d-bf5e-4998-b1ce-b9af7d6fc694","local_time":"20210225003832","is_ascension_mode":true,"campfire_choices":[{"data":"Uppercut","floor":6.0,"key":"SMITH"},{"data":"Rampage","floor":8.0,"key":"SMITH"},{"data":"1","floor":15.0,"key":"LIFT"},{"data":"2","floor":24.0,"key":"LIFT"},{"floor":29,"key":"REST"},{"data":"3","floor":32,"key":"LIFT"},{"floor":42,"key":"REST"},{"floor":49,"key":"RECALL"},{"data":"Rupture","floor":52,"key":"SMITH"}],"circlet_count":0,"master_deck":["Strike_R","Strike_R","Defend_R","Defend_R","Defend_R","Bash","Uppercut+1","Rampage+1","Headbutt","Flame Barrier","Whirlwind","Inflame","Brutality","Offering","Shrug It Off+1","Headbutt","Cleave+1","Shrug It Off","Sword Boomerang+1","Writhe","Impervious","Berserk","Flame Barrier","Rupture+1","True Grit+1","Sword Boomerang+1"],"relics":["Burning Blood","Gambling Chip","NlothsMask","Girya","Du-Vu Doll","Cursed Key","Lantern","Red Skull","Toy Ornithopter","Chemical X","Runic Cube","Pear","FossilizedHelix","Shovel","Lee\u0027s Waffle","Champion Belt"],"acts_visited":["Exordium","TheCity","TheBeyond","TheEnding"],"potions_floor_usage":[33,36,40,54,54,54,54,54,54,54],"damage_taken":[{"damage":6.0,"enemies":"2 Louse","floor":1.0,"turns":3.0},{"damage":1.0,"enemies":"Cultist","floor":3.0,"turns":3.0},{"damage":3.0,"enemies":"Jaw Worm","floor":4.0,"turns":4.0},{"damage":45.0,"enemies":"3 Sentries","floor":7.0,"turns":10.0},{"damage":6.0,"enemies":"Gremlin Nob","floor":11.0,"turns":3.0},{"damage":8.0,"enemies":"Exordium Thugs","floor":12.0,"turns":5.0},{"damage":16.0,"enemies":"Hexaghost","floor":16.0,"turns":7.0},{"damage":22.0,"enemies":"2 Thieves","floor":18.0,"turns":4.0},{"damage":0.0,"enemies":"Spheric Guardian","floor":19.0,"turns":3.0},{"damage":22.0,"enemies":"Snake Plant","floor":20.0,"turns":5.0},{"damage":9.0,"enemies":"3 Cultists","floor":21.0,"turns":2.0},{"damage":0.0,"enemies":"Centurion and Healer","floor":22.0,"turns":3.0},{"damage":11.0,"enemies":"Gremlin Leader","floor":23.0,"turns":4.0},{"damage":22,"enemies":"Slavers","floor":25,"turns":5},{"damage":2,"enemies":"Snecko","floor":27,"turns":3},{"damage":3,"enemies":"3 Cultists","floor":30,"turns":1},{"damage":43,"enemies":"Champ","floor":33,"turns":9},{"damage":0,"enemies":"Orb Walker","floor":35,"turns":2},{"damage":1,"enemies":"3 Shapes","floor":36,"turns":4},{"damage":15,"enemies":"Jaw Worm Horde","floor":38,"turns":3},{"damage":63,"enemies":"Nemesis","floor":40,"turns":11},{"damage":0,"enemies":"Transient","floor":41,"turns":5},{"damage":29,"enemies":"Maw","floor":44,"turns":6},{"damage":0,"enemies":"Mind Bloom Boss Battle","floor":45,"turns":6},{"damage":7,"enemies":"4 Shapes","floor":46,"turns":6},{"damage":0,"enemies":"3 Darklings","floor":48,"turns":2},{"damage":63,"enemies":"Awakened One","floor":50,"turns":9},{"damage":27,"enemies":"Shield and Spear","floor":54,"turns":5},{"damage":106,"enemies":"The Heart","floor":55,"turns":5}],"seed_played":"-6006889355809225181","potions_obtained":[{"floor":1.0,"key":"FearPotion"},{"floor":3.0,"key":"EssenceOfSteel"},{"floor":7.0,"key":"Block Potion"},{"floor":19.0,"key":"Block Potion"},{"floor":20.0,"key":"SneckoOil"},{"floor":33,"key":"Swift Potion"},{"floor":38,"key":"ColorlessPotion"},{"floor":40,"key":"SteroidPotion"},{"floor":45,"key":"EntropicBrew"},{"floor":54,"key":"SmokeBomb"}],"is_trial":false,"path_per_floor":["M","?","M","M","?","R","E","R","T","$","E","M","$","?","R","B",null,"M","M","M","M","M","E","R","E","T","M","$","R","M","?","R","B",null,"M","M","?","M","?","E","M","R","T","M","?","M","$","M","R","B",null,"R","$","E","B"],"character_chosen":"IRONCLAD","items_purchased":["Whirlwind","BloodPotion","Chemical X","Impervious","Lee\u0027s Waffle"],"campfire_rested":2,"item_purchase_floors":[10,13,28,28,47],"current_hp_per_floor":[72,72,72,72,72,72,33,33,33,33,33,31,31,31,31,35,63,47,53,37,34,40,35,35,19,19,23,23,44,47,41,41,9,56,62,72,82,73,73,21,27,51,51,28,34,33,89,89,89,32,75,75,75,68,0,0],"gold":67,"neow_bonus":"ONE_RARE_RELIC","is_daily":false,"chose_seed":false,"campfire_upgraded":3,"win_rate":0.0,"timestamp":1614209912,"path_taken":["M","?","?","M","?","R","E","R","T","?","E","M","$","?","R","BOSS","M","M","M","M","M","E","R","E","T","?","$","R","M","?","R","BOSS","M","?","?","?","?","E","M","R","T","M","?","M","?","M","R","BOSS","R","$","E","BOSS"],"items_purchased_type":["Card","Potion","Relic","Card","Relic"],"build_version":"2020-12-22","purchased_purges":2,"victory":false,"max_hp_per_floor":[72,72,72,72,72,72,72,72,72,72,72,72,72,72,72,72,72,72,72,72,72,72,72,72,72,72,72,72,72,72,72,72,72,72,72,72,82,82,82,82,82,82,82,82,82,82,89,89,89,89,89,89,89,89,89,89],"relic_stats":{"Lee\u0027s Waffle":56,"Shovel":0,"counters":[29,138],"Gambling Chip":[82],"Chemical X":[18],"Champion Belt":[3],"Cursed Key":2,"obtain_stats":[{"Girya":7,"Lantern":23,"Lee\u0027s Waffle":47,"Pear":37,"Cursed Key":17,"Burning Blood":0,"Du-Vu Doll":11,"Shovel":45,"Gambling Chip":0,"Chemical X":28,"Champion Belt":54,"Red Skull":25,"Toy Ornithopter":26,"FossilizedHelix":40,"NlothsMask":2,"Runic Cube":34},{"Girya":4,"Lantern":13,"Lee\u0027s Waffle":25,"Pear":19,"Cursed Key":7,"Burning Blood":0,"Du-Vu Doll":5,"Shovel":24,"Gambling Chip":0,"Chemical X":15,"Champion Belt":28,"Red Skull":14,"Toy Ornithopter":14,"FossilizedHelix":21,"NlothsMask":1,"Runic Cube":17},{"Girya":20,"Lantern":56,"Lee\u0027s Waffle":117,"Pear":80,"Cursed Key":35,"Burning Blood":0,"Du-Vu Doll":23,"Shovel":111,"Gambling Chip":0,"Chemical X":64,"Champion Belt":133,"Red Skull":61,"Toy Ornithopter":61,"FossilizedHelix":94,"NlothsMask":3,"Runic Cube":74}],"Burning Blood":154,"Toy Ornithopter":29,"Runic Cube":[78]},"card_choices":[{"not_picked":["Flame Barrier","Fire Breathing"],"picked":"Uppercut","floor":1.0},{"not_picked":["Flex","Clothesline"],"picked":"Rampage","floor":3.0},{"not_picked":["Flex","Inflame"],"picked":"Headbutt","floor":4.0},{"not_picked":["Anger","Wild Strike"],"picked":"Flame Barrier","floor":7.0},{"not_picked":["Pommel Strike","Twin Strike"],"picked":"Bloodletting","floor":11.0},{"not_picked":["Clothesline","Perfected Strike"],"picked":"Inflame","floor":12.0},{"not_picked":["Berserk","Feed"],"picked":"Offering","floor":16.0},{"not_picked":["Clash","Havoc+1"],"picked":"Shrug It Off+1","floor":18.0},{"not_picked":["Intimidate","Dropkick"],"picked":"Headbutt","floor":19.0},{"not_picked":["Perfected Strike","Flex"],"picked":"Cleave+1","floor":20.0},{"not_picked":["Headbutt+1","Fire Breathing+1","Anger+1"],"picked":"SKIP","floor":21.0},{"not_picked":["Carnage","Dual Wield"],"picked":"Shrug It Off","floor":22.0},{"not_picked":["Demon Form","Twin Strike","Pommel Strike"],"picked":"SKIP","floor":23.0},{"not_picked":["Body Slam","Fire Breathing"],"picked":"Sword Boomerang+1","floor":25},{"not_picked":["Wild Strike","Thunderclap","Dropkick+1"],"picked":"SKIP","floor":27},{"not_picked":["Heavy Blade+1","Armaments","Wild Strike"],"picked":"SKIP","floor":30},{"not_picked":["Bludgeon","Feed"],"picked":"Berserk","floor":33},{"not_picked":["Intimidate","Cleave","Body Slam+1"],"picked":"SKIP","floor":35},{"not_picked":["Body Slam","Perfected Strike+1","Heavy Blade+1"],"picked":"SKIP","floor":36},{"not_picked":["Headbutt","Perfected Strike"],"picked":"Flame Barrier","floor":38},{"not_picked":["Armaments+1","Metallicize"],"picked":"Rupture","floor":40},{"not_picked":["Thunderclap+1","Cleave","Havoc"],"picked":"SKIP","floor":41},{"not_picked":["Offering","Clothesline"],"picked":"True Grit+1","floor":44},{"not_picked":["Clothesline","Second Wind"],"picked":"Sword Boomerang+1","floor":46},{"not_picked":["Thunderclap+1","Perfected Strike+1","Anger"],"picked":"SKIP","floor":48},{"not_picked":["Pommel Strike+1","Feel No Pain+1","Bludgeon"],"picked":"SKIP","floor":54}],"player_experience":259293,"relics_obtained":[{"floor":7.0,"key":"Girya"},{"floor":11.0,"key":"Du-Vu Doll"},{"floor":23.0,"key":"Lantern"},{"floor":25,"key":"Red Skull"},{"floor":26,"key":"Toy Ornithopter"},{"floor":40,"key":"FossilizedHelix"},{"floor":45,"key":"Shovel"},{"floor":54,"key":"Champion Belt"}],"event_choices":[{"damage_healed":0.0,"max_hp_gain":0.0,"max_hp_loss":0.0,"gold_gain":0.0,"event_name":"FaceTrader","player_choice":"Trade","floor":2.0,"gold_loss":0.0,"damage_taken":0.0,"relics_obtained":["NlothsMask"]},{"cards_removed":["Strike_R"],"damage_healed":0.0,"max_hp_gain":0.0,"max_hp_loss":0.0,"gold_gain":0.0,"event_name":"Purifier","player_choice":"Purged","floor":5.0,"gold_loss":0.0,"damage_taken":0.0},{"damage_healed":0.0,"max_hp_gain":0.0,"max_hp_loss":0.0,"gold_gain":0.0,"cards_transformed":["Strike_R"],"event_name":"Transmorgrifier","player_choice":"Transformed","floor":14.0,"gold_loss":0.0,"damage_taken":0.0,"cards_obtained":["Brutality"]},{"damage_healed":0,"gold_gain":0,"player_choice":"","damage_taken":6,"max_hp_gain":0,"max_hp_loss":0,"event_name":"Knowing Skull","floor":31,"potions_obtained":[],"gold_loss":0,"cards_obtained":[]},{"cards_removed":["Bloodletting"],"damage_healed":0,"gold_gain":0,"player_choice":"Gave Card","damage_taken":0,"relics_obtained":["Pear"],"max_hp_gain":0,"max_hp_loss":0,"event_name":"WeMeetAgain","floor":37,"gold_loss":0},{"cards_removed":["Defend_R"],"damage_healed":0,"gold_gain":0,"player_choice":"Removed Skill","damage_taken":0,"max_hp_gain":0,"max_hp_loss":0,"event_name":"Falling","floor":39,"gold_loss":0},{"damage_healed":0,"gold_gain":0,"player_choice":"Fight","damage_taken":0,"max_hp_gain":0,"max_hp_loss":0,"event_name":"MindBloom","floor":45,"gold_loss":0}],"is_beta":false,"boss_relics":[{"not_picked":["Snecko Eye","Runic Pyramid"],"picked":"Cursed Key"},{"not_picked":["SacredBark","Coffee Dripper"],"picked":"Runic Cube"}],"items_purged_floors":[10,47],"is_endless":false,"potions_floor_spawned":[1,3,7,19,20,33,38,40,45,54],"killed_by":"The Heart","ascension_level":8}}