{"host":"zxd2l8an9de7z7b9","time":1614175772,"event":{"mods":["100% Spire Juice","2.2 Compatiblity","AchievementEnabler","BaseMod","CapriCore","Colored Map","Colored Powertips","Marisa£¨Ùöéë¡¡Øª×âÞÞ£©","Minty Spire (QoL Compilation)","Rare Cards Sparkle","StSLib","SuperFastMode","Td1madao Mod","everything is the same but u backflip on backflip"],"gold_per_floor":[212,224,102,102,115,115,130,130,155,155,165,165,165,28,28,154,154,179,198,198,216,216,216,241,241,241,259,259,259,259,284,284,284,284],"floor_reached":33,"language":"KOR","playtime":797,"items_purged":["Strike_B","Strike_B"],"score":237,"play_id":"96af1514-bd5e-495b-9d31-791e1d35c22c","local_time":"20210224230932","is_ascension_mode":false,"campfire_choices":[{"data":"Tempest","floor":6.0,"key":"SMITH"},{"data":"Multi-Cast","floor":8.0,"key":"SMITH"},{"data":"Turbo","floor":10.0,"key":"SMITH"},{"floor":15.0,"key":"REST"},{"data":"Skim","floor":23.0,"key":"SMITH"},{"floor":25.0,"key":"REST"},{"data":"Coolheaded","floor":28.0,"key":"SMITH"},{"data":"Hologram","floor":32.0,"key":"SMITH"}],"circlet_count":0,"master_deck":["Strike_B","Defend_B+1","Defend_B","Defend_B","Zap+1","Dualcast","Turbo+1","Tempest+1","Conserve Battery","Multi-Cast+1","Double Energy+1","Skim+1","Reboot","Go for the Eyes+1","Seek","Ball Lightning","Necronomicurse","Stack+1","Coolheaded+1","Hologram+1"],"relics":["Cracked Core","Lantern","Golden Idol","Philosopher\u0027s Stone","Necronomicon","White Beast Statue"],"acts_visited":["TheCity"],"potions_floor_usage":[],"damage_taken":[{"damage":1.0,"enemies":"Cultist","floor":1.0,"turns":3.0},{"damage":1.0,"enemies":"Jaw Worm","floor":2.0,"turns":4.0},{"damage":0.0,"enemies":"2 Louse","floor":5.0,"turns":2.0},{"damage":1.0,"enemies":"2 Fungi Beasts","floor":7.0,"turns":3.0},{"damage":5.0,"enemies":"Looter","floor":11.0,"turns":3.0},{"damage":27.0,"enemies":"The Guardian","floor":16.0,"turns":9.0},{"damage":12.0,"enemies":"Chosen","floor":18.0,"turns":3.0},{"damage":6.0,"enemies":"Shell Parasite","floor":19.0,"turns":4.0},{"damage":8.0,"enemies":"Snecko","floor":21.0,"turns":3.0},{"damage":1.0,"enemies":"Centurion and Healer","floor":24.0,"turns":2.0},{"damage":0.0,"enemies":"Shelled Parasite and Fungi","floor":27.0,"turns":2.0},{"damage":0.0,"enemies":"3 Cultists","floor":31.0,"turns":1.0},{"damage":0,"enemies":"Champ","floor":33,"turns":1}],"seed_played":"5184041321224754167","potions_obtained":[{"floor":2.0,"key":"AttackPotion"},{"floor":5.0,"key":"EssenceOfSteel"},{"floor":7.0,"key":"SkillPotion"},{"floor":19.0,"key":"Explosive Potion"},{"floor":24.0,"key":"Explosive Potion"},{"floor":31.0,"key":"SpeedPotion"}],"is_trial":false,"path_per_floor":["M","M","$","?","M","R","M","R","T","R","M","?","?","$","R","B",null,"M","M","?","M","?","R","M","R","T","M","R","?","?","M","R","B"],"character_chosen":"DEFECT","items_purchased":["Conserve Battery","Skim"],"campfire_rested":2,"item_purchase_floors":[3,14],"current_hp_per_floor":[74,73,73,66,66,66,65,65,65,65,60,45,27,27,49,22,75,63,57,57,49,33,33,32,54,54,54,54,54,54,54,54,54,54],"gold":284,"neow_bonus":"HUNDRED_GOLD","is_daily":false,"chose_seed":false,"campfire_upgraded":6,"win_rate":0.0,"timestamp":1614175772,"path_taken":["M","?","?","?","M","R","M","R","T","R","M","?","?","?","R","BOSS","M","M","?","?","?","R","M","R","T","M","R","?","?","M","R","BOSS"],"items_purchased_type":["Card","Card"],"build_version":"2020-12-22","purchased_purges":2,"victory":false,"max_hp_per_floor":[75,75,75,75,75,75,75,75,75,75,75,75,75,75,75,75,75,75,75,75,75,75,75,75,75,75,75,75,75,75,75,75,75,75],"card_choices":[{"not_picked":["Aggregate","Stack"],"picked":"Turbo","floor":1.0},{"not_picked":["Lockon","Rebound"],"picked":"Tempest","floor":2.0},{"not_picked":["Turbo","Go for the Eyes"],"picked":"Multi-Cast","floor":5.0},{"not_picked":["Barrage","Rebound","Go for the Eyes"],"picked":"SKIP","floor":7.0},{"not_picked":["FTL","Barrage"],"picked":"Double Energy","floor":11.0},{"not_picked":["Multi-Cast","All For One"],"picked":"Reboot","floor":16.0},{"not_picked":["Gash","Rebound"],"picked":"Go for the Eyes+1","floor":18.0},{"not_picked":["Redo","Go for the Eyes"],"picked":"Seek","floor":19.0},{"not_picked":["Sweeping Beam","Turbo"],"picked":"Ball Lightning","floor":21.0},{"not_picked":["Leap","Melter"],"picked":"Stack+1","floor":24.0},{"not_picked":["Streamline","Cold Snap"],"picked":"Coolheaded","floor":27.0},{"not_picked":["Go for the Eyes","Self Repair"],"picked":"Hologram","floor":31.0}],"player_experience":474391,"relics_obtained":[{"floor":9.0,"key":"Lantern"},{"floor":22.0,"key":"Necronomicon"},{"floor":26.0,"key":"White Beast Statue"}],"event_choices":[{"cards_removed":["Defend_B"],"damage_healed":0.0,"max_hp_gain":0.0,"max_hp_loss":0.0,"gold_gain":0.0,"event_name":"Golden Wing","player_choice":"Card Removal","floor":4.0,"gold_loss":0.0,"damage_taken":7.0},{"damage_healed":0.0,"max_hp_gain":0.0,"max_hp_loss":0.0,"gold_gain":0.0,"event_name":"Shining Light","player_choice":"Entered Light","floor":12.0,"gold_loss":0.0,"damage_taken":15.0,"cards_upgraded":["Zap","Defend_B"]},{"damage_healed":0.0,"max_hp_gain":0.0,"max_hp_loss":0.0,"gold_gain":0.0,"event_name":"Golden Idol","player_choice":"Take Damage","floor":13.0,"gold_loss":0.0,"damage_taken":18.0,"relics_obtained":["Golden Idol"]},{"damage_healed":0.0,"max_hp_gain":0.0,"max_hp_loss":0.0,"gold_gain":0.0,"event_name":"Upgrade Shrine","player_choice":"Upgraded","floor":20.0,"gold_loss":0.0,"damage_taken":0.0,"cards_upgraded":["Double Energy"]},{"damage_healed":0.0,"max_hp_gain":0.0,"max_hp_loss":0.0,"gold_gain":0.0,"event_name":"Cursed Tome","player_choice":"Obtained Book","floor":22.0,"gold_loss":0.0,"damage_taken":16.0},{"damage_healed":0.0,"max_hp_gain":0.0,"max_hp_loss":0.0,"gold_gain":0.0,"event_name":"Ghosts","player_choice":"Ignored","floor":29.0,"gold_loss":0.0,"damage_taken":0.0},{"cards_removed":["Strike_B"],"damage_healed":0.0,"max_hp_gain":0.0,"max_hp_loss":0.0,"gold_gain":0.0,"event_name":"Back to Basics","player_choice":"Elegance","floor":30.0,"gold_loss":0.0,"damage_taken":0.0}],"is_beta":false,"boss_relics":[{"not_picked":["Busted Crown","Pandora\u0027s Box"],"picked":"Philosopher\u0027s Stone"}],"items_purged_floors":[3,14],"is_endless":false,"potions_floor_spawned":[2,5,7,16,19,24,27,31],"killed_by":"Champ","ascension_level":0}}