{"host":"aovbmu76o5toxav1","time":1614175691,"event":{"mods":["BaseMod","Jorbs\u0027s Wanderer Trilogy","Marisa????????","Minty Spire (QoL Compilation)","StSLib","The Bug Knight","The Servant 0.9.4"],"gold_per_floor":[119,138,148,159,169,169,204,204,231,261,42,42,68,81,81,178,178,198,214,229,229,229,229,244,271,271,282,282,297,297,18,18,118,118,135,135,135,135],"floor_reached":37,"language":"ENG","playtime":3156,"items_purged":["HollowMod:VengefulSpirit"],"score":436,"play_id":"2a55675e-c6ac-40fe-ab8e-61e92db0506a","local_time":"20210224090811","is_ascension_mode":false,"campfire_choices":[{"data":"HollowMod:GreatSlash","floor":6.0,"key":"SMITH"},{"data":"HollowMod:VengefulVoid","floor":8.0,"key":"SMITH"},{"floor":15.0,"key":"REST"},{"floor":23,"key":"REST"},{"data":"HollowMod:SoulMaster","floor":28,"key":"SMITH"},{"data":"HollowMod:ShadowDash","floor":30,"key":"SMITH"},{"floor":32,"key":"REST"}],"circlet_count":0,"master_deck":["HollowMod:NailStrikeStart","HollowMod:NailStrikeStart","HollowMod:NailStrikeStart","HollowMod:NailStrikeStart","HollowMod:QuickDashStart","HollowMod:QuickDashStart","HollowMod:QuickDashStart","HollowMod:QuickDashStart","HollowMod:PogoStrike","HollowMod:DescendingDark","HollowMod:HeavyBlow","HollowMod:GreatSlash+1","HollowMod:VengefulVoid+1","HollowMod:ShadowDash","HollowMod:BlackTendrils","HollowMod:ShapeofUnn","HollowMod:SharpenedNail","HollowMod:DoubleDash","HollowMod:HuntersJournal","HollowMod:CloakDash","HollowMod:SoulMaster+1","HollowMod:HuntersJournal+1","HollowMod:VengefulVoid","HollowMod:WraithStrike","RitualDagger","Writhe","HollowMod:ShadowDash+1","HollowMod:MonarchWings","HollowMod:GrimmsGift","HollowMod:SharpenedShadows","HollowMod:SlysStrikes","HollowMod:SiblingsSouls+1"],"relics":["HollowMod:VesselMask","NeowsBlessing","Regal Pillow","Lantern","PreservedInsect","Orrery","Potion Belt","Runic Pyramid","Anchor","Question Card","Vajra","Bronze Scales","SlaversCollar"],"acts_visited":["Exordium","TheCity","TheBeyond"],"potions_floor_usage":[16,16,20,25,37],"damage_taken":[{"damage":0.0,"enemies":"Cultist","floor":1.0,"turns":1.0},{"damage":0.0,"enemies":"Jaw Worm","floor":2.0,"turns":1.0},{"damage":0.0,"enemies":"Small Slimes","floor":3.0,"turns":1.0},{"damage":1.0,"enemies":"2 Fungi Beasts","floor":4.0,"turns":2.0},{"damage":11.0,"enemies":"Exordium Wildlife","floor":5.0,"turns":2.0},{"damage":15.0,"enemies":"Gremlin Nob","floor":7.0,"turns":4.0},{"damage":13.0,"enemies":"3 Sentries","floor":10.0,"turns":3.0},{"damage":0.0,"enemies":"Gremlin Nob","floor":13.0,"turns":2.0},{"damage":3.0,"enemies":"Red Slaver","floor":14.0,"turns":2.0},{"damage":83,"enemies":"The Guardian","floor":16,"turns":14},{"damage":24,"enemies":"Spheric Guardian","floor":18,"turns":5},{"damage":30,"enemies":"Chosen","floor":19,"turns":5},{"damage":23,"enemies":"Shelled Parasite and Fungi","floor":20,"turns":6},{"damage":5,"enemies":"Cultist and Chosen","floor":24,"turns":5},{"damage":32,"enemies":"Slavers","floor":25,"turns":4},{"damage":0,"enemies":"Centurion and Healer","floor":27,"turns":6},{"damage":4,"enemies":"3 Cultists","floor":29,"turns":3},{"damage":41,"enemies":"HollowMod:NKGrimm","floor":33,"turns":14},{"damage":39,"enemies":"3 Shapes","floor":35,"turns":6},{"damage":48,"enemies":"3 Darklings","floor":37,"turns":4}],"seed_played":"-2475009149186761320","potions_obtained":[{"floor":2.0,"key":"SpeedPotion"},{"floor":3.0,"key":"AttackPotion"},{"floor":7.0,"key":"LiquidMemories"},{"floor":13.0,"key":"LiquidMemories"},{"floor":14.0,"key":"Regen Potion"},{"floor":16,"key":"LiquidBronze"},{"floor":18,"key":"Weak Potion"},{"floor":27,"key":"Swift Potion"},{"floor":33,"key":"PowerPotion"}],"is_trial":false,"path_per_floor":["M","M","M","M","M","R","E","R","T","E","$","?","E","M","R","B",null,"M","M","M","?","?","R","M","E","T","M","R","M","R","$","R","B",null,"M","?","M"],"character_chosen":"THE_BUGKNIGHT","items_purchased":["HollowMod:BlackTendrils","Orrery","SpeedPotion","Bronze Scales"],"campfire_rested":3,"item_purchase_floors":[11,11,31,31],"current_hp_per_floor":[75,75,75,74,63,63,48,48,48,35,35,35,37,36,73,7,75,51,30,11,5,5,42,39,7,7,12,12,8,8,8,45,10,75,40,40,0,0],"gold":135,"neow_bonus":"THREE_ENEMY_KILL","is_daily":false,"chose_seed":false,"campfire_upgraded":4,"win_rate":0.0,"timestamp":1614175691,"path_taken":["M","?","M","M","M","R","E","R","T","E","$","?","E","M","R","BOSS","M","M","M","?","?","R","M","E","T","M","R","M","R","$","R","BOSS","M","?","M"],"items_purchased_type":["Card","Relic","Potion","Relic"],"build_version":"2020-12-22","purchased_purges":1,"victory":false,"max_hp_per_floor":[75,75,75,75,75,75,75,75,75,75,75,75,75,75,75,75,75,75,75,75,75,75,75,75,75,75,75,75,75,75,75,75,75,75,75,75,75,75],"card_choices":[{"not_picked":["HollowMod:ShadowDash","HollowMod:SoulShaman"],"picked":"HollowMod:DescendingDark","floor":1.0},{"not_picked":["HollowMod:SharpenedNail","HollowMod:CycloneSlash","HollowMod:ChannelNail"],"picked":"SKIP","floor":2.0},{"not_picked":["HollowMod:SiblingsSouls","HollowMod:InfectedCysts"],"picked":"HollowMod:HeavyBlow","floor":3.0},{"not_picked":["HollowMod:SoulStrike","HollowMod:CornifersMapStart"],"picked":"HollowMod:GreatSlash","floor":4.0},{"not_picked":["HollowMod:InfectedCysts","HollowMod:SoulVessel"],"picked":"HollowMod:VengefulSpirit","floor":5.0},{"not_picked":["HollowMod:LifebloodCore","HollowMod:FallenFury"],"picked":"HollowMod:VengefulVoid","floor":7.0},{"not_picked":["HollowMod:SiblingsSouls","HollowMod:GrimmsGift"],"picked":"HollowMod:ShadowDash","floor":10.0},{"not_picked":["HollowMod:BlackTendrils","HollowMod:DescendingDark"],"picked":"HollowMod:ShapeofUnn","floor":11.0},{"not_picked":["HollowMod:MothsMistake","HollowMod:NewLittleFool"],"picked":"HollowMod:SharpenedNail","floor":11.0},{"not_picked":["HollowMod:CycloneSlash","HollowMod:CornifersMapStart"],"picked":"HollowMod:DoubleDash","floor":11.0},{"not_picked":["HollowMod:HowlingWraiths","HollowMod:QuirrelsAssistance"],"picked":"HollowMod:HuntersJournal","floor":11.0},{"not_picked":["HollowMod:LifebloodCocoon","HollowMod:InfectedCysts","HollowMod:MothsMistake"],"picked":"SKIP","floor":13.0},{"not_picked":["HollowMod:DungDefenderAura","HollowMod:InfectedAttack"],"picked":"HollowMod:CloakDash","floor":14.0},{"not_picked":["HollowMod:NewInfectedGuardian","HollowMod:MidwifesHunger"],"picked":"HollowMod:SoulMaster","floor":16},{"not_picked":["HollowMod:PerfectDash","HollowMod:LifebloodCocoon"],"picked":"HollowMod:HuntersJournal+1","floor":18},{"not_picked":["HollowMod:DescendingDark","HollowMod:DesolateDive"],"picked":"HollowMod:VengefulVoid","floor":19},{"not_picked":["HollowMod:GreatSlash+1","HollowMod:SoulVessel"],"picked":"HollowMod:WraithStrike","floor":20},{"not_picked":["HollowMod:SiblingsSouls","HollowMod:SoulShaman+1"],"picked":"HollowMod:ShadowDash","floor":24},{"not_picked":["HollowMod:CornifersMapStart","HollowMod:NewLittleFool"],"picked":"HollowMod:MonarchWings","floor":25},{"not_picked":["HollowMod:SiblingsSouls","HollowMod:VengefulVoid+1","HollowMod:HeavyBlow+1"],"picked":"HollowMod:GrimmsGift","floor":27},{"not_picked":["HollowMod:FallenFury","HollowMod:NewInfectedGuardian","HollowMod:InfectionAssault"],"picked":"HollowMod:SharpenedShadows","floor":29},{"not_picked":["HollowMod:ZotesMagnificence","HollowMod:AwokenDreamNail","HollowMod:theNailsmith"],"picked":"HollowMod:SlysStrikes","floor":33},{"not_picked":["HollowMod:DashSlash+1","HollowMod:SharpenedNail","HollowMod:InfectedCysts+1"],"picked":"HollowMod:SiblingsSouls+1","floor":35}],"player_experience":117011,"relics_obtained":[{"floor":7.0,"key":"Regal Pillow"},{"floor":9.0,"key":"Lantern"},{"floor":10.0,"key":"PreservedInsect"},{"floor":13.0,"key":"Potion Belt"},{"floor":25,"key":"Question Card"},{"floor":26,"key":"Vajra"}],"event_choices":[{"damage_healed":0,"gold_gain":0,"player_choice":"Joined the Cult","damage_taken":6,"max_hp_gain":0,"max_hp_loss":0,"event_name":"Nest","floor":21,"gold_loss":0,"cards_obtained":["RitualDagger"]},{"damage_healed":0,"gold_gain":0,"player_choice":"Opened","damage_taken":0,"relics_obtained":["Anchor"],"max_hp_gain":0,"max_hp_loss":0,"event_name":"The Mausoleum","floor":22,"gold_loss":0,"cards_obtained":["Writhe"]}],"is_beta":false,"boss_relics":[{"not_picked":["Empty Cage","SacredBark"],"picked":"Runic Pyramid"},{"not_picked":["Velvet Choker","Black Star"],"picked":"SlaversCollar"}],"items_purged_floors":[31],"is_endless":false,"potions_floor_spawned":[2,3,7,13,14,16,18,27,33],"killed_by":"3 Darklings","ascension_level":0}}