{"host":"t6r1isv2bex5ovch","time":1614181769,"event":{"mods":["AchievementEnabler","Act Like it!","Aspiration","BaseMod","Better Altar","Better Match","Better Note","Better Sensory Stone","Better Skull","Better Third Choice","Better Vampires","Bossed Relics","Colored Powertips","Displayed Cursed Tome","Evolution","Fox Events","Gremlin Skip","Halation","Highlight Path","Hubris","Infinite Spire","Minty Spire (QoL Compilation)","Reliquary","Ruina","Spire Arcade","StSLib"],"gold_per_floor":[117,133,133,133,148,148,179,179,179,199,199,124,137,162,162,259,259,269,287,235,252,263,263,281,315,341,341,341,341],"floor_reached":28,"language":"ENG","playtime":1742,"items_purged":["Strike_B"],"score":313,"play_id":"01f02fc5-2108-4f42-84d0-d2ca788542bb","local_time":"20210225024929","is_ascension_mode":true,"campfire_choices":[{"floor":6.0,"key":"RECALL"},{"data":"Zap","floor":8.0,"key":"SMITH"},{"floor":15.0,"key":"REST"},{"data":"Dualcast","floor":15.0,"key":"SMITH"},{"floor":23.0,"key":"REST"},{"data":"Conserve Battery","floor":23.0,"key":"SMITH"}],"circlet_count":0,"master_deck":["Strike_B","Strike_B","Defend_B","Defend_B","Defend_B","Defend_B","Zap+1","Dualcast+1","Ball Lightning","Ball Lightning","Ball Lightning","Conserve Battery+1","Buffer"],"relics":["Cracked Core","EVO:Axolotl","aspiration:DSix","DataDisk","infinitespire:Magic Flask","hubris:GrandSneckoEye","infinitespire:SolderingIron"],"acts_visited":["Exordium","TheCity"],"potions_floor_usage":[27],"damage_taken":[{"damage":4.0,"enemies":"Jaw Worm","floor":1.0,"turns":3.0},{"damage":1.0,"enemies":"Cultist","floor":2.0,"turns":3.0},{"damage":1.0,"enemies":"2 Louse","floor":5.0,"turns":2.0},{"damage":12.0,"enemies":"3 Sentries","floor":7.0,"turns":5.0},{"damage":3.0,"enemies":"Blue Slaver","floor":10.0,"turns":2.0},{"damage":7.0,"enemies":"2 Fungi Beasts","floor":13.0,"turns":2.0},{"damage":13.0,"enemies":"Gremlin Nob","floor":14.0,"turns":3.0},{"damage":19.0,"enemies":"The Guardian","floor":16.0,"turns":7.0},{"damage":0.0,"enemies":"Spheric Guardian","floor":18.0,"turns":3.0},{"damage":2.0,"enemies":"Shell Parasite","floor":19.0,"turns":3.0},{"damage":0.0,"enemies":"3 Cultists","floor":21.0,"turns":4.0},{"damage":12.0,"enemies":"Chosen and Byrds","floor":22.0,"turns":3.0},{"damage":5.0,"enemies":"Centurion and Healer","floor":24.0,"turns":5.0},{"damage":35.0,"enemies":"Book of Stabbing","floor":25.0,"turns":4.0},{"damage":22,"enemies":"Colosseum Slavers","floor":27,"turns":3},{"damage":20,"enemies":"Gremlin Leader","floor":28,"turns":5}],"seed_played":"-9218284197161853363","potions_obtained":[{"floor":4.0,"key":"EssenceOfDarkness"},{"floor":4.0,"key":"Dexterity Potion"},{"floor":4.0,"key":"PowerPotion"},{"floor":7.0,"key":"Dexterity Potion"},{"floor":16.0,"key":"Fire Potion"},{"floor":21.0,"key":"PotionOfCapacity"},{"floor":25.0,"key":"Strength Potion"}],"is_trial":false,"path_per_floor":["M","M","?","?","M","R","E","R","T","M","?","$","M","E","R","B",null,"M","M","$","M","M","R","M","E","T","?","E"],"character_chosen":"DEFECT","items_purchased":["Conserve Battery"],"campfire_rested":2,"item_purchase_floors":[20],"current_hp_per_floor":[71,70,75,75,74,74,62,62,62,59,59,59,52,39,63,44,71,71,69,69,69,57,80,75,40,40,18,0,0],"gold":341,"neow_bonus":"DSIX","is_daily":false,"chose_seed":false,"campfire_upgraded":3,"win_rate":0.0,"timestamp":1614181769,"path_taken":["M","M","?","?","?","R","E","R","T","M","?","$","M","E","R","BOSS","M","M","$","M","M","R","M","E","T","?","E"],"items_purchased_type":["Card"],"build_version":"2020-12-22","purchased_purges":1,"victory":false,"max_hp_per_floor":[75,75,80,80,80,80,80,80,80,80,80,80,80,80,80,80,80,80,80,80,80,80,80,80,80,80,80,80,80],"card_choices":[{"not_picked":["Turbo","Undo","Beam Cell"],"picked":"SKIP","floor":1.0},{"not_picked":["Skim","Rainbow"],"picked":"Ball Lightning","floor":2.0},{"not_picked":["Beam Cell","Barrage"],"picked":"Ball Lightning","floor":5.0},{"not_picked":["Barrage","hubris:Ukulele","Leap"],"picked":"SKIP","floor":7.0},{"not_picked":["Recycle","Beam Cell","Chill"],"picked":"SKIP","floor":10.0},{"not_picked":["Sweeping Beam","Hologram","Go for the Eyes"],"picked":"SKIP","floor":13.0},{"not_picked":["Stack","Go for the Eyes"],"picked":"Ball Lightning","floor":14.0},{"not_picked":["Streamline","Barrage","Stack+1"],"picked":"SKIP","floor":18.0},{"not_picked":["Darkness","Go for the Eyes","Rip and Tear"],"picked":"SKIP","floor":19.0},{"not_picked":["Meteor Strike","Streamline+1","Redo"],"picked":"SKIP","floor":21.0},{"not_picked":["Stack","Turbo","Storm"],"picked":"SKIP","floor":22.0},{"not_picked":["Compile Driver","Redo","Cold Snap"],"picked":"SKIP","floor":24.0},{"not_picked":["Gash+1","FTL"],"picked":"Buffer","floor":25.0}],"player_experience":423459,"relics_obtained":[{"floor":7.0,"key":"DataDisk"},{"floor":14.0,"key":"infinitespire:Magic Flask"},{"floor":25.0,"key":"infinitespire:SolderingIron"}],"event_choices":[{"damage_healed":0.0,"max_hp_gain":5.0,"max_hp_loss":0.0,"gold_gain":0.0,"event_name":"Big Fish","player_choice":"Donut","floor":3.0,"gold_loss":0.0,"damage_taken":0.0},{"damage_healed":0.0,"max_hp_gain":0.0,"max_hp_loss":0.0,"gold_gain":0.0,"event_name":"Lab","player_choice":"Got Potions","floor":4.0,"gold_loss":0.0,"damage_taken":0.0},{"damage_healed":0,"gold_gain":0,"player_choice":"Fight","damage_taken":0,"max_hp_gain":0,"max_hp_loss":0,"event_name":"Colosseum","floor":27,"gold_loss":0},{"damage_healed":0,"gold_gain":0,"player_choice":"Fled From Nobs","damage_taken":0,"max_hp_gain":0,"max_hp_loss":0,"event_name":"Colosseum","floor":27,"gold_loss":0}],"is_beta":false,"boss_relics":[{"not_picked":["reliquary:KinkedSpring","hubris:BlackHole"],"picked":"hubris:GrandSneckoEye"}],"items_purged_floors":[12],"is_endless":false,"potions_floor_spawned":[5,7,16,21,25],"killed_by":"Gremlin Leader","ascension_level":5}}