{"host":"emqr263yqun247y7","time":1614184895,"event":{"mods":["Aspiration","BaseMod","Bestiary","BetterRewards","Colored Map","Curses Come First","Downfall","Hubris","Infinite Spire","Jorbs\u0027s Wanderer Trilogy","Marisa????????","Minty Spire (QoL Compilation)","READ ME - Guardian Mod","Replay The Spire","Robot Space Explorer","Spire Arcade","StSLib","The Bug Knight","The Cursed","The Disciple","The Hierophant","The Runesmith","The Servant 0.9.4","Yuri Mod","slay the spire mod where everything is the same but ironclad has a cowboy hat"],"gold_per_floor":[99,112,124,124,143,174,255,95,95,145,45,71,71,171,191,290,290,90,103,123,134,153,171,195,195,212,212,212,212,212,224,224,249,265,360,360,360,377,387,387,387,405,405,405,96,96,96,106,106,137,154,154,154,187,100,100,100,100],"floor_reached":59,"language":"ENG","playtime":6561,"items_purged":["Guardian:Defend_Guardian","Guardian:Defend_Guardian"],"score":1029,"play_id":"3a65ca48-99e6-4729-86dd-83e06338ff9d","local_time":"20210224084135","is_ascension_mode":false,"campfire_choices":[{"floor":1,"key":"RECALL"},{"floor":11,"key":"REST"},{"floor":13,"key":"REST"},{"data":"Guardian:FloatingOrbs","floor":18,"key":"SMITH"},{"floor":32,"key":"REST"},{"floor":37,"key":"DIG"},{"data":"Guardian:PolyBeam","floor":47,"key":"SMITH"},{"data":"Guardian:SpikerProtocol","floor":49,"key":"SMITH"},{"floor":56,"key":"REST"}],"circlet_count":0,"master_deck":["Guardian:Strike_Guardian","Guardian:CurlUp","Guardian:TwinSlam","Guardian:PrismaticBarrier+1","Guardian:ChargeCore","Guardian:FloatingOrbs+1","Guardian:PolyBeam+1","Guardian:Planning","Guardian:TimeSifter+1","Guardian:DecasProtection+1","Guardian:TemporalStrike","Guardian:ExploitGems","Dark Embrace","Guardian:CrystalBeam","Guardian:SpikerProtocol+1","Guardian:ShieldCharger","Guardian:BronzeOrb","Guardian:BronzeArmor+1","downfall:Aged","Metallicize","Inflame","Guardian:RollAttack+1","Guardian:PiercingHide","Replay:SS_fish_1"],"relics":["Guardian:ModeShifter","infinitespire:Lucky Rock","Guide Book","ReplayTheSpireMod:TigerMarble","downfall:HeartBlessingRed","Centennial Puzzle","aspiration:IroncladSkillbook","downfall:HeartBlessingGreen","downfall:HeartBlessingBlue","Replay:Rubber Ducky","Oddly Smooth Stone","hubris:Backtick","RobotSpaceExplorer:FoglandsKnife","hubris:Metronome","infinitespire:Satchel","hubris:DeckOfHolding","Guardian:StasisEgg","Bronze Scales","aspiration:HummingbirdHeart","Turnip"],"acts_visited":["Exordium","TheCity","TheBeyond","TheEnding"],"potions_floor_usage":[6,8,19,35,35,57,57],"damage_taken":[{"damage":1,"enemies":"Cultist","floor":2,"turns":3},{"damage":1,"enemies":"Jaw Worm","floor":3,"turns":4},{"damage":7,"enemies":"2 Louse","floor":5,"turns":2},{"damage":22,"enemies":"3 Sentries","floor":6,"turns":8},{"damage":5,"enemies":"downfall:FleeingMerchant","floor":8,"turns":4},{"damage":12,"enemies":"Gremlin Nob","floor":12,"turns":5},{"damage":6,"enemies":"Large Slime","floor":15,"turns":6},{"damage":17,"enemies":"WA_ARCHETYPE_RETAIN","floor":16,"turns":7},{"damage":11,"enemies":"3 Byrds","floor":19,"turns":5},{"damage":20,"enemies":"downfall:LooterAlt2","floor":20,"turns":4},{"damage":16,"enemies":"Snake Plant","floor":21,"turns":5},{"damage":10,"enemies":"Centurion and Healer","floor":22,"turns":6},{"damage":20,"enemies":"Sentry and Sphere","floor":23,"turns":4},{"damage":15,"enemies":"Chosen and Byrds","floor":26,"turns":4},{"damage":0,"enemies":"Cultist and Chosen","floor":31,"turns":5},{"damage":0,"enemies":"Sentry and Sphere","floor":34,"turns":4},{"damage":17,"enemies":"SI_MIRROR_ARCHETYPE","floor":35,"turns":10},{"damage":6,"enemies":"3 Darklings","floor":38,"turns":5},{"damage":4,"enemies":"3 Shapes","floor":39,"turns":6},{"damage":29,"enemies":"Spire Growth","floor":42,"turns":5},{"damage":0,"enemies":"downfall:FleeingMerchant","floor":45,"turns":4},{"damage":17,"enemies":"Jaw Worm Horde","floor":48,"turns":4},{"damage":2,"enemies":"Giant Head","floor":50,"turns":4},{"damage":5,"enemies":"Sphere and 2 Shapes","floor":51,"turns":4},{"damage":0,"enemies":"DF_ARCHETYPE_ORBS","floor":52,"turns":1},{"damage":59,"enemies":"downfall:CharBossMerchant","floor":54,"turns":7},{"damage":0,"enemies":"downfall:NeowBoss","floor":57,"turns":10},{"damage":24,"enemies":"downfall:NeowBossFinal","floor":58,"turns":9}],"seed_played":"2767884186192199518","potions_obtained":[{"floor":2,"key":"LiquidMemories"},{"floor":6,"key":"Slimebound:ThreeZeroPotion"},{"floor":12,"key":"Weak Potion"},{"floor":23,"key":"ColorlessPotion"},{"floor":26,"key":"Venom Potion"},{"floor":31,"key":"AttackPotion"},{"floor":38,"key":"BlessingOfTheForge"},{"floor":42,"key":"SkillPotion"},{"floor":51,"key":"EssenceOfSteel"}],"is_trial":false,"path_per_floor":["R_BF","M","M","?","M","E","T","$","?","T","R","E","R","?","M","B",null,"R","M","M","M","M","M","T","?","M","?","PTL","PTL","?","M","R","T","M","B",null,"R_BF","M","M","?","AVR","M","T","?","$","?","R","M","R","E","M","B",null,"E","$","R","B","B",null],"character_chosen":"GUARDIAN","items_purchased":["Guide Book","Bronze Scales","Inflame","Replay:SS_fish_1"],"campfire_rested":4,"item_purchase_floors":[8,45,45,55],"current_hp_per_floor":[56,55,54,54,47,25,25,20,20,20,44,32,56,56,50,33,80,90,83,67,55,49,33,33,20,9,9,9,9,9,17,44,44,48,35,90,90,88,88,88,88,63,63,63,67,79,79,66,66,68,67,71,79,24,24,47,51,31],"gold":100,"neow_bonus":"TRANSFORM_TWO_CARDS","is_daily":false,"chose_seed":false,"campfire_upgraded":3,"win_rate":0.0,"timestamp":1614184895,"path_taken":["R_BF","M","M","?","M","E","T","$","?","?","R","E","R","?","M","BOSS","R","M","M","M","M","M","T","?","?","?","PTL","PTL","?","M","R","?","M","BOSS","R_BF","M","M","?","AVR","M","T","?","$","?","R","M","R","E","M","BOSS","E","$","R","BOSS","BOSS"],"items_purchased_type":["Relic","Relic","Card","Card"],"build_version":"2020-12-22","purchased_purges":2,"victory":true,"max_hp_per_floor":[80,80,80,80,80,80,80,80,80,80,80,80,80,80,80,80,80,90,90,90,90,90,90,90,90,90,90,90,90,90,90,90,90,90,90,90,90,90,90,90,90,90,90,90,90,79,79,79,79,79,79,79,79,79,79,79,79,79],"card_choices":[{"not_picked":["Guardian:Gem_Cyan","Guardian:Suspension"],"picked":"Guardian:FloatingOrbs","floor":2},{"not_picked":["Guardian:Clone","Guardian:TemporalStrike"],"picked":"Guardian:Gem_Green","floor":3},{"not_picked":["Guardian:Gem_Yellow","Guardian:ChargeCore"],"picked":"Guardian:Planning","floor":5},{"not_picked":["Guardian:TimeBomb","Guardian:Gem_Yellow"],"picked":"Guardian:TimeSifter","floor":6},{"not_picked":["Guardian:VentSteam","Guardian:SphericShield"],"picked":"Guardian:Gem_Lightblue","floor":8},{"not_picked":["Guardian:Gem_Fragmented","Guardian:ShieldCharger"],"picked":"Guardian:DecasProtection","floor":12},{"not_picked":["Guardian:EvasiveProtocol","Guardian:BodySlam"],"picked":"Guardian:TemporalStrike","floor":15},{"not_picked":["Guardian:SphericShield","Guardian:TimeSifter"],"picked":"Guardian:ExploitGems","floor":16},{"not_picked":["Anger+1","Combust","Guardian:ShieldSpikes+1"],"picked":"Guardian:Gem_Green","floor":19},{"not_picked":["Guardian:Reroute","Thunderclap","Flex"],"picked":"Dark Embrace","floor":20},{"not_picked":["Run Through","Armaments","Warcry"],"picked":"Guardian:Gem_Green","floor":21},{"not_picked":["Guardian:RollAttack","Wild Strike","ReplayReversal"],"picked":"Guardian:CrystalBeam","floor":22},{"not_picked":["Spot Weakness","Guardian:TemporalStrike+1","Warcry"],"picked":"Guardian:SpikerProtocol","floor":23},{"not_picked":["Carnage","Fiend Fire","Guardian:Planning"],"picked":"Guardian:ShieldCharger","floor":26},{"not_picked":["Guardian:Gem_Lightblue","Guardian:TemporalStrike","Headbutt+1"],"picked":"Guardian:BronzeOrb","floor":31},{"not_picked":["Battle Trance","Replay:Undeath\u0027s Touch","Disarm"],"picked":"Guardian:Gem_Lightblue","floor":34},{"not_picked":["Guardian:TemporalStrike","Pommel Strike","Headbutt"],"picked":"Guardian:Gem_Red","floor":38},{"not_picked":["Guardian:WalkerClaw+1","Wild Strike+1","Headbutt"],"picked":"Guardian:Gem_Lightblue","floor":39},{"not_picked":["Juggernaut","Guardian:VentSteam+1","ReplayTheSpireMod:Strike From Hell+1"],"picked":"Guardian:BronzeArmor+1","floor":42},{"not_picked":["Guardian:ShieldCharger","Guardian:Gem_Lightblue","Guardian:VentSteam+1"],"picked":"Metallicize","floor":45},{"not_picked":["Guardian:Reroute+1","ReplayReversal+1","Havoc"],"picked":"Guardian:RollAttack+1","floor":48},{"not_picked":["Guardian:TemporalStrike+1","Evolve","Sentinel+1"],"picked":"Guardian:PiercingHide","floor":50},{"not_picked":["Wild Strike","Clash+1","Guardian:Planning+1"],"picked":"Guardian:Gem_Crimson","floor":51},{"not_picked":["Guardian:Gem_Yellow","Guardian:Suspension","Guardian:BronzeArmor"],"picked":"Guardian:Gem_Purple","floor":54}],"player_experience":702472,"relics_obtained":[{"floor":6,"key":"infinitespire:Lucky Rock"},{"floor":10,"key":"ReplayTheSpireMod:TigerMarble"},{"floor":12,"key":"Centennial Puzzle"},{"floor":24,"key":"Replay:Rubber Ducky"},{"floor":33,"key":"Oddly Smooth Stone"},{"floor":37,"key":"hubris:Metronome"},{"floor":43,"key":"hubris:DeckOfHolding"},{"floor":50,"key":"aspiration:HummingbirdHeart"},{"floor":54,"key":"Turnip"}],"event_choices":[],"is_beta":false,"boss_relics":[{"not_picked":["Kintsugi","hubris:VirtuousBlindfold"],"picked":"aspiration:IroncladSkillbook"},{"not_picked":["Cursed Key","Guardian:StasisSlotReductionRelic"],"picked":"hubris:Backtick"}],"items_purged_floors":[41,45],"is_endless":false,"potions_floor_spawned":[2,6,12,23,26,31,38,42,51],"ascension_level":0}}