{"host":"0awa854l6bexpjrv","time":1614129733,"event":{"mods":["BaseMod","Block Reminder","Colored Map","Colored Powertips","Downfall","Highlight Path","Minty Spire (QoL Compilation)","Quick Restart","Rare Cards Sparkle","StSLib","SuperFastMode"],"gold_per_floor":[110,183,133,21,21,47,47,60,60,70,70,101,101,113,113,216,216,236,45,45,61,61,61,88,32,32,32,32],"floor_reached":27,"language":"ENG","playtime":883,"items_purged":["Strike_G","Strike_G"],"score":301,"play_id":"36b7fca1-4b00-4d62-8891-88ff1ee1b05b","local_time":"20210223172213","is_ascension_mode":true,"campfire_choices":[{"data":"Sucker Punch","floor":7,"key":"SMITH"},{"data":"Sucker Punch","floor":11,"key":"SMITH"},{"data":"Masterful Stab","floor":13,"key":"SMITH"},{"data":"Choke","floor":15,"key":"SMITH"},{"floor":23,"key":"REST"}],"circlet_count":0,"master_deck":["Strike_G","Strike_G","Defend_G","Defend_G","Defend_G","Defend_G","Defend_G","Survivor","Neutralize","Choke+1","Masterful Stab+1","Sucker Punch+1","Dagger Throw","Sucker Punch+1","Die Die Die","Infinite Blades","Corpse Explosion","Deadly Poison+1","Footwork","PiercingWail","Dodge and Roll+1","Crippling Poison"],"relics":["Ring of the Snake","NeowsBlessing","Sundial","Bronze Scales","Eternal Feather","Kunai","WristBlade","White Beast Statue","Ice Cream","Dream Catcher","Molten Egg 2"],"acts_visited":["Exordium","TheCity"],"potions_floor_usage":[12,14,18,24],"damage_taken":[{"damage":0,"enemies":"Cultist","floor":1,"turns":1},{"damage":0,"enemies":"Gremlin Nob","floor":6,"turns":1},{"damage":0,"enemies":"2 Louse","floor":8,"turns":1},{"damage":0,"enemies":"Small Slimes","floor":10,"turns":2},{"damage":20,"enemies":"3 Sentries","floor":12,"turns":5},{"damage":4,"enemies":"Exordium Wildlife","floor":14,"turns":2},{"damage":34,"enemies":"The Guardian","floor":16,"turns":11},{"damage":12,"enemies":"Shell Parasite","floor":18,"turns":5},{"damage":26,"enemies":"Spheric Guardian","floor":21,"turns":4},{"damage":30,"enemies":"Slavers","floor":24,"turns":4},{"damage":55,"enemies":"Shelled Parasite and Fungi","floor":27,"turns":4}],"seed_played":"1054475297063281483","potions_obtained":[{"floor":6,"key":"CultistPotion"},{"floor":12,"key":"Explosive Potion"},{"floor":14,"key":"DuplicationPotion"},{"floor":21,"key":"ColorlessPotion"},{"floor":24,"key":"FearPotion"}],"is_trial":false,"path_per_floor":["M","T","?","$","?","E","R","M","T","M","R","E","R","M","R","B",null,"M","$","?","M","$","R","E","?","T","M"],"character_chosen":"THE_SILENT","items_purchased":["Masterful Stab","Footwork","PiercingWail"],"campfire_rested":1,"item_purchase_floors":[4,19,19],"current_hp_per_floor":[70,70,70,70,75,75,75,75,75,75,75,55,64,60,69,35,75,63,63,63,37,37,71,41,41,41,0,0],"gold":32,"neow_bonus":"THREE_ENEMY_KILL","is_daily":false,"chose_seed":false,"campfire_upgraded":4,"win_rate":0.0,"timestamp":1614129733,"path_taken":["M","?","?","$","?","E","R","M","T","?","R","E","R","M","R","BOSS","M","$","?","M","$","R","E","?","T","M"],"items_purchased_type":["Card","Card","Card"],"build_version":"2020-12-22","purchased_purges":2,"victory":false,"max_hp_per_floor":[70,70,70,70,75,75,75,75,75,75,75,75,75,75,75,75,75,75,75,75,75,75,75,75,75,75,75,75],"card_choices":[{"not_picked":["PiercingWail","Prepared"],"picked":"Choke","floor":1},{"not_picked":["Outmaneuver","Dagger Spray"],"picked":"Sucker Punch","floor":6},{"not_picked":["Deflect","Bane"],"picked":"Dagger Throw","floor":8},{"not_picked":["Slice","Choke"],"picked":"Sucker Punch","floor":10},{"not_picked":["Tactician","Underhanded Strike"],"picked":"Die Die Die","floor":12},{"not_picked":["Deadly Poison","Underhanded Strike"],"picked":"Infinite Blades","floor":14},{"not_picked":["Tools of the Trade","Wraith Form v2"],"picked":"Corpse Explosion","floor":16},{"not_picked":["Slice+1","Concentrate+1"],"picked":"Deadly Poison+1","floor":18},{"not_picked":["Dagger Spray","Reflex"],"picked":"Dodge and Roll+1","floor":21},{"not_picked":["PiercingWail","Distraction"],"picked":"Crippling Poison","floor":24}],"player_experience":807453,"relics_obtained":[{"floor":2,"key":"Sundial"},{"floor":6,"key":"Bronze Scales"},{"floor":9,"key":"Eternal Feather"},{"floor":12,"key":"Kunai"},{"floor":24,"key":"Ice Cream"},{"floor":26,"key":"Molten Egg 2"}],"event_choices":[{"cards_removed":["Strike_G"],"damage_healed":0,"gold_gain":0,"player_choice":"Card Removal","damage_taken":0,"max_hp_gain":0,"max_hp_loss":0,"event_name":"The Cleric","floor":3,"gold_loss":50},{"damage_healed":0,"gold_gain":0,"player_choice":"Donut","damage_taken":0,"max_hp_gain":5,"max_hp_loss":0,"event_name":"Big Fish","floor":5,"gold_loss":0},{"damage_healed":0,"gold_gain":0,"player_choice":"Opened","damage_taken":0,"relics_obtained":["White Beast Statue"],"max_hp_gain":0,"max_hp_loss":0,"event_name":"The Mausoleum","floor":20,"gold_loss":0},{"damage_healed":0,"gold_gain":0,"player_choice":"Paid Gold","damage_taken":0,"relics_obtained":["Dream Catcher"],"max_hp_gain":0,"max_hp_loss":0,"event_name":"WeMeetAgain","floor":25,"gold_loss":56}],"is_beta":false,"boss_relics":[{"not_picked":["Velvet Choker","Snecko Eye"],"picked":"WristBlade"}],"items_purged_floors":[4,19],"is_endless":false,"potions_floor_spawned":[6,12,14,21,24],"killed_by":"Shelled Parasite and Fungi","ascension_level":3}}