{"host":"kpcx2wrn7eq3nf7c","time":1614184913,"event":{"mods":["ATMod(∞¢Ë™Mod)","Act Like it!","BaseMod","CapriCore","Downfall","Friendly Minions","Gensokyo","Marisa£®ÏF”Í°°ƒß¿Ì…≥£©","Minty Spire (QoL Compilation)","Remilia£®¿Ÿ√◊¿Ú—«£©","Robot Space Explorer","StSLib","The Animator","The Immortal","The Marked","The Servant 0.9.4","Together in Spire","Waifu the Spire","Youmu£®ªÍ∆«—˝√Œ£©"],"gold_per_floor":[99,115,265,83,101,101,101,123,157,157,178,204,204,224,244,350,400,400,420,445,11,34,34,34,234,234,259,259,259,259,259],"floor_reached":29,"language":"ZHS","playtime":2558,"items_purged":["downfall:Icky","hexamod:Defend"],"score":217,"play_id":"34413869-6ce5-4b3c-88ae-15431b816515","local_time":"20210225004153","is_ascension_mode":false,"campfire_choices":[{"data":"hexamod:Float","floor":1,"key":"SMITH"},{"data":"hexamod:InspiringFlames","floor":6,"key":"SMITH"},{"data":"hexamod:TimeOfNeed","floor":18,"key":"SMITH"},{"floor":28,"key":"REST"}],"circlet_count":0,"master_deck":["hexamod:Strike+1","hexamod:Strike+1","hexamod:Strike+1","hexamod:Strike+1","hexamod:Defend+1","hexamod:Defend+1","hexamod:Sear","hexamod:Float+1","hexamod:HauntingEcho","hexamod:FourthSeal","hexamod:SecondSeal","hexamod:InspiringFlames+1","hexamod:AdvancingGuard","hexamod:Hexaguard","hexamod:HauntingEcho","hexamod:StepThrough","hexamod:GhostOfSpireFuture","hexamod:FastForward","hexamod:TimeOfNeed+1","hexamod:InspiringFlames","hexamod:FastForward","hexamod:EmpoweredFlame","hexamod:SpectralAdrenaline","hexamod:GhostflameInferno"],"relics":["hexamod:SpiritBrand","AT_ATBox","Matryoshka","Odd Mushroom","Tiny House","Kunai","AT_SilvercatRing","Centennial Puzzle","Boot"],"acts_visited":["Exordium","TheCity"],"potions_floor_usage":[9,9,16,19,20,21,22,25,27,29,29,29,29,29],"damage_taken":[{"damage":0,"enemies":"Cultist","floor":2,"turns":3},{"damage":0,"enemies":"downfall:FleeingMerchant","floor":4,"turns":4},{"damage":5,"enemies":"Jaw Worm","floor":5,"turns":4},{"damage":0,"enemies":"Small Slimes","floor":8,"turns":3},{"damage":5,"enemies":"The Mushroom Lair","floor":9,"turns":4},{"damage":0,"enemies":"Exordium Thugs","floor":11,"turns":4},{"damage":5,"enemies":"3 Louse","floor":12,"turns":4},{"damage":7,"enemies":"2 Fungi Beasts","floor":14,"turns":4},{"damage":11,"enemies":"Large Slime","floor":15,"turns":6},{"damage":13,"enemies":"SI_SHIV_ARCHETYPE","floor":16,"turns":8},{"damage":7,"enemies":"3 Byrds","floor":19,"turns":6},{"damage":6,"enemies":"Chosen","floor":20,"turns":6},{"damage":0,"enemies":"downfall:FleeingMerchant","floor":21,"turns":4},{"damage":4,"enemies":"Snecko","floor":22,"turns":7},{"damage":13,"enemies":"Snecko","floor":25,"turns":8},{"damage":25,"enemies":"Cultist and Chosen","floor":27,"turns":7},{"damage":52,"enemies":"Gremlin Leader","floor":29,"turns":6}],"seed_played":"6908488659314906225","potions_obtained":[{"floor":5,"key":"Fire Potion"},{"floor":5,"key":"PowerPotion"},{"floor":8,"key":"Dexterity Potion"},{"floor":8,"key":"Energy Potion"},{"floor":9,"key":"GamblersBrew"},{"floor":12,"key":"Slimebound:ThreeZeroPotion"},{"floor":14,"key":"PowerPotion"},{"floor":16,"key":"Fire Potion"},{"floor":19,"key":"bronze:BurnAndBuffPotion"},{"floor":20,"key":"Fire Potion"},{"floor":21,"key":"DistilledChaos"},{"floor":22,"key":"Block Potion"},{"floor":27,"key":"EntropicBrew"},{"floor":27,"key":"SteroidPotion"}],"is_trial":false,"path_per_floor":["R","M","?","$","M","R","T","M","?","?","M","M","?","M","M","B",null,"R","M","M","$","M","?","T","?","?","M","R","E"],"character_chosen":"THE_SPIRIT","items_purchased":["hexamod:SecondSeal","hexamod:InspiringFlames","hexamod:EmpoweredFlame","Kunai"],"campfire_rested":1,"item_purchase_floors":[4,4,21,21],"current_hp_per_floor":[77,77,77,77,72,72,72,72,67,67,67,62,62,55,44,31,82,82,75,69,69,65,65,65,52,52,27,51,0,0,0],"gold":259,"neow_bonus":"TEN_PERCENT_HP_BONUS","is_daily":false,"chose_seed":false,"campfire_upgraded":3,"win_rate":0.0,"timestamp":1614184913,"path_taken":["R","M","?","$","M","R","T","M","?","?","M","?","?","M","M","BOSS","R","M","M","$","M","?","T","?","?","M","R","E"],"items_purchased_type":["Card","Card","Card","Relic"],"build_version":"2020-12-22","purchased_purges":2,"victory":false,"max_hp_per_floor":[77,77,77,77,77,77,77,77,77,77,77,77,77,77,77,77,82,82,82,82,82,82,82,82,82,82,82,82,82,82,82],"card_choices":[{"not_picked":["hexamod:GhostShield","hexamod:Firestarter"],"picked":"hexamod:HauntingEcho","floor":2},{"not_picked":["hexamod:GhostOfSpirePast","hexamod:Incineration"],"picked":"hexamod:FourthSeal","floor":4},{"not_picked":["hexamod:NightmareGuise","hexamod:GhostShield"],"picked":"hexamod:AdvancingGuard","floor":5},{"not_picked":["hexamod:NightmareGuise","hexamod:HeatMetal"],"picked":"hexamod:Hexaguard","floor":8},{"not_picked":["hexamod:NightmareStrike","hexamod:HeatMetal"],"picked":"hexamod:HauntingEcho","floor":9},{"not_picked":["hexamod:HeatMetal","hexamod:Haunt"],"picked":"hexamod:StepThrough","floor":11},{"not_picked":["hexamod:GhostflameInferno","hexamod:FastForward"],"picked":"hexamod:GhostOfSpireFuture","floor":12},{"not_picked":["hexamod:ThermalTransfer","hexamod:RainOfEmbers","hexamod:NightmareStrike"],"picked":"SKIP","floor":14},{"not_picked":["hexamod:AdvancingGuard","hexamod:BacktrackSmack"],"picked":"hexamod:FastForward","floor":15},{"not_picked":["hexamod:UnleashSpirits","hexamod:ForkedFlame"],"picked":"hexamod:TimeOfNeed","floor":16},{"not_picked":["hexamod:HeatMetal","hexamod:ThermalTransfer"],"picked":"hexamod:InspiringFlames","floor":17},{"not_picked":["hexamod:ChargedBarrage","hexamod:Hexaguard"],"picked":"hexamod:FastForward","floor":19},{"not_picked":["hexamod:SwordOfDarkness","hexamod:Haunt","hexamod:BacktrackSmack"],"picked":"SKIP","floor":20},{"not_picked":["hexamod:Haunt","hexamod:NightmareStrike+1","hexamod:GhostLash"],"picked":"SKIP","floor":21},{"not_picked":["hexamod:Firestarter","hexamod:NightmareGuise"],"picked":"hexamod:SpectralAdrenaline","floor":22},{"not_picked":["hexamod:Firestarter","hexamod:ChargedBarrage"],"picked":"hexamod:GhostflameInferno","floor":27}],"player_experience":1362539,"relics_obtained":[{"floor":7,"key":"Matryoshka"},{"floor":9,"key":"Odd Mushroom"},{"floor":24,"key":"AT_SilvercatRing"},{"floor":24,"key":"Centennial Puzzle"}],"event_choices":[{"damage_healed":0,"gold_gain":0,"player_choice":"Fought Mushrooms","damage_taken":0,"max_hp_gain":0,"max_hp_loss":0,"event_name":"Mushrooms","floor":9,"gold_loss":0},{"cards_removed":["hexamod:Defend"],"damage_healed":0,"gold_gain":0,"player_choice":"Card Removal","damage_taken":0,"max_hp_gain":0,"max_hp_loss":0,"event_name":"The Cleric","floor":13,"gold_loss":0}],"is_beta":false,"boss_relics":[{"not_picked":["Runic Dome","AT_MortalBlade"],"picked":"Tiny House"}],"items_purged_floors":[4,21],"is_endless":false,"potions_floor_spawned":[5,8,14,15,20,22,27],"killed_by":"Gremlin Leader","ascension_level":0}}