{"host":"pi8b3ffzwvxqztac","time":1614164943,"event":{"mods":["BaseMod","Colored Map","Custom Start","Downfall","Minty Spire (QoL Compilation)","StSLib"],"gold_per_floor":[99,117,127,137,151,176,228,239,258,58,58,73,73,73,91,190,190,190,206,216,235,235,248,248,248,277,289,289,289,289,309,319,419,419,419,436,456,306,322,357,411,311,311,311,326,203,203,230,244,244,244,271,27,27,27,27],"floor_reached":57,"language":"ENG","playtime":4190,"items_purged":["downfall:Malfunctioning","Slimebound:Strike_Slimebound"],"score":1547,"play_id":"6429e247-cef5-4732-bd1f-726f24ddbce0","local_time":"20210225000903","is_ascension_mode":true,"campfire_choices":[{"floor":1,"key":"RECALL"},{"data":"Slimebound:SlimeBarrage","floor":10,"key":"SMITH"},{"data":"Slimebound:Split","floor":13,"key":"SMITH"},{"data":"Slimebound:DuplicatedForm","floor":18,"key":"SMITH"},{"data":"Slimebound:Teamwork","floor":28,"key":"SMITH"},{"data":"Slimebound:SlimeBarrage","floor":29,"key":"SMITH"},{"data":"Slimebound:GoopSpray","floor":30,"key":"SMITH"},{"data":"Slimebound:OneTwoCombo","floor":35,"key":"SMITH"},{"data":"Slimebound:Equalize","floor":42,"key":"SMITH"},{"data":"Slimebound:CorrosiveSpit","floor":44,"key":"SMITH"},{"data":"Slimebound:GoopSpray","floor":47,"key":"SMITH"},{"data":"Slimebound:MinionMaster","floor":54,"key":"SMITH"}],"circlet_count":0,"master_deck":["Slimebound:Strike_Slimebound+1","Slimebound:Strike_Slimebound+1","Slimebound:Tackle","Slimebound:Defend_Slimebound","Slimebound:Defend_Slimebound","Slimebound:Defend_Slimebound+1","Slimebound:Defend_Slimebound","Slimebound:Split+1","Slimebound:CorrosiveSpit+1","Slimebound:MinionMaster+1","Slimebound:SlimeBarrage+1","Slimebound:RollThrough","Slimebound:GoopSpray+1","Slimebound:SplitBruiser","Slimebound:DuplicatedForm+1","Slimebound:Recollect","Slimebound:LivingWall","Slimebound:Equalize+1","Slimebound:SlimeBarrage+1","Slimebound:Teamwork+1","CurseOfTheBell","Slimebound:RejuvenatingLick+1","Slimebound:SplitMire","Slimebound:GoopSpray+1","Slimebound:DisruptingSlam","Slimebound:OneTwoCombo+1","Slimebound:Nibble+1","Slimebound:LivingWall"],"relics":["Slimebound:AbsorbEndCombat","Eternal Feather","Slimebound:AggressiveSlimeRelic","downfall:HeartBlessingGreen","downfall:HeartBlessingRed","downfall:ShatteredFragment","Calling Bell","PreservedInsect","Shuriken","WingedGreaves","Bottled Tornado","Lantern","Guardian:GemstoneGun","Busted Crown","Ancient Tea Set","downfall:HeartBlessingBlue","hexamod:BolsterEngine","Sling","Pear","Art of War","sneckomod:BlankCard"],"acts_visited":["Exordium","TheCity","TheBeyond","TheEnding"],"potions_floor_usage":[3,16,26,32,36,50,56,56],"damage_taken":[{"damage":4,"enemies":"Cultist","floor":2,"turns":5},{"damage":0,"enemies":"Small Slimes","floor":3,"turns":3},{"damage":3,"enemies":"2 Louse","floor":4,"turns":3},{"damage":2,"enemies":"2 Fungi Beasts","floor":5,"turns":3},{"damage":17,"enemies":"Lagavulin","floor":6,"turns":6},{"damage":2,"enemies":"Exordium Wildlife","floor":8,"turns":3},{"damage":15,"enemies":"Exordium Thugs","floor":9,"turns":4},{"damage":4,"enemies":"Red Slaver","floor":12,"turns":2},{"damage":6,"enemies":"Large Slime","floor":15,"turns":4},{"damage":28,"enemies":"SI_SHIV_ARCHETYPE","floor":16,"turns":6},{"damage":3,"enemies":"3 Byrds","floor":19,"turns":4},{"damage":0,"enemies":"Chosen","floor":20,"turns":4},{"damage":15,"enemies":"Snecko","floor":21,"turns":4},{"damage":14,"enemies":"Centurion and Healer","floor":23,"turns":6},{"damage":39,"enemies":"Gremlin Leader","floor":26,"turns":3},{"damage":30,"enemies":"Snake Plant","floor":27,"turns":3},{"damage":15,"enemies":"Snecko","floor":31,"turns":4},{"damage":22,"enemies":"Centurion and Healer","floor":32,"turns":3},{"damage":29,"enemies":"IC_MUSHROOM_ARCHETYPE","floor":33,"turns":7},{"damage":27,"enemies":"3 Darklings","floor":36,"turns":3},{"damage":23,"enemies":"3 Shapes","floor":37,"turns":3},{"damage":17,"enemies":"Maw","floor":39,"turns":5},{"damage":40,"enemies":"Nemesis","floor":40,"turns":5},{"damage":0,"enemies":"Nemesis","floor":43,"turns":3},{"damage":0,"enemies":"Spire Growth","floor":45,"turns":3},{"damage":0,"enemies":"downfall:FleeingMerchant","floor":46,"turns":4},{"damage":0,"enemies":"Reptomancer","floor":48,"turns":3},{"damage":0,"enemies":"Sphere and 2 Shapes","floor":49,"turns":2},{"damage":50,"enemies":"WA_ARCHETYPE_DIVINITY","floor":50,"turns":10},{"damage":23,"enemies":"downfall:CharBossMerchant","floor":52,"turns":5},{"damage":33,"enemies":"downfall:NeowBoss","floor":55,"turns":13},{"damage":83,"enemies":"downfall:NeowBossFinal","floor":56,"turns":11}],"seed_played":"8042610193890120659","potions_obtained":[{"floor":2,"key":"Energy Potion"},{"floor":3,"key":"Energy Potion"},{"floor":4,"key":"bronze:BurnAndBuffPotion"},{"floor":15,"key":"hexamod:SoulburnPotion"},{"floor":20,"key":"Ancient Potion"},{"floor":23,"key":"Fire Potion"},{"floor":27,"key":"Energy Potion"},{"floor":33,"key":"Fire Potion"},{"floor":37,"key":"Regen Potion"},{"floor":40,"key":"Guardian:BlockOnCardUsePotion"},{"floor":52,"key":"sneckomod:MuddlingPotion"}],"is_trial":false,"path_per_floor":["R","M","M","M","M","E","T","M","M","R","?","M","R","?","M","B",null,"R","M","M","M","?","M","T","?","E","M","R","R","R","M","M","B",null,"R","M","M","?","M","E","T","R","?","R","M","$","R","E","M","B",null,"E","$","R","B","B",null],"character_chosen":"SLIMEBOUND","items_purchased":["hexamod:BolsterEngine","Slimebound:LivingWall","Sling","sneckomod:BlankCard"],"campfire_rested":0,"item_purchase_floors":[46,46,46,53],"current_hp_per_floor":[59,63,65,65,65,52,52,54,45,54,36,36,45,45,45,52,62,65,65,65,65,65,55,55,55,45,34,49,64,65,65,65,59,64,65,59,53,75,63,58,58,83,85,85,85,85,85,95,95,49,84,87,87,95,65,5],"gold":27,"neow_bonus":"ONE_RANDOM_RARE_CARD","is_daily":false,"chose_seed":false,"campfire_upgraded":11,"win_rate":0.0,"timestamp":1614164943,"path_taken":["R","M","M","M","M","E","T","?","M","R","?","M","R","?","M","BOSS","R","M","M","M","?","M","T","?","E","M","R","R","R","M","M","BOSS","R","M","M","?","?","E","T","R","?","R","M","$","R","E","M","BOSS","E","$","R","BOSS","BOSS"],"items_purchased_type":["Relic","Card","Relic","Relic"],"build_version":"2020-12-22","purchased_purges":2,"victory":true,"max_hp_per_floor":[65,65,65,65,65,65,65,65,65,65,65,65,65,65,65,65,65,65,65,65,65,65,65,65,65,65,65,65,65,65,65,65,65,65,65,65,65,75,75,75,75,85,85,85,85,85,85,95,95,95,95,95,95,95,95,95],"card_choices":[{"not_picked":["Slimebound:SlimeSpikes","Slimebound:AcidTongue"],"picked":"Slimebound:SlimeBarrage","floor":2},{"not_picked":["Slimebound:FormOfPuddle","Slimebound:LeechEnergy"],"picked":"Slimebound:RollThrough","floor":3},{"not_picked":["Slimebound:HauntingLick","Slimebound:GoopTackle"],"picked":"Slimebound:GoopSpray","floor":4},{"not_picked":["Slimebound:GoopTackle","Slimebound:Equalize"],"picked":"Slimebound:SplitBruiser","floor":5},{"not_picked":["Slimebound:LeechingTouch","Slimebound:SlimeBarrage"],"picked":"Slimebound:DuplicatedForm","floor":6},{"not_picked":["Slimebound:SplitAcid","Slimebound:AcidTongue"],"picked":"Slimebound:Recollect","floor":8},{"not_picked":["Slimebound:SplitBruiser","Slimebound:SplitLeeching"],"picked":"Slimebound:LivingWall","floor":9},{"not_picked":["Slimebound:ComboTackle","Slimebound:Prepare"],"picked":"Slimebound:Equalize","floor":12},{"not_picked":["Slimebound:LivingWall","Slimebound:SplitLeeching"],"picked":"Slimebound:SlimeBarrage","floor":15},{"not_picked":["Slimebound:MinionMaster","Slimebound:CheckThePlaybook"],"picked":"Slimebound:Teamwork","floor":16},{"not_picked":["Slimebound:GoopTackle","Slimebound:SplitMire","Slimebound:Prepare"],"picked":"SKIP","floor":19},{"not_picked":["Slimebound:FlameTackle","Slimebound:SplitLeeching","Slimebound:BestDefense"],"picked":"SKIP","floor":20},{"not_picked":["Slimebound:Grow+1","Slimebound:ProtectTheBoss"],"picked":"Slimebound:RejuvenatingLick+1","floor":21},{"not_picked":["Slimebound:LeechingTouch+1","Slimebound:LeechEnergy+1","Slimebound:SlimeBarrage"],"picked":"SKIP","floor":23},{"not_picked":["Slimebound:Darklings","Slimebound:Grow"],"picked":"Slimebound:SplitMire","floor":26},{"not_picked":["Slimebound:ComboTackle","Slimebound:SplitAcid+1","Slimebound:DivideAndConquer+1"],"picked":"SKIP","floor":27},{"not_picked":["Slimebound:Repurpose+1","Slimebound:LeechingTouch+1"],"picked":"Slimebound:GoopSpray","floor":31},{"not_picked":["Slimebound:TongueLash+1","Slimebound:HauntingLick"],"picked":"Slimebound:DisruptingSlam","floor":32},{"not_picked":["Slimebound:OozeBath","Slimebound:Recycling"],"picked":"Slimebound:OneTwoCombo","floor":33},{"not_picked":[],"picked":"Slimebound:Nibble+1","floor":36},{"not_picked":["Slimebound:HauntingLick"],"picked":"SKIP","floor":37},{"not_picked":["Slimebound:SpikyOuterGoop"],"picked":"SKIP","floor":39},{"not_picked":["Slimebound:Prepare"],"picked":"SKIP","floor":40},{"not_picked":["Slimebound:Prepare+1"],"picked":"SKIP","floor":45},{"not_picked":["Slimebound:Schlurp+1"],"picked":"SKIP","floor":46},{"not_picked":["Slimebound:HauntingLick"],"picked":"SKIP","floor":48},{"not_picked":["Slimebound:RainOfGoop"],"picked":"SKIP","floor":49},{"not_picked":["Slimebound:RollThrough+1"],"picked":"SKIP","floor":52}],"player_experience":829717,"relics_obtained":[{"floor":6,"key":"Eternal Feather"},{"floor":7,"key":"Slimebound:AggressiveSlimeRelic"},{"floor":17,"key":"PreservedInsect"},{"floor":17,"key":"Shuriken"},{"floor":17,"key":"WingedGreaves"},{"floor":24,"key":"Bottled Tornado"},{"floor":26,"key":"Guardian:GemstoneGun"},{"floor":40,"key":"Ancient Tea Set"},{"floor":48,"key":"Pear"},{"floor":52,"key":"Art of War"}],"event_choices":[],"is_beta":false,"boss_relics":[{"not_picked":["SacredBark","Sozu"],"picked":"Calling Bell"},{"not_picked":["Snecko Eye","Slimebound:AbsorbEndCombatUpgraded"],"picked":"Busted Crown"}],"items_purged_floors":[46,53],"is_endless":false,"potions_floor_spawned":[2,3,4,15,20,23,27,31,33,37,40,52],"ascension_level":6}}