{"host":"03jd0k347uuzjnun","time":1614159374,"event":{"mods":["BaseMod","Bestiary","Minty Spire (QoL Compilation)","Permanent Neow","Quick Restart","Random Character Button","Relic Stats"],"gold_per_floor":[119,119,133,148,166,197,197,197,222,222,248,248,274,285,285,285,285],"floor_reached":16,"language":"ENG","playtime":1086,"items_purged":[],"score":290,"play_id":"bb5b8d0b-e851-4ca2-82eb-5b302b821c34","local_time":"20210224103614","is_ascension_mode":true,"campfire_choices":[{"floor":7,"key":"REST"},{"floor":12,"key":"REST"},{"floor":15,"key":"REST"}],"circlet_count":0,"master_deck":["AscendersBane","Strike_B","Strike_B","Defend_B","Defend_B","Defend_B","Defend_B","Zap","Dualcast","Leap","Chill","Barrage","Chaos","Creative AI","Compile Driver","Hologram","Capacitor","Seek","Turbo","Hologram","Capacitor"],"relics":["Cracked Core","Art of War","DataDisk","Boot","Anchor","Regal Pillow"],"acts_visited":["Exordium"],"potions_floor_usage":[5,6],"damage_taken":[{"damage":8.0,"enemies":"Small Slimes","floor":1.0,"turns":6.0},{"damage":4,"enemies":"Cultist","floor":3,"turns":3},{"damage":7,"enemies":"Jaw Worm","floor":4,"turns":7},{"damage":14,"enemies":"Large Slime","floor":5,"turns":6},{"damage":25,"enemies":"3 Sentries","floor":6,"turns":4},{"damage":0,"enemies":"Lagavulin","floor":11,"turns":6},{"damage":6,"enemies":"3 Sentries","floor":13,"turns":8},{"damage":12,"enemies":"3 Louse","floor":14,"turns":3},{"damage":20,"enemies":"Hexaghost","floor":16,"turns":9}],"seed_played":"-936815295017946462","potions_obtained":[{"floor":4,"key":"Explosive Potion"},{"floor":5,"key":"Explosive Potion"}],"is_trial":false,"path_per_floor":["M","?","M","M","M","E","R","?","T","?","E","R","E","M","R","B"],"character_chosen":"DEFECT","items_purchased":[],"campfire_rested":3,"item_purchase_floors":[],"current_hp_per_floor":[56,56,52,45,31,6,25,25,25,7,7,26,20,8,42,22,22],"gold":285,"neow_bonus":"TRANSFORM_TWO_CARDS","is_daily":false,"chose_seed":false,"campfire_upgraded":0,"win_rate":0.0,"timestamp":1614159374,"path_taken":["M","?","M","?","M","E","R","?","T","?","E","R","E","M","R","BOSS"],"items_purchased_type":[],"build_version":"2020-12-22","purchased_purges":0,"victory":false,"max_hp_per_floor":[64,64,64,64,64,64,64,64,64,64,64,64,64,64,64,64,64],"relic_stats":{"Regal Pillow":15,"counters":[9,52],"Art of War":[13],"Boot":[19],"obtain_stats":[{"DataDisk":9,"Anchor":11,"Regal Pillow":13,"Art of War":6,"Cracked Core":0,"Boot":10},{"DataDisk":5,"Anchor":6,"Regal Pillow":7,"Art of War":5,"Cracked Core":0,"Boot":5},{"DataDisk":26,"Anchor":32,"Regal Pillow":40,"Art of War":26,"Cracked Core":0,"Boot":26}]},"card_choices":[{"not_picked":["Scrape","Go for the Eyes"],"picked":"Barrage","floor":1.0},{"not_picked":["Stack","Turbo"],"picked":"Compile Driver","floor":3},{"not_picked":["Barrage","Rip and Tear"],"picked":"Hologram","floor":4},{"not_picked":["Redo","Glacier"],"picked":"Capacitor","floor":5},{"not_picked":["Barrage","Cold Snap"],"picked":"Seek","floor":6},{"not_picked":["Ball Lightning","Tempest"],"picked":"Turbo","floor":11},{"not_picked":["Compile Driver","Steam"],"picked":"Hologram","floor":13},{"not_picked":["Compile Driver","FTL"],"picked":"Capacitor","floor":14}],"player_experience":1454851,"relics_obtained":[{"floor":6,"key":"Art of War"},{"floor":9,"key":"DataDisk"},{"floor":11,"key":"Anchor"},{"floor":13,"key":"Regal Pillow"}],"event_choices":[{"damage_healed":0,"gold_gain":0,"player_choice":"2 cards matched","damage_taken":0,"max_hp_gain":0,"max_hp_loss":0,"event_name":"Match and Keep!","floor":2,"gold_loss":0,"cards_obtained":["Chaos","Creative AI"]},{"damage_healed":0,"gold_gain":0,"player_choice":"Ignored","damage_taken":0,"max_hp_gain":0,"max_hp_loss":0,"event_name":"Liars Game","floor":8,"gold_loss":0},{"damage_healed":0,"gold_gain":0,"player_choice":"Success","damage_taken":18,"relics_obtained":["Boot"],"max_hp_gain":0,"max_hp_loss":0,"event_name":"Scrap Ooze","floor":10,"gold_loss":0}],"is_beta":false,"boss_relics":[],"items_purged_floors":[],"is_endless":false,"potions_floor_spawned":[4,5],"killed_by":"Hexaghost","ascension_level":20}}