{"host":"0cm5wy4nhuju7tij","time":1614156927,"event":{"mods":["2.2 Compatiblity","AchievementEnabler","BaseMod","Better Third Choice","BetterRewards","Colored Powertips","Curses Come First","Custom Start","Displayed Cursed Tome","Downfall","Energized Spire","Evolution","Filter the Spire","Fireblade Mod","Hermit","Highlight Path","Jess\u0027s Bottle","Minty Spire (QoL Compilation)","Permanent Neow","Poor People Problems","Relic Filter Mod","Shop Mod","Spicy Shops","StSLib","The Cursed","The Servant 0.9.4","TheSwordswoman","TheVacant","Weighted Paths"],"gold_per_floor":[110,110,122,139,159,194,205,205,205],"floor_reached":8,"language":"ENG","playtime":644,"items_purged":[],"score":63,"play_id":"f5255ed2-3dc1-4cc3-8b1f-09bdebc17266","local_time":"20210224035527","is_ascension_mode":true,"campfire_choices":[],"circlet_count":0,"master_deck":["Strike_S","Strike_S","Strike_S","Defend_S","Defend_S","Defend_S","Defend_S","KidneyShot","Exchange","InstantArmor","Alleviate","Defy","ShatteredReality","RealityMarble","SurpressingFire"],"relics":["Uniform","EVO:Axolotl","Question Card"],"acts_visited":["Exordium"],"potions_floor_usage":[],"damage_taken":[{"damage":1,"enemies":"Jaw Worm","floor":1,"turns":4},{"damage":0,"enemies":"Cultist","floor":3,"turns":3},{"damage":0,"enemies":"Small Slimes","floor":4,"turns":3},{"damage":0,"enemies":"2 Fungi Beasts","floor":5,"turns":4},{"damage":6,"enemies":"Gremlin Nob","floor":6,"turns":5},{"damage":0,"enemies":"Looter","floor":7,"turns":3},{"damage":63,"enemies":"Lagavulin","floor":8,"turns":16}],"seed_played":"1578807513982250253","potions_obtained":[{"floor":2,"key":"PowerPotion"},{"floor":2,"key":"hexamod:SoulburnPotion"},{"floor":2,"key":"hexamod:SoulburnPotion"}],"is_trial":false,"path_per_floor":["M","?","M","M","M","E","M","E"],"character_chosen":"THE_SERVANT","items_purchased":[],"campfire_rested":0,"item_purchase_floors":[],"current_hp_per_floor":[64,64,64,64,64,58,58,0,0],"gold":205,"neow_bonus":"REMOVE_CARD","is_daily":false,"chose_seed":false,"campfire_upgraded":0,"win_rate":0.0,"timestamp":1614156927,"path_taken":["M","?","M","M","?","E","M","E"],"items_purchased_type":[],"build_version":"2020-12-22","purchased_purges":0,"victory":false,"max_hp_per_floor":[65,65,65,65,65,65,65,65,65],"card_choices":[{"not_picked":["Unruled","Deadline"],"picked":"InstantArmor","floor":1},{"not_picked":["Replace","Revamp"],"picked":"Alleviate","floor":3},{"not_picked":["BottledTime","Rewind"],"picked":"Defy","floor":4},{"not_picked":["FanOfKnives","BottledTime"],"picked":"ShatteredReality","floor":5},{"not_picked":["Read","ReturningBlade"],"picked":"RealityMarble","floor":6},{"not_picked":["Rearm","RealityMarble","Rewind"],"picked":"SurpressingFire","floor":7}],"player_experience":463134,"relics_obtained":[{"floor":6,"key":"Question Card"}],"event_choices":[{"damage_healed":0,"gold_gain":0,"player_choice":"Got Potions","damage_taken":0,"max_hp_gain":0,"max_hp_loss":0,"event_name":"Lab","floor":2,"gold_loss":0}],"is_beta":false,"boss_relics":[],"items_purged_floors":[],"is_endless":false,"potions_floor_spawned":[3,5],"killed_by":"Lagavulin","ascension_level":1}}