{"host":"61r95uy0hn86b9iu","time":1614139573,"event":{"mods":["AchievementEnabler","BaseMod","Better Vampires","BetterRewards","Colored Powertips","Hubris","Minty Spire (QoL Compilation)","Shop Mod","StSLib"],"gold_per_floor":[109,119,269,282,293,324,324,335,417,434,434,59,59,88,88,88,88],"floor_reached":16,"language":"ENG","playtime":470,"items_purged":[],"score":218,"play_id":"dd0100b1-a835-4576-99e0-ce128bacb224","local_time":"20210223220613","is_ascension_mode":true,"campfire_choices":[{"floor":7.0,"key":"REST"},{"floor":13.0,"key":"REST"},{"floor":15,"key":"REST"}],"circlet_count":0,"master_deck":["AscendersBane","Strike_B","Strike_B","Strike_B","Strike_B","Defend_B","Defend_B","Defend_B","Defend_B","Zap","Dualcast","Sweeping Beam","Undo","Biased Cognition","BootSequence","Glacier","Melter","Sunder"],"relics":["Cracked Core","NeowsBlessing","MerchantsRug","Blood Vial","hubris:SlimyHat"],"acts_visited":["Exordium"],"potions_floor_usage":[14,16],"damage_taken":[{"damage":0.0,"enemies":"Cultist","floor":1.0,"turns":1.0},{"damage":0.0,"enemies":"2 Louse","floor":2.0,"turns":1.0},{"damage":0.0,"enemies":"Small Slimes","floor":4.0,"turns":1.0},{"damage":16.0,"enemies":"Exordium Wildlife","floor":5.0,"turns":4.0},{"damage":31.0,"enemies":"Lagavulin","floor":6.0,"turns":6.0},{"damage":1.0,"enemies":"Red Slaver","floor":8.0,"turns":3.0},{"damage":3.0,"enemies":"Blue Slaver","floor":10.0,"turns":3.0},{"damage":30,"enemies":"3 Sentries","floor":14,"turns":14},{"damage":61,"enemies":"Hexaghost","floor":16,"turns":11}],"seed_played":"6426923587793357094","potions_obtained":[{"floor":5.0,"key":"AttackPotion"},{"floor":8.0,"key":"BlessingOfTheForge"},{"floor":14,"key":"Strength Potion"}],"is_trial":false,"path_per_floor":["M","M","?","M","M","E","R","M","T","M","?","$","R","E","R","B"],"character_chosen":"DEFECT","items_purchased":["MerchantsRug","Blood Vial","Melter"],"campfire_rested":3,"item_purchase_floors":[12,12,12],"current_hp_per_floor":[64,64,64,64,48,24,47,46,46,43,36,36,59,31,54,0,0],"gold":88,"neow_bonus":"THREE_ENEMY_KILL","is_daily":false,"chose_seed":false,"campfire_upgraded":0,"win_rate":0.0,"timestamp":1614139573,"path_taken":["M","?","?","M","M","E","R","M","T","M","?","?","R","E","R","BOSS"],"items_purchased_type":["Relic","Relic","Card"],"build_version":"2020-12-22","purchased_purges":0,"victory":false,"max_hp_per_floor":[71,71,71,71,71,78,78,78,78,78,78,78,78,78,78,78,78],"card_choices":[{"not_picked":["Compile Driver","Double Energy"],"picked":"Sweeping Beam","floor":1.0},{"not_picked":["Hello World","Steam Power","Chaos"],"picked":"SKIP","floor":2.0},{"not_picked":["Gash","Go for the Eyes","Scrape"],"picked":"SKIP","floor":4.0},{"not_picked":["Leap","Ball Lightning"],"picked":"Undo","floor":5.0},{"not_picked":["Blizzard","Cold Snap"],"picked":"Biased Cognition","floor":6.0},{"not_picked":["Barrage","Chaos"],"picked":"BootSequence","floor":8.0},{"not_picked":["Go for the Eyes","Redo"],"picked":"Glacier","floor":10.0},{"not_picked":["Leap","Rebound"],"picked":"Sunder","floor":14}],"player_experience":3386790,"relics_obtained":[{"floor":6.0,"key":"Strawberry"},{"floor":14,"key":"hubris:SlimyHat"}],"event_choices":[{"damage_healed":0.0,"max_hp_gain":0.0,"max_hp_loss":0.0,"gold_gain":150.0,"event_name":"Liars Game","player_choice":"AGREE","floor":3.0,"gold_loss":0.0,"damage_taken":0.0,"cards_obtained":["Doubt"]},{"cards_removed":["Doubt"],"damage_healed":0.0,"max_hp_gain":0.0,"max_hp_loss":0.0,"gold_gain":0.0,"event_name":"Golden Wing","player_choice":"Card Removal","floor":11.0,"gold_loss":0.0,"damage_taken":7.0}],"is_beta":false,"boss_relics":[],"items_purged_floors":[],"is_endless":false,"potions_floor_spawned":[5,8,14],"killed_by":"Hexaghost","ascension_level":19}}