{"host":"n3yraofadl2d9nwo","time":1614140036,"event":{"mods":["BaseMod","Friendly Minions","Marisa????????","Minty Spire (QoL Compilation)","StSLib","The Animator"],"gold_per_floor":[218,168,18,33,33,33,77,125,149,180,180,180,215,225,225,323,323,333,333,333,346,363,389,389,403,429,429,456,470,502,65,65,166,166,180,180,11,46,71,98,98,98,98,111,111,48,75,95,95,95,95],"floor_reached":50,"language":"ENG","playtime":5047,"items_purged":["animator:Strike","animator:Strike","animator:Defend","animator:Hans"],"score":550,"play_id":"7a6f2da5-ec83-4df9-8536-c1370ad60c0d","local_time":"20210224051356","is_ascension_mode":false,"campfire_choices":[{"data":"animator:Kuroyukihime","floor":6.0,"key":"SMITH"},{"data":"animator:Tet","floor":11.0,"key":"SMITH"},{"data":"animator:Guy","floor":15.0,"key":"SMITH"},{"floor":24.0,"key":"REST"},{"floor":32.0,"key":"REST"},{"data":"animator:AcuraAkari","floor":41,"key":"SMITH"},{"data":"animator:ElricAlphonse","floor":45,"key":"SMITH"},{"floor":49,"key":"RECALL"}],"circlet_count":0,"master_deck":["animator:Strike_AccelWorld","animator:Defend","animator:Defend+1","animator:Kuroyukihime+1","animator:LimeBell","animator:Shuna","animator:Ain","animator:Shion","animator:Guy+1","animator:Tet+1","animator:DwarfShaman","animator:Rena","animator:ChaikaTrabant","animator:ElricAlphonse+1","animator:YunYun+1","animator:Aisha+1","animator:KyokoSakura","animator:EmiyaShirou+1","animator:AcuraTooru","animator:AcuraAkari+1","animator:ChlammyZell","animator:WinryRockbell","animator:OrikoMikuni","animator:TanyaDegurechaff","animator:NarberalGamma","animator:Kaijin","animator:Gillette","animator:DolaStephanie+1","animator:Arpeggio+1","animator:Aqua+1","animator:Shinoa","animator:Fredrika","animator:Shinoa"],"relics":["animator:VividPicture","animator:TheMissingPiece","animator:PurgingStone","InkBottle","animator:Buoy","Orichalcum","Lantern","Smiling Mask","Dream Catcher","Membership Card","Whetstone","Coffee Dripper","Shuriken","Matryoshka","Omamori","Mummified Hand","Blood Vial"],"acts_visited":["Exordium","TheCity","TheBeyond"],"potions_floor_usage":[40,50,50],"damage_taken":[{"damage":0.0,"enemies":"2 Louse","floor":1.0,"turns":4.0},{"damage":0.0,"enemies":"Jaw Worm","floor":4.0,"turns":6.0},{"damage":8.0,"enemies":"3 Sentries","floor":7.0,"turns":8.0},{"damage":3.0,"enemies":"Small Slimes","floor":10.0,"turns":3.0},{"damage":19.0,"enemies":"Lagavulin","floor":13.0,"turns":8.0},{"damage":0.0,"enemies":"3 Louse","floor":14.0,"turns":3.0},{"damage":18.0,"enemies":"Slime Boss","floor":16.0,"turns":9.0},{"damage":4.0,"enemies":"3 Byrds","floor":18.0,"turns":3.0},{"damage":0.0,"enemies":"Shell Parasite","floor":21.0,"turns":4.0},{"damage":19.0,"enemies":"Snake Plant","floor":22.0,"turns":4.0},{"damage":32.0,"enemies":"Book of Stabbing","floor":23.0,"turns":6.0},{"damage":12.0,"enemies":"Chosen and Byrds","floor":25.0,"turns":5.0},{"damage":0.0,"enemies":"Snecko","floor":28.0,"turns":4.0},{"damage":15.0,"enemies":"Sentry and Sphere","floor":29.0,"turns":4.0},{"damage":1.0,"enemies":"animator:HornedBat","floor":30.0,"turns":3.0},{"damage":30.0,"enemies":"Champ","floor":33.0,"turns":12.0},{"damage":3,"enemies":"Orb Walker","floor":35,"turns":3},{"damage":11,"enemies":"3 Shapes","floor":38,"turns":3},{"damage":24,"enemies":"Jaw Worm Horde","floor":39,"turns":3},{"damage":26,"enemies":"Nemesis","floor":40,"turns":11},{"damage":0,"enemies":"Transient","floor":44,"turns":5},{"damage":5,"enemies":"Reptomancer","floor":47,"turns":4},{"damage":0,"enemies":"4 Shapes","floor":48,"turns":4},{"damage":19,"enemies":"Donu and Deca","floor":50,"turns":6}],"seed_played":"-7894281033201350466","potions_obtained":[{"floor":4.0,"key":"ColorlessPotion"},{"floor":10.0,"key":"AttackPotion"},{"floor":16.0,"key":"SmokeBomb"},{"floor":21.0,"key":"Swift Potion"},{"floor":23.0,"key":"DistilledChaos"},{"floor":33.0,"key":"animator:GrowthPotion"},{"floor":35,"key":"Swift Potion"},{"floor":47,"key":"Energy Potion"}],"is_trial":false,"path_per_floor":["M","?","$","M","?","R","E","?","T","M","R","?","E","M","R","B",null,"M","?","?","M","M","E","R","M","T","?","M","M","E","$","R","B",null,"M","?","$","M","M","E","R","?","T","M","R","$","E","M","R","B"],"character_chosen":"THE_ANIMATOR","items_purchased":["animator:Ain","Membership Card","animator:WinryRockbell","animator:OrikoMikuni","Whetstone","animator:TanyaDegurechaff","Shuriken","animator:Shinoa"],"campfire_rested":2,"item_purchase_floors":[3,31,31,31,31,31,37,46],"current_hp_per_floor":[66,66,66,66,63,63,55,55,55,52,52,57,38,38,38,21,72,68,68,68,68,49,17,38,26,26,26,26,12,12,12,34,4,74,71,70,70,59,35,9,9,9,9,9,9,9,9,11,11,0,0],"gold":95,"neow_bonus":"HUNDRED_GOLD","is_daily":false,"chose_seed":false,"campfire_upgraded":5,"win_rate":0.0,"timestamp":1614140036,"path_taken":["M","?","$","M","?","R","E","?","T","M","R","?","E","?","R","BOSS","M","?","?","M","M","E","R","M","T","?","M","M","E","$","R","BOSS","M","?","$","M","M","E","R","?","T","?","R","$","E","M","R","BOSS"],"items_purchased_type":["Card","Relic","Card","Card","Relic","Card","Relic","Card"],"build_version":"2020-12-22","purchased_purges":4,"victory":false,"max_hp_per_floor":[66,66,66,66,66,66,66,66,66,66,66,71,71,71,71,72,72,72,72,72,72,72,72,72,72,72,72,72,73,74,74,74,74,74,74,70,70,70,70,70,70,70,70,70,70,70,72,72,72,72,72],"card_choices":[{"not_picked":["animator:Benimaru","animator:Aisha"],"picked":"animator:Shuna","floor":1.0},{"not_picked":["animator:Assassin","animator:PandorasActor"],"picked":"animator:Shion","floor":4.0},{"not_picked":["animator:Entoma","animator:IzunaHatsuse"],"picked":"animator:Guy","floor":7.0},{"not_picked":["animator:FielNirvalen","animator:DolaCouronne"],"picked":"animator:Tet","floor":10.0},{"not_picked":["animator:LeleiLaLalena","animator:Shion"],"picked":"animator:DwarfShaman","floor":13.0},{"not_picked":["animator:AcuraTooru","animator:LizardPriest"],"picked":"animator:Rena","floor":14.0},{"not_picked":["animator:HigakiRinne","animator:Ainz"],"picked":"animator:ChaikaTrabant","floor":16.0},{"not_picked":["animator:KrulTepes","animator:DolaCouronne"],"picked":"animator:ElricAlphonse","floor":18.0},{"not_picked":["animator:ElricEdward+1","animator:Konayuki"],"picked":"animator:Aisha","floor":22.0},{"not_picked":["animator:UneriGinkaku","animator:MadokaKaname"],"picked":"animator:KyokoSakura","floor":23.0},{"not_picked":["animator:AcuraTooru","animator:Genos"],"picked":"animator:EmiyaShirou+1","floor":25.0},{"not_picked":["animator:Viivi","animator:ChaikaBohdan"],"picked":"animator:AcuraTooru","floor":28.0},{"not_picked":["animator:GuildGirl","animator:Ara+1"],"picked":"animator:AcuraAkari","floor":29.0},{"not_picked":["animator:SuzuneAmano","animator:Raven+1"],"picked":"animator:ChlammyZell","floor":30.0},{"not_picked":["animator:Konayuki","animator:Elsword"],"picked":"animator:NarberalGamma","floor":32.0},{"not_picked":["animator:Guren","animator:MadokaKaname"],"picked":"animator:Hans","floor":33.0},{"not_picked":["animator:NarberalGamma","animator:ElricEdward+1"],"picked":"animator:Kaijin","floor":35},{"not_picked":["animator:Guy","animator:AcuraAkari"],"picked":"animator:Gillette","floor":38},{"not_picked":["animator:Yoichi+1","animator:Verdia"],"picked":"animator:DolaStephanie+1","floor":39},{"not_picked":["animator:DolaSchwi","animator:Assassin"],"picked":"animator:Arpeggio+1","floor":40},{"not_picked":["animator:ShinjiMatou+1","animator:KyokoSakura"],"picked":"animator:Aqua+1","floor":44},{"not_picked":["animator:Gillette","animator:AcuraAkari"],"picked":"animator:Fredrika","floor":47},{"not_picked":["animator:Millim","animator:Guren"],"picked":"animator:Shinoa","floor":48}],"player_experience":865293,"relics_obtained":[{"floor":7.0,"key":"animator:Buoy"},{"floor":13.0,"key":"Orichalcum"},{"floor":23.0,"key":"Lantern"},{"floor":26.0,"key":"Smiling Mask"},{"floor":30.0,"key":"Dream Catcher"},{"floor":40,"key":"Matryoshka"},{"floor":43,"key":"Omamori"},{"floor":43,"key":"Mummified Hand"},{"floor":47,"key":"Blood Vial"}],"event_choices":[{"cards_removed":["animator:Strike"],"damage_healed":0.0,"max_hp_gain":0.0,"max_hp_loss":0.0,"gold_gain":0.0,"event_name":"The Cleric","player_choice":"Card Removal","floor":2.0,"gold_loss":50.0,"damage_taken":0.0},{"damage_healed":0.0,"max_hp_gain":0.0,"max_hp_loss":0.0,"gold_gain":0.0,"event_name":"Scrap Ooze","player_choice":"Success","floor":5.0,"gold_loss":0.0,"damage_taken":3.0,"relics_obtained":["InkBottle"]},{"damage_healed":0.0,"max_hp_gain":5.0,"max_hp_loss":0.0,"gold_gain":0.0,"event_name":"Big Fish","player_choice":"Donut","floor":12.0,"gold_loss":0.0,"damage_taken":0.0},{"damage_healed":0.0,"max_hp_gain":0.0,"max_hp_loss":0.0,"gold_gain":0.0,"event_name":"Vampires","player_choice":"Ignored","floor":19.0,"gold_loss":0.0,"damage_taken":0.0},{"damage_healed":0.0,"max_hp_gain":0.0,"max_hp_loss":0.0,"gold_gain":0.0,"event_name":"The Library","player_choice":"Read","floor":20.0,"gold_loss":0.0,"damage_taken":0.0,"cards_obtained":["animator:YunYun"]},{"damage_healed":0.0,"max_hp_gain":0.0,"max_hp_loss":0.0,"gold_gain":0.0,"event_name":"Cursed Tome","player_choice":"Ignored","floor":27.0,"gold_loss":0.0,"damage_taken":0.0},{"damage_healed":0,"gold_gain":0,"player_choice":"Max HP","damage_taken":0,"max_hp_gain":0,"max_hp_loss":4,"event_name":"Winding Halls","floor":36,"gold_loss":0},{"damage_healed":0,"gold_gain":0,"player_choice":"Ignored","damage_taken":0,"max_hp_gain":0,"max_hp_loss":0,"event_name":"SecretPortal","floor":42,"gold_loss":0}],"is_beta":false,"boss_relics":[{"not_picked":["animator:RacePiece","animator:CursedBlade"],"picked":"animator:VividPicture"},{"not_picked":["Astrolabe","animator:HolyGrailRelic"],"picked":"Coffee Dripper"}],"items_purged_floors":[3,31,37,46],"is_endless":false,"potions_floor_spawned":[4,10,16,21,23,33,35,38,47,48],"killed_by":"Donu and Deca","ascension_level":0}}