{"host":"4nqeo0vu1vuav7gg","time":1614184937,"event":{"mods":["AchievementEnabler","BaseMod","Block Reminder","Colored Map","Colored Powertips","Highlight Path","Minty Spire (QoL Compilation)","Quick Restart","Rare Cards Sparkle","Relic Relevance Reorder","StSLib"],"gold_per_floor":[111,125,125,140,215,215,230,380,462,494,507,542,542,554,554,554,554],"floor_reached":16,"language":"ENG","playtime":1044,"items_purged":[],"score":274,"play_id":"654e0b68-acc0-4e65-b57e-2ac2305eb65a","local_time":"20210224174217","is_ascension_mode":true,"campfire_choices":[{"floor":6,"key":"REST"},{"floor":13,"key":"REST"},{"floor":15,"key":"RECALL"}],"circlet_count":0,"master_deck":["AscendersBane","Strike_B","Strike_B","Strike_B","Defend_B","Defend_B","Defend_B","Defend_B","Zap","Dualcast","Conserve Battery","Melter","Pain","Doubt","Electrodynamics","Genetic Algorithm","Barrage"],"relics":["Cracked Core","WarpedTongs","HornCleat","Bottled Lightning","MealTicket"],"acts_visited":["Exordium"],"potions_floor_usage":[10,10,12,16],"damage_taken":[{"damage":2,"enemies":"Cultist","floor":1,"turns":4},{"damage":7,"enemies":"Jaw Worm","floor":2,"turns":4},{"damage":2,"enemies":"2 Louse","floor":4,"turns":2},{"damage":11,"enemies":"Looter","floor":7,"turns":2},{"damage":46,"enemies":"Lagavulin","floor":10,"turns":8},{"damage":13,"enemies":"Exordium Wildlife","floor":11,"turns":3},{"damage":4,"enemies":"3 Sentries","floor":12,"turns":3},{"damage":2,"enemies":"2 Fungi Beasts","floor":14,"turns":3},{"damage":38,"enemies":"Hexaghost","floor":16,"turns":7}],"seed_played":"-613362316104739068","potions_obtained":[{"floor":2,"key":"Regen Potion"},{"floor":7,"key":"Weak Potion"},{"floor":10,"key":"BlessingOfTheForge"},{"floor":14,"key":"Regen Potion"}],"is_trial":false,"path_per_floor":["M","M","?","M","?","R","M","?","T","E","M","E","R","M","R","B"],"character_chosen":"DEFECT","items_purchased":[],"campfire_rested":2,"item_purchase_floors":[],"current_hp_per_floor":[62,55,55,53,42,63,52,52,52,21,8,4,25,23,23,0,0],"gold":554,"neow_bonus":"REMOVE_CARD","is_daily":false,"chose_seed":false,"campfire_upgraded":0,"win_rate":0.0,"timestamp":1614184937,"path_taken":["M","?","?","?","?","R","M","?","T","E","?","E","R","M","R","BOSS"],"items_purchased_type":[],"build_version":"2020-12-22","purchased_purges":0,"victory":false,"max_hp_per_floor":[71,71,71,71,71,71,71,71,71,71,71,71,71,71,71,71,71],"card_choices":[{"not_picked":["Cold Snap","Compile Driver"],"picked":"Conserve Battery","floor":1},{"not_picked":["Redo","Skim"],"picked":"Melter","floor":2},{"not_picked":["Leap","Storm","Chaos"],"picked":"SKIP","floor":4},{"not_picked":["Compile Driver","Conserve Battery","Streamline"],"picked":"SKIP","floor":7},{"not_picked":["Stack","Heatsinks"],"picked":"Electrodynamics","floor":10},{"not_picked":["Conserve Battery","Gash","Sweeping Beam"],"picked":"SKIP","floor":11},{"not_picked":["Leap","Genetic Algorithm","Go for the Eyes"],"picked":"SKIP","floor":12},{"not_picked":["Leap","Go for the Eyes"],"picked":"Genetic Algorithm","floor":12},{"not_picked":["Rebound","Coolheaded"],"picked":"Barrage","floor":14}],"player_experience":1113917,"relics_obtained":[{"floor":9,"key":"HornCleat"},{"floor":10,"key":"MealTicket"},{"floor":12,"key":"Bottled Lightning"}],"event_choices":[{"damage_healed":0,"gold_gain":0,"player_choice":"Rummage","damage_taken":0,"relics_obtained":["WarpedTongs"],"max_hp_gain":0,"max_hp_loss":0,"event_name":"Accursed Blacksmith","floor":3,"gold_loss":0,"cards_obtained":["Pain"]},{"damage_healed":0,"gold_gain":75,"player_choice":"Gather Gold","damage_taken":11,"max_hp_gain":0,"max_hp_loss":0,"event_name":"World of Goop","floor":5,"gold_loss":0},{"damage_healed":0,"gold_gain":150,"player_choice":"AGREE","damage_taken":0,"max_hp_gain":0,"max_hp_loss":0,"event_name":"Liars Game","floor":8,"gold_loss":0,"cards_obtained":["Doubt"]}],"is_beta":false,"boss_relics":[],"items_purged_floors":[],"is_endless":false,"potions_floor_spawned":[2,7,10,14],"killed_by":"Hexaghost","ascension_level":20}}