{"host":"3p4eynvdmgjf7qvn","time":1614160021,"event":{"mods":["Aspiration","BaseMod","Better Note","Better Skull","Colored Map","Colored Powertips","Downfall","Hermit","Hubris","Minty Spire (QoL Compilation)","Relic Stats","Robot Space Explorer","StSLib","The Bug Knight","The Disciple","The Forsaken","The Hierophant","The Jungle","The Marked","The Necromancer","TheBandit"],"gold_per_floor":[117,117,117,133,143,143,174,174,174,10,10,10],"floor_reached":11,"language":"ENG","playtime":668,"items_purged":[],"score":75,"play_id":"2ea2e233-c70f-4b66-8d8d-41e997125c94","local_time":"20210224104701","is_ascension_mode":true,"campfire_choices":[{"data":"Zap","floor":6,"key":"SMITH"},{"data":"Fusion","floor":8,"key":"SMITH"}],"circlet_count":0,"master_deck":["Strike_B","Strike_B","Strike_B","Strike_B","Defend_B","Defend_B","Defend_B","Defend_B","Zap+1","Dualcast","Fusion+1","Machine Learning"],"relics":["Cracked Core","aspiration:DSix","Ice Cream","Blood Vial"],"acts_visited":["Exordium"],"potions_floor_usage":[5,7],"damage_taken":[{"damage":5,"enemies":"2 Louse","floor":1,"turns":3},{"damage":0,"enemies":"Small Slimes","floor":4,"turns":3},{"damage":13,"enemies":"Jaw Worm","floor":5,"turns":3},{"damage":24,"enemies":"Gremlin Nob","floor":7,"turns":4},{"damage":34,"enemies":"3 Sentries","floor":11,"turns":5}],"seed_played":"786108412603723096","potions_obtained":[{"floor":1,"key":"PowerPotion"},{"floor":4,"key":"Strength Potion"}],"is_trial":false,"path_per_floor":["M","?","?","M","M","R","E","R","T","$","E"],"character_chosen":"DEFECT","items_purchased":["Machine Learning"],"campfire_rested":0,"item_purchase_floors":[10],"current_hp_per_floor":[70,75,68,68,55,55,31,31,31,31,0,0],"gold":10,"neow_bonus":"DSIX","is_daily":false,"chose_seed":false,"campfire_upgraded":2,"win_rate":0.0,"timestamp":1614160021,"path_taken":["M","?","?","M","M","R","E","R","T","$","E"],"items_purchased_type":["Card"],"build_version":"2020-12-22","purchased_purges":0,"victory":false,"max_hp_per_floor":[75,80,80,80,80,80,80,80,80,80,80,80],"relic_stats":{"Blood Vial":2,"counters":[5,18],"obtain_stats":[{"Ice Cream":3,"Blood Vial":7,"Cracked Core":0,"aspiration:DSix":0},{"Ice Cream":1,"Blood Vial":4,"Cracked Core":0,"aspiration:DSix":0},{"Ice Cream":3,"Blood Vial":13,"Cracked Core":0,"aspiration:DSix":0}]},"card_choices":[{"not_picked":["Static Discharge","Force Field","Leap"],"picked":"SKIP","floor":1},{"not_picked":["Stack","Leap","Beam Cell"],"picked":"SKIP","floor":4},{"not_picked":["Rebound","Reprogram","Turbo"],"picked":"SKIP","floor":5},{"not_picked":["Compile Driver","Hello World"],"picked":"Fusion","floor":7}],"player_experience":353398,"relics_obtained":[{"floor":7,"key":"Blood Vial"}],"event_choices":[{"damage_healed":0,"gold_gain":0,"player_choice":"Donut","damage_taken":0,"max_hp_gain":5,"max_hp_loss":0,"event_name":"Big Fish","floor":2,"gold_loss":0},{"damage_healed":0,"gold_gain":0,"player_choice":"Success","damage_taken":7,"relics_obtained":["Ice Cream"],"max_hp_gain":0,"max_hp_loss":0,"event_name":"Scrap Ooze","floor":3,"gold_loss":0}],"is_beta":false,"boss_relics":[],"items_purged_floors":[],"is_endless":false,"potions_floor_spawned":[1,4],"killed_by":"3 Sentries","ascension_level":1}}