{"host":"fuszjwm6fqgjjp4d","time":1614140549,"event":{"mods":["BaseMod","Colored Map","Minty Spire (QoL Compilation)","Permanent Neow","Relic Sorter","Relic Stats","StSLib"],"gold_per_floor":[111,129,129,140,65,65,94,94,148,148,148,148],"floor_reached":11,"language":"ENG","playtime":241,"items_purged":[],"score":142,"play_id":"90e072c0-6280-4fa0-bb31-a4dd7b9e3b85","local_time":"20210223222229","is_ascension_mode":true,"campfire_choices":[{"data":"Rage","floor":6.0,"key":"SMITH"},{"data":"Corruption","floor":8,"key":"SMITH"}],"circlet_count":0,"master_deck":["AscendersBane","Strike_R","Strike_R","Strike_R","Strike_R","Strike_R","Defend_R","Defend_R","Defend_R","Bash+1","Ghostly Armor","Shrug It Off","Rage+1","Corruption+1","Parasite"],"relics":["Black Star","Pen Nib","InkBottle","Akabeko"],"acts_visited":["Exordium"],"potions_floor_usage":[],"damage_taken":[{"damage":2.0,"enemies":"2 Louse","floor":1.0,"turns":4.0},{"damage":0.0,"enemies":"Small Slimes","floor":2.0,"turns":2.0},{"damage":4.0,"enemies":"Jaw Worm","floor":4.0,"turns":5.0},{"damage":50,"enemies":"Gremlin Nob","floor":7,"turns":5},{"damage":35,"enemies":"3 Sentries","floor":11,"turns":7}],"seed_played":"5505524248784249760","potions_obtained":[{"floor":1.0,"key":"SneckoOil"}],"is_trial":false,"path_per_floor":["M","M","?","M","?","R","E","R","T","?","E"],"character_chosen":"IRONCLAD","items_purchased":[],"campfire_rested":0,"item_purchase_floors":[],"current_hp_per_floor":[66,66,66,62,62,62,12,12,12,30,0,0],"gold":148,"neow_bonus":"BOSS_RELIC","is_daily":false,"chose_seed":false,"campfire_upgraded":2,"win_rate":0.0,"timestamp":1614140549,"path_taken":["M","M","?","M","?","R","E","R","T","?","E"],"items_purchased_type":[],"build_version":"2020-12-22","purchased_purges":0,"victory":false,"max_hp_per_floor":[75,75,75,75,75,75,75,75,75,75,75,75],"relic_stats":{"counters":[5,23],"Pen Nib":[1],"Black Star":1,"obtain_stats":[{"Pen Nib":7,"Black Star":0,"Burning Blood":0,"InkBottle":7,"Akabeko":9},{"Pen Nib":4,"Black Star":0,"Burning Blood":0,"InkBottle":4,"Akabeko":4},{"Pen Nib":16,"Black Star":0,"Burning Blood":0,"InkBottle":16,"Akabeko":16}],"InkBottle":[1]},"card_choices":[{"not_picked":["Combust","Pommel Strike"],"picked":"Ghostly Armor","floor":1.0},{"not_picked":["True Grit","Clash"],"picked":"Shrug It Off","floor":2.0},{"not_picked":["Armaments","Searing Blow"],"picked":"Rage","floor":4.0},{"not_picked":["Clothesline","Twin Strike"],"picked":"Corruption","floor":7}],"player_experience":1524852,"relics_obtained":[{"floor":7,"key":"Pen Nib"},{"floor":7,"key":"InkBottle"},{"floor":9,"key":"Akabeko"}],"event_choices":[{"damage_healed":0.0,"max_hp_gain":0.0,"max_hp_loss":0.0,"gold_gain":0.0,"event_name":"Living Wall","player_choice":"Grow","floor":3.0,"gold_loss":0.0,"damage_taken":0.0,"cards_upgraded":["Bash"]},{"cards_removed":["Defend_R"],"damage_healed":0.0,"max_hp_gain":0.0,"max_hp_loss":0.0,"gold_gain":0.0,"event_name":"The Cleric","player_choice":"Card Removal","floor":5.0,"gold_loss":75.0,"damage_taken":0.0},{"damage_healed":18,"gold_gain":0,"player_choice":"Healed and dodged fight","damage_taken":0,"max_hp_gain":0,"max_hp_loss":0,"event_name":"Mushrooms","floor":10,"gold_loss":0,"cards_obtained":["Parasite"]}],"is_beta":false,"boss_relics":[],"items_purged_floors":[],"is_endless":false,"potions_floor_spawned":[1],"killed_by":"3 Sentries","ascension_level":20}}