{"host":"ufhw4cf0hh51lveu","time":1614148732,"event":{"mods":["BaseMod","DeckTracker","Lobotomy","Minty Spire (QoL Compilation)","SuperFastMode"],"gold_per_floor":[111,125,105,7,23,38,38,38,38,38,38,38,38,38,38,38,38],"floor_reached":16,"language":"KOR","playtime":346,"items_purged":["Strike_G"],"score":88,"play_id":"a7572c55-fb63-468f-bf25-ad488dc15c6c","local_time":"20210224153852","is_ascension_mode":false,"campfire_choices":[{"data":"Neutralize","floor":7,"key":"SMITH"},{"data":"Survivor","floor":10,"key":"SMITH"},{"data":"Venomology","floor":15,"key":"SMITH"}],"circlet_count":0,"master_deck":["Strike_G","Strike_G","Strike_G","Defend_G","Defend_G","Defend_G","Defend_G","Defend_G","Survivor+1","Neutralize+1","Dagger Throw","Backflip","Underhanded Strike","Blade Dance","Outmaneuver","Venomology+1"],"relics":["Ring of the Snake","Juzu Bracelet","Molten Egg 2","Question Card","Golden Idol","Meat on the Bone"],"acts_visited":["Exordium"],"potions_floor_usage":[16,16,16],"damage_taken":[{"damage":1,"enemies":"Cultist","floor":1,"turns":4},{"damage":3,"enemies":"Jaw Worm","floor":2,"turns":6},{"damage":0,"enemies":"Small Slimes","floor":5,"turns":3},{"damage":9,"enemies":"Exordium Wildlife","floor":6,"turns":5},{"damage":58,"enemies":"The Guardian","floor":16,"turns":13}],"seed_played":"4925776411398109991","potions_obtained":[{"floor":3,"key":"Explosive Potion"},{"floor":6,"key":"SneckoOil"}],"is_trial":false,"path_per_floor":["M","M","?","$","M","M","R","$","T","R","T","?","?","T","R","B"],"character_chosen":"THE_SILENT","items_purchased":["Underhanded Strike"],"campfire_rested":0,"item_purchase_floors":[4],"current_hp_per_floor":[69,66,66,66,66,57,57,57,57,57,57,57,57,57,57,0,0],"gold":38,"neow_bonus":"RANDOM_COMMON_RELIC","is_daily":false,"chose_seed":false,"campfire_upgraded":3,"win_rate":0.0,"timestamp":1614148732,"path_taken":["M","M","?","$","M","M","R","?","T","R","?","?","?","?","R","BOSS"],"items_purchased_type":["Card"],"build_version":"2020-12-22","purchased_purges":1,"victory":false,"max_hp_per_floor":[70,70,70,70,70,70,70,70,70,70,70,65,65,65,65,65,65],"card_choices":[{"not_picked":["Underhanded Strike","Quick Slash"],"picked":"Dagger Throw","floor":1},{"not_picked":["Dodge and Roll","Prepared"],"picked":"Backflip","floor":2},{"not_picked":["Endless Agony","Heel Hook"],"picked":"Blade Dance","floor":5},{"not_picked":["Underhanded Strike","Flying Knee"],"picked":"Outmaneuver","floor":6}],"player_experience":78130,"relics_obtained":[{"floor":9,"key":"Molten Egg 2"},{"floor":11,"key":"Question Card"},{"floor":14,"key":"Meat on the Bone"}],"event_choices":[{"damage_healed":0,"gold_gain":0,"player_choice":"Bought 1 Potion","damage_taken":0,"max_hp_gain":0,"max_hp_loss":0,"event_name":"The Woman in Blue","floor":3,"gold_loss":0},{"damage_healed":0,"gold_gain":0,"player_choice":"Lose Max HP","damage_taken":0,"relics_obtained":["Golden Idol"],"max_hp_gain":0,"max_hp_loss":5,"event_name":"Golden Idol","floor":12,"gold_loss":0},{"damage_healed":0,"gold_gain":0,"cards_transformed":["Strike_G"],"player_choice":"Change","damage_taken":0,"max_hp_gain":0,"max_hp_loss":0,"event_name":"Living Wall","floor":13,"gold_loss":0,"cards_obtained":["Venomology"]}],"is_beta":false,"boss_relics":[],"items_purged_floors":[4],"is_endless":false,"potions_floor_spawned":[6],"killed_by":"The Guardian","ascension_level":0}}