{"host":"glqsg3p5q4u9u1ra","time":1614161924,"event":{"mods":["Act Like it!","Arknights","BaseMod","Better Third Choice","BetterRewards","Colored Map","Downfall","Friendly Minions","Gensokyo","GifTheSpireLib","Hallownest","Highlight Path","Infinite Spire","Mimic Mod","Minty Spire (QoL Compilation)","Pale of the Ancients","Reliquary","Replay The Spire","Ruina","Spicy Shops","Spire Birthday Party","StSLib","The Blue Laboratory","The Bug Knight","The Exalted","The Servant 0.9.4","Wandering Minibosses"],"gold_per_floor":[169,182,202,23,23,23,74,89,108,135,44,72,72,72,72],"floor_reached":14,"language":"ENG","playtime":417,"items_purged":["ats:Strike V"],"score":108,"play_id":"cd0abc26-502f-434b-b6bf-6b91b8a7aa51","local_time":"20210224021844","is_ascension_mode":true,"campfire_choices":[{"data":"ats:Neurotoxin","floor":6,"key":"SMITH"}],"circlet_count":0,"master_deck":["ats:Strike C","ats:Strike G+1","ats:Strike S","ats:Armor Crushing Shot","ats:Defend","ats:Defend+2","ats:Defend","ats:Defend+1","ats:Emotion Absorption","ats:Closed Bolt Burst Fire","ats:Leaping Hammer","ats:Neurotoxin+1","Replay:SS_hec_1+1","ats:Flexible Camouflage","ats:Powerful Strike","ats:Revitalization","ats:Sashimi Platter","ats:Shell Defense","downfall:Malfunctioning"],"relics":["ats:Sanity","PreservedInsect","ats:Originium","Regal Pillow","Simple Rune"],"acts_visited":["Exordium"],"potions_floor_usage":[4,11,11,12,14],"damage_taken":[{"damage":8,"enemies":"2 Louse","floor":2,"turns":4},{"damage":11,"enemies":"Cultist","floor":3,"turns":4},{"damage":0,"enemies":"downfall:FleeingMerchant","floor":4,"turns":4},{"damage":5,"enemies":"Small Slimes","floor":8,"turns":4},{"damage":12,"enemies":"downfall:LooterAlt","floor":9,"turns":4},{"damage":30,"enemies":"Gremlin Nob","floor":10,"turns":4},{"damage":10,"enemies":"downfall:FleeingMerchant","floor":11,"turns":4},{"damage":14,"enemies":"3 Sentries","floor":12,"turns":7},{"damage":13,"enemies":"Lagavulin","floor":14,"turns":4}],"seed_played":"2469057629595789669","potions_obtained":[{"floor":2,"key":"champ:CounterPotion"},{"floor":3,"key":"sneckomod:MuddlingPotion"},{"floor":10,"key":"FearPotion"},{"floor":12,"key":"LiquidMemories"}],"is_trial":false,"path_per_floor":["R_BF","M","M","$","?","R","T","M","M","E","$","E","?","E"],"character_chosen":"DOCTOR_CLASS","items_purchased":["Replay:SS_hec_1","LifebloodPotion"],"campfire_rested":0,"item_purchase_floors":[4,11],"current_hp_per_floor":[79,71,60,60,60,60,60,55,43,13,5,4,4,0,0],"gold":72,"neow_bonus":"TEN_PERCENT_HP_BONUS","is_daily":false,"chose_seed":false,"campfire_upgraded":1,"win_rate":0.0,"timestamp":1614161924,"path_taken":["R_BF","M","M","$","?","R","T","M","M","E","$","E","?","E"],"items_purchased_type":["Card","Potion"],"build_version":"2020-12-22","purchased_purges":1,"victory":false,"max_hp_per_floor":[79,79,79,79,79,79,79,79,79,79,79,79,79,79,79],"card_choices":[{"not_picked":["ats:Soul Absorption","ats:Leaping Hammer"],"picked":"ats:Closed Bolt Burst Fire","floor":2},{"not_picked":["ats:Apocalypse","ats:Blood Oath"],"picked":"ats:Leaping Hammer","floor":3},{"not_picked":["ats:Encircling Forest","ats:Poison Spread"],"picked":"ats:Neurotoxin","floor":4},{"not_picked":["ats:Echo Reverb","ats:Shell Defense"],"picked":"ats:Flexible Camouflage","floor":8},{"not_picked":["ats:Very Hot Blade","ats:Shell Defense"],"picked":"ats:Powerful Strike","floor":9},{"not_picked":["ats:Beaten Up","ats:Guard Mode"],"picked":"ats:Revitalization","floor":10},{"not_picked":["ats:Cat Scratch","ats:Chain Hook"],"picked":"ats:Sashimi Platter","floor":11},{"not_picked":["ats:True Silver Slash","ats:Assault Order"],"picked":"ats:Shell Defense","floor":12}],"player_experience":1176121,"relics_obtained":[{"floor":7,"key":"PreservedInsect"},{"floor":10,"key":"ats:Originium"},{"floor":10,"key":"Regal Pillow"},{"floor":12,"key":"ats:Originium"},{"floor":12,"key":"Simple Rune"}],"event_choices":[],"is_beta":false,"boss_relics":[],"items_purged_floors":[4],"is_endless":false,"potions_floor_spawned":[2,3,10,12],"killed_by":"Lagavulin","ascension_level":2}}