{"host":"5tzvto3beate6p8b","time":1614147033,"event":{"mods":["BaseMod","Colored Map","DeckTracker","Minty Spire (QoL Compilation)","Relic Stats","StSLib","SuperFastMode"],"gold_per_floor":[110,126,139,13,33,33,33,33,60,79,106,106,123,140,140,213,263,273,284,51,51,51],"floor_reached":21,"language":"JPN","playtime":811,"items_purged":["Strike_B","Strike_B"],"score":357,"play_id":"a074b5ac-56af-42a9-ac9d-fdad528979b1","local_time":"20210224151033","is_ascension_mode":true,"campfire_choices":[{"data":"Rip and Tear","floor":6.0,"key":"SMITH"},{"data":"Streamline","floor":8.0,"key":"SMITH"},{"data":"Consume","floor":12.0,"key":"SMITH"},{"floor":15.0,"key":"REST"}],"circlet_count":0,"master_deck":["AscendersBane","Defend_B","Defend_B","Defend_B","Defend_B+1","Zap","Dualcast","Rip and Tear+1","Streamline+1","Go for the Eyes","Steam Power","Go for the Eyes","Compile Driver","Gash","Consume+1","Hologram","Coolheaded","Buffer","Gash","Cold Snap","Compile Driver","Fusion","Rip and Tear"],"relics":["Cracked Core","Potion Belt","Oddly Smooth Stone","Tiny House"],"acts_visited":["Exordium","TheCity"],"potions_floor_usage":[21,21,21],"damage_taken":[{"damage":2.0,"enemies":"Jaw Worm","floor":1.0,"turns":3.0},{"damage":0.0,"enemies":"Cultist","floor":2.0,"turns":2.0},{"damage":3.0,"enemies":"2 Louse","floor":3.0,"turns":2.0},{"damage":0.0,"enemies":"2 Fungi Beasts","floor":5.0,"turns":2.0},{"damage":21.0,"enemies":"Gremlin Gang","floor":10.0,"turns":4.0},{"damage":12.0,"enemies":"3 Sentries","floor":11.0,"turns":4.0},{"damage":0.0,"enemies":"Red Slaver","floor":13.0,"turns":3.0},{"damage":10.0,"enemies":"3 Louse","floor":14.0,"turns":4.0},{"damage":17.0,"enemies":"The Guardian","floor":16.0,"turns":12.0},{"damage":42,"enemies":"2 Thieves","floor":18,"turns":4},{"damage":19,"enemies":"Chosen","floor":19,"turns":5},{"damage":3,"enemies":"Snake Plant","floor":21,"turns":1}],"seed_played":"-1546959497930314566","potions_obtained":[{"floor":2.0,"key":"LiquidBronze"},{"floor":3.0,"key":"FearPotion"},{"floor":5.0,"key":"Dexterity Potion"},{"floor":13.0,"key":"Weak Potion"},{"floor":16.0,"key":"Weak Potion"},{"floor":17,"key":"SpeedPotion"},{"floor":18,"key":"FearPotion"},{"floor":19,"key":"LiquidMemories"}],"is_trial":false,"path_per_floor":["M","M","M","$","M","R","?","R","T","M","E","R","M","M","R","B",null,"M","M","$","M"],"character_chosen":"DEFECT","items_purchased":["Go for the Eyes","Fusion","Rip and Tear"],"campfire_rested":1,"item_purchase_floors":[4,20,20],"current_hp_per_floor":[62,62,59,59,59,59,59,59,59,38,26,26,26,16,37,20,63,21,2,2,0,0],"gold":51,"neow_bonus":"TRANSFORM_CARD","is_daily":false,"chose_seed":false,"campfire_upgraded":3,"win_rate":0.0,"timestamp":1614147033,"path_taken":["M","M","M","$","M","R","?","R","T","?","E","R","M","M","R","BOSS","M","M","$","M"],"items_purchased_type":["Card","Card","Card"],"build_version":"2020-12-22","purchased_purges":2,"victory":false,"max_hp_per_floor":[71,71,71,71,71,71,71,71,71,71,71,71,71,71,71,71,76,76,76,76,76,76],"relic_stats":{"counters":[12,46],"obtain_stats":[{"Potion Belt":9,"Tiny House":17,"Oddly Smooth Stone":11,"Cracked Core":0},{"Potion Belt":4,"Tiny House":9,"Oddly Smooth Stone":6,"Cracked Core":0},{"Potion Belt":9,"Tiny House":36,"Oddly Smooth Stone":17,"Cracked Core":0}]},"card_choices":[{"not_picked":["Stack","Loop"],"picked":"Streamline","floor":1.0},{"not_picked":["Recycle","Coolheaded"],"picked":"Go for the Eyes","floor":2.0},{"not_picked":["Redo","Sweeping Beam"],"picked":"Steam Power","floor":3.0},{"not_picked":["Steam","Cold Snap"],"picked":"Compile Driver","floor":5.0},{"not_picked":["Coolheaded","Genetic Algorithm"],"picked":"Gash","floor":10.0},{"not_picked":["Double Energy","Rainbow"],"picked":"Consume","floor":11.0},{"not_picked":["Go for the Eyes","Conserve Battery"],"picked":"Hologram","floor":13.0},{"not_picked":["Compile Driver","Steam"],"picked":"Coolheaded","floor":14.0},{"not_picked":["Thunder Strike","Meteor Strike"],"picked":"Buffer","floor":16.0},{"not_picked":["Compile Driver","Redo"],"picked":"Gash","floor":17},{"not_picked":["Sweeping Beam","Darkness"],"picked":"Cold Snap","floor":18},{"not_picked":["Steam","Redo"],"picked":"Compile Driver","floor":19}],"player_experience":847908,"relics_obtained":[{"floor":9.0,"key":"Potion Belt"},{"floor":11.0,"key":"Oddly Smooth Stone"}],"event_choices":[{"cards_removed":["Strike_B"],"damage_healed":0.0,"max_hp_gain":0.0,"max_hp_loss":0.0,"gold_gain":0.0,"event_name":"Purifier","player_choice":"Purged","floor":7.0,"gold_loss":0.0,"damage_taken":0.0}],"is_beta":false,"boss_relics":[{"not_picked":["Black Star","Runic Dome"],"picked":"Tiny House"}],"items_purged_floors":[4,20],"is_endless":false,"potions_floor_spawned":[2,3,5,13,16,18,19],"killed_by":"Snake Plant","ascension_level":19}}