{"host":"ufhw4cf0hh51lveu","time":1614144465,"event":{"mods":["BaseMod","DeckTracker","Lobotomy","Minty Spire (QoL Compilation)","SuperFastMode"],"gold_per_floor":[119,37,37,55,73,91,91,91,116,116,140,140,165,11,11,139,139,160,8,8,8],"floor_reached":20,"language":"KOR","playtime":463,"items_purged":["Strike_R"],"score":162,"play_id":"a870d324-e3dd-45a8-a427-e96d94d76888","local_time":"20210224142745","is_ascension_mode":false,"campfire_choices":[{"floor":7,"key":"RECALL"},{"data":"Body Slam","floor":12,"key":"SMITH"},{"data":"Feel No Pain","floor":15,"key":"SMITH"}],"circlet_count":0,"master_deck":["Strike_R","Strike_R","Strike_R","Defend_R","Defend_R","Defend_R","Defend_R","Bash","Demon Form","Reckless Charge","Second Wind","Battle Trance","Body Slam+1","Feel No Pain+1","Offering"],"relics":["Burning Blood","Golden Idol","Omamori","Odd Mushroom","Snecko Eye","Membership Card"],"acts_visited":["Exordium","TheCity"],"potions_floor_usage":[13,13,20],"damage_taken":[{"damage":6,"enemies":"2 Louse","floor":1,"turns":4},{"damage":5,"enemies":"Small Slimes","floor":4,"turns":3},{"damage":9,"enemies":"Jaw Worm","floor":5,"turns":4},{"damage":6,"enemies":"3 Louse","floor":6,"turns":3},{"damage":13,"enemies":"Red Slaver","floor":11,"turns":3},{"damage":4,"enemies":"The Mushroom Lair","floor":13,"turns":4},{"damage":56,"enemies":"Hexaghost","floor":16,"turns":10},{"damage":10,"enemies":"Chosen","floor":18,"turns":7},{"damage":18,"enemies":"Shell Parasite","floor":20,"turns":5}],"seed_played":"-3357008727947285819","potions_obtained":[{"floor":1,"key":"Dexterity Potion"},{"floor":4,"key":"LiquidBronze"},{"floor":16,"key":"ElixirPotion"},{"floor":18,"key":"Fire Potion"}],"is_trial":false,"path_per_floor":["M","$","?","M","M","M","R","?","T","?","M","R","?","$","R","B",null,"M","$","M"],"character_chosen":"IRONCLAD","items_purchased":["Second Wind","Feel No Pain","Membership Card"],"campfire_rested":0,"item_purchase_floors":[2,14,19],"current_hp_per_floor":[80,80,74,74,71,71,71,71,71,71,64,64,66,66,66,16,74,70,70,52,52],"gold":8,"neow_bonus":"ONE_RANDOM_RARE_CARD","is_daily":false,"chose_seed":false,"campfire_upgraded":2,"win_rate":0.0,"timestamp":1614144465,"path_taken":["M","$","?","M","M","M","R","?","T","?","M","R","?","$","R","BOSS","M","$","M"],"items_purchased_type":["Card","Card","Relic"],"build_version":"2020-12-22","purchased_purges":1,"victory":false,"max_hp_per_floor":[80,80,74,74,74,74,74,74,74,74,74,74,74,74,74,74,74,74,74,74,74],"card_choices":[{"not_picked":["Burning Pact","Pommel Strike"],"picked":"Reckless Charge","floor":1},{"not_picked":["Searing Blow","True Grit","Clash"],"picked":"SKIP","floor":4},{"not_picked":["Pommel Strike","Metallicize"],"picked":"Battle Trance","floor":5},{"not_picked":["Hemokinesis","Thunderclap"],"picked":"Body Slam","floor":6},{"not_picked":["Warcry","Blood for Blood","Flex"],"picked":"SKIP","floor":11},{"not_picked":["Double Tap","Limit Break"],"picked":"Offering","floor":16},{"not_picked":["Heavy Blade","Flex","Clash+1"],"picked":"SKIP","floor":18}],"player_experience":73921,"relics_obtained":[{"floor":9,"key":"Omamori"},{"floor":13,"key":"Odd Mushroom"}],"event_choices":[{"damage_healed":0,"gold_gain":0,"player_choice":"Lose Max HP","damage_taken":0,"relics_obtained":["Golden Idol"],"max_hp_gain":0,"max_hp_loss":6,"event_name":"Golden Idol","floor":3,"gold_loss":0},{"cards_removed":["Strike_R"],"damage_healed":0,"gold_gain":0,"player_choice":"Forget","damage_taken":0,"max_hp_gain":0,"max_hp_loss":0,"event_name":"Living Wall","floor":8,"gold_loss":0},{"damage_healed":0,"gold_gain":0,"player_choice":"Ignored","damage_taken":0,"max_hp_gain":0,"max_hp_loss":0,"event_name":"Liars Game","floor":10,"gold_loss":0},{"damage_healed":0,"gold_gain":0,"player_choice":"Fought Mushrooms","damage_taken":0,"max_hp_gain":0,"max_hp_loss":0,"event_name":"Mushrooms","floor":13,"gold_loss":0}],"is_beta":false,"boss_relics":[{"not_picked":["Fusion Hammer","Empty Cage"],"picked":"Snecko Eye"}],"items_purged_floors":[14],"is_endless":false,"potions_floor_spawned":[1,4,16,18],"killed_by":"Shell Parasite","ascension_level":0}}