{"host":"5n1fl7z5i1vf7jan","time":1614164875,"event":{"mods":["BaseMod","Minty Spire (QoL Compilation)","Quick Restart","Relic Stats"],"gold_per_floor":[118,118,132,132,151,151,194,212,267,307,320,343,363,61,61,157,157,175,175,175,100,0,0,0,23,48,48,83,8,27,70,70,70,70],"floor_reached":33,"language":"ENG","playtime":1111,"items_purged":["Pain","Strike_B"],"score":640,"play_id":"c3d89aa8-1bf1-49d9-bf3d-9db8979cd493","local_time":"20210224030755","is_ascension_mode":true,"campfire_choices":[{"data":"Hyperbeam","floor":6.0,"key":"SMITH"},{"floor":15.0,"key":"REST"},{"data":"Defragment","floor":23.0,"key":"SMITH"},{"data":"Coolheaded","floor":27.0,"key":"SMITH"},{"floor":32,"key":"REST"}],"circlet_count":0,"master_deck":["AscendersBane","Defend_B","Defend_B","Defend_B","Defend_B","Zap","Dualcast","Hyperbeam+1","Rebound","Coolheaded+1","Ball Lightning","Genetic Algorithm","Melter","Go for the Eyes","Leap","Hologram","Echo Form","Defragment+1","Loop","Steam","Cold Snap","Aggregate","Force Field","Ball Lightning"],"relics":["Cracked Core","Golden Idol","WarpedTongs","Symbiotic Virus","Happy Flower","PreservedInsect","Bag of Preparation","Black Star","Pen Nib","TungstenRod","Nunchaku","Dream Catcher","Lantern"],"acts_visited":["TheCity"],"potions_floor_usage":[31,31],"damage_taken":[{"damage":3.0,"enemies":"Small Slimes","floor":1.0,"turns":2.0},{"damage":0.0,"enemies":"2 Louse","floor":3.0,"turns":1.0},{"damage":0.0,"enemies":"Cultist","floor":5.0,"turns":1.0},{"damage":13.0,"enemies":"3 Sentries","floor":7.0,"turns":3.0},{"damage":0.0,"enemies":"3 Louse","floor":8.0,"turns":1.0},{"damage":12.0,"enemies":"Gremlin Nob","floor":10.0,"turns":3.0},{"damage":9.0,"enemies":"Blue Slaver","floor":11.0,"turns":3.0},{"damage":2.0,"enemies":"2 Fungi Beasts","floor":12.0,"turns":2.0},{"damage":0.0,"enemies":"Gremlin Gang","floor":13.0,"turns":1.0},{"damage":9.0,"enemies":"The Guardian","floor":16.0,"turns":11.0},{"damage":7.0,"enemies":"Chosen","floor":18.0,"turns":5.0},{"damage":16.0,"enemies":"Shell Parasite","floor":25.0,"turns":3.0},{"damage":0.0,"enemies":"Slavers","floor":28.0,"turns":3.0},{"damage":0.0,"enemies":"3 Cultists","floor":30.0,"turns":2.0},{"damage":8,"enemies":"Gremlin Leader","floor":31,"turns":5},{"damage":52,"enemies":"Automaton","floor":33,"turns":10}],"seed_played":"1968056625840732268","potions_obtained":[{"floor":5.0,"key":"Fire Potion"},{"floor":7.0,"key":"CultistPotion"},{"floor":8.0,"key":"Block Potion"},{"floor":12.0,"key":"SteroidPotion"},{"floor":13.0,"key":"Swift Potion"},{"floor":25.0,"key":"SkillPotion"},{"floor":28.0,"key":"Energy Potion"}],"is_trial":false,"path_per_floor":["M","?","M","?","M","R","E","M","T","E","M","M","M","$","R","B",null,"M","?","?","?","$","R","$","M","T","R","E","?","M","E","R","B"],"character_chosen":"DEFECT","items_purchased":["Bag of Preparation","Hologram"],"campfire_rested":2,"item_purchase_floors":[14,14],"current_hp_per_floor":[61,61,61,61,61,61,48,48,48,36,27,25,25,25,44,35,57,50,50,50,50,50,50,50,34,34,34,34,34,34,26,45,0,0],"gold":70,"neow_bonus":"ONE_RANDOM_RARE_CARD","is_daily":false,"chose_seed":false,"campfire_upgraded":3,"win_rate":0.0,"timestamp":1614164875,"path_taken":["M","?","M","?","M","R","E","M","T","E","?","M","M","$","R","BOSS","M","?","?","?","$","R","?","M","T","R","E","?","M","E","R","BOSS"],"items_purchased_type":["Relic","Card"],"build_version":"2020-12-22","purchased_purges":2,"victory":false,"max_hp_per_floor":[71,64,64,64,64,64,64,64,64,64,64,64,64,64,64,64,64,64,64,64,64,64,64,64,64,64,64,64,64,64,64,64,64,64],"relic_stats":{"Nunchaku":[2],"Dream Catcher":1,"Happy Flower":[16],"counters":[16,56],"Golden Idol":88,"PreservedInsect":90,"Pen Nib":[2],"Bag of Preparation":[14],"Black Star":2,"obtain_stats":[{"Lantern":31,"Happy Flower":9,"Golden Idol":2,"PreservedInsect":10,"Pen Nib":26,"Bag of Preparation":14,"WarpedTongs":4,"Nunchaku":28,"Dream Catcher":31,"Black Star":17,"Cracked Core":0,"Symbiotic Virus":7,"TungstenRod":28},{"Lantern":15,"Happy Flower":5,"Golden Idol":1,"PreservedInsect":6,"Pen Nib":12,"Bag of Preparation":9,"WarpedTongs":2,"Nunchaku":13,"Dream Catcher":15,"Black Star":10,"Cracked Core":0,"Symbiotic Virus":4,"TungstenRod":13},{"Lantern":46,"Happy Flower":8,"Golden Idol":2,"PreservedInsect":11,"Pen Nib":36,"Bag of Preparation":17,"WarpedTongs":3,"Nunchaku":39,"Dream Catcher":46,"Black Star":28,"Cracked Core":0,"Symbiotic Virus":7,"TungstenRod":39}],"TungstenRod":7,"WarpedTongs":[53]},"card_choices":[{"not_picked":["Redo","Tempest","Turbo"],"picked":"SKIP","floor":1.0},{"not_picked":["Steam","Chaos","Sunder"],"picked":"SKIP","floor":3.0},{"not_picked":["Go for the Eyes","Redo"],"picked":"Rebound","floor":5.0},{"not_picked":["Sunder","Tempest"],"picked":"Coolheaded","floor":7.0},{"not_picked":["Streamline","Turbo"],"picked":"Ball Lightning","floor":8.0},{"not_picked":["Tempest","Cold Snap"],"picked":"Genetic Algorithm","floor":10.0},{"not_picked":["Recycle","Turbo"],"picked":"Melter","floor":11.0},{"not_picked":["FTL","Genetic Algorithm"],"picked":"Go for the Eyes","floor":12.0},{"not_picked":["Reinforced Body","Stack"],"picked":"Leap","floor":13.0},{"not_picked":["Fission","Electrodynamics"],"picked":"Echo Form","floor":16.0},{"not_picked":["Capacitor+1","Hologram"],"picked":"Defragment","floor":18.0},{"not_picked":["Stack","Compile Driver"],"picked":"Steam","floor":25.0},{"not_picked":["Loop","Lockon+1"],"picked":"Cold Snap","floor":28.0},{"not_picked":["Turbo","Consume"],"picked":"Ball Lightning","floor":30.0},{"not_picked":["Gash","Barrage","Cold Snap"],"picked":"SKIP","floor":31}],"player_experience":398965,"relics_obtained":[{"floor":7.0,"key":"Symbiotic Virus"},{"floor":9.0,"key":"Happy Flower"},{"floor":10.0,"key":"PreservedInsect"},{"floor":26.0,"key":"Pen Nib"},{"floor":28.0,"key":"TungstenRod"},{"floor":28.0,"key":"Nunchaku"},{"floor":31,"key":"Dream Catcher"},{"floor":31,"key":"Lantern"}],"event_choices":[{"damage_healed":0.0,"max_hp_gain":0.0,"max_hp_loss":7.0,"gold_gain":0.0,"event_name":"Golden Idol","player_choice":"Lose Max HP","floor":2.0,"gold_loss":0.0,"damage_taken":0.0,"relics_obtained":["Golden Idol"]},{"damage_healed":0.0,"max_hp_gain":0.0,"max_hp_loss":0.0,"gold_gain":0.0,"event_name":"Accursed Blacksmith","player_choice":"Rummage","floor":4.0,"gold_loss":0.0,"damage_taken":0.0,"relics_obtained":["WarpedTongs"],"cards_obtained":["Pain"]},{"damage_healed":0.0,"max_hp_gain":0.0,"max_hp_loss":0.0,"gold_gain":0.0,"cards_transformed":["Strike_B","Strike_B"],"event_name":"Drug Dealer","player_choice":"Became Test Subject","floor":19.0,"gold_loss":0.0,"damage_taken":0.0,"cards_obtained":["Aggregate","Blizzard"]},{"damage_healed":0.0,"max_hp_gain":0.0,"max_hp_loss":0.0,"gold_gain":0.0,"event_name":"The Library","player_choice":"Read","floor":20.0,"gold_loss":0.0,"damage_taken":0.0,"cards_obtained":["Loop"]},{"cards_removed":["Strike_B"],"damage_healed":0.0,"max_hp_gain":0.0,"max_hp_loss":0.0,"gold_gain":0.0,"event_name":"Beggar","player_choice":"Gave Gold","floor":21.0,"gold_loss":75.0,"damage_taken":0.0},{"damage_healed":0.0,"max_hp_gain":0.0,"max_hp_loss":0.0,"gold_gain":0.0,"cards_transformed":["Blizzard","Aggregate"],"event_name":"Designer","player_choice":"Transformed Cards","floor":29.0,"gold_loss":75.0,"damage_taken":0.0,"cards_obtained":["Aggregate","Force Field"]}],"is_beta":false,"boss_relics":[{"not_picked":["Empty Cage","SacredBark"],"picked":"Black Star"}],"items_purged_floors":[14,22],"is_endless":false,"potions_floor_spawned":[5,7,8,12,13,25,28],"killed_by":"Automaton","ascension_level":20}}