{"host":"wppa8gky53tnknhf","time":1614169293,"event":{"mods":["AchievementEnabler","Act Like it!","BaseMod","Better Third Choice","BetterRewards","Card Forge","Colored Powertips","Hubris","Infinite Spire","Marked Mod","Minty Spire (QoL Compilation)","Permanent Neow","Quick Restart","Rare Cards Sparkle","Relic Stats","Reliquary","Remove Card Discount Mod","Replay The Spire","Spikes Relics","Spire Birthday Party","StSLib","Wandering Minibosses"],"gold_per_floor":[113,126,145,157,225,250,250,280,280,280,294,294,294,320,320,423,423,437,447,459,477,477,510,510,539,563,563,404,429,443,477,477,575,575,593,613,632,236,236,236],"floor_reached":39,"language":"ENG","playtime":1084,"items_purged":[],"score":531,"play_id":"2d4a6675-d834-4ad2-bb47-f2013a0b7d8b","local_time":"20210224122133","is_ascension_mode":true,"campfire_choices":[{"floor":7,"key":"RECALL"},{"floor":10,"key":"REST"},{"floor":15,"key":"REST"},{"floor":24,"key":"REST"},{"floor":32,"key":"REST"}],"circlet_count":0,"master_deck":["Strike_R+1","Strike_R+1","Strike_R+1","Strike_R+1","Strike_R+1","Defend_R+1","Defend_R+1","Defend_R+1","Defend_R+1","Bash+1","Bludgeon+1","Thunderclap+1","Sword Boomerang+1","Shrug It Off+1","Twin Strike+1","Iron Wave+1","Perfected Strike+1","BarbarianYell+1","Cleave+1","Iron Wave+1","Twin Strike+1","Iron Wave+1","Twin Strike+1","Flame Barrier+1","Pommel Strike+1","Bludgeon","Absolvement+1","Pummel","Perfected Strike","Flex","BarbarianYell+1"],"relics":["Black Blood","Hammer of Thor","Seething Fire","Anvil of the Gods","hubris:IronBody","Fusion Hammer","The Courier","Ice Cream","reliquary:Buckler","NlothsMask","SpikesRelics:DaevaFist","TungstenRod","infinitespire:Broken Mirror","Girya","DollysMirror"],"acts_visited":["Exordium","TheCity","TheBeyond"],"potions_floor_usage":[6,14,14,16,18,23,25,31,31,33,36],"damage_taken":[{"damage":0,"enemies":"Cultist","floor":1,"turns":2},{"damage":11,"enemies":"Jaw Worm","floor":2,"turns":2},{"damage":0,"enemies":"2 Louse","floor":3,"turns":2},{"damage":0,"enemies":"Blue Slaver","floor":4,"turns":2},{"damage":6,"enemies":"3 Sentries","floor":6,"turns":7},{"damage":14,"enemies":"Gremlin Nob","floor":8,"turns":3},{"damage":0,"enemies":"2 Fungi Beasts","floor":11,"turns":2},{"damage":15,"enemies":"Lagavulin","floor":14,"turns":4},{"damage":39,"enemies":"Hexaghost","floor":16,"turns":6},{"damage":27,"enemies":"Shell Parasite","floor":18,"turns":8},{"damage":15,"enemies":"2 Thieves","floor":19,"turns":4},{"damage":20,"enemies":"Sentry and Sphere","floor":20,"turns":4},{"damage":10,"enemies":"Cultist and Chosen","floor":21,"turns":3},{"damage":8,"enemies":"Book of Stabbing","floor":23,"turns":5},{"damage":19,"enemies":"Slavers","floor":25,"turns":4},{"damage":35,"enemies":"Gremlin Leader","floor":29,"turns":6},{"damage":9,"enemies":"Centurion and Healer","floor":30,"turns":4},{"damage":0,"enemies":"Slavers","floor":31,"turns":4},{"damage":19,"enemies":"hubris:MusketHawk","floor":33,"turns":8},{"damage":0,"enemies":"Orb Walker","floor":35,"turns":3},{"damage":16,"enemies":"3 Darklings","floor":36,"turns":4},{"damage":55,"enemies":"Transient","floor":37,"turns":5},{"damage":36,"enemies":"Maw","floor":39,"turns":7}],"seed_played":"-1173810379800353672","potions_obtained":[{"floor":4,"key":"PowerPotion"},{"floor":6,"key":"SneckoOil"},{"floor":12,"key":"FearPotion"},{"floor":12,"key":"Weak Potion"},{"floor":14,"key":"DistilledChaos"},{"floor":16,"key":"Fire Potion"},{"floor":19,"key":"Block Potion"},{"floor":20,"key":"FearPotion"},{"floor":23,"key":"Ancient Potion"},{"floor":30,"key":"infinitespire:BlackPotion"},{"floor":35,"key":"Energy Potion"},{"floor":37,"key":"EssenceOfSteel"}],"is_trial":false,"path_per_floor":["M","M","M","M","?","E","R","E","T","R","M","?","$","E","R","B",null,"M","M","M","M","AVR","E","R","E","T","?","$","E","M","E","R","B",null,"M","M","M","$","M"],"character_chosen":"IRONCLAD","items_purchased":["SpikesRelics:DaevaFist","Twin Strike","Girya","Flex","DollysMirror"],"campfire_rested":4,"item_purchase_floors":[28,28,38,38,38],"current_hp_per_floor":[80,75,80,80,80,80,80,72,72,80,80,80,80,71,80,47,80,59,50,36,32,32,30,54,41,41,41,41,12,9,15,39,26,80,80,76,33,33,0,0],"gold":236,"neow_bonus":"ONE_RANDOM_RARE_CARD","is_daily":false,"chose_seed":false,"campfire_upgraded":0,"win_rate":0.0,"timestamp":1614169293,"path_taken":["M","M","M","M","?","E","R","E","T","R","M","?","$","E","R","BOSS","M","M","M","M","AVR","E","R","E","T","?","$","E","M","E","R","BOSS","M","M","M","$","M"],"items_purchased_type":["Relic","Card","Relic","Card","Relic"],"build_version":"2020-12-22","purchased_purges":0,"victory":false,"max_hp_per_floor":[80,80,80,80,80,80,80,80,80,80,80,80,80,80,80,80,80,80,80,80,80,80,80,80,80,80,80,80,80,80,80,80,80,80,80,80,80,80,80,80],"relic_stats":{"counters":[23,99],"Black Blood":119,"obtain_stats":[{"Ice Cream":23,"Girya":38,"Black Blood":34,"Hammer of Thor":0,"The Courier":22,"Seething Fire":0,"Burning Blood":0,"Anvil of the Gods":0,"infinitespire:Broken Mirror":31,"DollysMirror":38,"reliquary:Buckler":25,"hubris:IronBody":9,"Fusion Hammer":17,"SpikesRelics:DaevaFist":28,"TungstenRod":29,"NlothsMask":27},{"Ice Cream":14,"Girya":22,"Black Blood":19,"Hammer of Thor":0,"The Courier":13,"Seething Fire":0,"Burning Blood":0,"Anvil of the Gods":0,"infinitespire:Broken Mirror":18,"DollysMirror":22,"reliquary:Buckler":15,"hubris:IronBody":6,"Fusion Hammer":9,"SpikesRelics:DaevaFist":15,"TungstenRod":16,"NlothsMask":15},{"Ice Cream":54,"Girya":92,"Black Blood":80,"Hammer of Thor":0,"The Courier":49,"Seething Fire":0,"Burning Blood":0,"Anvil of the Gods":0,"infinitespire:Broken Mirror":72,"DollysMirror":92,"reliquary:Buckler":58,"hubris:IronBody":18,"Fusion Hammer":30,"SpikesRelics:DaevaFist":58,"TungstenRod":64,"NlothsMask":58}],"TungstenRod":20},"card_choices":[{"not_picked":["Searing Blow","Havoc","Armaments"],"picked":"SKIP","floor":1},{"not_picked":["hubris:CleavingFinish","Flex"],"picked":"Thunderclap","floor":2},{"not_picked":["Wild Strike","Uppercut"],"picked":"Sword Boomerang","floor":3},{"not_picked":["Replay:Many Hands","Clothesline","Wild Strike"],"picked":"SKIP","floor":4},{"not_picked":["Feed","Massacre"],"picked":"Shrug It Off","floor":6},{"not_picked":["Sword Boomerang","True Grit"],"picked":"Twin Strike","floor":8},{"not_picked":["Evolve","Sword Boomerang"],"picked":"Iron Wave","floor":11},{"not_picked":["Heavy Blade","Carnage"],"picked":"Perfected Strike","floor":14},{"not_picked":["Iron Wave","Shockwave"],"picked":"BarbarianYell","floor":18},{"not_picked":["Armaments","hubris:ReadiedAction"],"picked":"Cleave","floor":19},{"not_picked":["Shrug It Off","Warcry+1"],"picked":"Iron Wave","floor":20},{"not_picked":["ReplayTheSpireMod:Muscle Training","ReplayTheSpireMod:Strike From Hell"],"picked":"Twin Strike","floor":21},{"not_picked":["ReplayTheSpireMod:Muscle Training","hubris:ReadiedAction","ReplayReversal+1"],"picked":"SKIP","floor":23},{"not_picked":["Havoc+1","Armaments+1"],"picked":"Iron Wave","floor":25},{"not_picked":["Corruption","Clothesline+1","Anger"],"picked":"SKIP","floor":29},{"not_picked":["ReplayTheSpireMod:Strike From Hell","Immolate"],"picked":"Flame Barrier","floor":30},{"not_picked":["Headbutt","Heavy Blade"],"picked":"Pommel Strike","floor":31},{"not_picked":["Exhume","Immolate"],"picked":"Bludgeon","floor":33},{"not_picked":["Wild Strike+1","Reckless Charge","Absolvement+1"],"picked":"SKIP","floor":35},{"not_picked":["Wild Strike+1","Reckless Charge"],"picked":"Absolvement+1","floor":35},{"not_picked":["Havoc","True Grit+1"],"picked":"Pummel","floor":36},{"not_picked":["Thunderclap+1","Clothesline"],"picked":"Perfected Strike","floor":37}],"player_experience":732788,"relics_obtained":[{"floor":9,"key":"hubris:IronBody"},{"floor":23,"key":"Ice Cream"},{"floor":25,"key":"reliquary:Buckler"},{"floor":29,"key":"TungstenRod"},{"floor":31,"key":"infinitespire:Broken Mirror"}],"event_choices":[{"damage_healed":0,"gold_gain":68,"player_choice":"Gained Gold","damage_taken":0,"max_hp_gain":0,"max_hp_loss":0,"event_name":"Golden Wing","floor":5,"gold_loss":0},{"damage_healed":0,"gold_gain":0,"player_choice":"Got Potions","damage_taken":0,"max_hp_gain":0,"max_hp_loss":0,"event_name":"Lab","floor":12,"gold_loss":0},{"damage_healed":0,"gold_gain":0,"player_choice":"Trade","damage_taken":0,"relics_obtained":["NlothsMask"],"max_hp_gain":0,"max_hp_loss":0,"event_name":"FaceTrader","floor":27,"gold_loss":0}],"is_beta":false,"boss_relics":[{"not_picked":["Runic Dome","infinitespire:Burning Sword"],"picked":"Fusion Hammer"},{"not_picked":["Painkiller Herb","reliquary:RedPaperclip"],"picked":"Black Blood"}],"items_purged_floors":[],"is_endless":false,"potions_floor_spawned":[4,6,14,16,19,20,21,23,30,35,37],"killed_by":"Maw","ascension_level":1}}