{"host":"x8s7139x96bc3le0","time":1614165905,"event":{"mods":["AchievementEnabler","BaseMod","Bestiary","Minty Spire (QoL Compilation)","Relic Stats","ojb\u0027s Better Paths Mod","ojb\u0027s Info Mod"],"gold_per_floor":[118,43,43,43,67,67,105,121,121,141,180,251,50,50,50,146,146,166,166,166,179,193,193,193],"floor_reached":23,"language":"ENG","playtime":835,"items_purged":[],"score":437,"play_id":"a99ecb4f-e59e-4536-b6f4-63870b6334b0","local_time":"20210224122505","is_ascension_mode":true,"campfire_choices":[{"data":"Bash","floor":6,"key":"SMITH"},{"floor":15,"key":"REST"}],"circlet_count":0,"master_deck":["AscendersBane","Strike_R","Strike_R","Strike_R","Strike_R","Defend_R","Defend_R","Defend_R","Defend_R","Bash+1","Fire Breathing","Blood for Blood","Cleave","Twin Strike","Shrug It Off","Apotheosis","Corruption","Battle Trance","RitualDagger","Ghostly","Ghostly","Ghostly","Feel No Pain+1"],"relics":["Burning Blood","NeowsBlessing","Golden Idol","InkBottle","Pear","Nunchaku","Cursed Key"],"acts_visited":["Exordium","TheCity"],"potions_floor_usage":[11,18,22],"damage_taken":[{"damage":0,"enemies":"Small Slimes","floor":1,"turns":1},{"damage":0,"enemies":"2 Louse","floor":5,"turns":1},{"damage":0,"enemies":"3 Sentries","floor":7,"turns":2},{"damage":2,"enemies":"Cultist","floor":8,"turns":4},{"damage":12,"enemies":"Looter","floor":10,"turns":4},{"damage":55,"enemies":"Lagavulin","floor":11,"turns":6},{"damage":32,"enemies":"Hexaghost","floor":16,"turns":9},{"damage":39,"enemies":"3 Byrds","floor":18,"turns":6},{"damage":8,"enemies":"Chosen","floor":21,"turns":6},{"damage":18,"enemies":"Snecko","floor":22,"turns":5},{"damage":19,"enemies":"Book of Stabbing","floor":23,"turns":2}],"seed_played":"5390357288192002612","potions_obtained":[{"floor":5,"key":"PowerPotion"},{"floor":10,"key":"HeartOfIron"},{"floor":11,"key":"Strength Potion"},{"floor":21,"key":"ColorlessPotion"}],"is_trial":false,"path_per_floor":["M","?","?","?","M","R","E","M","T","M","E","?","$","$","R","B",null,"M","?","?","M","M","E"],"character_chosen":"IRONCLAD","items_purchased":["Apotheosis"],"campfire_rested":1,"item_purchase_floors":[13],"current_hp_per_floor":[74,74,79,72,72,72,72,72,82,76,27,27,27,27,51,25,68,35,29,29,27,15,0,0],"gold":193,"neow_bonus":"THREE_ENEMY_KILL","is_daily":false,"chose_seed":false,"campfire_upgraded":1,"win_rate":0.0,"timestamp":1614165905,"path_taken":["M","?","?","?","M","R","E","M","T","M","E","?","?","$","R","BOSS","M","?","?","M","M","E"],"items_purchased_type":["Card"],"build_version":"2020-12-22","purchased_purges":0,"victory":false,"max_hp_per_floor":[75,75,80,72,72,72,72,72,82,82,82,82,82,82,82,82,82,82,82,41,41,41,41,41],"relic_stats":{"Nunchaku":[5],"counters":[11,46],"Golden Idol":57,"Cursed Key":0,"obtain_stats":[{"Nunchaku":11,"Pear":9,"NeowsBlessing":0,"Golden Idol":4,"Cursed Key":17,"Burning Blood":0,"InkBottle":7},{"Nunchaku":6,"Pear":4,"NeowsBlessing":0,"Golden Idol":1,"Cursed Key":7,"Burning Blood":0,"InkBottle":3},{"Nunchaku":18,"Pear":8,"NeowsBlessing":0,"Golden Idol":1,"Cursed Key":27,"Burning Blood":0,"InkBottle":4}],"Burning Blood":44,"InkBottle":[11]},"card_choices":[{"not_picked":["Flex","Body Slam"],"picked":"Fire Breathing","floor":1},{"not_picked":["Burning Pact","Metallicize"],"picked":"Blood for Blood","floor":5},{"not_picked":["Rupture","Warcry"],"picked":"Cleave","floor":7},{"not_picked":["Clash","Body Slam","Second Wind"],"picked":"SKIP","floor":8},{"not_picked":["Double Tap","Iron Wave"],"picked":"Twin Strike","floor":10},{"not_picked":["Wild Strike","Warcry"],"picked":"Shrug It Off","floor":11},{"not_picked":["Brutality","Fiend Fire"],"picked":"Corruption","floor":16},{"not_picked":["Thunderclap","Clothesline"],"picked":"Battle Trance","floor":18},{"not_picked":["Sword Boomerang+1","True Grit","Warcry"],"picked":"SKIP","floor":21},{"not_picked":["Thunderclap","Cleave"],"picked":"Feel No Pain+1","floor":22}],"player_experience":885110,"relics_obtained":[{"floor":7,"key":"InkBottle"},{"floor":9,"key":"Pear"},{"floor":11,"key":"Nunchaku"}],"event_choices":[{"cards_removed":["Strike_R"],"damage_healed":0,"gold_gain":0,"player_choice":"Card Removal","damage_taken":0,"max_hp_gain":0,"max_hp_loss":0,"event_name":"The Cleric","floor":2,"gold_loss":75},{"damage_healed":0,"gold_gain":0,"player_choice":"Donut","damage_taken":0,"max_hp_gain":5,"max_hp_loss":0,"event_name":"Big Fish","floor":3,"gold_loss":0},{"damage_healed":0,"gold_gain":0,"player_choice":"Lose Max HP","damage_taken":0,"relics_obtained":["Golden Idol"],"max_hp_gain":0,"max_hp_loss":8,"event_name":"Golden Idol","floor":4,"gold_loss":0},{"damage_healed":0,"gold_gain":71,"player_choice":"Gained Gold","damage_taken":0,"max_hp_gain":0,"max_hp_loss":0,"event_name":"Golden Wing","floor":12,"gold_loss":0},{"damage_healed":0,"gold_gain":0,"player_choice":"Joined the Cult","damage_taken":6,"max_hp_gain":0,"max_hp_loss":0,"event_name":"Nest","floor":19,"gold_loss":0,"cards_obtained":["RitualDagger"]},{"damage_healed":0,"gold_gain":0,"player_choice":"Became a Ghost","damage_taken":0,"max_hp_gain":0,"max_hp_loss":41,"event_name":"Ghosts","floor":20,"gold_loss":0,"cards_obtained":["Ghostly","Ghostly","Ghostly"]}],"is_beta":false,"boss_relics":[{"not_picked":["Ectoplasm","Runic Dome"],"picked":"Cursed Key"}],"items_purged_floors":[],"is_endless":false,"potions_floor_spawned":[5,10,11,16,21],"killed_by":"Book of Stabbing","ascension_level":19}}