{"host":"11728qvdvolffudn","time":1614194389,"event":{"mods":["BaseMod","Block Reminder","Colored Powertips","Curses Come First","Custom Start","Displayed Cursed Tome","Highlight Path","Minty Spire (QoL Compilation)","Permanent Neow","Quick Restart","Rare Cards Sparkle","Relic Stats","StSLib","Weighted Paths"],"gold_per_floor":[117,129,54,73,89,109,9,9,32,32,62,62,93,111,111,215,215,230,155,155,155,104,104,139,139,189,200,215,215,130,145,145,250,250,262,105,119,119,137,137,171,189,212,212,68,68,68],"floor_reached":46,"language":"ENG","playtime":1481,"items_purged":["Normality","Strike_R"],"score":577,"play_id":"1d054bd5-814c-4f3e-803b-2929a38acdf4","local_time":"20210224191949","is_ascension_mode":true,"campfire_choices":[{"data":"Immolate","floor":8,"key":"SMITH"},{"data":"Defend_R","floor":12,"key":"SMITH"},{"data":"Flex","floor":15,"key":"SMITH"},{"data":"Feed","floor":23,"key":"SMITH"},{"data":"Flex","floor":25,"key":"SMITH"},{"data":"Defend_R","floor":29,"key":"SMITH"},{"floor":32,"key":"REST"},{"data":"Whirlwind","floor":40,"key":"SMITH"},{"data":"Rampage","floor":44,"key":"SMITH"}],"circlet_count":0,"master_deck":["Strike_R","Strike_R+1","Strike_R","Defend_R+1","Defend_R+1","Defend_R+1","Defend_R+1","Bash+1","Immolate+1","Flex+1","Feed+1","Flex+1","Flex+1","Rampage+1","Whirlwind+1","Flex","Flex","Immolate"],"relics":["Black Blood","Toy Ornithopter","Art of War","Whetstone","Mango","StoneCalendar","Boot","Kunai","Philosopher\u0027s Stone","Toolbox","Sundial","War Paint"],"acts_visited":["Exordium","TheCity","TheBeyond"],"potions_floor_usage":[11,11,18,24,33,33,33,41],"damage_taken":[{"damage":8,"enemies":"2 Louse","floor":1,"turns":2},{"damage":6,"enemies":"Small Slimes","floor":2,"turns":2},{"damage":1,"enemies":"Jaw Worm","floor":4,"turns":3},{"damage":4,"enemies":"Exordium Wildlife","floor":5,"turns":4},{"damage":6,"enemies":"Blue Slaver","floor":6,"turns":4},{"damage":28,"enemies":"Lagavulin","floor":11,"turns":4},{"damage":12,"enemies":"3 Sentries","floor":13,"turns":3},{"damage":5,"enemies":"Red Slaver","floor":14,"turns":3},{"damage":46,"enemies":"Slime Boss","floor":16,"turns":8},{"damage":15,"enemies":"Shell Parasite","floor":18,"turns":4},{"damage":43,"enemies":"Slavers","floor":24,"turns":5},{"damage":21,"enemies":"3 Byrds","floor":27,"turns":4},{"damage":24,"enemies":"Snake Plant","floor":28,"turns":3},{"damage":29,"enemies":"Snecko","floor":31,"turns":6},{"damage":67,"enemies":"Collector","floor":33,"turns":8},{"damage":23,"enemies":"3 Shapes","floor":35,"turns":2},{"damage":12,"enemies":"Orb Walker","floor":37,"turns":3},{"damage":11,"enemies":"Sphere and 2 Shapes","floor":39,"turns":3},{"damage":15,"enemies":"Reptomancer","floor":41,"turns":4},{"damage":55,"enemies":"Maw","floor":42,"turns":7},{"damage":0,"enemies":"Giant Head","floor":46,"turns":1}],"seed_played":"7161560608542603872","potions_obtained":[{"floor":1,"key":"Swift Potion"},{"floor":2,"key":"Block Potion"},{"floor":5,"key":"DuplicationPotion"},{"floor":11,"key":"FearPotion"},{"floor":16,"key":"Explosive Potion"},{"floor":24,"key":"Block Potion"},{"floor":31,"key":"Energy Potion"},{"floor":33,"key":"Strength Potion"},{"floor":37,"key":"Explosive Potion"},{"floor":39,"key":"Fire Potion"},{"floor":42,"key":"Explosive Potion"}],"is_trial":false,"path_per_floor":["M","M","$","M","M","M","$","R","T","?","E","R","E","M","R","B",null,"M","?","?","$","$","R","E","R","T","M","M","R","?","M","R","B",null,"M","$","M","?","M","R","E","M","T","R","$","E"],"character_chosen":"IRONCLAD","items_purchased":["Flex","Toolbox","Immolate"],"campfire_rested":1,"item_purchase_floors":[22,36,45],"current_hp_per_floor":[78,78,78,80,80,80,80,80,80,80,66,66,74,75,75,35,94,94,94,94,94,94,94,72,72,72,67,55,55,55,38,68,28,102,91,91,95,95,100,100,102,59,59,59,59,59,59],"gold":68,"neow_bonus":"THREE_RARE_CARDS","is_daily":false,"chose_seed":false,"campfire_upgraded":8,"win_rate":0.0,"timestamp":1614194389,"path_taken":["M","M","$","M","M","M","$","R","T","?","E","R","E","M","R","BOSS","M","?","?","?","$","R","E","R","T","?","M","R","?","M","R","BOSS","M","$","M","?","M","R","E","M","T","R","$","E"],"items_purchased_type":["Card","Relic","Card"],"build_version":"2020-12-22","purchased_purges":2,"victory":false,"max_hp_per_floor":[80,80,80,80,80,80,80,80,80,80,80,80,94,94,94,94,94,94,94,94,94,94,94,98,98,98,102,102,102,102,102,102,102,102,102,102,106,106,110,110,110,110,110,110,110,110,110],"relic_stats":{"counters":[21,82],"Sundial":[0],"Black Blood":179,"StoneCalendar":[73],"Art of War":[4],"Whetstone":["Strike_R","Bash"],"Kunai":[5],"War Paint":["Defend_R","Defend_R"],"Boot":[7],"obtain_stats":[{"Black Blood":17,"Mango":13,"StoneCalendar":24,"Whetstone":11,"War Paint":43,"Boot":26,"Burning Blood":0,"Sundial":41,"Toolbox":36,"Philosopher\u0027s Stone":34,"Art of War":10,"Kunai":30,"Toy Ornithopter":9},{"Black Blood":9,"Mango":7,"StoneCalendar":11,"Whetstone":6,"War Paint":20,"Boot":11,"Burning Blood":0,"Sundial":19,"Toolbox":16,"Philosopher\u0027s Stone":15,"Art of War":5,"Kunai":13,"Toy Ornithopter":5},{"Black Blood":33,"Mango":22,"StoneCalendar":42,"Whetstone":19,"War Paint":82,"Boot":42,"Burning Blood":0,"Sundial":75,"Toolbox":65,"Philosopher\u0027s Stone":63,"Art of War":15,"Kunai":49,"Toy Ornithopter":15}],"Toy Ornithopter":38},"card_choices":[{"not_picked":["Impervious","Double Tap"],"picked":"Immolate","floor":0},{"not_picked":["Carnage","Ghostly Armor","Iron Wave"],"picked":"SKIP","floor":1},{"not_picked":["True Grit","Sentinel","Power Through"],"picked":"SKIP","floor":2},{"not_picked":["Clash","Sever Soul","Headbutt"],"picked":"SKIP","floor":4},{"not_picked":["Iron Wave","Cleave","Carnage"],"picked":"SKIP","floor":5},{"not_picked":["Pommel Strike","Thunderclap","Second Wind"],"picked":"SKIP","floor":6},{"not_picked":["Thunderclap","Corruption","Sword Boomerang"],"picked":"SKIP","floor":11},{"not_picked":["Wild Strike","Inflame","Perfected Strike"],"picked":"SKIP","floor":13},{"not_picked":["Heavy Blade","Infernal Blade"],"picked":"Flex","floor":14},{"not_picked":["Corruption","Brutality"],"picked":"Feed","floor":16},{"not_picked":["Bloodletting+1","Shrug It Off","Clothesline+1"],"picked":"SKIP","floor":18},{"not_picked":["Clothesline+1","Ghostly Armor","Iron Wave"],"picked":"SKIP","floor":24},{"not_picked":["Cleave","Shockwave","Uppercut+1"],"picked":"SKIP","floor":27},{"not_picked":["Combust","Wild Strike"],"picked":"Flex+1","floor":28},{"not_picked":["Perfected Strike","Twin Strike"],"picked":"Rampage","floor":31},{"not_picked":["Iron Wave","Heavy Blade","Bloodletting"],"picked":"SKIP","floor":35},{"not_picked":["Heavy Blade","Clash+1","Feel No Pain"],"picked":"SKIP","floor":37},{"not_picked":["Dual Wield","Spot Weakness+1"],"picked":"Whirlwind","floor":39},{"not_picked":["Metallicize+1","Dark Embrace"],"picked":"Flex","floor":41},{"not_picked":["Cleave","Wild Strike+1"],"picked":"Flex","floor":42}],"player_experience":134664,"relics_obtained":[{"floor":9,"key":"Toy Ornithopter"},{"floor":11,"key":"Whetstone"},{"floor":13,"key":"Mango"},{"floor":24,"key":"StoneCalendar"},{"floor":26,"key":"Boot"},{"floor":41,"key":"Sundial"},{"floor":43,"key":"War Paint"}],"event_choices":[{"damage_healed":0,"gold_gain":0,"player_choice":"Box","damage_taken":0,"relics_obtained":["Art of War"],"max_hp_gain":0,"max_hp_loss":0,"event_name":"Big Fish","floor":10,"gold_loss":0,"cards_obtained":["Regret"]},{"cards_removed":["Regret"],"damage_healed":0,"gold_gain":0,"player_choice":"Gave Gold","damage_taken":0,"max_hp_gain":0,"max_hp_loss":0,"event_name":"Beggar","floor":19,"gold_loss":75},{"damage_healed":0,"gold_gain":0,"player_choice":"Ignored","damage_taken":0,"max_hp_gain":0,"max_hp_loss":0,"event_name":"Vampires","floor":20,"gold_loss":0},{"damage_healed":0,"gold_gain":0,"player_choice":"Obtained Relic","damage_taken":0,"relics_obtained":["Kunai"],"max_hp_gain":0,"max_hp_loss":0,"event_name":"Addict","floor":30,"gold_loss":85},{"cards_removed":["Strike_R"],"damage_healed":0,"gold_gain":0,"player_choice":"Purged","damage_taken":0,"max_hp_gain":0,"max_hp_loss":0,"event_name":"Purifier","floor":38,"gold_loss":0}],"is_beta":false,"boss_relics":[{"not_picked":["Busted Crown","Runic Cube"],"picked":"Black Blood"},{"not_picked":["Pandora\u0027s Box","Snecko Eye"],"picked":"Philosopher\u0027s Stone"}],"items_purged_floors":[3,7],"is_endless":false,"potions_floor_spawned":[1,2,5,11,16,24,31,33,37,39,42],"killed_by":"Giant Head","ascension_level":1}}