{"host":"tlbbab9afexrkdtf","time":1614202030,"event":{"mods":["2.2 Compatiblity","AchievementEnabler","BaseMod","Colored Map","Colored Powertips","Minty Spire (QoL Compilation)","Rare Cards Sparkle","StSLib"],"gold_per_floor":[363,375,375,394,89,120,120,120,195,195,5,80,94,110,110,215,215,231,231,231],"floor_reached":19,"language":"ENG","playtime":406,"items_purged":[],"score":242,"play_id":"1d35b587-18b9-4c37-aff4-437fba08ac32","local_time":"20210224162710","is_ascension_mode":true,"campfire_choices":[{"floor":8,"key":"REST"},{"floor":10,"key":"REST"},{"floor":15,"key":"REST"}],"circlet_count":0,"master_deck":["Strike_B","Strike_B","Strike_B","Strike_B","Defend_B","Defend_B+1","Defend_B","Defend_B","Zap+1","Dualcast","Coolheaded","Coolheaded","Conserve Battery","Auto Shields","Lockon","Ball Lightning","Self Repair","Electrodynamics","Steam+1"],"relics":["Cracked Core","War Paint","Sling","Happy Flower","Letter Opener","Incense Burner","Blue Candle","Runic Capacitor","Inserter"],"acts_visited":["Exordium","TheCity"],"potions_floor_usage":[14],"damage_taken":[{"damage":6,"enemies":"Cultist","floor":1,"turns":3},{"damage":12,"enemies":"Jaw Worm","floor":2,"turns":5},{"damage":5,"enemies":"Small Slimes","floor":4,"turns":3},{"damage":23,"enemies":"Lagavulin","floor":6,"turns":8},{"damage":0,"enemies":"Blue Slaver","floor":13,"turns":2},{"damage":4,"enemies":"3 Louse","floor":14,"turns":3},{"damage":19,"enemies":"Slime Boss","floor":16,"turns":11},{"damage":34,"enemies":"2 Thieves","floor":18,"turns":4},{"damage":44,"enemies":"Masked Bandits","floor":19,"turns":3}],"seed_played":"1539590115126600120","potions_obtained":[{"floor":1,"key":"Swift Potion"},{"floor":13,"key":"Block Potion"}],"is_trial":false,"path_per_floor":["M","M","?","M","$","E","?","R","T","R","$","?","M","M","R","B",null,"M","?"],"character_chosen":"DEFECT","items_purchased":["Sling","Happy Flower","Runic Capacitor","Lockon"],"campfire_rested":3,"item_purchase_floors":[5,5,11,11],"current_hp_per_floor":[62,50,50,45,45,22,15,35,35,55,55,44,44,40,60,48,63,36,0,0],"gold":231,"neow_bonus":"TWO_FIFTY_GOLD","is_daily":false,"chose_seed":false,"campfire_upgraded":0,"win_rate":0.0,"timestamp":1614202030,"path_taken":["M","?","?","?","$","E","?","R","T","R","$","?","M","M","R","BOSS","M","?"],"items_purchased_type":["Relic","Relic","Relic","Card"],"build_version":"2020-12-22","purchased_purges":0,"victory":false,"max_hp_per_floor":[68,68,68,68,68,68,68,68,68,68,68,68,68,68,68,68,68,68,68,68],"card_choices":[{"not_picked":["Glacier","Defragment"],"picked":"Coolheaded","floor":1},{"not_picked":["Undo","Streamline"],"picked":"Coolheaded","floor":2},{"not_picked":["Compile Driver","Biased Cognition"],"picked":"Conserve Battery","floor":4},{"not_picked":["Compile Driver","Sweeping Beam"],"picked":"Auto Shields","floor":6},{"not_picked":["Sweeping Beam","Gash"],"picked":"Ball Lightning","floor":13},{"not_picked":["Hologram","Conserve Battery"],"picked":"Self Repair","floor":14},{"not_picked":["Amplify","Buffer"],"picked":"Electrodynamics","floor":16},{"not_picked":["Hologram","Rebound"],"picked":"Steam+1","floor":18}],"player_experience":366374,"relics_obtained":[{"floor":6,"key":"Letter Opener"},{"floor":9,"key":"Blue Candle"}],"event_choices":[{"damage_healed":0,"gold_gain":0,"player_choice":"Gave Potion","damage_taken":0,"relics_obtained":["War Paint"],"max_hp_gain":0,"max_hp_loss":0,"event_name":"WeMeetAgain","floor":3,"gold_loss":0},{"damage_healed":0,"gold_gain":0,"player_choice":"Success","damage_taken":7,"relics_obtained":["Incense Burner"],"max_hp_gain":0,"max_hp_loss":0,"event_name":"Scrap Ooze","floor":7,"gold_loss":0},{"damage_healed":0,"gold_gain":75,"player_choice":"Gather Gold","damage_taken":11,"max_hp_gain":0,"max_hp_loss":0,"event_name":"World of Goop","floor":12,"gold_loss":0},{"damage_healed":0,"gold_gain":0,"player_choice":"Fought Bandits","damage_taken":0,"max_hp_gain":0,"max_hp_loss":0,"event_name":"Masked Bandits","floor":19,"gold_loss":0}],"is_beta":false,"boss_relics":[{"not_picked":["Astrolabe","Black Star"],"picked":"Inserter"}],"items_purged_floors":[],"is_endless":false,"potions_floor_spawned":[1,13],"killed_by":"Masked Bandits","ascension_level":9}}