{"host":"eya4veotfj2c6je8","time":1614189384,"event":{"mods":["2.2 Compatiblity","AchievementEnabler","BaseMod","BetterRewards","Colored Map","Downfall","Hermit","Hubris","Infinite Spire","Jorbs\u0027s Wanderer Trilogy","Koishi","Marisa????????","Minty Spire (QoL Compilation)","Replay The Spire","Shop Mod","StSLib","Td1madao Mod","The Animator","The Construct","The Cursed","The Disciple","The Hierophant","The Mystic","The Runesmith","The Servant 0.9.4"],"gold_per_floor":[115,129,139,159,159,159,203,203,203,203,203,219,169,185,185,326,426,456,482,482,482,513,513,538,538,538,538,563,694,694,719,719,855,855,876,876,876,446,458,458,471,471,497,531,531,551,561,572,572,572,572],"floor_reached":50,"language":"ENG","playtime":9880,"items_purged":[],"score":550,"play_id":"f0ecfe6a-3ec6-4017-9045-8395ce8bf37d","local_time":"20210224115624","is_ascension_mode":false,"campfire_choices":[{"floor":6.0,"key":"REST"},{"floor":15.0,"key":"REST"},{"floor":23.0,"key":"REST"},{"floor":25.0,"key":"REST"},{"floor":32.0,"key":"REST"},{"floor":40.0,"key":"REST"},{"floor":45.0,"key":"REST"},{"floor":49.0,"key":"REST"}],"circlet_count":0,"master_deck":["Runesmith:Strike_RS","Runesmith:Strike_RS","Runesmith:Strike_RS","Runesmith:Strike_RS","Runesmith:Defend_RS","Runesmith:Defend_RS","Runesmith:Defend_RS","Runesmith:Defend_RS","Runesmith:CraftFirestone","Runesmith:Fortify","Runesmith:ChaoticBlast","Runesmith:Repurpose","Runesmith:StaticCage","Runesmith:CraftSpiculum","Runesmith:HeatedChisel","Runesmith:BackupBattery","Runesmith:CraftProtectio","Runesmith:GrandSlam","Runesmith:EnergizedChisel","Runesmith:CraftIncendium","Mayhem","hubris:EnhanceAbility","Trip","infinitespire:Gouge","TheCursedMod:Dregs","Runesmith:Fortify","Runesmith:CreatorForm","Mind Blast","ReplayTheSpireMod:Book of Names","Runesmith:CraftMagma","Runesmith:UnlimitedPower","Runesmith:CraftMagma","Runesmith:CraftVitae","Runesmith:ArcReactor","Runesmith:Permafrost","Runesmith:EarthShield","Runesmith:PoweredAnvil","Runesmith:RuneHurl+1","Parasite","Runesmith:Grindstone","Runesmith:CraftProtectio+1","Runesmith:CraftMagma+1","Runesmith:MakeshiftArmor","Runesmith:CraftMagma+1"],"relics":["Runesmith:BrokenRuby","NeowsBlessing","Replay:Mystery Machine","hubris:Towel","Onion Ring","hubris:Icosahedron","Replay:Wanted Poster","sneckomod:BabySnecko","Juzu Bracelet","hubris:MysteriousPyramids","infinitespire:Golems Mask","Orichalcum","Fusion Hammer","Spirit Poop","MerchantsRug","hubris:BundleOfHerbs","Pen Nib","ReplayTheSpireMod:TigerMarble","Runesmith:MiniCore"],"acts_visited":["Exordium","TheCity","TheBeyond"],"potions_floor_usage":[],"damage_taken":[{"damage":0.0,"enemies":"Cultist","floor":1.0,"turns":1.0},{"damage":0.0,"enemies":"Jaw Worm","floor":2.0,"turns":1.0},{"damage":0.0,"enemies":"2 Louse","floor":3.0,"turns":2.0},{"damage":12.0,"enemies":"Large Slime","floor":4.0,"turns":7.0},{"damage":24.0,"enemies":"3 Sentries","floor":7.0,"turns":6.0},{"damage":0.0,"enemies":"2 Fungi Beasts","floor":12.0,"turns":2.0},{"damage":2.0,"enemies":"3 Louse","floor":14.0,"turns":2.0},{"damage":17.0,"enemies":"Hexaghost","floor":16.0,"turns":9.0},{"damage":13.0,"enemies":"Shell Parasite","floor":18.0,"turns":5.0},{"damage":6.0,"enemies":"Chosen","floor":19.0,"turns":4.0},{"damage":25.0,"enemies":"Shelled Parasite and Fungi","floor":22.0,"turns":6.0},{"damage":0.0,"enemies":"Cultist and Chosen","floor":24.0,"turns":4.0},{"damage":16.0,"enemies":"Snake Plant","floor":28.0,"turns":3.0},{"damage":0.0,"enemies":"Colosseum Slavers","floor":29.0,"turns":3.0},{"damage":31.0,"enemies":"Colosseum Nobs","floor":29.0,"turns":4.0},{"damage":4.0,"enemies":"Snecko","floor":31.0,"turns":4.0},{"damage":32.0,"enemies":"Champ","floor":33.0,"turns":9.0},{"damage":19.0,"enemies":"3 Darklings","floor":35.0,"turns":5.0},{"damage":7.0,"enemies":"3 Shapes","floor":39.0,"turns":4.0},{"damage":47.0,"enemies":"Writhing Mass","floor":41.0,"turns":6.0},{"damage":6.0,"enemies":"R_Hoarder","floor":44.0,"turns":6.0},{"damage":3.0,"enemies":"4 Shapes","floor":46.0,"turns":3.0},{"damage":6.0,"enemies":"Sphere and 2 Shapes","floor":47.0,"turns":3.0},{"damage":0.0,"enemies":"Transient","floor":48.0,"turns":5.0},{"damage":47,"enemies":"infinitespire:MassOfShapes","floor":50,"turns":3}],"seed_played":"2338889904140777661","potions_obtained":[{"floor":3.0,"key":"SteroidPotion"},{"floor":4.0,"key":"Milkshake"},{"floor":12.0,"key":"DistilledChaos"},{"floor":16.0,"key":"Block Potion"},{"floor":19.0,"key":"FearPotion"},{"floor":24.0,"key":"sneckomod:MuddlingPotion"},{"floor":28.0,"key":"Energy Potion"},{"floor":31.0,"key":"hexamod:SoulburnPotion"},{"floor":41.0,"key":"ColorlessPotion"},{"floor":46.0,"key":"Strength Potion"}],"is_trial":false,"path_per_floor":["M","M","M","M","?","R","E","?","T","?","?","M","?","M","R","B",null,"M","M","AVR","?","M","R","M","R","T","?","M","?","?","M","R","B",null,"M","?","$","$","M","R","M","?","T","E","R","M","M","M","R","B"],"character_chosen":"RUNESMITH_CLASS","items_purchased":["MerchantsRug","hubris:BundleOfHerbs","Pen Nib","Runesmith:EarthShield","Runesmith:PoweredAnvil"],"campfire_rested":8,"item_purchase_floors":[38,38,38,38,38],"current_hp_per_floor":[70,70,70,58,58,70,46,46,46,46,28,28,28,26,47,30,70,57,51,51,51,26,47,47,68,68,68,52,21,21,17,38,6,70,51,51,51,51,44,65,18,18,18,12,33,30,24,24,45,0,0],"gold":572,"neow_bonus":"THREE_ENEMY_KILL","is_daily":false,"chose_seed":false,"campfire_upgraded":0,"win_rate":0.0,"timestamp":1614189384,"path_taken":["M","?","M","M","?","R","E","?","T","?","?","M","?","M","R","BOSS","M","M","AVR","?","M","R","M","R","T","?","M","?","?","M","R","BOSS","M","?","?","$","M","R","M","?","T","E","R","M","M","M","R","BOSS"],"items_purchased_type":["Relic","Relic","Relic","Card","Card"],"build_version":"2020-12-22","purchased_purges":0,"victory":false,"max_hp_per_floor":[70,70,70,70,70,70,70,70,70,70,70,70,70,70,70,70,70,70,70,70,70,70,70,70,70,70,70,70,70,70,70,70,70,70,70,70,70,70,70,70,70,70,70,70,70,70,70,70,70,70,70],"card_choices":[{"not_picked":["Runesmith:Superposition","Runesmith:HammerTime"],"picked":"Runesmith:ChaoticBlast","floor":1.0},{"not_picked":["Runesmith:MakeshiftArmor","Runesmith:Empowerment"],"picked":"Runesmith:Repurpose","floor":2.0},{"not_picked":["Runesmith:Augment","Runesmith:Accelerate"],"picked":"Runesmith:StaticCage","floor":3.0},{"not_picked":["Runesmith:StaticCage","Runesmith:DoubleUp"],"picked":"Runesmith:CraftSpiculum","floor":4.0},{"not_picked":["Runesmith:Attraction","Runesmith:Reinforce"],"picked":"Runesmith:HeatedChisel","floor":7.0},{"not_picked":["Runesmith:HammerThrow","Runesmith:EnergizedChisel"],"picked":"Runesmith:BackupBattery","floor":12.0},{"not_picked":["Runesmith:ArcReactor","Runesmith:HeatExchange"],"picked":"Runesmith:CraftProtectio","floor":14.0},{"not_picked":["Runesmith:FissionHammer","Runesmith:LastStand"],"picked":"Runesmith:GrandSlam","floor":16.0},{"not_picked":["Runesmith:ShiftingStrike","Runesmith:Repurpose"],"picked":"Runesmith:EnergizedChisel","floor":18.0},{"not_picked":["Runesmith:ChiselStab","Runesmith:UnstableHammer"],"picked":"Runesmith:CraftIncendium","floor":19.0},{"not_picked":["Thinking Ahead","Midas Touch"],"picked":"Mayhem","floor":20.0},{"not_picked":["Replay:BasicMightCard","hubris:Ssssneak"],"picked":"hubris:EnhanceAbility","floor":20.0},{"not_picked":["ReplayTheSpireMod:Necrogeddon","HandOfGreed"],"picked":"Trip","floor":20.0},{"not_picked":["Bash","Slimebound:Tackle"],"picked":"Runesmith:Fortify","floor":20.0},{"not_picked":["Runesmith:DuctTape","Runesmith:GrandSlam"],"picked":"Runesmith:CreatorForm","floor":20.0},{"not_picked":["Purity","Replay:Bootleg Shield Generator"],"picked":"Mind Blast","floor":20.0},{"not_picked":["infinitespire:DeathsTouch","infinitespire:NeuralNetwork"],"picked":"ReplayTheSpireMod:Book of Names","floor":20.0},{"not_picked":["Runesmith:Accelerate","Runesmith:ElementalConversion"],"picked":"Runesmith:CraftMagma","floor":22.0},{"not_picked":["Runesmith:CraftObretio","Runesmith:RuneHurl"],"picked":"Runesmith:UnlimitedPower","floor":24.0},{"not_picked":["Runesmith:HammerThrow","Runesmith:Electrocute"],"picked":"Runesmith:CraftIncendium+1","floor":28.0},{"not_picked":["Runesmith:Augment","Runesmith:MakeshiftArmor"],"picked":"Runesmith:CraftMagma","floor":29.0},{"not_picked":["Runesmith:StaticCage+1","Runesmith:CraftMagma"],"picked":"Runesmith:CraftVitae","floor":31.0},{"not_picked":["Runesmith:CraftMedicinae","Runesmith:FissionHammer"],"picked":"Runesmith:ArcReactor","floor":33.0},{"not_picked":["Runesmith:ShiftingStrike","Runesmith:HeatExchange"],"picked":"Runesmith:Permafrost","floor":35.0},{"not_picked":["Runesmith:HeatedChisel+1","Runesmith:HammerThrow+1"],"picked":"Runesmith:RuneHurl+1","floor":39.0},{"not_picked":["Runesmith:ChiselStab+1","Runesmith:ChargedHammer"],"picked":"Runesmith:Grindstone","floor":41.0},{"not_picked":["Runesmith:WhiteBalance+1","Runesmith:Malloc+1"],"picked":"Runesmith:CraftProtectio+1","floor":44.0},{"not_picked":["Runesmith:HeatedChisel","Runesmith:EnergizedChisel+1"],"picked":"Runesmith:CraftMagma+1","floor":46.0},{"not_picked":["Runesmith:HeatExchange+1","Runesmith:RunicBlueprint+1"],"picked":"Runesmith:MakeshiftArmor","floor":47.0},{"not_picked":["Runesmith:EnergizedChisel+1","Runesmith:HammerTime+1"],"picked":"Runesmith:CraftMagma+1","floor":48.0}],"player_experience":347604,"relics_obtained":[{"floor":7.0,"key":"Replay:Mystery Machine"},{"floor":9.0,"key":"Onion Ring"},{"floor":26.0,"key":"Juzu Bracelet"},{"floor":29.0,"key":"hubris:MysteriousPyramids"},{"floor":29.0,"key":"infinitespire:Golems Mask"},{"floor":30.0,"key":"Orichalcum"},{"floor":43.0,"key":"ReplayTheSpireMod:TigerMarble"},{"floor":44.0,"key":"Runesmith:MiniCore"}],"event_choices":[{"damage_healed":0.0,"max_hp_gain":0.0,"max_hp_loss":0.0,"gold_gain":0.0,"event_name":"Golden Idol","player_choice":"Take Wound","floor":5.0,"gold_loss":0.0,"damage_taken":0.0,"relics_obtained":["Golden Idol"],"cards_obtained":["Injury"]},{"damage_healed":0.0,"max_hp_gain":0.0,"max_hp_loss":0.0,"gold_gain":0.0,"event_name":"Scrap Ooze","player_choice":"Success","floor":11.0,"gold_loss":0.0,"damage_taken":18.0,"relics_obtained":["infinitespire:Midas Blood"]},{"cards_removed":["Injury"],"damage_healed":0.0,"max_hp_gain":0.0,"max_hp_loss":0.0,"gold_gain":0.0,"event_name":"The Cleric","player_choice":"Card Removal","floor":13.0,"gold_loss":50.0,"damage_taken":0.0},{"damage_healed":0.0,"max_hp_gain":0.0,"max_hp_loss":0.0,"gold_gain":0.0,"event_name":"Vampires","player_choice":"Ignored","floor":27.0,"gold_loss":0.0,"damage_taken":0.0},{"damage_healed":0.0,"max_hp_gain":0.0,"max_hp_loss":0.0,"gold_gain":0.0,"event_name":"Colosseum","player_choice":"Fight","floor":29.0,"gold_loss":0.0,"damage_taken":0.0},{"damage_healed":0.0,"max_hp_gain":0.0,"max_hp_loss":0.0,"gold_gain":0.0,"event_name":"Colosseum","player_choice":"Fought Nobs","floor":29.0,"gold_loss":0.0,"damage_taken":0.0},{"damage_healed":0.0,"max_hp_gain":0.0,"max_hp_loss":0.0,"gold_gain":0.0,"event_name":"Wheel of Change","player_choice":"Relic","floor":30.0,"gold_loss":0.0,"damage_taken":0.0},{"cards_removed":["downfall:Bewildered"],"damage_healed":0.0,"max_hp_gain":0.0,"max_hp_loss":0.0,"gold_gain":0.0,"event_name":"Bonfire Elementals","player_choice":"Offered Curse","floor":36.0,"gold_loss":0.0,"damage_taken":0.0,"relics_obtained":["Spirit Poop"]},{"cards_removed":["Runesmith:CraftIncendium"],"damage_healed":0.0,"max_hp_gain":0.0,"max_hp_loss":0.0,"gold_gain":0.0,"event_name":"Falling","player_choice":"Removed Skill","floor":42.0,"gold_loss":0.0,"damage_taken":0.0}],"is_beta":false,"boss_relics":[{"not_picked":["Black Star","hubris:HollowSoul"],"picked":"Replay:Wanted Poster"},{"not_picked":["hubris:RunicObelisk","hubris:Backtick"],"picked":"Fusion Hammer"}],"items_purged_floors":[],"is_endless":false,"potions_floor_spawned":[3,4,12,16,19,24,28,29,31,41,46],"killed_by":"infinitespire:MassOfShapes","ascension_level":0}}