{"host":"xb2tau8pgi8aflss","time":1614169289,"event":{"mods":["AchievementEnabler","BaseMod","Hermit","Minty Spire (QoL Compilation)","StSLib","SuperFastMode"],"gold_per_floor":[110,161,193,193,193,193,226,1,54,20,95,107,134,162,174,186,186],"floor_reached":16,"language":"KOR","playtime":1771,"items_purged":["Strike_P"],"score":189,"play_id":"0196b93d-df76-41aa-a025-1058e5ffeff1","local_time":"20210224212129","is_ascension_mode":true,"campfire_choices":[{"floor":6,"key":"REST"},{"floor":15,"key":"REST"}],"circlet_count":0,"master_deck":["Strike_P+1","Strike_P+1","Strike_P","Defend_P","Defend_P","Defend_P","Eruption","Vigilance","HandOfGreed","Conclude","Evaluate","EmptyBody","DeusExMachina","Adaptation","Crescendo"],"relics":["PureWater","Golden Idol","Whetstone","PreservedInsect","MawBank"],"acts_visited":["Exordium"],"potions_floor_usage":[7,16,16,16],"damage_taken":[{"damage":5,"enemies":"Jaw Worm","floor":1,"turns":4},{"damage":7,"enemies":"Small Slimes","floor":2,"turns":3},{"damage":1,"enemies":"2 Louse","floor":3,"turns":3},{"damage":0,"enemies":"Gremlin Nob","floor":7,"turns":2},{"damage":12,"enemies":"3 Sentries","floor":11,"turns":3},{"damage":7,"enemies":"Red Slaver","floor":13,"turns":4},{"damage":3,"enemies":"Blue Slaver","floor":14,"turns":3},{"damage":29,"enemies":"Hexaghost","floor":16,"turns":9}],"seed_played":"755793848676717760","potions_obtained":[{"floor":2,"key":"AttackPotion"},{"floor":3,"key":"SkillPotion"},{"floor":11,"key":"Energy Potion"},{"floor":14,"key":"Weak Potion"}],"is_trial":false,"path_per_floor":["M","M","M","?","?","R","E","$","T","$","E","?","M","M","R","B"],"character_chosen":"WATCHER","items_purchased":["DeusExMachina","Adaptation"],"campfire_rested":2,"item_purchase_floors":[8,10],"current_hp_per_floor":[42,35,34,16,16,37,37,37,37,37,25,18,11,8,29,0,0],"gold":186,"neow_bonus":"RANDOM_COLORLESS_2","is_daily":false,"chose_seed":false,"campfire_upgraded":0,"win_rate":0.0,"timestamp":1614169289,"path_taken":["M","M","M","?","?","R","E","?","T","$","E","?","M","M","R","BOSS"],"items_purchased_type":["Card","Card"],"build_version":"2020-12-22","purchased_purges":1,"victory":false,"max_hp_per_floor":[72,72,72,72,72,72,72,72,72,72,72,72,72,72,72,72,72],"card_choices":[{"not_picked":["Thinking Ahead","Mayhem"],"picked":"HandOfGreed","floor":0},{"not_picked":["FlyingSleeves","SashWhip"],"picked":"Conclude","floor":1},{"not_picked":["Consecrate","SandsOfTime"],"picked":"Evaluate","floor":2},{"not_picked":["Protect","Fasting2","Swivel"],"picked":"SKIP","floor":3},{"not_picked":["CrushJoints","ReachHeaven"],"picked":"EmptyBody","floor":7},{"not_picked":["Wireheading","Consecrate","Vengeance"],"picked":"SKIP","floor":11},{"not_picked":["Indignation","Halt","WaveOfTheHand"],"picked":"SKIP","floor":13},{"not_picked":["CutThroughFate","Alpha"],"picked":"Crescendo","floor":14}],"player_experience":852508,"relics_obtained":[{"floor":7,"key":"Whetstone"},{"floor":9,"key":"PreservedInsect"},{"floor":11,"key":"MawBank"}],"event_choices":[{"damage_healed":0,"gold_gain":0,"player_choice":"Take Damage","damage_taken":18,"relics_obtained":["Golden Idol"],"max_hp_gain":0,"max_hp_loss":0,"event_name":"Golden Idol","floor":4,"gold_loss":0},{"damage_healed":0,"gold_gain":0,"player_choice":"Ignored","damage_taken":0,"max_hp_gain":0,"max_hp_loss":0,"event_name":"Liars Game","floor":5,"gold_loss":0},{"cards_removed":["Defend_P"],"damage_healed":0,"gold_gain":0,"player_choice":"Card Removal","damage_taken":7,"max_hp_gain":0,"max_hp_loss":0,"event_name":"Golden Wing","floor":12,"gold_loss":0}],"is_beta":false,"boss_relics":[],"items_purged_floors":[8],"is_endless":false,"potions_floor_spawned":[2,3,11,14],"killed_by":"Hexaghost","ascension_level":8}}