{"host":"70zhvo5nwrhp1mbg","time":1614211025,"event":{"mods":["AchievementEnabler","BaseMod","Bestiary","Colored Map","Colored Powertips","Minty Spire (QoL Compilation)","Rare Cards Sparkle","Relic Stats","StSLib","ojb\u0027s Better Paths Mod","ojb\u0027s Info Mod: The sequel"],"gold_per_floor":[119,119,137,137,137,172,172,187,235,248,277,16,16,43,43,147,147,132,144,154,154,18,43,43,76,76,76,90,90,116,135,135,239,239,254,273,48,48,67,67,95,95,122,139,139,139,168,188,188,188],"floor_reached":51,"language":"ENG","playtime":6465,"items_purged":["Strike_P"],"score":894,"play_id":"cf2a83e7-400c-4f38-a1cf-f3288ab42dee","local_time":"20210224185705","is_ascension_mode":true,"campfire_choices":[{"data":"Vigilance","floor":7,"key":"SMITH"},{"floor":13,"key":"REST"},{"data":"BattleHymn","floor":15,"key":"SMITH"},{"data":"Judgement","floor":24,"key":"SMITH"},{"data":"Alpha","floor":29,"key":"SMITH"},{"data":"ForeignInfluence","floor":32,"key":"SMITH"},{"data":"LessonLearned","floor":40,"key":"SMITH"},{"data":"Discovery","floor":45,"key":"SMITH"},{"data":"Protect","floor":49,"key":"SMITH"}],"circlet_count":0,"master_deck":["Strike_P+1","Strike_P+1","Defend_P","Defend_P","Defend_P+1","Defend_P","Eruption","Vigilance+1","BowlingBash+1","Prostrate+1","EmptyBody","SandsOfTime+1","BattleHymn+1","Prostrate","FlurryOfBlows","LessonLearned+1","Sanctity","ForeignInfluence+1","Alpha+1","Judgement+1","Crescendo","EmptyFist+1","Protect+1","ClearTheMind","Judgement","MasterReality+1","Evaluate","EmptyFist","Discovery+1","CutThroughFate+1","Vengeance","EmptyBody+1"],"relics":["PureWater","NeowsBlessing","Lantern","Tiny Chest","Bag of Preparation","Oddly Smooth Stone","Eternal Feather","Matryoshka","Philosopher\u0027s Stone","Pen Nib","Art of War","Bronze Scales","Torii","Anchor","Happy Flower","Runic Pyramid","Whetstone","Bird Faced Urn","Blood Vial","Bottled Flame","Nunchaku"],"acts_visited":["Exordium","TheCity","TheBeyond"],"potions_floor_usage":[14,14,16,18,23,23,39,41,47,47,50],"damage_taken":[{"damage":0,"enemies":"Jaw Worm","floor":1,"turns":1},{"damage":0,"enemies":"Small Slimes","floor":3,"turns":1},{"damage":0,"enemies":"3 Sentries","floor":6,"turns":2},{"damage":0,"enemies":"Cultist","floor":8,"turns":3},{"damage":6,"enemies":"2 Fungi Beasts","floor":10,"turns":4},{"damage":22,"enemies":"Lagavulin","floor":11,"turns":6},{"damage":6,"enemies":"Gremlin Nob","floor":14,"turns":4},{"damage":0,"enemies":"Slime Boss","floor":16,"turns":6},{"damage":10,"enemies":"2 Thieves","floor":18,"turns":4},{"damage":1,"enemies":"3 Byrds","floor":19,"turns":5},{"damage":0,"enemies":"Snecko","floor":20,"turns":3},{"damage":38,"enemies":"Slavers","floor":23,"turns":4},{"damage":37,"enemies":"Book of Stabbing","floor":25,"turns":5},{"damage":24,"enemies":"Snake Plant","floor":28,"turns":3},{"damage":0,"enemies":"Sentry and Sphere","floor":31,"turns":2},{"damage":14,"enemies":"Collector","floor":33,"turns":7},{"damage":0,"enemies":"3 Shapes","floor":35,"turns":1},{"damage":2,"enemies":"3 Darklings","floor":36,"turns":5},{"damage":24,"enemies":"Spire Growth","floor":39,"turns":5},{"damage":29,"enemies":"Reptomancer","floor":41,"turns":6},{"damage":13,"enemies":"Sphere and 2 Shapes","floor":44,"turns":3},{"damage":62,"enemies":"Nemesis","floor":47,"turns":7},{"damage":25,"enemies":"Transient","floor":48,"turns":5},{"damage":101,"enemies":"Donu and Deca","floor":50,"turns":9}],"seed_played":"3827867260771615098","potions_obtained":[{"floor":3,"key":"Energy Potion"},{"floor":8,"key":"Block Potion"},{"floor":11,"key":"FearPotion"},{"floor":16,"key":"Fire Potion"},{"floor":18,"key":"LiquidBronze"},{"floor":20,"key":"PowerPotion"},{"floor":33,"key":"LiquidMemories"},{"floor":35,"key":"Energy Potion"},{"floor":41,"key":"Ambrosia"},{"floor":44,"key":"Weak Potion"},{"floor":48,"key":"ColorlessPotion"}],"is_trial":false,"path_per_floor":["M","?","M","?","?","E","R","M","T","M","E","$","R","E","R","B",null,"M","M","M","?","$","E","R","E","T","?","M","R","T","M","R","B",null,"M","M","$","?","M","R","E","?","T","M","R","T","E","M","R","B",null],"character_chosen":"WATCHER","items_purchased":["Eternal Feather","Judgement","Whetstone"],"campfire_rested":1,"item_purchase_floors":[12,22,37],"current_hp_per_floor":[72,72,72,58,55,55,55,55,55,49,27,27,57,51,60,60,72,62,61,61,48,48,50,62,25,25,50,26,41,41,41,56,42,77,77,75,75,75,51,66,37,37,37,53,71,71,42,63,77,9],"gold":188,"neow_bonus":"THREE_ENEMY_KILL","is_daily":false,"chose_seed":false,"campfire_upgraded":8,"win_rate":0.0,"timestamp":1614211025,"path_taken":["M","?","M","?","?","E","R","M","T","?","E","$","R","E","R","BOSS","M","M","M","?","$","E","R","E","T","?","M","R","?","M","R","BOSS","M","M","$","?","?","R","E","?","T","M","R","?","E","M","R","BOSS"],"items_purchased_type":["Relic","Card","Relic"],"build_version":"2020-12-22","purchased_purges":1,"victory":true,"max_hp_per_floor":[72,72,72,72,72,72,72,72,72,72,72,72,72,72,72,72,72,72,72,72,77,77,77,77,77,77,77,77,77,77,77,77,77,77,77,77,77,77,77,77,77,77,77,77,77,77,77,77,77,77],"relic_stats":{"Torii":16,"Happy Flower":[16],"counters":[24,101],"Eternal Feather":107,"Pen Nib":[12],"Bag of Preparation":[40],"Whetstone":["Strike_P","SandsOfTime"],"Blood Vial":6,"Nunchaku":[3],"Bronze Scales":[126],"Bird Faced Urn":[17],"Tiny Chest":2,"Art of War":[1],"obtain_stats":[{"Lantern":5,"NeowsBlessing":0,"Torii":26,"Happy Flower":30,"Oddly Smooth Stone":11,"Eternal Feather":12,"Pen Nib":23,"Bag of Preparation":9,"Whetstone":37,"Blood Vial":43,"Anchor":30,"Bottled Flame":46,"Nunchaku":47,"Matryoshka":14,"Bronze Scales":26,"Bird Faced Urn":41,"Tiny Chest":6,"Philosopher\u0027s Stone":17,"Art of War":25,"PureWater":0,"Runic Pyramid":34},{"Lantern":2,"NeowsBlessing":0,"Torii":13,"Happy Flower":14,"Oddly Smooth Stone":6,"Eternal Feather":6,"Pen Nib":12,"Bag of Preparation":4,"Whetstone":18,"Blood Vial":20,"Anchor":14,"Bottled Flame":21,"Nunchaku":22,"Matryoshka":7,"Bronze Scales":13,"Bird Faced Urn":20,"Tiny Chest":3,"Philosopher\u0027s Stone":8,"Art of War":13,"PureWater":0,"Runic Pyramid":16},{"Lantern":2,"NeowsBlessing":0,"Torii":48,"Happy Flower":51,"Oddly Smooth Stone":17,"Eternal Feather":17,"Pen Nib":43,"Bag of Preparation":7,"Whetstone":66,"Blood Vial":77,"Anchor":51,"Bottled Flame":80,"Nunchaku":87,"Matryoshka":21,"Bronze Scales":48,"Bird Faced Urn":77,"Tiny Chest":4,"Philosopher\u0027s Stone":27,"Art of War":48,"PureWater":0,"Runic Pyramid":60}]},"card_choices":[{"not_picked":["ThirdEye","Nirvana"],"picked":"BowlingBash","floor":1},{"not_picked":["FollowUp","Protect"],"picked":"Prostrate","floor":3},{"not_picked":["MentalFortress","WindmillStrike"],"picked":"EmptyBody","floor":6},{"not_picked":["InnerPeace","Fasting2"],"picked":"SandsOfTime","floor":8},{"not_picked":["WaveOfTheHand","Consecrate"],"picked":"BattleHymn","floor":10},{"not_picked":["Fasting2","Scrawl"],"picked":"Prostrate","floor":11},{"not_picked":["FlyingSleeves","EmptyFist"],"picked":"FlurryOfBlows","floor":14},{"not_picked":["ConjureBlade","Ragnarok"],"picked":"LessonLearned","floor":16},{"not_picked":["CarveReality+1","CutThroughFate"],"picked":"Sanctity","floor":18},{"not_picked":["CrushJoints","PathToVictory+1"],"picked":"ForeignInfluence","floor":19},{"not_picked":["BowlingBash+1","FlurryOfBlows"],"picked":"Alpha","floor":20},{"not_picked":["Sanctity","Collect"],"picked":"Crescendo","floor":23},{"not_picked":["JustLucky","Omniscience"],"picked":"EmptyFist+1","floor":25},{"not_picked":["ReachHeaven","FlyingSleeves"],"picked":"Protect","floor":28},{"not_picked":["Pray","CrushJoints"],"picked":"ClearTheMind","floor":31},{"not_picked":["Establishment","DeusExMachina"],"picked":"Judgement","floor":33},{"not_picked":["JustLucky","BattleHymn","PathToVictory"],"picked":"SKIP","floor":35},{"not_picked":["EmptyFist","BattleHymn","Sanctity"],"picked":"SKIP","floor":36},{"not_picked":["BattleHymn+1","Fasting2"],"picked":"Evaluate","floor":39},{"not_picked":["SashWhip","FollowUp"],"picked":"EmptyFist","floor":41},{"not_picked":["Trip","Swift Strike"],"picked":"Discovery","floor":42},{"not_picked":["FlyingSleeves","Weave"],"picked":"CutThroughFate+1","floor":44},{"not_picked":["CarveReality+1","Nirvana+1"],"picked":"Vengeance","floor":47},{"not_picked":["Evaluate","JustLucky"],"picked":"EmptyBody+1","floor":48}],"player_experience":712686,"relics_obtained":[{"floor":6,"key":"Tiny Chest"},{"floor":9,"key":"Bag of Preparation"},{"floor":11,"key":"Oddly Smooth Stone"},{"floor":14,"key":"Matryoshka"},{"floor":23,"key":"Pen Nib"},{"floor":25,"key":"Art of War"},{"floor":26,"key":"Bronze Scales"},{"floor":26,"key":"Torii"},{"floor":30,"key":"Anchor"},{"floor":30,"key":"Happy Flower"},{"floor":41,"key":"Bird Faced Urn"},{"floor":43,"key":"Blood Vial"},{"floor":46,"key":"Bottled Flame"},{"floor":47,"key":"Nunchaku"}],"event_choices":[{"damage_healed":0,"gold_gain":0,"player_choice":"Grow","damage_taken":0,"max_hp_gain":0,"max_hp_loss":0,"event_name":"Living Wall","floor":2,"gold_loss":0,"cards_upgraded":["BowlingBash"]},{"damage_healed":0,"gold_gain":0,"player_choice":"Entered Light","damage_taken":14,"max_hp_gain":0,"max_hp_loss":0,"event_name":"Shining Light","floor":4,"gold_loss":0,"cards_upgraded":["Prostrate","Strike_P"]},{"damage_healed":0,"gold_gain":0,"player_choice":"Success","damage_taken":3,"relics_obtained":["Lantern"],"max_hp_gain":0,"max_hp_loss":0,"event_name":"Scrap Ooze","floor":5,"gold_loss":0},{"damage_healed":0,"gold_gain":0,"player_choice":"Shed Blood","damage_taken":18,"max_hp_gain":5,"max_hp_loss":0,"event_name":"Forgotten Altar","floor":21,"gold_loss":0},{"damage_healed":25,"gold_gain":0,"player_choice":"Heal","damage_taken":0,"max_hp_gain":0,"max_hp_loss":0,"event_name":"The Library","floor":27,"gold_loss":0},{"damage_healed":0,"gold_gain":0,"cards_transformed":["Strike_P"],"player_choice":"Transformed","damage_taken":0,"max_hp_gain":0,"max_hp_loss":0,"event_name":"Transmorgrifier","floor":38,"gold_loss":0,"cards_obtained":["MasterReality"]},{"damage_healed":0,"gold_gain":0,"player_choice":"Memory 1","damage_taken":0,"max_hp_gain":0,"max_hp_loss":0,"event_name":"SensoryStone","floor":42,"gold_loss":0}],"is_beta":false,"boss_relics":[{"not_picked":["SlaversCollar","Coffee Dripper"],"picked":"Philosopher\u0027s Stone"},{"not_picked":["Tiny House","Runic Dome"],"picked":"Runic Pyramid"}],"items_purged_floors":[37],"is_endless":false,"potions_floor_spawned":[3,8,11,16,18,20,33,35,41,44,48],"ascension_level":2}}