{"host":"iwsrwe75wjjjfsu5","time":1614145937,"event":{"mods":["BaseMod","Minty Spire (QoL Compilation)","Replay The Spire","Shop Mod","StSLib","SuperFastMode","The Servant 0.9.4","UnlockEverythingMod"],"gold_per_floor":[110,124,136,3,3,3,21,21,71,98,111,111,130,140,140,236,236,256,269,282,282,296,296,395,409,483,69,97,97,116,133,133,236,236,246,263,281,281,281],"floor_reached":38,"language":"ZHS","playtime":2870,"items_purged":["Strike_S","Defend_S"],"score":427,"play_id":"9cc27f20-db4b-4439-a2a0-6618e211c94e","local_time":"20210224135217","is_ascension_mode":false,"campfire_choices":[{"data":"Defy","floor":6.0,"key":"SMITH"},{"data":"Dilation","floor":8.0,"key":"SMITH"},{"data":"Reset","floor":15.0,"key":"SMITH"},{"data":"Duplication","floor":23.0,"key":"SMITH"},{"data":"SilverBlades","floor":32,"key":"SMITH"}],"circlet_count":0,"master_deck":["Strike_S","Strike_S","Defend_S","Defend_S","Defend_S","KidneyShot","Exchange","SurpressingFire","Ricochet","Defy+1","Reset+1","Dilation+1","DoubleEdge","Spin","DoubleEdge","Reset+1","Duplication+1","Unruled","Revamp","RealityMarble","MoonPhase","FloweringNight","SilverBlades+1","TheWorld","BottledTime","Alleviate+1","DoubleEdge+1"],"relics":["Uniform","NeowsBlessing","Toy Ornithopter","Pen Nib","Iron Hammer","ReplayTheSpireMod:DimensionalGlitch","Ornamental Fan","Counterbalance","StoneMask","CaptainsWheel"],"acts_visited":["Exordium","TheCity","TheBeyond"],"potions_floor_usage":[30],"damage_taken":[{"damage":0.0,"enemies":"Cultist","floor":1.0,"turns":1.0},{"damage":0.0,"enemies":"Small Slimes","floor":2.0,"turns":1.0},{"damage":0.0,"enemies":"2 Louse","floor":3.0,"turns":1.0},{"damage":11.0,"enemies":"Lots of Slimes","floor":7.0,"turns":5.0},{"damage":20.0,"enemies":"3 Sentries","floor":10.0,"turns":11.0},{"damage":0.0,"enemies":"Large Slime","floor":11.0,"turns":5.0},{"damage":2.0,"enemies":"Looter","floor":13.0,"turns":4.0},{"damage":0.0,"enemies":"Blue Slaver","floor":14.0,"turns":2.0},{"damage":7.0,"enemies":"Fading Forest","floor":16.0,"turns":11.0},{"damage":6.0,"enemies":"Chosen","floor":18.0,"turns":4.0},{"damage":9.0,"enemies":"2 Thieves","floor":19.0,"turns":4.0},{"damage":10.0,"enemies":"Centurion and Healer","floor":20.0,"turns":6.0},{"damage":0.0,"enemies":"Snecko","floor":22.0,"turns":4.0},{"damage":0.0,"enemies":"Chosen and Byrds","floor":25.0,"turns":3.0},{"damage":27,"enemies":"Slavers","floor":28,"turns":5},{"damage":10,"enemies":"3 Cultists","floor":30,"turns":5},{"damage":0,"enemies":"Sentry and Sphere","floor":31,"turns":4},{"damage":8,"enemies":"Champ","floor":33,"turns":8},{"damage":14,"enemies":"3 Shapes","floor":35,"turns":3},{"damage":0,"enemies":"3 Darklings","floor":36,"turns":2},{"damage":43,"enemies":"Transient","floor":38,"turns":2}],"seed_played":"5153904112753857094","potions_obtained":[{"floor":1.0,"key":"Fire Potion"},{"floor":2.0,"key":"EssenceOfSteel"},{"floor":11.0,"key":"Block Potion"},{"floor":13.0,"key":"BlessingOfTheForge"},{"floor":16.0,"key":"ColorlessPotion"},{"floor":20.0,"key":"Regen Potion"},{"floor":22.0,"key":"Adrenaline Potion"},{"floor":28,"key":"Reflective Coating"},{"floor":35,"key":"Strength Potion"}],"is_trial":false,"path_per_floor":["M","M","M","$","?","R","M","R","T","E","M","?","M","M","R","B",null,"M","M","M","?","M","R","?","M","T","$","E","?","M","M","R","B",null,"M","M","?","M"],"character_chosen":"THE_SERVANT","items_purchased":["Reset+1","MoonPhase","Ornamental Fan"],"campfire_rested":0,"item_purchase_floors":[4,27,27],"current_hp_per_floor":[65,65,65,65,65,65,54,54,54,39,39,39,37,37,37,50,65,59,53,43,43,51,51,51,54,54,54,27,48,41,41,41,33,65,57,59,42,0,0],"gold":281,"neow_bonus":"THREE_ENEMY_KILL","is_daily":false,"chose_seed":false,"campfire_upgraded":5,"win_rate":0.0,"timestamp":1614145937,"path_taken":["M","M","M","$","?","R","M","R","T","E","M","?","M","M","R","BOSS","M","M","?","?","?","R","?","M","T","$","E","?","M","M","R","BOSS","M","M","?","M"],"items_purchased_type":["Card","Card","Relic"],"build_version":"2020-12-22","purchased_purges":2,"victory":false,"max_hp_per_floor":[65,65,65,65,65,65,65,65,65,65,65,65,65,65,65,65,65,65,65,65,65,65,65,65,65,65,65,65,65,65,65,65,65,65,68,69,69,69,69],"card_choices":[{"not_picked":["BottledTime","Rearm"],"picked":"SurpressingFire","floor":1.0},{"not_picked":["Alleviate","Replace"],"picked":"Ricochet","floor":2.0},{"not_picked":["Unruled","Collapse"],"picked":"Defy","floor":3.0},{"not_picked":["Starlight","TimeWarp"],"picked":"Dilation","floor":7.0},{"not_picked":["Reset","Starlight"],"picked":"DoubleEdge","floor":10.0},{"not_picked":["Defy","InstantArmor"],"picked":"Spin","floor":11.0},{"not_picked":["ShatteredReality","Luminosity"],"picked":"DoubleEdge","floor":13.0},{"not_picked":["Spin","RealityMarble"],"picked":"Reset","floor":14.0},{"not_picked":["Solidify","TheWorld"],"picked":"Duplication","floor":16.0},{"not_picked":["Spin","Starlight"],"picked":"Unruled","floor":18.0},{"not_picked":["BottledTime","ShatteredReality"],"picked":"Revamp","floor":19.0},{"not_picked":["Potential","Revamp"],"picked":"RealityMarble","floor":20.0},{"not_picked":["Rearm","StarChef","Sunlight"],"picked":"SKIP","floor":22.0},{"not_picked":["Ricochet","Revamp+1","TimeWarp+1"],"picked":"SKIP","floor":25.0},{"not_picked":["Advance+1","DoubleEdge"],"picked":"FloweringNight","floor":28},{"not_picked":["Rearm","TimeWarp+1","Starlight+1"],"picked":"SKIP","floor":30},{"not_picked":["Gouge","Potential"],"picked":"SilverBlades","floor":31},{"not_picked":["Sunlight","PendulumOfEternity"],"picked":"TheWorld","floor":33},{"not_picked":["Ricochet+1","ShatteredReality"],"picked":"BottledTime","floor":35},{"not_picked":["Sabotage","Moonlight"],"picked":"Alleviate+1","floor":36},{"not_picked":["FastForward","Rewind+1"],"picked":"DoubleEdge+1","floor":37}],"player_experience":24815,"relics_obtained":[{"floor":9.0,"key":"Pen Nib"},{"floor":10.0,"key":"Iron Hammer"},{"floor":28,"key":"Counterbalance"},{"floor":37,"key":"CaptainsWheel"}],"event_choices":[{"damage_healed":0.0,"max_hp_gain":0.0,"max_hp_loss":0.0,"gold_gain":0.0,"event_name":"Big Fish","player_choice":"Box","floor":5.0,"gold_loss":0.0,"damage_taken":0.0,"relics_obtained":["Toy Ornithopter"],"cards_obtained":["Regret"]},{"cards_removed":["Strike_S"],"damage_healed":0.0,"max_hp_gain":0.0,"max_hp_loss":0.0,"gold_gain":0.0,"event_name":"Bonfire Elementals","player_choice":"Offered Basic","floor":12.0,"gold_loss":0.0,"damage_taken":0.0},{"cards_removed":["Regret"],"damage_healed":0.0,"max_hp_gain":0.0,"max_hp_loss":0.0,"gold_gain":0.0,"event_name":"Fountain of Cleansing","player_choice":"Removed Curses","floor":21.0,"gold_loss":0.0,"damage_taken":0.0},{"damage_healed":0.0,"max_hp_gain":0.0,"max_hp_loss":0.0,"gold_gain":99.0,"event_name":"Nest","player_choice":"Stole From Cult","floor":24.0,"gold_loss":0.0,"damage_taken":0.0},{"damage_healed":21,"gold_gain":0,"player_choice":"Heal","damage_taken":0,"max_hp_gain":0,"max_hp_loss":0,"event_name":"The Library","floor":29,"gold_loss":0}],"is_beta":false,"boss_relics":[{"not_picked":["Tiny House","Coffee Dripper"],"picked":"ReplayTheSpireMod:DimensionalGlitch"},{"not_picked":["Velvet Choker","Busted Crown"],"picked":"StoneMask"}],"items_purged_floors":[4,27],"is_endless":false,"potions_floor_spawned":[1,2,11,13,16,20,22,28,35],"killed_by":"Transient","ascension_level":0}}