{"host":"d02vqrhhew441p6s","time":1614193788,"event":{"mods":["BaseMod","Duelist Mod","Hubris","Infinite Spire","Minty Spire (QoL Compilation)","StSLib"],"gold_per_floor":[244,244,294,33,92,125,125,125,125,145,145,172,172,207,207,308,308,323,323,323],"floor_reached":19,"language":"ENG","playtime":945,"items_purged":[],"score":281,"play_id":"fe4e262f-b984-43de-813f-bc18a353d87c","local_time":"20210224200948","is_ascension_mode":true,"campfire_choices":[{"data":"theDuelist:ShallowGrave","floor":8,"key":"SMITH"},{"data":"theDuelist:WightLady","floor":11,"key":"SMITH"},{"floor":15,"key":"REST"}],"circlet_count":0,"master_deck":["theDuelist:ZombieCorpse","theDuelist:ZombieCorpse","theDuelist:ArmoredZombie","theDuelist:ArmoredZombie","theDuelist:ArmoredZombie","AscendersBane","theDuelist:ClownZombie","theDuelist:ClownZombie","theDuelist:PatricianDarkness","theDuelist:ShallowGrave+1","theDuelist:TutanMask","theDuelist:NecroworldBanshee","theDuelist:NecroworldBanshee","theDuelist:GhostrickYeti","theDuelist:GhostBelle","theDuelist:Yasha","theDuelist:DesLacooda","theDuelist:OverpoweringEye","theDuelist:RevendreadSlayer+1"],"relics":["theDuelist:MillenniumPuzzle","theDuelist:CardPoolRelic","theDuelist:CardPoolBasicRelic","theDuelist:BoosterPackPoolRelic","theDuelist:CardPoolAddRelic","theDuelist:CardPoolMinusRelic","theDuelist:CardPoolSaveRelic","theDuelist:CardPoolOptionsRelic","Ancient Tea Set","theDuelist:ResummonerFury","Smiling Mask","hubris:IronBody","theDuelist:ResummonBranch","hubris:OldNail","hubris:Icosahedron","Ginger","Sozu"],"acts_visited":["Exordium","TheCity"],"potions_floor_usage":[12],"damage_taken":[{"damage":0,"enemies":"Small Slimes","floor":1,"turns":2},{"damage":20,"enemies":"3 Sentries","floor":6,"turns":7},{"damage":0,"enemies":"Jaw Worm","floor":10,"turns":2},{"damage":6,"enemies":"Lagavulin","floor":12,"turns":4},{"damage":17,"enemies":"Gremlin Nob","floor":14,"turns":4},{"damage":2,"enemies":"Hexaghost","floor":16,"turns":8},{"damage":40,"enemies":"3 Byrds","floor":18,"turns":5},{"damage":52,"enemies":"3 Byrds","floor":19,"turns":5}],"seed_played":"977264662934403165","potions_obtained":[{"floor":10,"key":"SpeedPotion"},{"floor":16,"key":"theDuelist:MayhemPotion"}],"is_trial":false,"path_per_floor":["M","?","T","$","?","E","T","R","T","M","R","E","?","E","R","B",null,"M","?"],"character_chosen":"THE_DUELIST","items_purchased":["theDuelist:ResummonerFury","theDuelist:NecroworldBanshee","theDuelist:GhostrickYeti","theDuelist:GhostBelle"],"campfire_rested":1,"item_purchase_floors":[4,4,4,4],"current_hp_per_floor":[72,72,72,72,72,52,52,52,52,52,52,46,46,29,53,51,73,33,0,0],"gold":323,"neow_bonus":"HUNDRED_GOLD","is_daily":false,"chose_seed":false,"campfire_upgraded":2,"win_rate":0.0,"timestamp":1614193788,"path_taken":["M","?","?","$","?","E","?","R","T","M","R","E","?","E","R","BOSS","M","?"],"items_purchased_type":["Relic","Card","Card","Card"],"build_version":"2020-12-22","purchased_purges":0,"victory":false,"max_hp_per_floor":[80,80,80,80,80,80,80,80,80,80,80,80,80,80,80,80,80,80,80,80],"card_choices":[{"not_picked":["theDuelist:VendreadCore","theDuelist:VampireFamiliar","theDuelist:Kasha","theDuelist:NightmareHorse"],"picked":"theDuelist:NecroworldBanshee","floor":1},{"not_picked":["theDuelist:FossilDragon","theDuelist:PurplePainOni","theDuelist:BlueBloodedOni","theDuelist:ReturnToDoomed"],"picked":"theDuelist:DarkAssailant","floor":6},{"not_picked":["theDuelist:Pumpking","theDuelist:OvertexQoatlus","theDuelist:Kasha","theDuelist:GhostrickJackfrost"],"picked":"theDuelist:WightLady","floor":10},{"not_picked":["theDuelist:YukiOnnaAbsolute","theDuelist:Tsukahagi","theDuelist:Hajun","theDuelist:Gashadokuro"],"picked":"theDuelist:Yasha","floor":12},{"not_picked":["theDuelist:OvertexQoatlus","theDuelist:VampireGrimson","theDuelist:SkullServant","theDuelist:VampireTakeover"],"picked":"theDuelist:DesLacooda","floor":14},{"not_picked":["theDuelist:ZombieMaster","theDuelist:VampireGrace","theDuelist:MonsterReborn","theDuelist:MayakashiWinter"],"picked":"theDuelist:OverpoweringEye","floor":16},{"not_picked":["theDuelist:VampireLady","theDuelist:UnderworldCannon","theDuelist:GiantAxeMummy","theDuelist:VendreadStriges"],"picked":"theDuelist:RevendreadSlayer+1","floor":18}],"player_experience":568334,"relics_obtained":[{"floor":3,"key":"Ancient Tea Set"},{"floor":6,"key":"Smiling Mask"},{"floor":7,"key":"hubris:IronBody"},{"floor":9,"key":"theDuelist:ResummonBranch"},{"floor":12,"key":"hubris:OldNail"},{"floor":14,"key":"Ginger"}],"event_choices":[{"damage_healed":0,"gold_gain":59,"player_choice":"Gained Gold","damage_taken":0,"max_hp_gain":0,"max_hp_loss":0,"event_name":"Golden Wing","floor":5,"gold_loss":0},{"damage_healed":0,"gold_gain":0,"player_choice":"Fight","duelist":true,"damage_taken":0,"max_hp_gain":0,"max_hp_loss":0,"event_name":"Battle City","floor":19,"gold_loss":0}],"is_beta":false,"boss_relics":[{"not_picked":["Runic Dome","hubris:ScarierMask"],"picked":"Sozu"}],"items_purged_floors":[],"is_endless":false,"potions_floor_spawned":[10,16,18],"killed_by":"3 Byrds","ascension_level":11}}