{"host":"dg9ago0zd82drrsw","time":1614188703,"event":{"mods":["BaseMod","Bestiary","Colored Powertips","Downfall","GifTheSpireLib","Minty Spire (QoL Compilation)","Relic Stats","StSLib"],"gold_per_floor":[99,119,138,123,139,139,163,178,178,211,234,266,266,266,285,285,285,285],"floor_reached":16,"language":"ENG","playtime":745,"items_purged":[],"score":132,"play_id":"c36d32b0-4971-4e25-926a-97c9c3c4887d","local_time":"20210224204503","is_ascension_mode":true,"campfire_choices":[{"data":"Slimebound:CorrosiveSpit","floor":1.0,"key":"SMITH"},{"data":"Slimebound:SpikyOuterGoop","floor":6.0,"key":"SMITH"},{"floor":13,"key":"REST"}],"circlet_count":0,"master_deck":["Slimebound:Strike_Slimebound+1","Slimebound:Strike_Slimebound","Slimebound:Tackle+1","Slimebound:Defend_Slimebound","Slimebound:Defend_Slimebound","Slimebound:Defend_Slimebound","Slimebound:Split","Slimebound:CorrosiveSpit+1","Slimebound:SpikyOuterGoop+1","Slimebound:RollThrough","Slimebound:LivingWall+1","Slimebound:BestDefense","Slimebound:GrowthPunch","Slimebound:RainOfGoop","Slimebound:SlimeSpikes","Slimebound:RallyTheTroops"],"relics":["Slimebound:AbsorbEndCombat","Whetstone","Mummified Hand","Odd Mushroom","HornCleat"],"acts_visited":["Exordium"],"potions_floor_usage":[12],"damage_taken":[{"damage":0.0,"enemies":"Small Slimes","floor":2.0,"turns":3.0},{"damage":0.0,"enemies":"2 Louse","floor":3.0,"turns":3.0},{"damage":0.0,"enemies":"downfall:FleeingMerchant","floor":4.0,"turns":4.0},{"damage":0.0,"enemies":"Cultist","floor":5.0,"turns":3.0},{"damage":11.0,"enemies":"Exordium Wildlife","floor":8.0,"turns":5.0},{"damage":16.0,"enemies":"Lagavulin","floor":10.0,"turns":6.0},{"damage":24.0,"enemies":"The Mushroom Lair","floor":11.0,"turns":4.0},{"damage":9,"enemies":"Gremlin Nob","floor":12,"turns":3},{"damage":24,"enemies":"Exordium Thugs","floor":15,"turns":5},{"damage":43,"enemies":"IC_STATUS_ARCHETYPE","floor":16,"turns":10}],"seed_played":"-115634610606677123","potions_obtained":[{"floor":2.0,"key":"Strength Potion"},{"floor":8.0,"key":"PowerPotion"},{"floor":11.0,"key":"champ:CounterPotion"},{"floor":15,"key":"Fire Potion"}],"is_trial":false,"path_per_floor":["R","M","M","$","M","R","T","M","?","E","?","E","R","?","M","B"],"character_chosen":"SLIMEBOUND","items_purchased":[],"campfire_rested":1,"item_purchase_floors":[],"current_hp_per_floor":[65,65,65,65,65,65,65,62,62,53,35,30,49,49,33,0,0,0],"gold":285,"neow_bonus":"REMOVE_CARD","is_daily":false,"chose_seed":false,"campfire_upgraded":2,"win_rate":0.0,"timestamp":1614188703,"path_taken":["R","M","M","$","M","R","T","M","?","E","?","E","R","?","M","BOSS"],"items_purchased_type":[],"build_version":"2020-12-22","purchased_purges":0,"victory":false,"max_hp_per_floor":[65,65,65,65,65,65,65,65,65,65,65,65,65,65,65,65,65,65],"relic_stats":{"counters":[10,46],"Mummified Hand":[7],"Whetstone":["Slimebound:Tackle","Slimebound:Strike_Slimebound"],"obtain_stats":[{"HornCleat":12,"Mummified Hand":10,"Slimebound:AbsorbEndCombat":0,"Whetstone":7,"Odd Mushroom":11},{"HornCleat":8,"Mummified Hand":6,"Slimebound:AbsorbEndCombat":0,"Whetstone":4,"Odd Mushroom":7},{"HornCleat":31,"Mummified Hand":24,"Slimebound:AbsorbEndCombat":0,"Whetstone":13,"Odd Mushroom":28}]},"card_choices":[{"not_picked":["Slimebound:SlimeTap","Slimebound:ItLooksTasty"],"picked":"Slimebound:SpikyOuterGoop","floor":2.0},{"not_picked":["Slimebound:Chomp","Slimebound:LeechingTouch"],"picked":"Slimebound:RollThrough","floor":3.0},{"not_picked":["Slimebound:LeechEnergy","Slimebound:ItLooksTasty"],"picked":"Slimebound:LivingWall","floor":4.0},{"not_picked":["Slimebound:ViciousTackle","Slimebound:LeechEnergy"],"picked":"Slimebound:BestDefense","floor":5.0},{"not_picked":["Slimebound:LeechEnergy","Slimebound:ItLooksTasty"],"picked":"Slimebound:GrowthPunch","floor":8.0},{"not_picked":["Slimebound:Repurpose","Slimebound:SplitBruiser"],"picked":"Slimebound:RainOfGoop","floor":10.0},{"not_picked":["Slimebound:SplitLeeching","Slimebound:GoopTackle"],"picked":"Slimebound:SlimeSpikes","floor":11.0},{"not_picked":["Slimebound:LeechingTouch","Slimebound:WasteNot","Slimebound:RollThrough"],"picked":"SKIP","floor":12},{"not_picked":["Slimebound:SlimeBrawl","Slimebound:PressTheAttack","Slimebound:LeechingTouch"],"picked":"SKIP","floor":15}],"player_experience":777299,"relics_obtained":[{"floor":7.0,"key":"Whetstone"},{"floor":10.0,"key":"Mummified Hand"},{"floor":11.0,"key":"Odd Mushroom"},{"floor":12,"key":"HornCleat"}],"event_choices":[{"damage_healed":0.0,"max_hp_gain":0.0,"max_hp_loss":0.0,"gold_gain":0.0,"event_name":"Living Wall","player_choice":"Grow","floor":9.0,"gold_loss":0.0,"damage_taken":0.0,"cards_upgraded":["Slimebound:LivingWall"]},{"damage_healed":0.0,"max_hp_gain":0.0,"max_hp_loss":0.0,"gold_gain":0.0,"event_name":"Mushrooms","player_choice":"Fought Mushrooms","floor":11.0,"gold_loss":0.0,"damage_taken":0.0}],"is_beta":false,"boss_relics":[],"items_purged_floors":[],"is_endless":false,"potions_floor_spawned":[2,8,11,15],"killed_by":"IC_STATUS_ARCHETYPE","ascension_level":4}}