{"host":"rm0ctv8qd8mnbkg1","time":1614169963,"event":{"mods":["Act Like it!","Aspiration","BaseMod","Beaked The Cultist","BetterRewards","Colored Map","DNKmod","Dark Map","Defuse TimeMaze Blight","Friendly Minions","Gensokyo","Hubris","Library of Ruina","Library of Ruina Extra","Marisa????????","Minty Spire (QoL Compilation)","MostiFishMod","Permanent Neow","Rare Cards Sparkle","Relic Sorter","Reliquary","Replay The Spire","Ruina","RumiaBox-????????","Shade Mod","Shop Mod","Spicy Shops","Spire Arcade","StSLib","The Animator","The Construct","The Servant 0.9.4","TheVacant","Wandering Minibosses","??????REMEMod"],"gold_per_floor":[10011,10026,10037,10037,10037,10063,10078,10078,10078,10078,10078,10106,10106],"floor_reached":12,"language":"ENG","playtime":293,"items_purged":[],"score":188,"play_id":"747fd581-bf6f-403a-895a-d7d1ef9f45c8","local_time":"20210224123243","is_ascension_mode":false,"campfire_choices":[{"data":"Gensokyo:CrescentMoonSlash","floor":8,"key":"SMITH"},{"data":"Rupture","floor":11,"key":"SMITH"}],"circlet_count":0,"master_deck":["Strike_R","Strike_R","Strike_R","Strike_R","Strike_R","Defend_R","Defend_R","Defend_R","Defend_R","Bash","beaked:Caw+1","Power Through","Wild Strike","ReplayTheSpireMod:Stacked","Injury","Gensokyo:CrescentMoonSlash+1","Reaper","Rupture+1","Carnage"],"relics":["Burning Blood","REME_ComplimentaryCards","DaveBox","Membership Card","reliquary:Crutches","PageOfTodaysShyLook","Bottled Tornado","Blue Candle"],"acts_visited":["Exordium"],"potions_floor_usage":[],"damage_taken":[{"damage":0,"enemies":"Gensokyo:2_Kodama","floor":1,"turns":1},{"damage":0,"enemies":"Gensokyo:3_Fairies","floor":2,"turns":2},{"damage":0,"enemies":"Gensokyo:Gryphon","floor":3,"turns":2},{"damage":0,"enemies":"Gensokyo:Mamizou","floor":6,"turns":6},{"damage":5,"enemies":"Gensokyo:VengefulSpirit","floor":7,"turns":4},{"damage":0,"enemies":"Gensokyo:Cirno","floor":12,"turns":5}],"seed_played":"1559378656287194642","potions_obtained":[{"floor":2,"key":"FearPotion"},{"floor":12,"key":"AttackPotion"}],"is_trial":false,"path_per_floor":["M","M","M","?","?","E","M","R","T","?","R","E"],"character_chosen":"IRONCLAD","items_purchased":[],"campfire_rested":0,"item_purchase_floors":[],"current_hp_per_floor":[1100,1100,1100,1100,935,941,949,949,949,949,949,977,977],"gold":10106,"neow_bonus":"TEN_PERCENT_HP_BONUS","is_daily":false,"chose_seed":false,"campfire_upgraded":2,"win_rate":0.0,"timestamp":1614169963,"path_taken":["M","M","M","?","?","E","M","R","T","?","R","E"],"items_purchased_type":[],"build_version":"2020-12-22","purchased_purges":0,"victory":false,"max_hp_per_floor":[1100,1100,1100,1100,1100,1100,1100,1100,1100,1100,1100,1100,1100],"card_choices":[{"not_picked":["hubris:ReadiedAction","Entrench"],"picked":"Power Through","floor":1},{"not_picked":["Entrench","hubris:ReadiedAction"],"picked":"Wild Strike","floor":2},{"not_picked":["Blood for Blood","Body Slam"],"picked":"ReplayTheSpireMod:Stacked","floor":3},{"not_picked":["Pommel Strike","Run Through"],"picked":"Reaper","floor":6},{"not_picked":["Body Slam","Ghostly Armor"],"picked":"Rupture","floor":7},{"not_picked":["Headbutt","Shrug It Off"],"picked":"Carnage","floor":12}],"player_experience":301898,"relics_obtained":[{"floor":6,"key":"PageOfTodaysShyLook"},{"floor":9,"key":"Bottled Tornado"},{"floor":12,"key":"Blue Candle"}],"event_choices":[],"is_beta":false,"boss_relics":[],"items_purged_floors":[],"is_endless":false,"potions_floor_spawned":[2,12],"killed_by":"Gensokyo:Cirno","ascension_level":0}}