{"host":"hxbbrccw7ig68b38","time":1614165846,"event":{"mods":["BaseMod","Hermit","Minty Spire (QoL Compilation)","StSLib","The Cursed"],"gold_per_floor":[112,124,134,149,33,65,65,65,65,65,65,65,77,93,93,193,193,210,64,79,106,136,148,188,200,212,240,295,322,334,363,375,487,499,521,533,563,595,634,646,668,680,768,87,107,121,131,159,159,159],"floor_reached":51,"language":"KOR","playtime":2763,"items_purged":[],"score":980,"play_id":"c8ecb49a-f5b6-49e3-8a09-dd216a4312d4","local_time":"20210224202406","daily_mods":["Draft","Hoarder","Vintage","Heirloom","DeadlyEvents","Uncertain Future"],"is_ascension_mode":false,"campfire_choices":[{"data":"hermit:GoldenBullet","floor":7.0,"key":"SMITH"},{"data":"hermit:Combo","floor":10.0,"key":"SMITH"},{"data":"hermit:GoldenBullet","floor":15.0,"key":"SMITH"},{"data":"hermit:Combo","floor":23.0,"key":"SMITH"},{"floor":32.0,"key":"REST"},{"floor":40,"key":"REST"},{"data":"hermit:Combo","floor":42,"key":"SMITH"},{"data":"hermit:Magnum","floor":49,"key":"SMITH"}],"circlet_count":0,"master_deck":["hermit:WideOpen","hermit:WideOpen","hermit:WideOpen","hermit:Coalescence","hermit:Coalescence","hermit:Coalescence","hermit:Feint","hermit:Feint","hermit:Feint","hermit:GoldenBullet+1","hermit:GoldenBullet+1","hermit:GoldenBullet+1","hermit:Vantage","hermit:Vantage","hermit:Vantage","hermit:Ricochet","hermit:Ricochet","hermit:Ricochet","hermit:LowProfile","hermit:LowProfile","hermit:LowProfile","hermit:Headshot","hermit:Headshot","hermit:Headshot","hermit:Combo+1","hermit:Combo+1","hermit:Combo+1","hermit:Misfire","hermit:Misfire","hermit:Misfire","hermit:Feint","hermit:Feint","hermit:Feint","hermit:PistolWhip","hermit:PistolWhip","hermit:PistolWhip","hermit:FlashPowder","hermit:FlashPowder","hermit:FlashPowder","hermit:Glare","hermit:Glare","hermit:Glare","hermit:Feint","hermit:Feint","hermit:Feint","hermit:Combo+1","hermit:Combo+1","hermit:Combo+1","hermit:Snipe","hermit:Snipe","hermit:Snipe","hermit:ItchyTrigger","hermit:ItchyTrigger","hermit:ItchyTrigger","hermit:Magnum+1","hermit:Magnum+1","hermit:Magnum+1","hermit:Headshot+1","hermit:Headshot+1","hermit:Headshot+1","hermit:CalledShot","hermit:CalledShot","hermit:CalledShot"],"relics":["hermit:ClaspedLocket","FossilizedHelix","Pen Nib","Eternal Feather","Oddly Smooth Stone","Frozen Egg 2","Potion Belt","Bronze Scales","Tiny Chest","Mummified Hand","Boot","Shuriken","Happy Flower","MawBank","Blue Candle","Centennial Puzzle","Peace Pipe","Torii","InkBottle","CeramicFish","Orichalcum","Bottled Tornado","Pear","hermit:BartenderGlass","Whetstone","Mango","Mercury Hourglass","Bag of Marbles","Gremlin Horn","Thread and Needle","Bottled Lightning","Regal Pillow","Art of War","Du-Vu Doll","Ice Cream"],"acts_visited":["Exordium","TheCity","TheBeyond"],"potions_floor_usage":[35,38,39,39,39,45,45,47,50,50,50,50,50,50],"damage_taken":[{"damage":0.0,"enemies":"Jaw Worm","floor":1.0,"turns":2.0},{"damage":0.0,"enemies":"2 Louse","floor":2.0,"turns":1.0},{"damage":0.0,"enemies":"Small Slimes","floor":3.0,"turns":3.0},{"damage":16.0,"enemies":"Exordium Thugs","floor":4.0,"turns":7.0},{"damage":19.0,"enemies":"Gremlin Nob","floor":6.0,"turns":5.0},{"damage":0.0,"enemies":"Red Slaver","floor":13.0,"turns":1.0},{"damage":0.0,"enemies":"3 Louse","floor":14.0,"turns":2.0},{"damage":12.0,"enemies":"Hexaghost","floor":16.0,"turns":6.0},{"damage":0.0,"enemies":"Spheric Guardian","floor":18.0,"turns":3.0},{"damage":0.0,"enemies":"Chosen","floor":20.0,"turns":2.0},{"damage":0.0,"enemies":"Snecko","floor":21.0,"turns":5.0},{"damage":0.0,"enemies":"Snake Plant","floor":22.0,"turns":2.0},{"damage":20.0,"enemies":"Slavers","floor":24.0,"turns":7.0},{"damage":21.0,"enemies":"Cultist and Chosen","floor":27.0,"turns":6.0},{"damage":16.0,"enemies":"Gremlin Leader","floor":28.0,"turns":6.0},{"damage":0.0,"enemies":"Snecko","floor":29.0,"turns":3.0},{"damage":0.0,"enemies":"Shelled Parasite and Fungi","floor":31.0,"turns":3.0},{"damage":7.0,"enemies":"Automaton","floor":33.0,"turns":6.0},{"damage":34,"enemies":"3 Darklings","floor":35,"turns":4},{"damage":11,"enemies":"3 Shapes","floor":37,"turns":4},{"damage":20,"enemies":"Sphere and 2 Shapes","floor":38,"turns":5},{"damage":2,"enemies":"Giant Head","floor":39,"turns":8},{"damage":21,"enemies":"Maw","floor":41,"turns":8},{"damage":0,"enemies":"Transient","floor":45,"turns":5},{"damage":0,"enemies":"4 Shapes","floor":46,"turns":2},{"damage":7,"enemies":"Writhing Mass","floor":47,"turns":6},{"damage":9,"enemies":"Reptomancer","floor":48,"turns":5},{"damage":39,"enemies":"Time Eater","floor":50,"turns":8}],"seed_played":"301636346414164045","potions_obtained":[{"floor":1.0,"key":"DistilledChaos"},{"floor":2.0,"key":"GamblersBrew"},{"floor":3.0,"key":"FearPotion"},{"floor":16.0,"key":"SneckoOil"},{"floor":18.0,"key":"SpeedPotion"},{"floor":20.0,"key":"SpeedPotion"},{"floor":25.0,"key":"PowerPotion"},{"floor":25.0,"key":"EntropicBrew"},{"floor":28.0,"key":"Explosive Potion"},{"floor":29.0,"key":"Dexterity Potion"},{"floor":37,"key":"Regen Potion"},{"floor":39,"key":"SteroidPotion"},{"floor":41,"key":"DistilledChaos"}],"is_trial":true,"path_per_floor":["M","M","M","M","$","E","R","?","T","R","T","?","M","M","R","B",null,"M","$","M","M","M","R","E","?","T","M","E","M","T","M","R","B",null,"M","?","M","M","E","R","M","R","T","$","M","M","M","E","R","B",null],"character_chosen":"HERMIT","items_purchased":["hermit:Combo+1","hermit:Snipe","Happy Flower","hermit:CalledShot","Thread and Needle","Bottled Lightning","Fire Potion","Weak Potion"],"campfire_rested":2,"item_purchase_floors":[5,5,19,44,44,44,44,44],"current_hp_per_floor":[75,75,75,59,59,40,70,75,75,80,80,80,80,80,80,68,80,80,80,80,80,80,80,60,60,60,39,23,23,23,33,90,83,90,56,56,59,48,46,104,83,104,104,104,104,104,97,88,104,70],"gold":159,"neow_bonus":"","is_daily":false,"chose_seed":false,"campfire_upgraded":6,"win_rate":0.0,"timestamp":1614165846,"path_taken":["M","M","M","M","$","E","R","?","T","R","?","?","M","M","R","BOSS","M","$","M","M","M","R","E","?","T","M","?","M","?","M","R","BOSS","M","?","M","?","?","R","M","R","T","$","M","M","M","E","R","BOSS"],"items_purchased_type":["Card","Card","Relic","Card","Relic","Relic","Potion","Potion"],"build_version":"2020-12-22","purchased_purges":0,"victory":true,"max_hp_per_floor":[75,75,75,75,75,75,75,80,80,80,80,80,80,80,80,80,80,80,80,80,80,80,80,80,80,80,80,80,80,80,90,90,90,90,90,90,104,104,104,104,104,104,104,104,104,104,104,104,104,109],"card_choices":[{"not_picked":["hermit:FlashPowder","hermit:SprayPray"],"picked":"hermit:WideOpen","floor":0.0},{"not_picked":["hermit:Spite","hermit:DeadMansHand"],"picked":"hermit:Coalescence","floor":0.0},{"not_picked":["hermit:FullyLoaded","hermit:Vantage"],"picked":"hermit:Feint","floor":0.0},{"not_picked":["hermit:Quickdraw","hermit:DeadMansHand"],"picked":"hermit:GoldenBullet","floor":0.0},{"not_picked":["hermit:Desperado","hermit:TakeAim"],"picked":"hermit:Vantage","floor":0.0},{"not_picked":["hermit:Midnight","hermit:TrackingShot"],"picked":"hermit:Ricochet","floor":0.0},{"not_picked":["hermit:FlashPowder","hermit:Desperado"],"picked":"hermit:LowProfile","floor":0.0},{"not_picked":["hermit:DeadMansHand","hermit:Quickdraw"],"picked":"hermit:Headshot","floor":0.0},{"not_picked":["hermit:Brawl","hermit:LoneWolf"],"picked":"hermit:Combo","floor":0.0},{"not_picked":["hermit:Glare","hermit:WideOpen"],"picked":"hermit:Misfire","floor":0.0},{"not_picked":["hermit:SprayPray","hermit:NoHoldsBarred"],"picked":"hermit:Feint","floor":0.0},{"not_picked":["hermit:Gestalt","hermit:WideOpen"],"picked":"hermit:PistolWhip","floor":0.0},{"not_picked":["hermit:BodyArmor","hermit:Ricochet"],"picked":"hermit:FlashPowder","floor":0.0},{"not_picked":["hermit:Desperado","hermit:HoleUp"],"picked":"hermit:Glare","floor":0.0},{"not_picked":["hermit:Desperado","hermit:Scavenge"],"picked":"hermit:Feint","floor":0.0},{"not_picked":["hermit:Misfire","hermit:Coalescence"],"picked":"hermit:ItchyTrigger","floor":6.0},{"not_picked":["hermit:EternalForm+1","hermit:Adapt+1"],"picked":"hermit:Magnum","floor":16.0},{"not_picked":["hermit:SprayPray","hermit:PistolWhip","hermit:Dive"],"picked":"SKIP","floor":24.0},{"not_picked":["hermit:FullyLoaded","hermit:Ricochet"],"picked":"hermit:Headshot+1","floor":28.0},{"not_picked":["hermit:HighNoon+1","hermit:Misfire","hermit:LoneWolf+1"],"picked":"SKIP","floor":39},{"not_picked":["hermit:NoHoldsBarred","hermit:GhostlyPresence+1","hermit:BigShot+1"],"picked":"SKIP","floor":48}],"player_experience":94827,"relics_obtained":[{"floor":1.0,"key":"Pen Nib"},{"floor":2.0,"key":"Eternal Feather"},{"floor":3.0,"key":"Oddly Smooth Stone"},{"floor":4.0,"key":"Frozen Egg 2"},{"floor":6.0,"key":"Potion Belt"},{"floor":9.0,"key":"Bronze Scales"},{"floor":11.0,"key":"Tiny Chest"},{"floor":13.0,"key":"Mummified Hand"},{"floor":14.0,"key":"Boot"},{"floor":18.0,"key":"Shuriken"},{"floor":20.0,"key":"MawBank"},{"floor":21.0,"key":"Blue Candle"},{"floor":22.0,"key":"Centennial Puzzle"},{"floor":24.0,"key":"Peace Pipe"},{"floor":26.0,"key":"Torii"},{"floor":27.0,"key":"InkBottle"},{"floor":28.0,"key":"CeramicFish"},{"floor":29.0,"key":"Orichalcum"},{"floor":30.0,"key":"Bottled Tornado"},{"floor":31.0,"key":"Pear"},{"floor":35,"key":"Whetstone"},{"floor":37,"key":"Mango"},{"floor":38,"key":"Mercury Hourglass"},{"floor":39,"key":"Bag of Marbles"},{"floor":43,"key":"Gremlin Horn"},{"floor":45,"key":"Regal Pillow"},{"floor":46,"key":"Art of War"},{"floor":47,"key":"Du-Vu Doll"},{"floor":48,"key":"Ice Cream"}],"event_choices":[{"damage_healed":0.0,"max_hp_gain":5.0,"max_hp_loss":0.0,"gold_gain":0.0,"event_name":"Big Fish","player_choice":"Donut","floor":8.0,"gold_loss":0.0,"damage_taken":0.0},{"damage_healed":0.0,"max_hp_gain":0.0,"max_hp_loss":0.0,"gold_gain":0.0,"event_name":"Accursed Blacksmith","player_choice":"Forge","floor":12.0,"gold_loss":0.0,"damage_taken":0.0,"cards_upgraded":["hermit:GoldenBullet"]},{"damage_healed":0.0,"max_hp_gain":0.0,"max_hp_loss":0.0,"gold_gain":0.0,"event_name":"Lab","player_choice":"Got Potions","floor":25.0,"gold_loss":0.0,"damage_taken":0.0},{"damage_healed":0,"gold_gain":0,"player_choice":"Ignored","damage_taken":0,"max_hp_gain":0,"max_hp_loss":0,"event_name":"Tomb of Lord Red Mask","floor":36,"gold_loss":0}],"is_beta":false,"boss_relics":[{"not_picked":["Cursed Key","Ectoplasm"],"picked":"hermit:ClaspedLocket"},{"not_picked":["Velvet Choker","Snecko Eye"],"picked":"hermit:BartenderGlass"}],"items_purged_floors":[],"is_endless":false,"potions_floor_spawned":[1,2,3,16,18,20,28,29,37,39,41,45],"ascension_level":0}}