{"host":"cz96naaoibjp08st","time":1614171689,"event":{"mods":["Act Like it!","BaseMod","BetterRewards","GifTheSpireLib","Minty Spire (QoL Compilation)","Replay The Spire","Shop Mod","StSLib","The Bug Knight"],"gold_per_floor":[114,129,148,148,175,209,7,35,61,61,80,80,91,105,105,208,208,220,236,236,72,96,126,145,145,172,185,211,225,253,284,284,389,389,415,149,176,185,209,234,184,203,203,203,153,153,182,195,195,195],"floor_reached":51,"language":"ZHS","playtime":1985,"items_purged":["Fiend Fire","Strike_R","Strike_R"],"score":676,"play_id":"5a7635b4-4bab-47fd-9943-0691f5c015f7","local_time":"20210224210129","is_ascension_mode":false,"campfire_choices":[{"data":"True Grit","floor":12,"key":"SMITH"},{"data":"Body Slam","floor":15,"key":"SMITH"},{"data":"Feed","floor":25,"key":"SMITH"},{"data":"ReplayTheSpireMod:Limb From Limb","floor":32,"key":"SMITH"},{"data":"Limit Break","floor":44,"key":"SMITH"},{"data":"Limit Break","floor":46,"key":"SMITH"},{"data":"Strike_R","floor":49,"key":"PURGE"}],"circlet_count":0,"master_deck":["Strike_R","Defend_R","Defend_R","Defend_R","Defend_R","Bash","Pommel Strike","Carnage+1","Armaments","Body Slam+1","Bludgeon+1","Battle Trance+1","Ghostly Armor","True Grit+1","Reaper","Feed+1","Immolate","Pot Of Greed","Pot Of Greed","ReplayTheSpireMod:Limb From Limb+1","Spot Weakness+1","Flame Barrier+1","Pot Of Greed","Limit Break+1","Pummel+1","Inflame","Inflame","Limit Break+1","Inflame","Limit Break"],"relics":["Burning Blood","Mango","Bronze Scales","Ancient Tea Set","Guide Book","Vajra","BranchBurnRelic","Replay:Bronze Core","Replay:Rubber Ducky","Smiling Mask","Replay:Baseball","Grinning Jar","CeramicFish","Coffee Dripper","ClockworkSouvenir","ReplayTheSpireMod:Lightbulb","Darkstone Periapt"],"acts_visited":["Exordium","TheCity","TheBeyond"],"potions_floor_usage":[28,30,33,50],"damage_taken":[{"damage":10,"enemies":"Small Slimes","floor":1,"turns":4},{"damage":8,"enemies":"Jaw Worm","floor":2,"turns":3},{"damage":6,"enemies":"Cultist","floor":3,"turns":3},{"damage":14,"enemies":"Gremlin Nob","floor":6,"turns":3},{"damage":4,"enemies":"Replay:BlueRogue","floor":8,"turns":3},{"damage":0,"enemies":"2 Fungi Beasts","floor":11,"turns":3},{"damage":0,"enemies":"Exordium Thugs","floor":13,"turns":2},{"damage":2,"enemies":"Blue Slaver","floor":14,"turns":3},{"damage":45,"enemies":"The Guardian","floor":16,"turns":9},{"damage":10,"enemies":"Shell Parasite","floor":18,"turns":5},{"damage":0,"enemies":"Spheric Guardian","floor":19,"turns":3},{"damage":31,"enemies":"HollowMod:Nosk","floor":23,"turns":7},{"damage":1,"enemies":"Snecko","floor":24,"turns":5},{"damage":13,"enemies":"Centurion and Healer","floor":27,"turns":9},{"damage":41,"enemies":"Book of Stabbing","floor":28,"turns":5},{"damage":27,"enemies":"Snake Plant","floor":29,"turns":5},{"damage":22,"enemies":"Gremlin Leader","floor":30,"turns":5},{"damage":12,"enemies":"3 Cultists","floor":31,"turns":5},{"damage":67,"enemies":"Pondfish","floor":33,"turns":6},{"damage":13,"enemies":"Orb Walker","floor":35,"turns":5},{"damage":4,"enemies":"3 Darklings","floor":37,"turns":3},{"damage":7,"enemies":"Maw","floor":39,"turns":6},{"damage":15,"enemies":"Reptomancer","floor":40,"turns":5},{"damage":9,"enemies":"4 Shapes","floor":42,"turns":3},{"damage":37,"enemies":"Jaw Worm Horde","floor":47,"turns":4},{"damage":0,"enemies":"Transient","floor":48,"turns":5},{"damage":46,"enemies":"Donu and Deca","floor":50,"turns":5}],"seed_played":"-809256381168526197","potions_obtained":[{"floor":6,"key":"SpeedPotion"},{"floor":8,"key":"Milkshake"},{"floor":11,"key":"HeartOfIron"},{"floor":13,"key":"LifebloodPotion"},{"floor":19,"key":"PowerPotion"},{"floor":28,"key":"GamblersBrew"},{"floor":35,"key":"Toxic Potion"},{"floor":47,"key":"Weak Potion"}],"is_trial":false,"path_per_floor":["M","M","M","?","T","E","$","E","T","$","M","R","M","M","R","B",null,"M","M","?","$","T","E","M","R","T","M","E","M","E","M","R","B",null,"M","$","M","?","M","E","$","M","T","R","$","R","M","M","R","B",null],"character_chosen":"IRONCLAD","items_purchased":["Guide Book","Battle Trance+1","Feed","ClockworkSouvenir","Inflame"],"campfire_rested":0,"item_purchase_floors":[7,7,21,36,36],"current_hp_per_floor":[66,64,64,64,64,56,56,58,58,58,64,64,75,79,79,58,94,90,94,94,94,94,72,80,80,80,101,66,49,59,57,57,33,116,113,113,115,115,123,114,114,111,111,111,111,111,100,124,124,89],"gold":195,"neow_bonus":"ONE_RARE_RELIC","is_daily":false,"chose_seed":false,"campfire_upgraded":6,"win_rate":0.0,"timestamp":1614171689,"path_taken":["M","M","M","?","?","E","$","E","T","?","M","R","M","M","R","BOSS","M","M","?","$","?","E","M","R","T","M","E","M","E","M","R","BOSS","M","$","M","?","M","E","?","M","T","R","$","R","M","M","R","BOSS"],"items_purchased_type":["Relic","Card","Card","Relic","Card"],"build_version":"2020-12-22","purchased_purges":3,"victory":true,"max_hp_per_floor":[94,94,94,94,94,94,94,94,94,94,94,94,94,94,94,94,94,94,94,94,94,94,97,100,100,100,104,104,108,112,116,116,116,116,120,120,120,120,124,124,124,124,124,124,124,124,124,124,124,124],"card_choices":[{"not_picked":["Cleave","ReplayTheSpireMod:LeadingStrike"],"picked":"Pommel Strike","floor":1},{"not_picked":["Hemokinesis","Body Slam"],"picked":"Carnage","floor":2},{"not_picked":["Hemokinesis","ReplayTheSpireMod:Strike From Hell"],"picked":"Armaments","floor":3},{"not_picked":["Brutality","Infernal Blade"],"picked":"Bludgeon","floor":6},{"not_picked":["Clothesline","ReplayTheSpireMod:Corrosion Curse"],"picked":"Ghostly Armor","floor":8},{"not_picked":["Burning Pact","Havoc"],"picked":"True Grit","floor":11},{"not_picked":["Twin Strike","Infernal Blade","Replay:Undeath\u0027s Touch"],"picked":"SKIP","floor":13},{"not_picked":["Fire Breathing","Replay:Undeath\u0027s Touch"],"picked":"Reaper","floor":14},{"not_picked":["Exhume","Corruption"],"picked":"Fiend Fire","floor":16},{"not_picked":["Rampage","Replay:Undeath\u0027s Touch","Cleave"],"picked":"SKIP","floor":18},{"not_picked":["Anger","Rage","Iron Wave"],"picked":"SKIP","floor":19},{"not_picked":["Thunderclap","Sever Soul","Fire Breathing"],"picked":"SKIP","floor":23},{"not_picked":["Sword Boomerang","Pommel Strike+1","Whirlwind"],"picked":"SKIP","floor":24},{"not_picked":["Replay:Undeath\u0027s Touch+1","Disarm"],"picked":"Immolate","floor":27},{"not_picked":["Run Through","Clash"],"picked":"ReplayTheSpireMod:Limb From Limb","floor":28},{"not_picked":["Infernal Blade","Reckless Charge"],"picked":"Spot Weakness+1","floor":29},{"not_picked":["Massacre","Thunderclap","Dual Wield"],"picked":"SKIP","floor":30},{"not_picked":["Twin Strike","Disarm"],"picked":"Flame Barrier+1","floor":31},{"not_picked":["Eclipse","Barricade"],"picked":"Limit Break","floor":33},{"not_picked":["ReplayTheSpireMod:Limb From Limb+1","Run Through+1"],"picked":"Pummel+1","floor":35},{"not_picked":["Cleave+1","Replay:Undeath\u0027s Touch+1"],"picked":"Inflame","floor":37},{"not_picked":["Rampage","Iron Wave+1"],"picked":"Inflame","floor":39},{"not_picked":["Anger+1","Sever Soul","Replay:Undeath\u0027s Touch+1"],"picked":"SKIP","floor":40},{"not_picked":["Shrug It Off+1","Massacre","Clash+1"],"picked":"SKIP","floor":42},{"not_picked":["ReplayTheSpireMod:Strike From Hell","Thunderclap+1"],"picked":"Limit Break","floor":47},{"not_picked":["Life Link","Dropkick","Anger"],"picked":"SKIP","floor":48}],"player_experience":308718,"relics_obtained":[{"floor":5,"key":"Bronze Scales"},{"floor":6,"key":"Ancient Tea Set"},{"floor":8,"key":"Dead Branch"},{"floor":9,"key":"Vajra"},{"floor":22,"key":"Replay:Rubber Ducky"},{"floor":23,"key":"Smiling Mask"},{"floor":26,"key":"Replay:Baseball"},{"floor":28,"key":"Grinning Jar"},{"floor":30,"key":"CeramicFish"},{"floor":40,"key":"ReplayTheSpireMod:Lightbulb"},{"floor":43,"key":"Darkstone Periapt"}],"event_choices":[{"damage_healed":0,"gold_gain":0,"cards_transformed":["Strike_R"],"player_choice":"Change","damage_taken":0,"max_hp_gain":0,"max_hp_loss":0,"event_name":"Living Wall","floor":4,"gold_loss":0,"cards_obtained":["Body Slam"]},{"damage_healed":0,"gold_gain":0,"player_choice":"Bought 0 Potions","damage_taken":0,"max_hp_gain":0,"max_hp_loss":0,"event_name":"The Woman in Blue","floor":20,"gold_loss":0},{"damage_healed":0,"gold_gain":0,"player_choice":"Copied","damage_taken":0,"max_hp_gain":0,"max_hp_loss":0,"event_name":"Duplicator","floor":38,"gold_loss":0,"cards_obtained":["Limit Break"]}],"is_beta":false,"boss_relics":[{"not_picked":["Replay:Wanted Poster","Tiny House"],"picked":"Replay:Bronze Core"},{"not_picked":["SlaversCollar","Busted Crown"],"picked":"Coffee Dripper"}],"items_purged_floors":[36,41,45],"is_endless":false,"potions_floor_spawned":[6,8,11,13,19,23,24,28,35,47,48],"ascension_level":0}}