{"host":"qhbbxt9nia1s4hz5","time":1614198617,"event":{"mods":["2.2 Compatiblity","Act Like it!","AlwaysNeverKeys","BaseMod","Better Altar","Better Match","Better Note","Better Sensory Stone","Better Skull","Better Third Choice","Better Vampires","BetterRewards","Block Reminder","Booster Modes","Colored Map","Colored Powertips","Displayed Cursed Tome","Emptier Cage","Energized Spire","Faster Ascension Climbing","Friendly Minions","GifTheSpireLib","Gold Saver","Hallownest","Infinite Spire","Library of Ruina","Minty Spire (QoL Compilation)","Permanent Neow","Rare Cards Sparkle","Relic Filter","Reliquary","Replay The Spire","Ruina","Shop Mod","StSLib"],"gold_per_floor":[612,612,241,254,19,19,47,47,47,67,67,92,92,104,104,200,200,215,215,233,58,280,280,294,294,376,42,52,94,94,120,120,225,225,240,240,240,19,99,99,117,142,168,168,213,62,72,82,82,82],"floor_reached":49,"language":"ENG","playtime":5693,"items_purged":["LightDefense","LightDefense","LightDefense","LightDefense","Dodge","LightAttack","SharpenedBlade","GoinFirst","SnakesPrey+1"],"score":1141,"play_id":"e066829d-0d75-45bb-a7d1-ce88cd3d9313","local_time":"20210224223017","is_ascension_mode":true,"campfire_choices":[{"data":"Faith","floor":6,"key":"SMITH"},{"data":"ReplayTheSpireMod:Private Reserves","floor":8,"key":"SMITH"},{"data":"Rampage_lor","floor":11,"key":"SMITH"},{"data":"Suppress","floor":13,"key":"SMITH"},{"data":"GaleKick","floor":15,"key":"SMITH"},{"data":"Commandeering","floor":23,"key":"SMITH"},{"data":"UnforgettableMelody","floor":25,"key":"SMITH"},{"data":"Struggle","floor":32,"key":"SMITH"},{"data":"ChargeAndCover","floor":40,"key":"SMITH"},{"data":"FocusedStrikes","floor":44,"key":"SMITH"}],"circlet_count":0,"master_deck":["LightAttack","LightAttack","ChargeAndCover+1","FocusedStrikes+1","ReplayTheSpireMod:Private Reserves+1","Rampage_lor+1","StayCalm","Mutilate","Faith+1","IngredientHunt+1","Struggle+1","Suppress+1","FierceOnslaught","SomberProcuration","GaleKick+1","Commandeering+1","Suppress+1","ToWhereThePrescriptPoints+1","UnforgettableMelody+1","RhinoRam+1","BackAttack+1","DestructiveImpact+1","Secret Weapon+1","UnavoidableGaze+1"],"relics":["PageOfLibrarian","Replay:Ringing Soul","Sling","reliquary:TridentHead","Hallownest:DreamNailRelic","Membership Card","infinitespire:WardingShard","Tiny Chest","Mercury Hourglass","Pear","Pocketwatch","Busted Crown","Bag of Preparation","Blue Doll","Quantum Egg","reliquary:FingerTrap","Divine Protection","infinitespire:Joker Card","reliquary:PrincelyHelmet","ChewingGum","PageOfTheQueenOfHatred","PageOfTheKnightOfDespair","PageOfGreed","PageOfWrath","Guide Book","Anchor","PageOfNihil"],"acts_visited":["Hallownest:Greenpath","Hallownest:CityofTears","Hallownest:KingdomsEdge"],"potions_floor_usage":[7,19,24,29,33,47],"damage_taken":[{"damage":8,"enemies":"Hallownest:monsterHuskWarrior","floor":1,"turns":3},{"damage":10,"enemies":"Hallownest:2_Tiktiks_and_1_Crawlid","floor":4,"turns":2},{"damage":0,"enemies":"Hallownest:eliteCrystalGuardian","floor":7,"turns":2},{"damage":0,"enemies":"Hallownest:2_Baldur","floor":10,"turns":1},{"damage":5,"enemies":"Hallownest:eliteMossKnight","floor":12,"turns":2},{"damage":9,"enemies":"Hallownest:Wandering_and_Horned","floor":14,"turns":2},{"damage":28,"enemies":"Hallownest:BossHornet","floor":16,"turns":5},{"damage":11,"enemies":"Hallownest:2_Mistakes","floor":18,"turns":2},{"damage":8,"enemies":"Hallownest:2_Mistakes","floor":19,"turns":3},{"damage":0,"enemies":"Hallownest:3_Youths","floor":20,"turns":3},{"damage":3,"enemies":"Hallownest:Master_and_Novice","floor":24,"turns":2},{"damage":0,"enemies":"Hallownest:monsterShrumalOgre","floor":28,"turns":2},{"damage":5,"enemies":"Hallownest:Glutton_and_Coward","floor":29,"turns":2},{"damage":0,"enemies":"Hallownest:eliteSoulWarrior","floor":31,"turns":3},{"damage":0,"enemies":"Hallownest:BossMantisLord","floor":33,"turns":3},{"damage":0,"enemies":"Hallownest:2_Littles","floor":35,"turns":1},{"damage":0,"enemies":"Hallownest:2_Littles","floor":39,"turns":2},{"damage":0,"enemies":"Hallownest:2_Littles","floor":39,"turns":2},{"damage":0,"enemies":"Hallownest:eliteHiveKnight","floor":42,"turns":3},{"damage":30,"enemies":"Hallownest:Shield_Heavy","floor":47,"turns":7},{"damage":0,"enemies":"Hallownest:2_Soldiers_and_1_Guardian","floor":48,"turns":2}],"seed_played":"5979074258706890944","potions_obtained":[{"floor":4,"key":"FearPotion"},{"floor":16,"key":"Adrenaline Potion"},{"floor":20,"key":"GamblersBrew"},{"floor":29,"key":"EntropicBrew"},{"floor":31,"key":"Explosive Potion"},{"floor":48,"key":"Toxic Potion"}],"is_trial":false,"path_per_floor":["M","?","$","M","$","R","E","R","T","M","R","E","R","M","R","B",null,"M","?","M","$","?","R","M","R","T","$","M","M","AVR","E","R","B",null,"M","T","?","$","?","R","?","E","T","R","T","$","M","M","R"],"character_chosen":"Librarian","items_purchased":["Replay:Ringing Soul","Sling","ReplayTheSpireMod:Private Reserves","Rampage_lor","SnakesPrey+1","StayCalm","Mutilate","reliquary:TridentHead","Membership Card","infinitespire:WardingShard","Faith","Struggle","SharpenedBlade","Tiny Chest","Bag of Preparation","reliquary:FingerTrap","Divine Protection","RhinoRam+1","Secret Weapon","Guide Book","Anchor"],"campfire_rested":0,"item_purchase_floors":[0,0,0,0,0,0,0,0,3,3,3,5,5,5,21,27,27,27,38,46,46],"current_hp_per_floor":[58,58,61,61,64,64,69,69,79,82,82,92,92,86,86,67,110,108,106,107,107,51,51,57,57,57,60,60,61,61,76,76,76,123,126,126,126,129,140,140,140,145,145,145,145,145,132,146,146,146],"gold":82,"neow_bonus":"","is_daily":false,"chose_seed":false,"campfire_upgraded":10,"win_rate":0.0,"timestamp":1614198617,"path_taken":["M","?","?","M","$","R","E","R","T","M","R","E","R","M","R","BOSS","M","?","M","$","?","R","M","R","T","$","?","M","AVR","E","R","BOSS","M","?","?","$","?","R","?","E","T","R","?","?","M","?","R"],"items_purchased_type":["Relic","Relic","Card","Card","Card","Card","Card","Relic","Relic","Relic","Card","Card","Card","Relic","Relic","Relic","Relic","Card","Card","Relic","Relic"],"build_version":"2020-12-22","purchased_purges":9,"victory":false,"max_hp_per_floor":[69,69,72,75,78,78,95,95,105,108,108,111,111,123,123,124,124,136,136,107,107,107,130,133,133,133,136,136,136,136,139,139,139,139,142,142,142,145,145,145,145,145,145,147,147,147,150,150,150,150],"card_choices":[{"not_picked":["HandlingWork","CumulusWall","Ripple","FleetEdge","IllEndYou","AlloutWar","Rewind","Pound"],"picked":"GoinFirst","floor":1},{"not_picked":["Diversion","Quickness","ChiWen","ClassAndRespect","Standoff","FierceCharge","CoordinatedAssault","FleetFootsteps"],"picked":"IngredientHunt","floor":4},{"not_picked":["ChargeUp","LawAndOrder","FleetEdge","QuickSuppression","GuardingStance","Struggle","IllEndYou","CutIn"],"picked":"Suppress","floor":7},{"not_picked":["AlloutWar","Leap_lor","FlowOfTheSword","EndlessBattle","SerpentSwordTechnique","NightInTheBackstreets","Overpower","FaintMemories"],"picked":"FierceOnslaught","floor":10},{"not_picked":["CookingPrep","FleetEdge","Slice_lor","Parry2","RepressedFlesh","Execute_lor","HiddenBlade","WillBeTasty"],"picked":"SomberProcuration","floor":12},{"not_picked":["Wallop_lor","SilentMist","AGoldenOpportunity","RatsGuideToSurvival","Unlock1","EndlessBattle","FrontalAssault","SpearedSweep"],"picked":"GaleKick","floor":14},{"not_picked":["Decapitation","EmotionalTurbulence"],"picked":"Commandeering","floor":16},{"not_picked":["UnavoidableGaze","HiddenBlade+1","Collision+1","FrontalAssault","FocusFire+1","FleetFootsteps"],"picked":"Suppress","floor":18},{"not_picked":["EndlessBattle","TasteMyFlamingBat","FlashOfSunup","BiAn","Concentration","MultiBlock+1"],"picked":"ToWhereThePrescriptPoints+1","floor":20},{"not_picked":["EnergyShield","StrikeDown","SnakeSlit","DefenseOrder","SuppressingShot","GuardingStance"],"picked":"UnforgettableMelody","floor":24},{"not_picked":["Rewind","BindingChains","WillBeTasty","BizarreAttack","SerpentSwordTechnique","HandleRequest","StructuralAnalysis"],"picked":"SKIP","floor":28},{"not_picked":["Parry2","DarkCloud","FierceCharge","ViolentFlame","UpbeatPerformance+1","QuickSuppression","Deflect_lor"],"picked":"SKIP","floor":29},{"not_picked":["SunsetBlade","SerpentSwordTechnique+1","YoureAHindrance","Laceration","NightInTheBackstreets","GroundSmash"],"picked":"BackAttack+1","floor":31},{"not_picked":["BiAn","Brawl+1","Tailoring+1","MultiBlock+1","GuardingStance+1","DefenseOrder"],"picked":"DestructiveImpact+1","floor":35},{"not_picked":["GuidanceOfTheGears","GreatSerpentsImpact+1","SearingSword","DeepDrag","DestructiveImpact+1","Unlock1","Ripple+1"],"picked":"SKIP","floor":42},{"not_picked":["SharpSwipe+1","GrazeTheGrass","Outburst","RushDown","SerpentineBarrier","ChiWen+1"],"picked":"UnavoidableGaze+1","floor":47},{"not_picked":["ToWhereThePrescriptPoints","Rewind","SmokingPipe","ProselytesBlade","QuickAttack","Duel_lor+1","TheRedNotes+1"],"picked":"SKIP","floor":48}],"player_experience":875669,"relics_obtained":[{"floor":7,"key":"Mercury Hourglass"},{"floor":9,"key":"Pear"},{"floor":12,"key":"Pocketwatch"},{"floor":26,"key":"Quantum Egg"},{"floor":31,"key":"reliquary:PrincelyHelmet"},{"floor":36,"key":"PageOfTheQueenOfHatred"},{"floor":42,"key":"PageOfTheKnightOfDespair"},{"floor":43,"key":"PageOfGreed"},{"floor":45,"key":"PageOfWrath"},{"floor":47,"key":"PageOfNihil"}],"event_choices":[{"damage_healed":0,"gold_gain":222,"player_choice":"GO GO RE UP ","damage_taken":62,"relics_obtained":["Blue Doll"],"max_hp_gain":0,"max_hp_loss":0,"event_name":"betterSkull:BetterSkull","floor":22,"gold_loss":0,"cards_upgraded":["IngredientHunt"]}],"is_beta":false,"boss_relics":[{"not_picked":["infinitespire:Cupcake","energizedSpire:EnergizedDie"],"picked":"Busted Crown"},{"not_picked":["Kintsugi","energizedSpire:NeverEndingSparkler"],"picked":"ChewingGum"}],"items_purged_floors":[0,0,0,3,5,21,27,30,38],"is_endless":false,"potions_floor_spawned":[4,16,19,20,29,31,39,48],"ascension_level":7}}