{"host":"75f7vpxw7p171fvt","time":1614150500,"event":{"mods":["100% Spire Juice","Act Like it!","Arknights","Astrologer","Bard","BaseMod","CapriCore","ChefMod","Clockwork Mod","Communication Mod","Downfall","Duelist Mod","Gensokyo","Gremlin Mod","Jorbs\u0027s Wanderer Trilogy","Minty Spire (QoL Compilation)","Potionbrewer","Reliquary","Robot Space Explorer","Shapeshifter Mod","StS++","StSLib","The Administrix","The Animator","The Blackbeard","The Dragon Tamer","The Gatherer","The Immortal","The Mystic","The Poker Player"],"gold_per_floor":[114,125,136,311,311,336,352,365,390,390,390,402,402,413,413,516,516,533,549,549,565,91,91,91,91],"floor_reached":24,"language":"ENG","playtime":2916,"items_purged":["MokouMod:Strike"],"score":200,"play_id":"d7a9090c-8479-4788-a897-bbe1ea87654b","local_time":"20210223230820","is_ascension_mode":false,"campfire_choices":[{"data":"MokouMod:Wildfire","floor":10,"key":"SMITH"},{"data":"MokouMod:BurningDraft","floor":13,"key":"SMITH"},{"data":"MokouMod:ThermalPressure","floor":15,"key":"SMITH"},{"data":"MokouMod:Rebirth","floor":23,"key":"SMITH"}],"circlet_count":0,"master_deck":["MokouMod:Strike+1","MokouMod:Strike","MokouMod:Strike+1","MokouMod:Strike","MokouMod:Defend","MokouMod:Defend","MokouMod:Defend","MokouMod:Defend","MokouMod:HeatSpark","MokouMod:PhoenixFeathers","MokouMod:Scorch","MokouMod:HeartofFire","MokouMod:CrimsonFlare+1","MokouMod:BurningDraft+1","MokouMod:Wildfire+1","Purity","MokouMod:SearingBlow+1","MokouMod:ThermalPressure+1","MokouMod:Rebirth+1","MokouMod:FujiyamaVolcano","MokouMod:ImperishableFlame","MokouMod:FujiyamaVolcano+1","MokouMod:IgnitionBlast","MokouMod:Sear","MokouMod:Ember"],"relics":["MokouMod:PhoenixFeather","reliquary:Spinner","Whetstone","Runic Dome","Whetstone"],"acts_visited":["Exordium","TheCity"],"potions_floor_usage":[6,14,14,21],"damage_taken":[{"damage":2,"enemies":"Small Slimes","floor":1,"turns":4},{"damage":0,"enemies":"2 Louse","floor":2,"turns":3},{"damage":1,"enemies":"Cultist","floor":3,"turns":4},{"damage":20,"enemies":"3 Sentries","floor":6,"turns":8},{"damage":3,"enemies":"2 Fungi Beasts","floor":7,"turns":4},{"damage":14,"enemies":"3 Louse","floor":8,"turns":3},{"damage":6,"enemies":"Blue Slaver","floor":12,"turns":4},{"damage":3,"enemies":"Looter","floor":14,"turns":3},{"damage":46,"enemies":"Slime Boss","floor":16,"turns":13},{"damage":23,"enemies":"2 Thieves","floor":18,"turns":3},{"damage":30,"enemies":"Shell Parasite","floor":19,"turns":5},{"damage":28,"enemies":"Shelled Parasite and Fungi","floor":21,"turns":3},{"damage":86,"enemies":"Gremlin Leader","floor":24,"turns":6}],"seed_played":"-5554018698165477087","potions_obtained":[{"floor":3,"key":"ColorlessPotion"},{"floor":7,"key":"Regen Potion"},{"floor":8,"key":"Energy Potion"},{"floor":16,"key":"FearPotion"},{"floor":18,"key":"FearPotion"}],"is_trial":false,"path_per_floor":["M","M","M","?","?","E","M","M","T","R","?","M","R","M","R","B",null,"M","M","?","M","$","R","E"],"character_chosen":"MKU","items_purchased":["MokouMod:IgnitionBlast","MokouMod:Sear","reliquary:SculptingSteel","MokouMod:Ember"],"campfire_rested":0,"item_purchase_floors":[22,22,22,22],"current_hp_per_floor":[80,80,79,79,79,59,56,42,42,42,42,36,36,42,42,20,82,59,29,29,1,1,1,0,0],"gold":91,"neow_bonus":"TEN_PERCENT_HP_BONUS","is_daily":false,"chose_seed":false,"campfire_upgraded":4,"win_rate":0.0,"timestamp":1614150500,"path_taken":["M","M","M","?","?","E","M","M","T","R","?","M","R","?","R","BOSS","M","M","?","M","$","R","E"],"items_purchased_type":["Card","Card","Relic","Card"],"build_version":"2020-12-22","purchased_purges":1,"victory":false,"max_hp_per_floor":[82,82,82,82,82,82,82,82,82,82,82,82,82,82,82,82,82,82,82,82,82,82,82,82,82],"card_choices":[{"not_picked":["MokouMod:FlickeringFlame","MokouMod:SubterraneanCore"],"picked":"MokouMod:PhoenixFeathers","floor":1},{"not_picked":["MokouMod:Firecracker","MokouMod:SearingShot"],"picked":"MokouMod:Scorch","floor":2},{"not_picked":["MokouMod:BurningDraft","MokouMod:Burn"],"picked":"MokouMod:HeartofFire","floor":3},{"not_picked":["MokouMod:IndiscriminateIgnition","MokouMod:FlamingFireTalons"],"picked":"MokouMod:CrimsonFlare","floor":6},{"not_picked":["MokouMod:AdaptivePyromancy","MokouMod:IcarusDive"],"picked":"MokouMod:BurningDraft","floor":7},{"not_picked":["MokouMod:RoaringFlare","MokouMod:Singe"],"picked":"MokouMod:Wildfire","floor":8},{"not_picked":["MokouMod:ScorchingColumn","MokouMod:SearingShot"],"picked":"MokouMod:SearingBlow","floor":12},{"not_picked":["MokouMod:InfernalWave","MokouMod:AdaptivePyromancy"],"picked":"MokouMod:ThermalPressure","floor":14},{"not_picked":["MokouMod:SpontaneousHumanCombustion","MokouMod:ProfanedFlare"],"picked":"MokouMod:Rebirth","floor":16},{"not_picked":["MokouMod:Singe","MokouMod:Overheat"],"picked":"MokouMod:FujiyamaVolcano","floor":18},{"not_picked":["MokouMod:Combust","MokouMod:Ember"],"picked":"MokouMod:ImperishableFlame","floor":19},{"not_picked":["MokouMod:PhoenixFeathers","MokouMod:Combust"],"picked":"MokouMod:FujiyamaVolcano+1","floor":21}],"player_experience":20256,"relics_obtained":[{"floor":6,"key":"reliquary:Spinner"},{"floor":9,"key":"Whetstone"}],"event_choices":[{"damage_healed":0,"gold_gain":175,"player_choice":"AGREE","damage_taken":0,"max_hp_gain":0,"max_hp_loss":0,"event_name":"Liars Game","floor":4,"gold_loss":0,"cards_obtained":["Doubt"]},{"cards_removed":["Doubt"],"damage_healed":0,"gold_gain":0,"player_choice":"Forget","damage_taken":0,"max_hp_gain":0,"max_hp_loss":0,"event_name":"Living Wall","floor":5,"gold_loss":0},{"damage_healed":0,"gold_gain":0,"player_choice":"1 cards matched","damage_taken":0,"max_hp_gain":0,"max_hp_loss":0,"event_name":"Match and Keep!","floor":11,"gold_loss":0,"cards_obtained":["Purity"]},{"damage_healed":0,"gold_gain":0,"player_choice":"Ignored","damage_taken":0,"max_hp_gain":0,"max_hp_loss":0,"event_name":"Vampires","floor":20,"gold_loss":0}],"is_beta":false,"boss_relics":[{"not_picked":["reliquary:Ember","Fusion Hammer"],"picked":"Runic Dome"}],"items_purged_floors":[22],"is_endless":false,"potions_floor_spawned":[3,7,8,16,18],"killed_by":"Gremlin Leader","ascension_level":0}}