{"host":"jkrqlov8aogccnw1","time":1614156503,"event":{"mods":["Act Like it!","BaseMod","Colored Map","Colored Powertips","Library of Ruina","Library of Ruina Extra","Minty Spire (QoL Compilation)","Permanent Neow","Ruina","StSLib"],"gold_per_floor":[111,127,127,127,139,139,59,94,130,161,173,185,213,244,256,364,376,408,420,444,475,502,543,555,599,611,437,437,437,465,484,484,589,589,602,653,671,671,671,701,701,732,732,732,751,146,166,179,179,179],"floor_reached":51,"language":"ENG","playtime":2335,"items_purged":[],"score":967,"play_id":"a1d366de-b611-448c-aee8-21445b9588f3","local_time":"20210224034823","is_ascension_mode":false,"campfire_choices":[{"data":"DesperateStruggle","floor":6.0,"key":"SMITH"},{"data":"SomberProcuration","floor":12.0,"key":"SMITH"},{"data":"Eliminate","floor":15.0,"key":"SMITH"},{"data":"TendonChords","floor":24.0,"key":"SMITH"},{"data":"ruina:GoldRush","floor":28.0,"key":"SMITH"},{"data":"ScatteringSlash","floor":32.0,"key":"SMITH"},{"data":"FrontalAssault","floor":41.0,"key":"SMITH"},{"data":"SenseQuarry","floor":44.0,"key":"SMITH"},{"data":"DesperateStruggle","floor":49,"key":"SMITH"}],"circlet_count":0,"master_deck":["Dodge","LightDefense","LightAttack","LightAttack+1","LightAttack","LightDefense","LightDefense","LightDefense","ChargeAndCover","FocusedStrikes","DesperateStruggle+1","Multislash","Regret","ClassAndRespect","Eliminate+1","SomberProcuration+1","ChopItOff","InkOver","TendonChords+1","DarkCloud","SharpenedBlade","TendonChords+1","FlyingSword","Slice_lor","ruina:GoldRush+1","Writhe","DesperateStruggle+1","ScatteringSlash+1","SenseQuarry+1","FrontalAssault+1","FeelinGood","Deep Breath","BiXi+1","FrontalAssault+1","DesperateStruggle+1","GuardingStance+1","ClassAndRespect+1"],"relics":["PageOfLibrarian","Art of War","MawBank","Bag of Marbles","SlaversCollar","ruina:PrescriptsGrace","Meat on the Bone","PageOfQueenBee","Orichalcum","ruina:Goodbye","Akabeko","PageOfBlackSwan","TungstenRod","Toxic Egg 2","Whetstone","PageOfMercenary","PageOfLaetitia","Mango"],"acts_visited":["Exordium","Exordium","TheBeyond"],"potions_floor_usage":[50,51,51],"damage_taken":[{"damage":0.0,"enemies":"2 Louse","floor":1.0,"turns":3.0},{"damage":2.0,"enemies":"Small Slimes","floor":2.0,"turns":2.0},{"damage":7.0,"enemies":"Jaw Worm","floor":5.0,"turns":2.0},{"damage":18.0,"enemies":"3 Sentries","floor":8.0,"turns":5.0},{"damage":4.0,"enemies":"Lots of Slimes","floor":10.0,"turns":3.0},{"damage":0.0,"enemies":"Red Slaver","floor":13.0,"turns":1.0},{"damage":3.0,"enemies":"Large Slime","floor":14.0,"turns":3.0},{"damage":2.0,"enemies":"Slime Boss","floor":16.0,"turns":2.0},{"damage":4.0,"enemies":"ruina:2_Scarecrows","floor":18.0,"turns":3.0},{"damage":19.0,"enemies":"ruina:3_Bats","floor":20.0,"turns":4.0},{"damage":0.0,"enemies":"ruina:KnightOfDespair","floor":21.0,"turns":1.0},{"damage":25.0,"enemies":"ruina:KingOfGreed","floor":22.0,"turns":3.0},{"damage":52.0,"enemies":"ruina:Mountain","floor":23.0,"turns":5.0},{"damage":47.0,"enemies":"ruina:RoadHome","floor":25.0,"turns":4.0},{"damage":61.0,"enemies":"ruina:Mountain","floor":30.0,"turns":5.0},{"damage":9.0,"enemies":"ruina:Woodsman","floor":31.0,"turns":2.0},{"damage":60.0,"enemies":"ruina:Red_and_Wolf","floor":33.0,"turns":6.0},{"damage":9.0,"enemies":"3 Shapes","floor":35.0,"turns":3.0},{"damage":9.0,"enemies":"2 Orb Walkers","floor":36.0,"turns":2.0},{"damage":0.0,"enemies":"Orb Walker","floor":37.0,"turns":1.0},{"damage":0.0,"enemies":"Nemesis","floor":40.0,"turns":1.0},{"damage":0.0,"enemies":"Reptomancer","floor":42.0,"turns":1.0},{"damage":1.0,"enemies":"Jaw Worm Horde","floor":45.0,"turns":3.0},{"damage":3.0,"enemies":"Writhing Mass","floor":47.0,"turns":2.0},{"damage":21.0,"enemies":"Maw","floor":48.0,"turns":4.0},{"damage":44,"enemies":"Awakened One","floor":50,"turns":6}],"seed_played":"-7272207740451331232","potions_obtained":[{"floor":1.0,"key":"Swift Potion"},{"floor":5.0,"key":"SkillPotion"},{"floor":14.0,"key":"Regen Potion"},{"floor":20.0,"key":"Energy Potion"},{"floor":25.0,"key":"AttackPotion"},{"floor":30.0,"key":"Energy Potion"},{"floor":37.0,"key":"Dexterity Potion"},{"floor":45.0,"key":"EssenceOfSteel"}],"is_trial":false,"path_per_floor":["M","M","?","?","M","R","$","E","T","M","$","R","M","M","R","B",null,"M","?","M","M","M","E","R","E","T","$","R","?","E","M","R","B",null,"M","?","M","?","?","E","R","E","T","R","M","$","M","M","R","B",null],"character_chosen":"Librarian","items_purchased":["Eliminate","ruina:GoldRush","PageOfLaetitia","Mango"],"campfire_rested":0,"item_purchase_floors":[7,27,46,46],"current_hp_per_floor":[66,64,64,64,57,57,57,39,39,35,35,35,35,32,32,30,80,76,76,60,60,38,6,6,45,45,45,45,45,61,55,55,13,99,90,84,87,87,87,87,87,87,87,87,86,100,97,76,76,50],"gold":179,"neow_bonus":"TEN_PERCENT_HP_BONUS","is_daily":false,"chose_seed":false,"campfire_upgraded":9,"win_rate":0.0,"timestamp":1614156503,"path_taken":["M","M","?","?","M","R","$","E","T","M","$","R","M","M","R","BOSS","M","?","M","M","?","E","R","E","T","?","R","?","E","M","R","BOSS","M","?","M","?","?","E","R","E","T","R","M","$","M","M","R","BOSS"],"items_purchased_type":["Card","Card","Relic","Relic"],"build_version":"2020-12-22","purchased_purges":0,"victory":true,"max_hp_per_floor":[80,80,80,80,80,80,80,80,80,80,80,80,229,229,80,80,80,80,80,80,80,80,80,80,80,80,80,80,80,80,80,80,99,99,99,99,99,99,99,99,99,99,99,99,99,113,113,113,113,113],"card_choices":[{"not_picked":["SweepTheBackstreets","UpbeatPerformance","CoordinatedAssault","Rewind","Leap_lor","NightInTheBackstreets","CrackOfDawn","SinglePointStab"],"picked":"DesperateStruggle","floor":1.0},{"not_picked":["StrikeDown","InhaleSmoke","Marionette","RushDown","Feast","AGoldenOpportunity","GreatSerpentsImpact","StayCalm"],"picked":"Multislash","floor":2.0},{"not_picked":["Suppress","DesperateStruggle","FaintMemories","SuppressingShot","SearingSword","CoordinatedAssault","SmokingPipe","CookingPrep"],"picked":"ClassAndRespect","floor":5.0},{"not_picked":["SuppressingShot","SmokingPipe","HandleRequest","GuardingStance","BackAttack","NightInTheBackstreets","InhaleSmoke","TendonChords","ButterflySlash"],"picked":"SKIP","floor":8.0},{"not_picked":["Reload","HardRehearsal","Unlock1","IngredientHunt","Wallop_lor","EnergyShield","FleshFillet","MultiBlock"],"picked":"SomberProcuration","floor":10.0},{"not_picked":["FormingStorm","Reload","WildCard","DriedUp","Gamble","UnavoidableGaze","BiAn","HandleRequest"],"picked":"ChopItOff","floor":13.0},{"not_picked":["Reload","SparkingSpear","CircusKnives","HiddenBlade","FieryWaltz","CutIn","FierceOnslaught","ConcentratedFire"],"picked":"InkOver","floor":14.0},{"not_picked":["Faith","UnavoidableGaze","DriedUp","CookingPrep+1","Retaliate+1","YourShield+1","Thirst","Parry"],"picked":"TendonChords","floor":18.0},{"not_picked":["PreemptiveStrike","UnavoidableGaze","FlowOfTheSword","NightInTheBackstreets","FierceCharge","InhaleSmoke","EnergyCycle","Quickness+1"],"picked":"DarkCloud","floor":20.0},{"not_picked":["BackAttack","Pound","FleetFootsteps","TieShanKao","MultiBlock","StayCalm","Wallop_lor","ViolentFlame"],"picked":"SharpenedBlade","floor":21.0},{"not_picked":["NightInTheBackstreets+1","HandleRequest","ViolentFlame+1","FlashOfSunup","BiXi","WillOfThePrescript","AsThePrescriptOrders","SmokingPipe"],"picked":"TendonChords","floor":22.0},{"not_picked":["SinglePointStab","BiAn","Creak+1","GutHarvesting","SmokingPipe+1","SharpSwipe","QuickAttack+1","TendonChords+1"],"picked":"FlyingSword","floor":23.0},{"not_picked":["JiaoTu","Parry2","TimeForALittleTest","ElectricShock","Quickness","HiddenBlade","AsThePrescriptOrders","SmokingPipe"],"picked":"Slice_lor","floor":25.0},{"not_picked":["Parry","FleetFootsteps+1","MultiBlock","Leap_lor","FervidEmotions","TrimTheIngredients","Diversion","Parry2+1"],"picked":"DesperateStruggle","floor":30.0},{"not_picked":["SmokingPipe+1","TendonChords","EnergyShield+1","MindWhip","SunsetBlade","FaintMemories","Track","DefenseOrder"],"picked":"ScatteringSlash","floor":31.0},{"not_picked":["Commandeering","ScratchThat"],"picked":"SenseQuarry","floor":33.0},{"not_picked":["HandlingWork+1","GreatSerpentsImpact+1","HighSpeedStabbing","UpbeatPerformance+1","Ripple","PinpointShot+1","DaringDecision","Retaliate","FervidEmotions+1"],"picked":"SKIP","floor":35.0},{"not_picked":["BindingArms+1","HighKick+1","QuickAttack","PreparedMind+1","ChiWen+1","FocusFire","SpearedSweep+1","WillOfThePrescript+1"],"picked":"FrontalAssault","floor":36.0},{"not_picked":["EnergyShield+1","Cruelty","QuickAttack+1","Rewind+1","SuppressingShot","HighSpeedStabbing+1","NightInTheBackstreets","DefenseOrder"],"picked":"FeelinGood","floor":37.0},{"not_picked":["Mind Blast","Dark Shackles","Jack Of All Trades","Discovery","Blind","Magnetism","Secret Technique","Dramatic Entrance"],"picked":"Deep Breath","floor":38.0},{"not_picked":["WaitUp+1","HighKick","GuardingStance+1","Outburst+1","AssaultOrder","UnavoidableGaze+1","ExtremeEdge","Multislash"],"picked":"BiXi+1","floor":40.0},{"not_picked":["TrashDisposal","ICanCookAnything","HardRehearsal+1","Rewind+1","SilentNight","GutHarvesting","FlowOfTheSword","BindingArms+1"],"picked":"FrontalAssault+1","floor":42.0},{"not_picked":["UnavoidableGaze+1","ReadyUp+1","CutIn","UpbeatPerformance+1","EndlessBattle+1","EmotionalTurbulence","FierceCharge+1","Guardian_lor+1"],"picked":"DesperateStruggle+1","floor":45.0},{"not_picked":["KeepItFresh","Rewind+1","DirtyBlow","GrazeTheGrass","Thrust","QuickAttack","Clone+1","ToWhereThePrescriptPoints+1"],"picked":"GuardingStance+1","floor":47.0},{"not_picked":["NightInTheBackstreets+1","ExtractFuel+1","CircusKnives+1","UpbeatPerformance+1","ProselytesBlade+1","PreparedMind+1","GuardingStance+1","AsThePrescriptOrders+1"],"picked":"ClassAndRespect+1","floor":48}],"player_experience":165832,"relics_obtained":[{"floor":8.0,"key":"MawBank"},{"floor":9.0,"key":"Bag of Marbles"},{"floor":23.0,"key":"Meat on the Bone"},{"floor":25.0,"key":"PageOfQueenBee"},{"floor":26.0,"key":"Orichalcum"},{"floor":30.0,"key":"Akabeko"},{"floor":36.0,"key":"TungstenRod"},{"floor":40.0,"key":"Toxic Egg 2"},{"floor":42.0,"key":"Whetstone"},{"floor":43.0,"key":"PageOfMercenary"}],"event_choices":[{"damage_healed":0.0,"max_hp_gain":0.0,"max_hp_loss":0.0,"gold_gain":0.0,"event_name":"Big Fish","player_choice":"Box","floor":3.0,"gold_loss":0.0,"damage_taken":0.0,"relics_obtained":["Art of War"],"cards_obtained":["Regret"]},{"damage_healed":0.0,"max_hp_gain":0.0,"max_hp_loss":0.0,"gold_gain":0.0,"event_name":"Liars Game","player_choice":"Ignored","floor":4.0,"gold_loss":0.0,"damage_taken":0.0},{"damage_healed":0.0,"max_hp_gain":0.0,"max_hp_loss":0.0,"gold_gain":0.0,"event_name":"Mysterious Sphere","player_choice":"Fight","floor":36.0,"gold_loss":0.0,"damage_taken":0.0},{"damage_healed":0.0,"max_hp_gain":0.0,"max_hp_loss":0.0,"gold_gain":0.0,"event_name":"SensoryStone","player_choice":"Memory 1","floor":38.0,"gold_loss":0.0,"damage_taken":0.0},{"damage_healed":0.0,"max_hp_gain":0.0,"max_hp_loss":0.0,"gold_gain":0.0,"event_name":"Tomb of Lord Red Mask","player_choice":"Ignored","floor":39.0,"gold_loss":0.0,"damage_taken":0.0}],"is_beta":false,"boss_relics":[{"not_picked":["Snecko Eye","Pandora\u0027s Box"],"picked":"SlaversCollar"},{"not_picked":["Calling Bell","Runic Dome"],"picked":"PageOfBlackSwan"}],"items_purged_floors":[],"is_endless":false,"potions_floor_spawned":[1,5,14,20,25,30,37,45,47,48],"ascension_level":0}}