{"host":"Cenci","time":1614174025,"event":{"mods":["BaseMod","Bestiary","Downfall","Highlight Path","Minty Spire (QoL Compilation)","StSLib"],"gold_per_floor":[99,117,135,43,53,88,88,33,33,33,33],"floor_reached":9,"language":"ENG","playtime":450,"items_purged":[],"score":82,"play_id":"00744e0f-36ca-4747-b4fa-343c80d3363b","local_time":"20210224144025","is_ascension_mode":true,"campfire_choices":[{"data":"Slimebound:PrepareCrush","floor":1,"key":"SMITH"}],"circlet_count":0,"master_deck":["Slimebound:Strike_Slimebound","Slimebound:Strike_Slimebound","Slimebound:Strike_Slimebound","Slimebound:Tackle","Slimebound:Defend_Slimebound","Slimebound:Defend_Slimebound","Slimebound:Defend_Slimebound","Slimebound:Defend_Slimebound","Slimebound:Split","Slimebound:CorrosiveSpit","Slimebound:PrepareCrush+1","Slimebound:SlimeTap","Slimebound:Equalize","Slimebound:Grow","Slimebound:Grow","Slimebound:SelfFormingGoo","Slimebound:HungryTackle","Slimebound:DisruptingSlam"],"relics":["Slimebound:AbsorbEndCombat","Ornamental Fan"],"acts_visited":["Exordium"],"potions_floor_usage":[6,8],"damage_taken":[{"damage":8,"enemies":"2 Louse","floor":2,"turns":3},{"damage":0,"enemies":"Small Slimes","floor":3,"turns":3},{"damage":0,"enemies":"downfall:FleeingMerchant","floor":4,"turns":4},{"damage":2,"enemies":"Jaw Worm","floor":5,"turns":4},{"damage":20,"enemies":"Lagavulin","floor":6,"turns":5},{"damage":15,"enemies":"downfall:FleeingMerchant","floor":8,"turns":4},{"damage":52,"enemies":"3 Sentries","floor":9,"turns":5}],"seed_played":"913461671928342311","potions_obtained":[{"floor":3,"key":"BlessingOfTheForge"},{"floor":5,"key":"BlessingOfTheForge"}],"is_trial":false,"path_per_floor":["R","M","M","$","M","E","T","$","E"],"character_chosen":"SLIMEBOUND","items_purchased":["Slimebound:Grow","Slimebound:DisruptingSlam"],"campfire_rested":0,"item_purchase_floors":[4,8],"current_hp_per_floor":[44,36,38,50,48,42,42,45,0,0,0],"gold":33,"neow_bonus":"THREE_RARE_CARDS","is_daily":false,"chose_seed":false,"campfire_upgraded":1,"win_rate":0.0,"timestamp":1614174025,"path_taken":["R","M","M","$","M","E","T","$","E"],"items_purchased_type":["Card","Card"],"build_version":"2020-11-17","purchased_purges":0,"victory":false,"max_hp_per_floor":[65,65,65,65,65,65,65,65,65,65,65],"card_choices":[{"not_picked":["Slimebound:SlimeSlap","Slimebound:RallyTheTroops"],"picked":"Slimebound:PrepareCrush","floor":0},{"not_picked":["Slimebound:SplitMire","Slimebound:ViciousTackle"],"picked":"Slimebound:SlimeTap","floor":2},{"not_picked":["Slimebound:LevelUp","Slimebound:DisruptingSlam"],"picked":"Slimebound:Equalize","floor":3},{"not_picked":["Slimebound:SpikyOuterGoop","Slimebound:SplitMire","Slimebound:SplitLeeching"],"picked":"SKIP","floor":4},{"not_picked":["Slimebound:RollThrough","Slimebound:BestDefense"],"picked":"Slimebound:Grow","floor":5},{"not_picked":["Slimebound:ComboTackle","Slimebound:RainOfGoop"],"picked":"Slimebound:SelfFormingGoo","floor":6},{"not_picked":["Slimebound:GoopTackle","Slimebound:Prepare"],"picked":"Slimebound:HungryTackle","floor":8}],"player_experience":386406,"relics_obtained":[{"floor":7,"key":"Ornamental Fan"}],"event_choices":[],"is_beta":true,"boss_relics":[],"items_purged_floors":[],"is_endless":false,"potions_floor_spawned":[3,5],"killed_by":"3 Sentries","ascension_level":7}}