{"host":"rm0ctv8qd8mnbkg1","time":1614167428,"event":{"mods":["Act Like it!","Aspiration","BaseMod","Beaked The Cultist","BetterRewards","Colored Map","DNKmod","Dark Map","Defuse TimeMaze Blight","Friendly Minions","Gensokyo","Hubris","Library of Ruina","Library of Ruina Extra","Marisa????????","Minty Spire (QoL Compilation)","MostiFishMod","Permanent Neow","Rare Cards Sparkle","Relic Sorter","Reliquary","Replay The Spire","Ruina","RumiaBox-????????","Shade Mod","Shop Mod","Spicy Shops","Spire Arcade","StSLib","The Animator","The Construct","The Servant 0.9.4","TheVacant","Wandering Minibosses","??????REMEMod"],"gold_per_floor":[10012,10022,10022,10022,10039,10069,9637,9637,9687,9702,9439,9452,9479,9551,9551,9655,9655,9668,8594,8594,8608,8312,8312,8312],"floor_reached":23,"language":"ENG","playtime":523,"items_purged":[],"score":314,"play_id":"b7fb38fd-051b-4fe9-8fac-3954c40fc89f","local_time":"20210224115028","is_ascension_mode":false,"campfire_choices":[{"data":"Adrenaline","floor":8,"key":"SMITH"},{"data":"TendonChords","floor":15,"key":"SMITH"}],"circlet_count":0,"master_deck":["Dodge+1","LightDefense","LightAttack","LightAttack","LightAttack","LightDefense+1","LightDefense","LightDefense","ChargeAndCover","FocusedStrikes","Adrenaline+1","DarkCloud","SnakesPrey","Mutilate","BiAn","Clone","UpbeatPerformance","NightInTheBackstreets","JiaoTu","UnforgettableMelody","UnforgettableMelody","SilentNight","TendonChords+1","IllEndYou","EmotionalTurbulence","SunsetBlade","SnakesPrey","FrontalAssault","Looming Evil","Reload","SunsetBlade"],"relics":["PageOfLibrarian","REME_ComplimentaryCards","DaveBox","JellyFishMachine","StoneCalendar","War Paint","reliquary:FingerTrap","ReplayTheSpireMod:TigerMarble","Odd Mushroom","REME_LowDesire","Nunchaku","hubris:SlimyHat","StrikeDummy","Ice Cream","Dodecahedron","PageOfJudgementBird","Ring of Panic","Ring of Searing","Replay:Bottled Snecko"],"acts_visited":["Exordium","Exordium"],"potions_floor_usage":[],"damage_taken":[{"damage":0,"enemies":"Small Slimes","floor":1,"turns":1},{"damage":1,"enemies":"Jaw Worm","floor":2,"turns":2},{"damage":1,"enemies":"2 Louse","floor":5,"turns":2},{"damage":0,"enemies":"Lagavulin","floor":6,"turns":4},{"damage":0,"enemies":"Large Slime","floor":10,"turns":2},{"damage":0,"enemies":"Blue Slaver","floor":12,"turns":2},{"damage":9,"enemies":"The Mushroom Lair","floor":13,"turns":3},{"damage":0,"enemies":"The Guardian","floor":16,"turns":3},{"damage":24,"enemies":"ruina:BadWolf","floor":18,"turns":3},{"damage":10,"enemies":"ruina:Nosferatu","floor":21,"turns":2},{"damage":0,"enemies":"ruina:KnightOfDespair","floor":23,"turns":1}],"seed_played":"-2682234881218604309","potions_obtained":[{"floor":1,"key":"Strength Potion"},{"floor":6,"key":"SteroidPotion"},{"floor":13,"key":"Weak Potion"},{"floor":16,"key":"PowerPotion"},{"floor":18,"key":"FairyPotion"}],"is_trial":false,"path_per_floor":["M","M","?","?","M","E","$","R","T","M","$","M","?","?","R","B",null,"M","$","?","M","$","M"],"character_chosen":"Librarian","items_purchased":["UpbeatPerformance","War Paint","reliquary:FingerTrap","NightInTheBackstreets","UnforgettableMelody","SilentNight","SnakesPrey","StrikeDummy","Ice Cream","Dodecahedron","FrontalAssault","PageOfJudgementBird","SunsetBlade","Replay:Bottled Snecko"],"campfire_rested":0,"item_purchase_floors":[7,7,7,7,11,11,19,19,19,19,19,19,22,22],"current_hp_per_floor":[1000,999,1004,1004,1007,1010,1010,1010,1010,1007,1007,1007,998,998,998,1006,1006,982,982,982,972,972,972,972],"gold":8312,"neow_bonus":"THREE_CARDS","is_daily":false,"chose_seed":false,"campfire_upgraded":2,"win_rate":0.0,"timestamp":1614167428,"path_taken":["M","M","?","?","M","E","$","R","T","M","$","M","?","?","R","BOSS","M","$","?","M","$","M"],"items_purchased_type":["Card","Relic","Relic","Card","Card","Card","Card","Relic","Relic","Relic","Card","Relic","Card","Relic"],"build_version":"2020-12-22","purchased_purges":0,"victory":false,"max_hp_per_floor":[1010,1003,1008,1008,1010,1013,1013,1013,1013,1007,1007,1007,1006,1006,1006,1006,1006,1013,1013,1013,1013,1013,1013,1013],"card_choices":[{"not_picked":["FleetEdge","YoureTooSlow"],"picked":"DarkCloud","floor":0},{"not_picked":["FleetEdge","DestructiveImpact","WaitUp","EnergyShield","AlloutWar","ShrineToMusic","Pound","ToWhereThePrescriptPoints"],"picked":"SnakesPrey","floor":1},{"not_picked":["NightInTheBackstreets","MultiBlock","QuickSuppression","DesperateStruggle","BayonetCombat","VioletBlade","GuardingStance","Outburst"],"picked":"Mutilate","floor":2},{"not_picked":["KeepItFresh","Parry2","CoordinatedAssault","ShockRound","ButterflySlash","YoureTooSlow","Outburst","StrikeDown"],"picked":"BiAn","floor":5},{"not_picked":["Suppress","ConcentratedFire","EnergyShield","Outburst","MindPrepared","SharpSwipe","MindWhip","Quickness"],"picked":"Clone","floor":6},{"not_picked":["GreatSerpentsImpact","QuickAttack","HiddenBlade","FlowOfTheSword","NightInTheBackstreets","DesperateStruggle","Reload","FierceCharge"],"picked":"JiaoTu","floor":10},{"not_picked":["EnergyShield","DefenseOrder","LossOfSenses","GreatSerpentsImpact","Outburst","SilentMist","ViolentFlame","WaitUp"],"picked":"TendonChords","floor":12},{"not_picked":["DesperateStruggle","WildCard","ClassAndRespect","Castigation","BiXi","SharpSwipe","EnergyStrike","GuidanceOfTheGears"],"picked":"IllEndYou","floor":13},{"not_picked":["BoundaryOfDeath","DaringDecision"],"picked":"EmotionalTurbulence","floor":16},{"not_picked":["GreatSerpentsImpact","DefenseOrder","FrontalAssault+1","HandleRequest","DriedUp","Thirst","HighKick","Crush","Trip"],"picked":"SunsetBlade","floor":18},{"not_picked":["ClassAndRespect+1","DimensionalRift+1","CutIn","EnergyConversion+1","Marionette","ICanCookAnything","Duel_lor","SilentMist","MostiFishMod:MusicBox"],"picked":"Reload","floor":21}],"player_experience":299239,"relics_obtained":[{"floor":6,"key":"StoneCalendar"},{"floor":9,"key":"ReplayTheSpireMod:TigerMarble"},{"floor":13,"key":"Odd Mushroom"},{"floor":17,"key":"Nunchaku"},{"floor":17,"key":"hubris:SlimyHat"},{"floor":20,"key":"Ring of Panic"},{"floor":20,"key":"Ring of Searing"}],"event_choices":[{"damage_healed":0,"gold_gain":0,"player_choice":"Donut","damage_taken":0,"max_hp_gain":5,"max_hp_loss":0,"event_name":"Big Fish","floor":3,"gold_loss":0},{"damage_healed":0,"gold_gain":0,"player_choice":"Leave","damage_taken":0,"max_hp_gain":0,"max_hp_loss":0,"event_name":"The Cleric","floor":4,"gold_loss":0},{"damage_healed":0,"gold_gain":0,"player_choice":"Fought Mushrooms","damage_taken":0,"max_hp_gain":0,"max_hp_loss":0,"event_name":"Mushrooms","floor":13,"gold_loss":0},{"damage_healed":0,"gold_gain":72,"player_choice":"Gained Gold","damage_taken":0,"max_hp_gain":0,"max_hp_loss":0,"event_name":"Golden Wing","floor":14,"gold_loss":0}],"is_beta":false,"boss_relics":[{"not_picked":["SoulBox","ChewingGum"],"picked":"REME_LowDesire"}],"items_purged_floors":[],"is_endless":false,"potions_floor_spawned":[1,2,6,13,16,18,21],"killed_by":"ruina:KnightOfDespair","ascension_level":0}}