{"host":"feffzurv61v3a0s2","time":1614171934,"event":{"mods":["2.2 Compatiblity","BaseMod","Bestiary","Colored Map","Colored Powertips","Dark Map","Downfall","Hermit","Highlight Path","Minty Spire (QoL Compilation)","Quick Restart","Random Character Button","Random Character Mod","Rare Cards Sparkle","Relic Stats","StSLib","Synergy Search","The Cursed","The Disciple","The Hierophant","The Runesmith"],"gold_per_floor":[109,184,200,224,62,95,114,114,114,129,147,147,174,48,48,153,153,165,165,182,231,247,247,261,261,335,360,244,262,290,306,306,404,404,420,129,140,186,197,224,224,559,559,559,10,52,52,73,73,73],"floor_reached":51,"language":"ENG","playtime":4495,"items_purged":["Guardian:Gem_Yellow","Guardian:Gem_Yellow"],"score":960,"play_id":"392d365c-7b2a-4ad7-88db-7a2561ddd3ae","local_time":"20210224050534","daily_mods":["SealedDeck","downfall:Jewelcrafting","Lethality"],"is_ascension_mode":false,"campfire_choices":[{"data":"Double Tap","floor":25.0,"key":"SMITH"},{"data":"Dual Wield","floor":32.0,"key":"SMITH"},{"data":"Pommel Strike","floor":41,"key":"SMITH"},{"data":"Double Tap","floor":44,"key":"SMITH"},{"data":"Metamorphosis","floor":47,"key":"SMITH"},{"data":"Evolve","floor":49,"key":"SMITH"}],"circlet_count":0,"master_deck":["Guardian:ExploitGems","Guardian:ExploitGems","Flex","Thunderclap","Evolve+1","Fire Breathing","Rage","Wild Strike","Perfected Strike","Pommel Strike","Perfected Strike+1","Twin Strike","Power Through","Power Through","Trip","Fire Breathing","Wild Strike","Exhume","Shockwave+1","Wild Strike","Wild Strike","Dramatic Entrance","Disarm","Double Tap+1","Dual Wield+1","Perfected Strike","Wild Strike+1","Perfected Strike+1","Flex+1","Infernal Blade","Double Tap+1","CurseOfTheBell","Intimidate+1","The Bomb","Inflame","Whirlwind+1","Perfected Strike+1","Pommel Strike+1","Twin Strike+1","Twin Strike","Flex","Metamorphosis+1","Madness","Twin Strike","Flex+1"],"relics":["Burning Blood","Guardian:PickAxe","Oddly Smooth Stone","Toy Ornithopter","StrikeDummy","Smiling Mask","Mark of Pain","Centennial Puzzle","InkBottle","MealTicket","Pear","Champion Belt","Calling Bell","Bronze Scales","HornCleat","WingedGreaves","Incense Burner","The Courier","Old Coin","Turnip","Bag of Preparation","Strawberry","CeramicFish"],"acts_visited":["TheCity","TheBeyond"],"potions_floor_usage":[38,42,50],"damage_taken":[{"damage":0.0,"enemies":"Small Slimes","floor":1.0,"turns":2.0},{"damage":0.0,"enemies":"Jaw Worm","floor":3.0,"turns":3.0},{"damage":0.0,"enemies":"Lagavulin","floor":6.0,"turns":4.0},{"damage":0.0,"enemies":"Cultist","floor":7.0,"turns":3.0},{"damage":16.0,"enemies":"3 Louse","floor":10.0,"turns":3.0},{"damage":0.0,"enemies":"Exordium Wildlife","floor":11.0,"turns":2.0},{"damage":14.0,"enemies":"Gremlin Nob","floor":13.0,"turns":3.0},{"damage":16.0,"enemies":"Slime Boss","floor":16.0,"turns":6.0},{"damage":0.0,"enemies":"Spheric Guardian","floor":18.0,"turns":2.0},{"damage":16.0,"enemies":"Chosen","floor":20.0,"turns":2.0},{"damage":0.0,"enemies":"Snecko","floor":22.0,"turns":3.0},{"damage":0.0,"enemies":"Centurion and Healer","floor":24.0,"turns":2.0},{"damage":0.0,"enemies":"Gremlin Leader","floor":27.0,"turns":2.0},{"damage":0.0,"enemies":"3 Cultists","floor":29.0,"turns":2.0},{"damage":14.0,"enemies":"Slavers","floor":30.0,"turns":2.0},{"damage":0.0,"enemies":"Shelled Parasite and Fungi","floor":31.0,"turns":2.0},{"damage":73.0,"enemies":"Automaton","floor":33.0,"turns":5.0},{"damage":6.0,"enemies":"3 Shapes","floor":35.0,"turns":2.0},{"damage":8,"enemies":"Orb Walker","floor":37,"turns":2},{"damage":13,"enemies":"2 Orb Walkers","floor":38,"turns":2},{"damage":27,"enemies":"Transient","floor":39,"turns":5},{"damage":3,"enemies":"Nemesis","floor":40,"turns":3},{"damage":14,"enemies":"Reptomancer","floor":42,"turns":2},{"damage":27,"enemies":"Nemesis","floor":46,"turns":5},{"damage":18,"enemies":"4 Shapes","floor":48,"turns":2},{"damage":66,"enemies":"Time Eater","floor":50,"turns":6}],"seed_played":"6138428096479158770","potions_obtained":[{"floor":3.0,"key":"AttackPotion"},{"floor":7.0,"key":"Explosive Potion"},{"floor":13.0,"key":"FairyPotion"},{"floor":20.0,"key":"ColorlessPotion"},{"floor":22.0,"key":"SkillPotion"},{"floor":27.0,"key":"AttackPotion"},{"floor":37,"key":"ColorlessPotion"},{"floor":39,"key":"BlessingOfTheForge"},{"floor":40,"key":"SkillPotion"},{"floor":42,"key":"EssenceOfSteel"}],"is_trial":true,"path_per_floor":["M","?","M","T","$","E","M","R","T","M","M","?","E","$","R","B",null,"M","?","M","T","M","R","M","R","T","E","?","M","E","M","R","B",null,"M","$","M","?","M","E","R","E","T","R","$","E","R","M","R","B",null],"character_chosen":"IRONCLAD","items_purchased":["Trip","Fire Breathing","Dramatic Entrance","Disarm","The Bomb","Inflame","Bag of Preparation","Strawberry","Twin Strike","Flex","Metamorphosis","Madness"],"campfire_rested":0,"item_purchase_floors":[5,5,14,14,36,36,45,45,45,45,45,45],"current_hp_per_floor":[80,69,75,75,75,80,80,80,80,70,76,60,57,57,57,47,80,80,80,70,70,76,76,80,80,80,80,90,90,82,88,88,21,90,90,90,88,83,62,65,65,62,62,62,84,63,63,51,51,35],"gold":73,"neow_bonus":"","is_daily":false,"chose_seed":false,"campfire_upgraded":6,"win_rate":0.0,"timestamp":1614171934,"path_taken":["M","?","M","?","$","E","M","R","T","M","M","?","E","$","R","BOSS","M","?","M","?","M","R","M","R","T","E","?","M","E","?","R","BOSS","M","$","M","?","M","E","R","E","T","R","$","E","R","M","R","BOSS"],"items_purchased_type":["Card","Card","Card","Card","Card","Card","Relic","Relic","Card","Card","Card","Card"],"build_version":"2020-12-22","purchased_purges":2,"victory":true,"max_hp_per_floor":[80,80,80,80,80,80,80,80,80,80,80,80,80,80,80,80,80,80,80,80,80,80,80,80,80,80,80,90,90,90,90,90,90,90,90,90,90,90,90,90,90,90,90,90,97,97,97,97,97,97],"relic_stats":{"counters":[26,77],"CeramicFish":18,"Bag of Preparation":[6],"Smiling Mask":55,"Burning Blood":123,"Centennial Puzzle":[33],"Bronze Scales":[78],"MealTicket":15,"Turnip":[0],"Champion Belt":[20],"obtain_stats":[{"Pear":28,"CeramicFish":46,"Oddly Smooth Stone":4,"The Courier":40,"Incense Burner":38,"Bag of Preparation":45,"Smiling Mask":13,"Burning Blood":0,"Old Coin":42,"Guardian:PickAxe":0,"Calling Bell":34,"Centennial Puzzle":21,"HornCleat":34,"Bronze Scales":34,"Strawberry":45,"MealTicket":27,"Mark of Pain":17,"WingedGreaves":34,"Turnip":43,"Champion Belt":30,"StrikeDummy":9,"Toy Ornithopter":6,"InkBottle":26},{"Pear":13,"CeramicFish":24,"Oddly Smooth Stone":2,"The Courier":22,"Incense Burner":20,"Bag of Preparation":23,"Smiling Mask":7,"Burning Blood":0,"Old Coin":23,"Guardian:PickAxe":0,"Calling Bell":17,"Centennial Puzzle":10,"HornCleat":17,"Bronze Scales":17,"Strawberry":23,"MealTicket":13,"Mark of Pain":8,"WingedGreaves":17,"Turnip":23,"Champion Belt":15,"StrikeDummy":4,"Toy Ornithopter":3,"InkBottle":12},{"Pear":37,"CeramicFish":69,"Oddly Smooth Stone":5,"The Courier":62,"Incense Burner":54,"Bag of Preparation":64,"Smiling Mask":20,"Burning Blood":0,"Old Coin":64,"Guardian:PickAxe":0,"Calling Bell":48,"Centennial Puzzle":30,"HornCleat":48,"Bronze Scales":48,"Strawberry":64,"MealTicket":37,"Mark of Pain":26,"WingedGreaves":48,"Turnip":64,"Champion Belt":41,"StrikeDummy":12,"Toy Ornithopter":9,"InkBottle":35}],"Toy Ornithopter":17,"InkBottle":[20]},"card_choices":[{"not_picked":["Clash","Hemokinesis"],"picked":"Power Through","floor":1.0},{"not_picked":["Flex","Body Slam"],"picked":"Power Through","floor":3.0},{"not_picked":["Power Through","Spot Weakness"],"picked":"Wild Strike","floor":6.0},{"not_picked":["True Grit","Shockwave"],"picked":"Exhume","floor":7.0},{"not_picked":["Rampage","Intimidate"],"picked":"Shockwave","floor":10.0},{"not_picked":["Power Through","True Grit"],"picked":"Wild Strike","floor":11.0},{"not_picked":["Ghostly Armor","Metallicize"],"picked":"Wild Strike","floor":13.0},{"not_picked":["Fiend Fire","Berserk"],"picked":"Double Tap","floor":16.0},{"not_picked":["Anger","Havoc+1"],"picked":"Dual Wield","floor":18.0},{"not_picked":["Thunderclap","Sword Boomerang+1"],"picked":"Wild Strike+1","floor":20.0},{"not_picked":["Anger","Headbutt"],"picked":"Perfected Strike+1","floor":22.0},{"not_picked":["Cleave","Ghostly Armor+1","Corruption"],"picked":"SKIP","floor":24.0},{"not_picked":["Anger","Armaments","Sentinel"],"picked":"SKIP","floor":27.0},{"not_picked":["Anger","Metallicize+1"],"picked":"Flex+1","floor":29.0},{"not_picked":["Clash+1","Dark Embrace","Anger"],"picked":"SKIP","floor":30.0},{"not_picked":["Warcry","Pummel+1"],"picked":"Infernal Blade","floor":31.0},{"not_picked":["Brutality","Barricade"],"picked":"Double Tap","floor":33.0},{"not_picked":["Sword Boomerang","Clash"],"picked":"Intimidate+1","floor":35.0},{"not_picked":["Heavy Blade+1","True Grit"],"picked":"Whirlwind+1","floor":37},{"not_picked":["Sword Boomerang","Clash+1"],"picked":"Perfected Strike+1","floor":39},{"not_picked":["Metallicize","Twin Strike"],"picked":"Pommel Strike","floor":40},{"not_picked":["Pummel+1","Armaments"],"picked":"Twin Strike+1","floor":42},{"not_picked":["Spot Weakness","Dropkick"],"picked":"Twin Strike","floor":46},{"not_picked":["Feel No Pain+1","Havoc"],"picked":"Flex+1","floor":48}],"player_experience":135186,"relics_obtained":[{"floor":4.0,"key":"Oddly Smooth Stone"},{"floor":6.0,"key":"Toy Ornithopter"},{"floor":9.0,"key":"StrikeDummy"},{"floor":13.0,"key":"Smiling Mask"},{"floor":21.0,"key":"Centennial Puzzle"},{"floor":26.0,"key":"InkBottle"},{"floor":27.0,"key":"MealTicket"},{"floor":30.0,"key":"Champion Belt"},{"floor":34.0,"key":"Bronze Scales"},{"floor":34.0,"key":"HornCleat"},{"floor":34.0,"key":"WingedGreaves"},{"floor":38,"key":"Incense Burner"},{"floor":40,"key":"The Courier"},{"floor":42,"key":"Old Coin"},{"floor":43,"key":"Turnip"},{"floor":46,"key":"CeramicFish"}],"event_choices":[{"damage_healed":0.0,"max_hp_gain":0.0,"max_hp_loss":0.0,"gold_gain":75.0,"event_name":"World of Goop","player_choice":"Gather Gold","floor":2.0,"gold_loss":0.0,"damage_taken":11.0},{"damage_healed":0.0,"max_hp_gain":0.0,"max_hp_loss":0.0,"gold_gain":0.0,"event_name":"Shining Light","player_choice":"Entered Light","floor":12.0,"gold_loss":0.0,"damage_taken":16.0,"cards_upgraded":["Perfected Strike","Shockwave"]},{"damage_healed":0.0,"max_hp_gain":0.0,"max_hp_loss":0.0,"gold_gain":0.0,"event_name":"The Library","player_choice":"Read","floor":19.0,"gold_loss":0.0,"damage_taken":0.0,"cards_obtained":["Perfected Strike"]},{"damage_healed":0.0,"max_hp_gain":0.0,"max_hp_loss":0.0,"gold_gain":0.0,"event_name":"WeMeetAgain","player_choice":"Paid Gold","floor":28.0,"gold_loss":116.0,"damage_taken":0.0,"relics_obtained":["Pear"]},{"damage_healed":0,"gold_gain":0,"player_choice":"Fight","damage_taken":0,"max_hp_gain":0,"max_hp_loss":0,"event_name":"Mysterious Sphere","floor":38,"gold_loss":0}],"is_beta":false,"boss_relics":[{"not_picked":["Tiny House","Runic Dome"],"picked":"Mark of Pain"},{"not_picked":["Snecko Eye","SlaversCollar"],"picked":"Calling Bell"}],"items_purged_floors":[36,45],"is_endless":false,"potions_floor_spawned":[3,7,13,20,22,27,37,39,40,42,48],"ascension_level":0}}