{"host":"7wi4qgm5yw4j7oz0","time":1614166546,"event":{"mods":["AchievementEnabler","BaseMod","Block Reminder","Colored Map","Colored Powertips","Highlight Path","Minty Spire (QoL Compilation)","Permanent Neow","Random Character Button","StSLib","SuperFastMode","everything is the same but u backflip on backflip"],"gold_per_floor":[119,129,145,165,185,185,212,230,230,249,263,263,277,202,202,276,276,295,310,235,255,267,267,267,267,342,356,356,356,356],"floor_reached":29,"language":"KOR","playtime":1213,"items_purged":["Strike_R"],"score":443,"play_id":"8a9f8e4e-2e07-4d3d-94ab-15ccd3d672af","local_time":"20210224203546","is_ascension_mode":true,"campfire_choices":[{"data":"Body Slam","floor":6,"key":"SMITH"},{"floor":12,"key":"REST"},{"floor":15,"key":"REST"},{"data":"Entrench","floor":23,"key":"SMITH"},{"data":"Body Slam","floor":25,"key":"SMITH"},{"data":"Warcry","floor":28,"key":"SMITH"}],"circlet_count":0,"master_deck":["AscendersBane","Strike_R","Strike_R","Strike_R","Defend_R","Defend_R","Defend_R","Defend_R","Bash+1","Perfected Strike","Sword Boomerang","Rage","Battle Trance","Body Slam+1","Shockwave","Entrench+1","Ghostly Armor","Immolate","Shrug It Off+1","Warcry+1","Body Slam+1"],"relics":["Burning Blood","Ice Cream","Ornamental Fan","Philosopher\u0027s Stone","Pear","Darkstone Periapt"],"acts_visited":["Exordium","TheCity"],"potions_floor_usage":[1,11,18,27],"damage_taken":[{"damage":6,"enemies":"Cultist","floor":1,"turns":3},{"damage":19,"enemies":"Jaw Worm","floor":2,"turns":4},{"damage":7,"enemies":"2 Louse","floor":3,"turns":3},{"damage":21,"enemies":"Lots of Slimes","floor":4,"turns":5},{"damage":7,"enemies":"Blue Slaver","floor":5,"turns":2},{"damage":33,"enemies":"3 Sentries","floor":7,"turns":8},{"damage":10,"enemies":"2 Fungi Beasts","floor":8,"turns":3},{"damage":9,"enemies":"Red Slaver","floor":10,"turns":3},{"damage":2,"enemies":"Exordium Thugs","floor":11,"turns":4},{"damage":13,"enemies":"Blue Slaver","floor":13,"turns":2},{"damage":32,"enemies":"The Guardian","floor":16,"turns":15},{"damage":0,"enemies":"3 Byrds","floor":18,"turns":4},{"damage":26,"enemies":"Spheric Guardian","floor":19,"turns":5},{"damage":10,"enemies":"3 Cultists","floor":21,"turns":5},{"damage":15,"enemies":"Snake Plant","floor":22,"turns":3},{"damage":27,"enemies":"Cultist and Chosen","floor":27,"turns":6},{"damage":51,"enemies":"Slavers","floor":29,"turns":4}],"seed_played":"4648643441623125693","potions_obtained":[{"floor":1,"key":"Fruit Juice"},{"floor":8,"key":"ColorlessPotion"},{"floor":13,"key":"SpeedPotion"},{"floor":16,"key":"DistilledChaos"},{"floor":19,"key":"BloodPotion"}],"is_trial":false,"path_per_floor":["M","M","M","M","M","R","E","M","T","M","M","R","M","$","R","B",null,"M","M","?","M","M","R","?","R","T","M","R","E"],"character_chosen":"IRONCLAD","items_purchased":[],"campfire_rested":2,"item_purchase_floors":[],"current_hp_per_floor":[73,60,59,44,43,43,16,12,12,9,13,37,30,30,54,28,67,73,53,53,49,40,40,50,50,50,47,47,0,0],"gold":356,"neow_bonus":"UPGRADE_CARD","is_daily":false,"chose_seed":false,"campfire_upgraded":4,"win_rate":0.0,"timestamp":1614166546,"path_taken":["M","?","M","M","M","R","E","M","T","M","?","R","M","?","R","BOSS","M","M","?","M","M","R","?","R","T","M","R","E"],"items_purchased_type":[],"build_version":"2020-12-22","purchased_purges":1,"victory":false,"max_hp_per_floor":[80,80,80,80,80,80,80,80,80,80,80,80,80,80,80,80,80,80,80,80,80,80,80,90,90,90,90,90,90,90],"card_choices":[{"not_picked":["Second Wind","Flame Barrier"],"picked":"Perfected Strike","floor":1},{"not_picked":["Dual Wield","Havoc"],"picked":"Sword Boomerang","floor":2},{"not_picked":["Reckless Charge","Dropkick"],"picked":"Rage","floor":3},{"not_picked":["Shockwave","Dropkick"],"picked":"Battle Trance","floor":4},{"not_picked":["Flex","Wild Strike"],"picked":"Body Slam","floor":5},{"not_picked":["Wild Strike","Dropkick"],"picked":"Shockwave","floor":7},{"not_picked":["Twin Strike","Clothesline"],"picked":"Entrench","floor":8},{"not_picked":["True Grit","Twin Strike"],"picked":"Ghostly Armor","floor":10},{"not_picked":["Clothesline","Armaments","Feed"],"picked":"SKIP","floor":11},{"not_picked":["Havoc","True Grit","Burning Pact"],"picked":"SKIP","floor":13},{"not_picked":["Limit Break","Fiend Fire"],"picked":"Immolate","floor":16},{"not_picked":["Rage","Burning Pact"],"picked":"Shrug It Off+1","floor":18},{"not_picked":["Thunderclap","Pummel"],"picked":"Warcry","floor":19},{"not_picked":["Wild Strike","Flex"],"picked":"Body Slam","floor":21},{"not_picked":["Iron Wave","Clothesline","Entrench"],"picked":"SKIP","floor":22},{"not_picked":["Entrench","Corruption","Twin Strike+1"],"picked":"SKIP","floor":27}],"player_experience":363282,"relics_obtained":[{"floor":7,"key":"Ice Cream"},{"floor":9,"key":"Ornamental Fan"},{"floor":26,"key":"Darkstone Periapt"}],"event_choices":[{"cards_removed":["Strike_R"],"damage_healed":0,"gold_gain":0,"player_choice":"Gave Gold","damage_taken":0,"max_hp_gain":0,"max_hp_loss":0,"event_name":"Beggar","floor":20,"gold_loss":75},{"damage_healed":0,"gold_gain":0,"player_choice":"Gave Potion","damage_taken":0,"relics_obtained":["Pear"],"max_hp_gain":0,"max_hp_loss":0,"event_name":"WeMeetAgain","floor":24,"gold_loss":0}],"is_beta":false,"boss_relics":[{"not_picked":["Empty Cage","Cursed Key"],"picked":"Philosopher\u0027s Stone"}],"items_purged_floors":[14],"is_endless":false,"potions_floor_spawned":[1,8,13,16,19],"killed_by":"Slavers","ascension_level":18}}