{"host":"13o02hya6v6rzuva","time":1614155196,"event":{"mods":["BaseMod","Minty Spire (QoL Compilation)","Relic Stats"],"gold_per_floor":[119,139,314,325,325,325,350,350,350,377,390,407,407,420,420,519,519,534,564,577,588,604,604,636,636,685,704,86,86,11,22,22,117,117,128,139,71,71,86,86,116,116,116,116,134,134,134,134,134,134,134],"floor_reached":50,"language":"ENG","playtime":1766,"items_purged":["Doubt"],"score":803,"play_id":"3f0e57e6-3acf-48b8-b6d0-621c7eb16d45","local_time":"20210224092636","is_ascension_mode":true,"campfire_choices":[{"data":"Crippling Poison","floor":6,"key":"SMITH"},{"floor":8,"key":"DIG"},{"floor":13,"key":"REST"},{"floor":15,"key":"DIG"},{"floor":23,"key":"REST"},{"floor":25,"key":"REST"},{"floor":32,"key":"REST"},{"floor":40,"key":"REST"},{"floor":42,"key":"REST"},{"floor":44,"key":"RECALL"},{"floor":47,"key":"REST"},{"floor":49,"key":"REST"}],"circlet_count":0,"master_deck":["AscendersBane","Strike_G","Strike_G","Strike_G","Defend_G","Defend_G","Defend_G","Defend_G","Defend_G","Survivor","Neutralize","Crippling Poison+1","Dodge and Roll","Poisoned Stab","Sucker Punch","Blur","Malaise","Deadly Poison","Deflect","Riddle With Holes+1","Bouncing Flask","Noxious Fumes+1","Dash+1","Burst","Masterful Stab","Deadly Poison","Backstab","Burst","Acrobatics+1","Noxious Fumes","Eviscerate","Catalyst+1","Footwork","Adrenaline"],"relics":["Ring of the Snake","NeowsBlessing","Shovel","Snake Skull","Mango","White Beast Statue","Ninja Scroll","Sozu","Red Mask","Bronze Scales","Oddly Smooth Stone","Paper Crane","Orrery","SlaversCollar","Lantern","Singing Bowl"],"acts_visited":["Exordium","TheCity","TheBeyond"],"potions_floor_usage":[7,12,14,16,16,27],"damage_taken":[{"damage":0,"enemies":"Small Slimes","floor":1,"turns":2},{"damage":0,"enemies":"Jaw Worm","floor":2,"turns":1},{"damage":0,"enemies":"2 Louse","floor":4,"turns":1},{"damage":16,"enemies":"Gremlin Nob","floor":7,"turns":5},{"damage":35,"enemies":"Lagavulin","floor":10,"turns":8},{"damage":19,"enemies":"Large Slime","floor":11,"turns":9},{"damage":0,"enemies":"2 Fungi Beasts","floor":12,"turns":4},{"damage":0,"enemies":"Gremlin Gang","floor":14,"turns":2},{"damage":3,"enemies":"Hexaghost","floor":16,"turns":11},{"damage":0,"enemies":"3 Byrds","floor":18,"turns":4},{"damage":8,"enemies":"Masked Bandits","floor":19,"turns":4},{"damage":0,"enemies":"Chosen","floor":20,"turns":5},{"damage":24,"enemies":"Sentry and Sphere","floor":21,"turns":5},{"damage":22,"enemies":"Snake Plant","floor":22,"turns":4},{"damage":8,"enemies":"Book of Stabbing","floor":24,"turns":8},{"damage":28,"enemies":"Shelled Parasite and Fungi","floor":27,"turns":5},{"damage":0,"enemies":"Chosen and Byrds","floor":31,"turns":4},{"damage":43,"enemies":"Champ","floor":33,"turns":10},{"damage":7,"enemies":"3 Shapes","floor":35,"turns":3},{"damage":36,"enemies":"3 Darklings","floor":36,"turns":4},{"damage":18,"enemies":"Spire Growth","floor":39,"turns":5},{"damage":25,"enemies":"Reptomancer","floor":41,"turns":5},{"damage":27,"enemies":"Jaw Worm Horde","floor":45,"turns":4},{"damage":67,"enemies":"Awakened One","floor":50,"turns":13}],"seed_played":"8118915349628622756","potions_obtained":[{"floor":4,"key":"Fire Potion"},{"floor":10,"key":"LiquidBronze"},{"floor":11,"key":"Swift Potion"},{"floor":12,"key":"AttackPotion"},{"floor":14,"key":"BlessingOfTheForge"},{"floor":16,"key":"Swift Potion"}],"is_trial":false,"path_per_floor":["M","M","?","M","?","R","E","R","T","E","M","M","R","M","R","B",null,"M","?","M","M","M","R","E","R","T","M","$","?","?","M","R","B",null,"M","M","$","?","M","R","E","R","T","R","M","?","R","?","R","B"],"character_chosen":"THE_SILENT","items_purchased":["Oddly Smooth Stone","Paper Crane","Orrery","Noxious Fumes"],"campfire_rested":8,"item_purchase_floors":[28,28,28,37],"current_hp_per_floor":[63,63,63,63,68,68,52,52,66,31,12,12,38,38,38,35,76,76,68,68,44,22,48,40,66,66,38,38,38,38,38,64,21,72,65,29,29,29,11,37,12,38,38,38,11,11,37,37,63,0,0],"gold":134,"neow_bonus":"THREE_ENEMY_KILL","is_daily":false,"chose_seed":false,"campfire_upgraded":1,"win_rate":0.0,"timestamp":1614155196,"path_taken":["M","M","?","M","?","R","E","R","T","E","M","M","R","M","R","BOSS","M","?","M","M","M","R","E","R","T","M","$","?","?","M","R","BOSS","M","M","$","?","M","R","E","R","T","R","?","?","R","?","R","BOSS"],"items_purchased_type":["Relic","Relic","Relic","Card"],"build_version":"2020-12-22","purchased_purges":1,"victory":false,"max_hp_per_floor":[70,70,70,70,75,75,75,75,89,89,89,89,89,89,89,89,89,89,89,89,89,89,89,89,89,89,89,89,89,89,89,89,89,89,89,89,89,89,89,89,89,89,89,89,89,89,89,89,89,89,89],"relic_stats":{"Sozu":14,"Shovel":2,"Singing Bowl":0,"counters":[24,126],"Bronze Scales":[206],"Snake Skull":[161],"obtain_stats":[{"Lantern":41,"NeowsBlessing":0,"Singing Bowl":43,"Oddly Smooth Stone":28,"Mango":9,"Snake Skull":8,"Paper Crane":28,"White Beast Statue":10,"Sozu":17,"SlaversCollar":34,"Shovel":7,"Ninja Scroll":15,"Bronze Scales":24,"Orrery":28,"Red Mask":19,"Ring of the Snake":0},{"Lantern":22,"NeowsBlessing":0,"Singing Bowl":22,"Oddly Smooth Stone":16,"Mango":4,"Snake Skull":4,"Paper Crane":16,"White Beast Statue":5,"Sozu":9,"SlaversCollar":18,"Shovel":4,"Ninja Scroll":8,"Bronze Scales":15,"Orrery":16,"Red Mask":11,"Ring of the Snake":0},{"Lantern":109,"NeowsBlessing":0,"Singing Bowl":109,"Oddly Smooth Stone":78,"Mango":9,"Snake Skull":9,"Paper Crane":78,"White Beast Statue":17,"Sozu":43,"SlaversCollar":92,"Shovel":9,"Ninja Scroll":32,"Bronze Scales":73,"Orrery":78,"Red Mask":51,"Ring of the Snake":0}],"Ring of the Snake":[48]},"card_choices":[{"not_picked":["Quick Slash","Prepared"],"picked":"Crippling Poison","floor":1},{"not_picked":["Tactician","Deflect"],"picked":"Dodge and Roll","floor":2},{"not_picked":["Sucker Punch","Bane"],"picked":"Poisoned Stab","floor":4},{"not_picked":["Backflip","Outmaneuver"],"picked":"Sucker Punch","floor":7},{"not_picked":["Reflex","Dodge and Roll"],"picked":"Blur","floor":10},{"not_picked":["Expertise","Heel Hook"],"picked":"Malaise","floor":11},{"not_picked":["Tactician","Acrobatics"],"picked":"Deadly Poison","floor":12},{"not_picked":["Backflip","Slice"],"picked":"Deflect","floor":14},{"not_picked":["Slice","Dagger Throw"],"picked":"Riddle With Holes+1","floor":18},{"not_picked":["Flying Knee+1","Acrobatics","Dagger Spray"],"picked":"SKIP","floor":20},{"not_picked":["Flying Knee","Slice+1","Bane"],"picked":"SKIP","floor":21},{"not_picked":["Quick Slash","Underhanded Strike"],"picked":"Bouncing Flask","floor":22},{"not_picked":["Slice","Prepared+1","Grand Finale"],"picked":"SKIP","floor":24},{"not_picked":["PiercingWail+1","Poisoned Stab"],"picked":"Noxious Fumes+1","floor":27},{"not_picked":["Acrobatics","Deflect"],"picked":"Dash+1","floor":28},{"not_picked":["Riddle With Holes","Tactician"],"picked":"Burst","floor":28},{"not_picked":["Dagger Throw","Unload"],"picked":"Masterful Stab","floor":28},{"not_picked":["Outmaneuver+1","Underhanded Strike"],"picked":"Deadly Poison","floor":28},{"not_picked":["Concentrate","Flying Knee"],"picked":"Backstab","floor":28},{"not_picked":["Quick Slash","Skewer","Dagger Spray"],"picked":"SKIP","floor":31},{"not_picked":["Die Die Die","Grand Finale"],"picked":"Burst","floor":33},{"not_picked":["Dagger Spray","Backflip"],"picked":"Acrobatics+1","floor":35},{"not_picked":["Cloak And Dagger","Endless Agony+1"],"picked":"Noxious Fumes","floor":36},{"not_picked":["Prepared+1","Sucker Punch+1"],"picked":"Catalyst","floor":39},{"not_picked":["Caltrops","Finisher+1"],"picked":"Footwork","floor":41},{"not_picked":["Calculated Gamble","Bane"],"picked":"Adrenaline","floor":45}],"player_experience":1250898,"relics_obtained":[{"floor":7,"key":"Shovel"},{"floor":8,"key":"Snake Skull"},{"floor":9,"key":"Mango"},{"floor":10,"key":"White Beast Statue"},{"floor":15,"key":"Ninja Scroll"},{"floor":19,"key":"Red Mask"},{"floor":24,"key":"Bronze Scales"},{"floor":41,"key":"Lantern"},{"floor":43,"key":"Singing Bowl"}],"event_choices":[{"damage_healed":0,"gold_gain":175,"player_choice":"AGREE","damage_taken":0,"max_hp_gain":0,"max_hp_loss":0,"event_name":"Liars Game","floor":3,"gold_loss":0,"cards_obtained":["Doubt"]},{"damage_healed":0,"gold_gain":0,"player_choice":"Donut","damage_taken":0,"max_hp_gain":5,"max_hp_loss":0,"event_name":"Big Fish","floor":5,"gold_loss":0},{"damage_healed":0,"gold_gain":0,"player_choice":"Fought Bandits","damage_taken":0,"max_hp_gain":0,"max_hp_loss":0,"event_name":"Masked Bandits","floor":19,"gold_loss":0},{"damage_healed":0,"gold_gain":0,"player_choice":"Ignored","damage_taken":0,"max_hp_gain":0,"max_hp_loss":0,"event_name":"Vampires","floor":29,"gold_loss":0},{"cards_removed":["Strike_G"],"damage_healed":0,"gold_gain":0,"player_choice":"Gave Gold","damage_taken":0,"max_hp_gain":0,"max_hp_loss":0,"event_name":"Beggar","floor":30,"gold_loss":75},{"damage_healed":0,"gold_gain":0,"cards_transformed":["Strike_G"],"player_choice":"Transformed","damage_taken":0,"max_hp_gain":0,"max_hp_loss":0,"event_name":"Transmorgrifier","floor":38,"gold_loss":0,"cards_obtained":["Eviscerate"]},{"cards_removed":["Noxious Fumes"],"damage_healed":0,"gold_gain":0,"player_choice":"Removed Power","damage_taken":0,"max_hp_gain":0,"max_hp_loss":0,"event_name":"Falling","floor":46,"gold_loss":0},{"damage_healed":0,"gold_gain":0,"player_choice":"Upgraded","damage_taken":0,"max_hp_gain":0,"max_hp_loss":0,"event_name":"Upgrade Shrine","floor":48,"gold_loss":0,"cards_upgraded":["Catalyst"]}],"is_beta":false,"boss_relics":[{"not_picked":["Philosopher\u0027s Stone","Tiny House"],"picked":"Sozu"},{"not_picked":["Ring of the Serpent","Snecko Eye"],"picked":"SlaversCollar"}],"items_purged_floors":[28],"is_endless":false,"potions_floor_spawned":[4,10,11,12,14,16,18,19,20,21,22,24,27,31,33,35,36,39,41,45],"killed_by":"Awakened One","ascension_level":11}}