{"host":"xi8yg1ddhptuxb9d","time":1614175870,"event":{"mods":["AchievementEnabler","BaseMod","Block Reminder","Minty Spire (QoL Compilation)","Relic Sorter","StSLib"],"gold_per_floor":[360,370,2,2,57,106,137,137,137,191,191,27,81,119,119,218,218,233,233,233,246,286,286,286],"floor_reached":23,"language":"ENG","playtime":1171,"items_purged":[],"score":401,"play_id":"4adf490b-b9f6-44ba-b468-f3f97dc90a7b","local_time":"20210224091110","is_ascension_mode":true,"campfire_choices":[{"data":"Pommel Strike","floor":8.0,"key":"SMITH"},{"floor":11.0,"key":"REST"},{"data":"HandOfGreed","floor":15.0,"key":"SMITH"}],"circlet_count":0,"master_deck":["AscendersBane","Defend_R","Defend_R","Defend_R","Defend_R","Bash","Rupture","Pommel Strike+1","HandOfGreed+1","Berserk+1","Shrug It Off","Ghostly Armor","Clothesline","Thunderclap","Offering","Headbutt","Decay","Bite","Bite","Bite","Bite","Bite"],"relics":["Burning Blood","Centennial Puzzle","Boot","Lee\u0027s Waffle","Singing Bowl","Mark of Pain"],"acts_visited":["Exordium","TheCity"],"potions_floor_usage":[21,22,22,22,22],"damage_taken":[{"damage":6.0,"enemies":"Cultist","floor":1.0,"turns":3.0},{"damage":7.0,"enemies":"Small Slimes","floor":2.0,"turns":5.0},{"damage":10.0,"enemies":"2 Louse","floor":5.0,"turns":3.0},{"damage":30.0,"enemies":"Lagavulin","floor":6.0,"turns":6.0},{"damage":0.0,"enemies":"Large Slime","floor":7.0,"turns":2.0},{"damage":43.0,"enemies":"Exordium Thugs","floor":10.0,"turns":8.0},{"damage":22.0,"enemies":"3 Sentries","floor":13.0,"turns":8.0},{"damage":3.0,"enemies":"Looter","floor":14.0,"turns":3.0},{"damage":54.0,"enemies":"Hexaghost","floor":16.0,"turns":13.0},{"damage":33,"enemies":"Spheric Guardian","floor":18,"turns":4},{"damage":36,"enemies":"Shell Parasite","floor":21,"turns":5},{"damage":24,"enemies":"Snake Plant","floor":22,"turns":4},{"damage":29,"enemies":"Gremlin Leader","floor":23,"turns":4}],"seed_played":"-2457113332712215764","potions_obtained":[{"floor":1.0,"key":"SteroidPotion"},{"floor":6.0,"key":"DistilledChaos"},{"floor":13.0,"key":"SpeedPotion"},{"floor":16.0,"key":"Fire Potion"},{"floor":21,"key":"EntropicBrew"}],"is_trial":false,"path_per_floor":["M","M","$","?","M","E","M","R","T","M","R","$","E","M","R","B",null,"M","?","?","M","M","E"],"character_chosen":"IRONCLAD","items_purchased":["HandOfGreed","Berserk","Lee\u0027s Waffle"],"campfire_rested":1,"item_purchase_floors":[3,3,12],"current_hp_per_floor":[68,67,67,67,63,39,45,45,45,8,28,75,61,64,64,16,62,35,35,35,23,22,0,0],"gold":286,"neow_bonus":"TWO_FIFTY_GOLD","is_daily":false,"chose_seed":false,"campfire_upgraded":2,"win_rate":0.0,"timestamp":1614175870,"path_taken":["M","?","$","?","M","E","M","R","T","?","R","$","E","M","R","BOSS","M","?","?","M","M","E"],"items_purchased_type":["Card","Card","Relic"],"build_version":"2020-12-22","purchased_purges":0,"victory":false,"max_hp_per_floor":[68,68,68,68,68,68,68,68,68,68,68,75,77,77,77,77,77,77,77,53,55,57,57,57],"card_choices":[{"not_picked":["Iron Wave","Body Slam"],"picked":"Rupture","floor":1.0},{"not_picked":["Heavy Blade","Rupture"],"picked":"Pommel Strike","floor":2.0},{"not_picked":["Hemokinesis","Flex"],"picked":"Shrug It Off","floor":5.0},{"not_picked":["Clash","Iron Wave"],"picked":"Ghostly Armor","floor":6.0},{"not_picked":["Flex","Fire Breathing","Evolve"],"picked":"SKIP","floor":7.0},{"not_picked":["Shockwave","Cleave"],"picked":"Clothesline","floor":10.0},{"not_picked":["True Grit","Reckless Charge","Hemokinesis"],"picked":"Singing Bowl","floor":13.0},{"not_picked":["Warcry","Heavy Blade"],"picked":"Thunderclap","floor":14.0},{"not_picked":["Impervious","Bludgeon"],"picked":"Offering","floor":16.0},{"not_picked":["Reckless Charge","Heavy Blade"],"picked":"Headbutt","floor":18},{"not_picked":["Searing Blow","Spot Weakness","Cleave"],"picked":"Singing Bowl","floor":21},{"not_picked":["Iron Wave","Warcry","Twin Strike"],"picked":"Singing Bowl","floor":22}],"player_experience":722258,"relics_obtained":[{"floor":6.0,"key":"Centennial Puzzle"},{"floor":9.0,"key":"Boot"},{"floor":13.0,"key":"Singing Bowl"}],"event_choices":[{"damage_healed":0.0,"max_hp_gain":0.0,"max_hp_loss":0.0,"gold_gain":0.0,"event_name":"Upgrade Shrine","player_choice":"Upgraded","floor":4.0,"gold_loss":0.0,"damage_taken":0.0,"cards_upgraded":["Berserk"]},{"damage_healed":0,"gold_gain":0,"player_choice":"Smashed Altar","damage_taken":0,"max_hp_gain":0,"max_hp_loss":0,"event_name":"Forgotten Altar","floor":19,"gold_loss":0,"cards_obtained":["Decay"]},{"damage_healed":0,"gold_gain":0,"player_choice":"Became a vampire","damage_taken":0,"max_hp_gain":0,"max_hp_loss":24,"event_name":"Vampires","floor":20,"gold_loss":0,"cards_obtained":["Bite","Bite","Bite","Bite","Bite"]}],"is_beta":false,"boss_relics":[{"not_picked":["Runic Dome","Snecko Eye"],"picked":"Mark of Pain"}],"items_purged_floors":[],"is_endless":false,"potions_floor_spawned":[1,6,13,14,16,21],"killed_by":"Gremlin Leader","ascension_level":17}}