{"host":"rolltorest","time":1614137192,"event":{"mods":["BaseMod","Minty Spire (QoL Compilation)","Relic Stats","Slay the Relics Exporter","StSLib"],"gold_per_floor":[117,178,178,189,205,233,233,245,245,82,82,102,130,130,130],"floor_reached":14,"language":"ENG","playtime":336,"items_purged":[],"score":180,"play_id":"fba05f36-26bc-4035-a32c-b3594196ce6e","local_time":"20210223192632","is_ascension_mode":true,"campfire_choices":[{"data":"Poisoned Stab","floor":7,"key":"SMITH"},{"floor":11,"key":"REST"}],"circlet_count":0,"master_deck":["AscendersBane","Strike_G","Strike_G","Strike_G","Strike_G","Defend_G","Defend_G","Defend_G","Defend_G","Defend_G","Survivor","Neutralize","Backstab","Doppelganger","PiercingWail","Poisoned Stab+1","Choke","Dagger Spray","Noxious Fumes","Dash","Poisoned Stab","Bane"],"relics":["Ring of the Snake","NeowsBlessing","Oddly Smooth Stone","Matryoshka","Odd Mushroom"],"acts_visited":["Exordium"],"potions_floor_usage":[6,8,14],"damage_taken":[{"damage":0,"enemies":"2 Louse","floor":1,"turns":1},{"damage":0,"enemies":"Cultist","floor":4,"turns":1},{"damage":0,"enemies":"Small Slimes","floor":5,"turns":1},{"damage":27,"enemies":"Lagavulin","floor":6,"turns":9},{"damage":11,"enemies":"Exordium Wildlife","floor":8,"turns":4},{"damage":0,"enemies":"Large Slime","floor":12,"turns":5},{"damage":21,"enemies":"The Mushroom Lair","floor":13,"turns":6},{"damage":21,"enemies":"Gremlin Nob","floor":14,"turns":4}],"seed_played":"2272806060309284087","potions_obtained":[{"floor":1,"key":"Explosive Potion"},{"floor":5,"key":"Strength Potion"},{"floor":13,"key":"Block Potion"}],"is_trial":false,"path_per_floor":["M","?","?","M","M","E","R","M","T","$","R","M","?","E"],"character_chosen":"THE_SILENT","items_purchased":["Noxious Fumes","Dash"],"campfire_rested":1,"item_purchase_floors":[10,10],"current_hp_per_floor":[59,59,59,59,59,32,32,21,21,21,40,40,19,0,0],"gold":130,"neow_bonus":"THREE_ENEMY_KILL","is_daily":false,"chose_seed":false,"campfire_upgraded":1,"win_rate":0.0,"timestamp":1614137192,"path_taken":["M","?","?","M","?","E","R","?","T","?","R","M","?","E"],"items_purchased_type":["Card","Card"],"build_version":"2020-12-18","purchased_purges":0,"victory":false,"max_hp_per_floor":[66,66,66,66,66,66,66,66,66,66,66,66,66,66,66],"relic_stats":{"counters":[8,31],"obtain_stats":[{"Matryoshka":9,"NeowsBlessing":0,"Oddly Smooth Stone":6,"Odd Mushroom":13,"Ring of the Snake":0},{"Matryoshka":5,"NeowsBlessing":0,"Oddly Smooth Stone":4,"Odd Mushroom":7,"Ring of the Snake":0},{"Matryoshka":16,"NeowsBlessing":0,"Oddly Smooth Stone":12,"Odd Mushroom":27,"Ring of the Snake":0}],"Ring of the Snake":[16]},"card_choices":[{"not_picked":["Finisher","Setup"],"picked":"Backstab","floor":1},{"not_picked":["Endless Agony","Concentrate"],"picked":"PiercingWail","floor":4},{"not_picked":["Deadly Poison","Finisher"],"picked":"Poisoned Stab","floor":5},{"not_picked":["Tactician","Tools of the Trade"],"picked":"Choke","floor":6},{"not_picked":["Dodge and Roll","Expertise"],"picked":"Dagger Spray","floor":8},{"not_picked":["Well Laid Plans","Eviscerate"],"picked":"Poisoned Stab","floor":12},{"not_picked":["Flying Knee","Backstab"],"picked":"Bane","floor":13}],"player_experience":2027441,"relics_obtained":[{"floor":6,"key":"Oddly Smooth Stone"},{"floor":9,"key":"Matryoshka"},{"floor":13,"key":"Odd Mushroom"}],"event_choices":[{"damage_healed":0,"gold_gain":61,"player_choice":"Gained Gold","damage_taken":0,"max_hp_gain":0,"max_hp_loss":0,"event_name":"Golden Wing","floor":2,"gold_loss":0},{"damage_healed":0,"gold_gain":0,"cards_transformed":["Strike_G"],"player_choice":"Transformed","damage_taken":0,"max_hp_gain":0,"max_hp_loss":0,"event_name":"Transmorgrifier","floor":3,"gold_loss":0,"cards_obtained":["Doppelganger"]},{"damage_healed":0,"gold_gain":0,"player_choice":"Fought Mushrooms","damage_taken":0,"max_hp_gain":0,"max_hp_loss":0,"event_name":"Mushrooms","floor":13,"gold_loss":0}],"is_beta":true,"boss_relics":[],"items_purged_floors":[],"is_endless":false,"potions_floor_spawned":[1,5,13],"killed_by":"Gremlin Nob","ascension_level":20}}