{"host":"fuszjwm6fqgjjp4d","time":1614140092,"event":{"mods":["BaseMod","Colored Map","Minty Spire (QoL Compilation)","Permanent Neow","Relic Sorter","Relic Stats","StSLib"],"gold_per_floor":[14,28,43,57,71,71,89,121,144,159,187,187,27,56,56,130,130,102,102,122,39,39,39,39,39],"floor_reached":24,"language":"ENG","playtime":568,"items_purged":[],"score":416,"play_id":"486a9711-cb4e-4ab9-a0ea-a32e83ef610f","local_time":"20210223221452","is_ascension_mode":true,"campfire_choices":[{"data":"Disarm","floor":6.0,"key":"SMITH"},{"floor":12.0,"key":"REST"},{"floor":15.0,"key":"REST"},{"data":"Feed","floor":23,"key":"SMITH"}],"circlet_count":0,"master_deck":["AscendersBane","Strike_R","Strike_R","Strike_R","Strike_R","Strike_R","Defend_R","Defend_R","Defend_R","Defend_R","Bash","Headbutt","Reckless Charge","Headbutt","Disarm+1","Carnage","Spot Weakness","True Grit","Feed+1","Clothesline+1","Uppercut","Inflame","Whirlwind"],"relics":["Burning Blood","Dead Branch","Calipers","Boot","Pocketwatch","PreservedInsect","Odd Mushroom","SlaversCollar","Bottled Lightning"],"acts_visited":["Exordium","TheCity"],"potions_floor_usage":[],"damage_taken":[{"damage":8.0,"enemies":"2 Louse","floor":1.0,"turns":4.0},{"damage":7.0,"enemies":"Cultist","floor":2.0,"turns":4.0},{"damage":4.0,"enemies":"Small Slimes","floor":3.0,"turns":3.0},{"damage":11.0,"enemies":"Blue Slaver","floor":4.0,"turns":4.0},{"damage":5.0,"enemies":"Large Slime","floor":5.0,"turns":4.0},{"damage":9.0,"enemies":"Red Slaver","floor":7.0,"turns":2.0},{"damage":19.0,"enemies":"Lagavulin","floor":8.0,"turns":7.0},{"damage":11.0,"enemies":"Looter","floor":10.0,"turns":2.0},{"damage":30.0,"enemies":"3 Sentries","floor":11.0,"turns":6.0},{"damage":23.0,"enemies":"The Mushroom Lair","floor":14.0,"turns":4.0},{"damage":26.0,"enemies":"Slime Boss","floor":16.0,"turns":6.0},{"damage":36.0,"enemies":"2 Thieves","floor":18.0,"turns":4.0},{"damage":12.0,"enemies":"Chosen","floor":20.0,"turns":3.0},{"damage":30,"enemies":"Book of Stabbing","floor":24,"turns":3}],"seed_played":"8392269464089713454","potions_obtained":[{"floor":2.0,"key":"Energy Potion"},{"floor":5.0,"key":"Strength Potion"},{"floor":11.0,"key":"Ancient Potion"},{"floor":14.0,"key":"Fire Potion"},{"floor":18.0,"key":"AttackPotion"}],"is_trial":false,"path_per_floor":["M","M","M","M","M","R","M","E","T","M","E","R","$","?","R","B",null,"M","?","M","$","T","R","E"],"character_chosen":"IRONCLAD","items_purchased":["PreservedInsect","Whirlwind"],"campfire_rested":2,"item_purchase_floors":[13,21],"current_hp_per_floor":[66,65,67,62,63,63,60,47,47,42,18,40,40,23,45,25,63,36,36,30,30,30,30,0,0],"gold":39,"neow_bonus":"ONE_RARE_RELIC","is_daily":false,"chose_seed":false,"campfire_upgraded":2,"win_rate":0.0,"timestamp":1614140092,"path_taken":["M","M","M","M","M","R","M","E","T","M","E","R","$","?","R","BOSS","M","?","?","$","?","R","E"],"items_purchased_type":["Relic","Card"],"build_version":"2020-12-22","purchased_purges":0,"victory":false,"max_hp_per_floor":[75,75,75,75,75,75,75,75,75,75,75,75,75,75,75,75,75,78,78,78,78,78,78,78,78],"relic_stats":{"counters":[14,56],"Dead Branch":[41],"PreservedInsect":54,"Boot":[1],"obtain_stats":[{"SlaversCollar":17,"Calipers":8,"Dead Branch":0,"PreservedInsect":13,"Bottled Lightning":22,"Odd Mushroom":14,"Boot":9,"Burning Blood":0,"Pocketwatch":11},{"SlaversCollar":11,"Calipers":7,"Dead Branch":0,"PreservedInsect":9,"Bottled Lightning":13,"Odd Mushroom":10,"Boot":7,"Burning Blood":0,"Pocketwatch":9},{"SlaversCollar":46,"Calipers":28,"Dead Branch":0,"PreservedInsect":36,"Bottled Lightning":53,"Odd Mushroom":40,"Boot":28,"Burning Blood":0,"Pocketwatch":36}],"Burning Blood":78,"Pocketwatch":[27]},"card_choices":[{"not_picked":["Clothesline","Dark Embrace"],"picked":"Headbutt","floor":1.0},{"not_picked":["Clash","Entrench"],"picked":"Reckless Charge","floor":2.0},{"not_picked":["Wild Strike","Sword Boomerang"],"picked":"Headbutt","floor":3.0},{"not_picked":["Iron Wave","Feel No Pain"],"picked":"Disarm","floor":4.0},{"not_picked":["Armaments","Whirlwind"],"picked":"Carnage","floor":5.0},{"not_picked":["Anger","Armaments"],"picked":"Spot Weakness","floor":7.0},{"not_picked":["Shrug It Off","Searing Blow","Iron Wave"],"picked":"SKIP","floor":8.0},{"not_picked":["Body Slam","Combust","Twin Strike"],"picked":"SKIP","floor":10.0},{"not_picked":["Thunderclap","Brutality"],"picked":"True Grit","floor":11.0},{"not_picked":["Juggernaut","Bludgeon"],"picked":"Feed","floor":16.0},{"not_picked":["Sword Boomerang","Cleave+1"],"picked":"Clothesline+1","floor":18.0},{"not_picked":["Spot Weakness","Cleave"],"picked":"Inflame","floor":20.0}],"player_experience":1524188,"relics_obtained":[{"floor":8.0,"key":"Calipers"},{"floor":9.0,"key":"Boot"},{"floor":11.0,"key":"Pocketwatch"},{"floor":14.0,"key":"Odd Mushroom"},{"floor":22,"key":"Bottled Lightning"}],"event_choices":[{"damage_healed":0.0,"max_hp_gain":0.0,"max_hp_loss":0.0,"gold_gain":0.0,"event_name":"Mushrooms","player_choice":"Fought Mushrooms","floor":14.0,"gold_loss":0.0,"damage_taken":0.0},{"damage_healed":0.0,"max_hp_gain":0.0,"max_hp_loss":0.0,"gold_gain":0.0,"event_name":"Match and Keep!","player_choice":"1 cards matched","floor":19.0,"gold_loss":0.0,"damage_taken":0.0,"cards_obtained":["Uppercut"]}],"is_beta":false,"boss_relics":[{"not_picked":["Snecko Eye","Velvet Choker"],"picked":"SlaversCollar"}],"items_purged_floors":[],"is_endless":false,"potions_floor_spawned":[2,5,11,14,18],"killed_by":"Book of Stabbing","ascension_level":20}}