{"host":"7rmsgc3rayi00cdt","time":1614192079,"event":{"mods":["BaseMod","Minty Spire (QoL Compilation)"],"gold_per_floor":[114,289,289,116,141,141,184,199,249,214,233,233,274,274,274,394,394,418,418,418,418,439,439,439],"floor_reached":23,"language":"ENG","playtime":627,"items_purged":["Doubt"],"score":305,"play_id":"453b820f-511d-4bef-b488-b6492c3be69a","local_time":"20210224184119","is_ascension_mode":true,"campfire_choices":[{"floor":6,"key":"REST"},{"data":"Finesse","floor":12,"key":"SMITH"},{"floor":15,"key":"REST"}],"circlet_count":0,"master_deck":["AscendersBane","Strike_R+1","Strike_R+1","Strike_R+1","Strike_R+1","Strike_R+1","Defend_R+1","Defend_R+1","Defend_R+1","Defend_R+1","Bash","Wild Strike+1","Finesse+1","Twin Strike","Warcry","Dropkick","Fire Breathing","Second Wind","Regret","Impervious","Power Through"],"relics":["Burning Blood","Golden Idol","Art of War","Juzu Bracelet","Whetstone","Omamori","Busted Crown"],"acts_visited":["Exordium","TheCity"],"potions_floor_usage":[13,23,23],"damage_taken":[{"damage":7,"enemies":"Jaw Worm","floor":1,"turns":3},{"damage":13,"enemies":"Small Slimes","floor":5,"turns":3},{"damage":48,"enemies":"Gremlin Nob","floor":7,"turns":5},{"damage":9,"enemies":"2 Louse","floor":8,"turns":3},{"damage":12,"enemies":"Blue Slaver","floor":11,"turns":4},{"damage":4,"enemies":"3 Sentries","floor":13,"turns":5},{"damage":41,"enemies":"Slime Boss","floor":16,"turns":9},{"damage":46,"enemies":"Spheric Guardian","floor":18,"turns":6},{"damage":12,"enemies":"Shell Parasite","floor":22,"turns":6},{"damage":64,"enemies":"Book of Stabbing","floor":23,"turns":5}],"seed_played":"-557566965262449366","potions_obtained":[{"floor":7,"key":"HeartOfIron"},{"floor":11,"key":"SpeedPotion"},{"floor":16,"key":"Energy Potion"}],"is_trial":false,"path_per_floor":["M","?","?","$","M","R","E","M","T","?","M","R","E","?","R","B",null,"M","?","?","?","M","E"],"character_chosen":"IRONCLAD","items_purchased":["Finesse"],"campfire_rested":2,"item_purchase_floors":[4],"current_hp_per_floor":[79,79,57,57,50,76,34,31,31,53,47,47,49,49,75,40,76,36,36,36,65,59,0,0],"gold":439,"neow_bonus":"TEN_PERCENT_HP_BONUS","is_daily":false,"chose_seed":false,"campfire_upgraded":1,"win_rate":0.0,"timestamp":1614192079,"path_taken":["M","?","?","$","M","R","E","M","T","?","M","R","E","?","R","BOSS","M","?","?","?","M","E"],"items_purchased_type":["Card"],"build_version":"2020-12-22","purchased_purges":1,"victory":false,"max_hp_per_floor":[88,88,88,88,88,88,88,88,88,88,88,88,88,88,88,88,88,88,88,88,88,88,88,88],"card_choices":[{"not_picked":["Pommel Strike","Inflame"],"picked":"Wild Strike","floor":1},{"not_picked":["Carnage","Perfected Strike"],"picked":"Twin Strike","floor":5},{"not_picked":["Feel No Pain","Bloodletting"],"picked":"Warcry","floor":7},{"not_picked":["Sword Boomerang","Warcry"],"picked":"Dropkick","floor":8},{"not_picked":["Second Wind","True Grit"],"picked":"Fire Breathing","floor":11},{"not_picked":["Shockwave","Warcry"],"picked":"Second Wind","floor":13},{"not_picked":["Bludgeon","Berserk"],"picked":"Impervious","floor":16},{"not_picked":["Havoc"],"picked":"SKIP","floor":18},{"not_picked":[],"picked":"Power Through","floor":22}],"player_experience":837435,"relics_obtained":[{"floor":7,"key":"Art of War"},{"floor":9,"key":"Juzu Bracelet"},{"floor":13,"key":"Whetstone"}],"event_choices":[{"damage_healed":0,"gold_gain":175,"player_choice":"AGREE","damage_taken":0,"max_hp_gain":0,"max_hp_loss":0,"event_name":"Liars Game","floor":2,"gold_loss":0,"cards_obtained":["Doubt"]},{"damage_healed":0,"gold_gain":0,"player_choice":"Take Damage","damage_taken":22,"relics_obtained":["Golden Idol"],"max_hp_gain":0,"max_hp_loss":0,"event_name":"Golden Idol","floor":3,"gold_loss":0},{"damage_healed":22,"gold_gain":0,"player_choice":"Healed","damage_taken":0,"max_hp_gain":0,"max_hp_loss":0,"event_name":"The Cleric","floor":10,"gold_loss":35},{"damage_healed":0,"gold_gain":0,"player_choice":"Box","damage_taken":0,"relics_obtained":["Omamori"],"max_hp_gain":0,"max_hp_loss":0,"event_name":"Big Fish","floor":14,"gold_loss":0,"cards_obtained":["Regret"]},{"damage_healed":0,"gold_gain":0,"player_choice":"Simplicity","damage_taken":0,"max_hp_gain":0,"max_hp_loss":0,"event_name":"Back to Basics","floor":19,"gold_loss":0,"cards_upgraded":["Strike_R","Strike_R","Strike_R","Strike_R","Defend_R","Defend_R","Defend_R","Defend_R"]},{"damage_healed":0,"gold_gain":0,"player_choice":"Ignored","damage_taken":0,"max_hp_gain":0,"max_hp_loss":0,"event_name":"Ghosts","floor":20,"gold_loss":0},{"damage_healed":29,"gold_gain":0,"player_choice":"Heal","damage_taken":0,"max_hp_gain":0,"max_hp_loss":0,"event_name":"The Library","floor":21,"gold_loss":0}],"is_beta":false,"boss_relics":[{"not_picked":["Pandora\u0027s Box","Runic Pyramid"],"picked":"Busted Crown"}],"items_purged_floors":[4],"is_endless":false,"potions_floor_spawned":[7,11,16],"killed_by":"Book of Stabbing","ascension_level":11}}