{"host":"szp1d6dso4pv7ddl","time":1614140868,"event":{"mods":["AchievementEnabler","Alarm Clock","BaseMod","Bestiary","Block Reminder","Colored Map","Colored Powertips","Curses Come First","Dark Map","Displayed Cursed Tome","Highlight Path","Minty Spire (QoL Compilation)","Permanent Neow","Quick Restart","Relic Sorter","Relic Stats","StSLib","Synergy Search"],"gold_per_floor":[118,118,132,149,149,178,178,178,178],"floor_reached":8,"language":"ENG","playtime":498,"items_purged":[],"score":112,"play_id":"9dd593cf-db6a-4fd6-8ef8-cc3439012d57","local_time":"20210223202748","is_ascension_mode":true,"campfire_choices":[{"floor":7,"key":"REST"}],"circlet_count":0,"master_deck":["AscendersBane","Strike_G","Strike_G","Strike_G","Strike_G","Strike_G","Defend_G","Defend_G","Defend_G","Defend_G","Defend_G","Survivor","Neutralize","Flying Knee","Unload","Noxious Fumes","Noxious Fumes","Tools of the Trade"],"relics":["SacredBark","Girya"],"acts_visited":["Exordium"],"potions_floor_usage":[4,8],"damage_taken":[{"damage":16,"enemies":"Jaw Worm","floor":1,"turns":6},{"damage":1,"enemies":"Cultist","floor":3,"turns":3},{"damage":0,"enemies":"Small Slimes","floor":4,"turns":3},{"damage":39,"enemies":"3 Sentries","floor":6,"turns":8},{"damage":26,"enemies":"Gremlin Nob","floor":8,"turns":3}],"seed_played":"-5471460239416526223","potions_obtained":[{"floor":1,"key":"BlessingOfTheForge"},{"floor":3,"key":"LiquidMemories"}],"is_trial":false,"path_per_floor":["M","?","M","M","?","E","R","E"],"character_chosen":"THE_SILENT","items_purchased":[],"campfire_rested":1,"item_purchase_floors":[],"current_hp_per_floor":[43,43,42,42,42,3,22,0,0],"gold":178,"neow_bonus":"BOSS_RELIC","is_daily":false,"chose_seed":false,"campfire_upgraded":0,"win_rate":0.0,"timestamp":1614140868,"path_taken":["M","?","?","M","?","E","R","E"],"items_purchased_type":[],"build_version":"2020-12-22","purchased_purges":0,"victory":false,"max_hp_per_floor":[66,66,66,66,66,66,66,66,66],"relic_stats":{"counters":[5,23],"obtain_stats":[{"Girya":6,"SacredBark":0,"Ring of the Snake":0},{"Girya":4,"SacredBark":0,"Ring of the Snake":0},{"Girya":20,"SacredBark":0,"Ring of the Snake":0}]},"card_choices":[{"not_picked":["Flechettes","Quick Slash"],"picked":"Flying Knee","floor":1},{"not_picked":["Sucker Punch","Backflip"],"picked":"Noxious Fumes","floor":3},{"not_picked":["Dagger Spray","Leg Sweep"],"picked":"Noxious Fumes","floor":4},{"not_picked":["Accuracy","Backstab"],"picked":"Tools of the Trade","floor":6}],"player_experience":1655741,"relics_obtained":[{"floor":6,"key":"Girya"}],"event_choices":[{"damage_healed":0,"gold_gain":0,"player_choice":"1 cards matched","damage_taken":0,"max_hp_gain":0,"max_hp_loss":0,"event_name":"Match and Keep!","floor":2,"gold_loss":0,"cards_obtained":["Unload"]},{"damage_healed":0,"gold_gain":0,"player_choice":"Fled","damage_taken":0,"max_hp_gain":0,"max_hp_loss":0,"event_name":"Scrap Ooze","floor":5,"gold_loss":0}],"is_beta":false,"boss_relics":[],"items_purged_floors":[],"is_endless":false,"potions_floor_spawned":[1,3],"killed_by":"Gremlin Nob","ascension_level":20}}