{"host":"981nlwu0905dw1bz","time":1614178517,"event":{"mods":["AchievementEnabler","BaseMod","DeckTracker","Minty Spire (QoL Compilation)","Rare Cards Sparkle","SuperFastMode"],"gold_per_floor":[109,109,128,128,59,89,102,102,129,159,175,175,191,208,208,309,309,321,321,331,331,331],"floor_reached":21,"language":"KOR","playtime":395,"items_purged":[],"score":346,"play_id":"18df9202-713e-4ce6-a965-d8d8bbbf68ca","local_time":"20210224235517","is_ascension_mode":true,"campfire_choices":[{"data":"Loop","floor":8,"key":"SMITH"},{"floor":12,"key":"REST"},{"floor":15,"key":"REST"}],"circlet_count":0,"master_deck":["AscendersBane","Strike_B","Strike_B","Strike_B","Strike_B","Defend_B","Defend_B","Defend_B","Defend_B","Zap","Dualcast","Cold Snap","Genetic Algorithm","Storm","Loop+1","Capacitor","Glacier","Consume","Echo Form","Force Field"],"relics":["Cracked Core","CultistMask","Lantern","DataDisk","Orichalcum","Letter Opener","Black Star","Nloth\u0027s Gift"],"acts_visited":["Exordium","TheCity"],"potions_floor_usage":[16,18,18,18,18],"damage_taken":[{"damage":0,"enemies":"Jaw Worm","floor":1,"turns":1},{"damage":0,"enemies":"Cultist","floor":3,"turns":1},{"damage":0,"enemies":"Gremlin Nob","floor":6,"turns":1},{"damage":7,"enemies":"Small Slimes","floor":7,"turns":3},{"damage":17,"enemies":"Lagavulin","floor":10,"turns":6},{"damage":10,"enemies":"Looter","floor":11,"turns":3},{"damage":0,"enemies":"2 Fungi Beasts","floor":13,"turns":3},{"damage":8,"enemies":"Red Slaver","floor":14,"turns":2},{"damage":27,"enemies":"Slime Boss","floor":16,"turns":10},{"damage":17,"enemies":"2 Thieves","floor":18,"turns":2},{"damage":30,"enemies":"3 Byrds","floor":20,"turns":6},{"damage":17,"enemies":"Snake Plant","floor":21,"turns":5}],"seed_played":"-6664693619933700485","potions_obtained":[{"floor":3,"key":"DistilledChaos"},{"floor":6,"key":"SkillPotion"},{"floor":16,"key":"EntropicBrew"}],"is_trial":false,"path_per_floor":["M","?","M","?","$","E","M","R","T","E","M","R","M","M","R","B",null,"M","?","M","M"],"character_chosen":"DEFECT","items_purchased":["Storm"],"campfire_rested":2,"item_purchase_floors":[5],"current_hp_per_floor":[68,68,68,56,56,56,49,49,49,32,22,44,44,36,58,31,64,47,47,17,0,0],"gold":331,"neow_bonus":"THREE_ENEMY_KILL","is_daily":false,"chose_seed":false,"campfire_upgraded":1,"win_rate":0.0,"timestamp":1614178517,"path_taken":["M","?","?","?","?","E","M","R","T","E","M","R","M","M","R","BOSS","M","?","M","?"],"items_purchased_type":["Card"],"build_version":"2020-12-22","purchased_purges":0,"victory":false,"max_hp_per_floor":[75,75,75,75,75,75,75,75,75,75,75,75,75,75,75,75,75,75,75,75,75,75],"card_choices":[{"not_picked":["Conserve Battery","Tempest"],"picked":"Cold Snap","floor":1},{"not_picked":["Go for the Eyes","Lockon"],"picked":"Genetic Algorithm","floor":3},{"not_picked":["Streamline","Coolheaded"],"picked":"Loop","floor":6},{"not_picked":["Streamline","Coolheaded","Steam"],"picked":"SKIP","floor":7},{"not_picked":["Leap","Beam Cell"],"picked":"Capacitor","floor":10},{"not_picked":["Ball Lightning","Redo"],"picked":"Glacier","floor":11},{"not_picked":["Aggregate","Gash"],"picked":"Consume","floor":13},{"not_picked":["Turbo","Auto Shields","Streamline"],"picked":"SKIP","floor":14},{"not_picked":["Meteor Strike","Biased Cognition"],"picked":"Echo Form","floor":16},{"not_picked":["Barrage+1","Ball Lightning"],"picked":"Force Field","floor":18},{"not_picked":["Redo","Sunder","Aggregate"],"picked":"SKIP","floor":20}],"player_experience":570362,"relics_obtained":[{"floor":6,"key":"DataDisk"},{"floor":9,"key":"Orichalcum"},{"floor":10,"key":"Letter Opener"}],"event_choices":[{"damage_healed":0,"gold_gain":0,"player_choice":"Trade","damage_taken":0,"relics_obtained":["CultistMask"],"max_hp_gain":0,"max_hp_loss":0,"event_name":"FaceTrader","floor":2,"gold_loss":0},{"damage_healed":0,"gold_gain":0,"player_choice":"Success","damage_taken":12,"relics_obtained":["Lantern"],"max_hp_gain":0,"max_hp_loss":0,"event_name":"Scrap Ooze","floor":4,"gold_loss":0},{"damage_healed":0,"gold_gain":0,"player_choice":"Traded Relic","damage_taken":0,"relics_obtained":["Nloth\u0027s Gift"],"max_hp_gain":0,"max_hp_loss":0,"event_name":"N\u0027loth","floor":19,"relics_lost":["NeowsBlessing"],"gold_loss":0}],"is_beta":false,"boss_relics":[{"not_picked":["Fusion Hammer","Runic Dome"],"picked":"Black Star"}],"items_purged_floors":[],"is_endless":false,"potions_floor_spawned":[3,6,13,14,16],"killed_by":"Snake Plant","ascension_level":12}}