{"host":"lv7etzzgwahaenh9","time":1614133289,"event":{"mods":["AchievementEnabler","BaseMod","Colored Map","Colored Powertips","Highlight Path","Minty Spire (QoL Compilation)","Permanent Neow","Quick Restart","Random Character Button","StSLib"],"gold_per_floor":[109,124,124,135,135,166,178,233,245,257,269,296,328,361,373,475,487,515,545,570,4,4,4,44,44,44,44,59,59,82,120,120,120,120],"floor_reached":33,"language":"ENG","playtime":1519,"items_purged":["Strike_R"],"score":545,"play_id":"6a055962-bf50-4f4b-9926-1ceb93e99048","local_time":"20210223182129","is_ascension_mode":true,"campfire_choices":[{"floor":7.0,"key":"REST"},{"data":"Apotheosis","floor":11.0,"key":"SMITH"},{"data":"Immolate","floor":15.0,"key":"SMITH"},{"data":"True Grit","floor":23.0,"key":"SMITH"},{"data":"Fiend Fire","floor":25.0,"key":"SMITH"},{"data":"Bash","floor":29.0,"key":"SMITH"},{"data":"Pommel Strike","floor":32,"key":"SMITH"}],"circlet_count":0,"master_deck":["AscendersBane","Defend_R","Defend_R","Defend_R","Defend_R","Bash+1","Apotheosis+1","Second Wind","Wild Strike","True Grit+1","Rage","Immolate+1","Warcry+1","Body Slam","Pommel Strike+1","Fiend Fire+1","Warcry+1","Power Through+1","Flame Barrier+1","Exhume+1","True Grit+1","Bite","Bite","Bite","Bite","Bite","Exhume+1","Ghostly+1","Ghostly+1","Ghostly+1","Flame Barrier+1","Disarm+1"],"relics":["Burning Blood","Golden Idol","MawBank","Toxic Egg 2","Akabeko","SlaversCollar","Medical Kit","Toy Ornithopter","Champion Belt","The Courier","Ancient Tea Set"],"acts_visited":["Exordium","TheCity"],"potions_floor_usage":[],"damage_taken":[{"damage":14.0,"enemies":"2 Louse","floor":1.0,"turns":3.0},{"damage":9.0,"enemies":"Small Slimes","floor":2.0,"turns":4.0},{"damage":2.0,"enemies":"Jaw Worm","floor":4.0,"turns":4.0},{"damage":23.0,"enemies":"3 Sentries","floor":6.0,"turns":6.0},{"damage":21.0,"enemies":"Lagavulin","floor":8.0,"turns":7.0},{"damage":2.0,"enemies":"Large Slime","floor":12.0,"turns":7.0},{"damage":1.0,"enemies":"Exordium Thugs","floor":13.0,"turns":4.0},{"damage":3.0,"enemies":"Looter","floor":14.0,"turns":3.0},{"damage":28.0,"enemies":"Slime Boss","floor":16.0,"turns":11.0},{"damage":19.0,"enemies":"Spheric Guardian","floor":18.0,"turns":4.0},{"damage":16.0,"enemies":"Shell Parasite","floor":19.0,"turns":8.0},{"damage":4.0,"enemies":"3 Cultists","floor":20.0,"turns":4.0},{"damage":18.0,"enemies":"Gremlin Leader","floor":24.0,"turns":3.0},{"damage":3.0,"enemies":"Cultist and Chosen","floor":28.0,"turns":9.0},{"damage":0.0,"enemies":"Snake Plant","floor":30.0,"turns":5.0},{"damage":1,"enemies":"Book of Stabbing","floor":31,"turns":6},{"damage":46,"enemies":"Champ","floor":33,"turns":11}],"seed_played":"6952166152892889364","potions_obtained":[{"floor":1.0,"key":"AttackPotion"},{"floor":2.0,"key":"SpeedPotion"},{"floor":6.0,"key":"GamblersBrew"},{"floor":18.0,"key":"FairyPotion"},{"floor":20.0,"key":"ColorlessPotion"},{"floor":24.0,"key":"SkillPotion"}],"is_trial":false,"path_per_floor":["M","M","?","M","?","E","R","E","T","?","R","M","M","M","R","B",null,"M","M","M","$","?","R","E","R","T","?","M","R","M","E","R","B"],"character_chosen":"IRONCLAD","items_purchased":["Exhume+1","True Grit+1","Medical Kit","Toy Ornithopter"],"campfire_rested":1,"item_purchase_floors":[21,21,21,21],"current_hp_per_floor":[60,57,57,61,35,18,40,25,25,25,25,29,34,37,37,15,60,47,37,39,39,39,39,38,38,38,26,26,26,26,26,26,0,0],"gold":120,"neow_bonus":"RANDOM_COLORLESS_2","is_daily":false,"chose_seed":false,"campfire_upgraded":6,"win_rate":0.0,"timestamp":1614133289,"path_taken":["M","M","?","M","?","E","R","E","T","?","R","M","M","M","R","BOSS","M","M","M","$","?","R","E","R","T","?","M","R","M","E","R","BOSS"],"items_purchased_type":["Card","Card","Relic","Relic"],"build_version":"2020-12-22","purchased_purges":1,"victory":false,"max_hp_per_floor":[75,75,75,75,75,75,75,75,75,75,75,75,75,75,75,75,75,75,75,75,75,52,52,52,52,52,26,26,26,26,26,26,26,26],"card_choices":[{"not_picked":["Sadistic Nature","Magnetism"],"picked":"Apotheosis","floor":0.0},{"not_picked":["Sword Boomerang","Carnage"],"picked":"Second Wind","floor":1.0},{"not_picked":["Iron Wave","Armaments"],"picked":"Wild Strike","floor":2.0},{"not_picked":["Dual Wield","Armaments"],"picked":"True Grit","floor":4.0},{"not_picked":["Perfected Strike","Dual Wield"],"picked":"Rage","floor":6.0},{"not_picked":["Fiend Fire","Perfected Strike"],"picked":"Immolate","floor":8.0},{"not_picked":["Flex+1","Searing Blow"],"picked":"Warcry+1","floor":12.0},{"not_picked":["Heavy Blade","Pummel"],"picked":"Body Slam","floor":13.0},{"not_picked":["Flex+1","Heavy Blade"],"picked":"Pommel Strike","floor":14.0},{"not_picked":["Reaper","Immolate"],"picked":"Fiend Fire","floor":16.0},{"not_picked":["Body Slam","Iron Wave"],"picked":"Warcry+1","floor":18.0},{"not_picked":["Pummel","Headbutt"],"picked":"Power Through+1","floor":19.0},{"not_picked":["Shockwave+1","Twin Strike"],"picked":"Flame Barrier+1","floor":20.0},{"not_picked":["Heavy Blade","Clothesline"],"picked":"Exhume+1","floor":24.0},{"not_picked":["Clash+1","Combust"],"picked":"Flame Barrier+1","floor":28.0},{"not_picked":["Body Slam","Wild Strike"],"picked":"Disarm+1","floor":30.0},{"not_picked":["Clash","Combust+1","Searing Blow"],"picked":"SKIP","floor":31}],"player_experience":541540,"relics_obtained":[{"floor":6.0,"key":"MawBank"},{"floor":8.0,"key":"Toxic Egg 2"},{"floor":9.0,"key":"Akabeko"},{"floor":24.0,"key":"Champion Belt"},{"floor":26.0,"key":"The Courier"},{"floor":31,"key":"Ancient Tea Set"}],"event_choices":[{"cards_removed":["Regret"],"damage_healed":0.0,"max_hp_gain":0.0,"max_hp_loss":0.0,"gold_gain":0.0,"event_name":"Living Wall","player_choice":"Forget","floor":3.0,"gold_loss":0.0,"damage_taken":0.0},{"damage_healed":0.0,"max_hp_gain":0.0,"max_hp_loss":0.0,"gold_gain":0.0,"event_name":"Golden Idol","player_choice":"Take Damage","floor":5.0,"gold_loss":0.0,"damage_taken":26.0,"relics_obtained":["Golden Idol"]},{"damage_healed":0.0,"max_hp_gain":0.0,"max_hp_loss":0.0,"gold_gain":0.0,"event_name":"Scrap Ooze","player_choice":"Fled","floor":10.0,"gold_loss":0.0,"damage_taken":0.0},{"damage_healed":0.0,"max_hp_gain":0.0,"max_hp_loss":23.0,"gold_gain":0.0,"event_name":"Vampires","player_choice":"Became a vampire","floor":22.0,"gold_loss":0.0,"damage_taken":0.0,"cards_obtained":["Bite","Bite","Bite","Bite","Bite"]},{"damage_healed":0.0,"max_hp_gain":0.0,"max_hp_loss":26.0,"gold_gain":0.0,"event_name":"Ghosts","player_choice":"Became a Ghost","floor":27.0,"gold_loss":0.0,"damage_taken":0.0,"cards_obtained":["Ghostly","Ghostly","Ghostly"]}],"is_beta":false,"boss_relics":[{"not_picked":["Snecko Eye","SacredBark"],"picked":"SlaversCollar"}],"items_purged_floors":[21],"is_endless":false,"potions_floor_spawned":[1,2,6,18,20,24,28],"killed_by":"Champ","ascension_level":15}}