{"host":"f7rb14kzcw8hx1r1","time":1614186479,"event":{"mods":["BaseMod","Better Note","Better Third Choice","Colored Map","Curses Come First","Highlight Path","Hubris","Minty Spire (QoL Compilation)","Reliquary","Replay The Spire","StSLib","The Forsaken"],"gold_per_floor":[216,216,73,88,88,88,118,66,93,93,104,121,149,164,164,262,262,280,460,460,470,488,488,498,509,533,546,456,112,146,93,93,194,194,217,238,270,322,197,236,236,236,259,259,259,109,109,127,127,127],"floor_reached":51,"language":"ENG","playtime":2022,"items_purged":["theForsaken:TheForsaken_Defend","theForsaken:TheForsaken_Strike","theForsaken:TheForsaken_Strike","theForsaken:TheForsaken_Strike"],"score":880,"play_id":"87116178-9e17-45c7-a859-2deff15d291d","local_time":"20210224180759","is_ascension_mode":false,"campfire_choices":[{"data":"theForsaken:Smite","floor":6.0,"key":"SMITH"},{"data":"theForsaken:SacredOath","floor":15.0,"key":"SMITH"},{"data":"theForsaken:DefensiveStance","floor":23.0,"key":"SMITH"},{"data":"theForsaken:FuryStrikes","floor":32.0,"key":"SMITH"},{"data":"theForsaken:DesperatePlea","floor":42,"key":"SMITH"},{"data":"theForsaken:DefensiveStance","floor":44,"key":"SMITH"},{"data":"ReplayUltimateDefense","floor":49,"key":"SMITH"}],"circlet_count":0,"master_deck":["theForsaken:TheForsaken_Defend","theForsaken:TheForsaken_Defend","theForsaken:TheForsaken_Defend","theForsaken:Smite+1","theForsaken:Penitence","theForsaken:DefensiveStance+1","theForsaken:FatRoll","theForsaken:DefensiveStance+1","theForsaken:WordsOfPestilence+1","ReplaySolidLightProjector+1","theForsaken:DefensiveStance+1","theForsaken:DefensiveStance+1","theForsaken:AncientWords","theForsaken:SacredOath+1","theForsaken:FuryStrikes+1","theForsaken:LightRoll","theForsaken:CleansingLight+1","theForsaken:DesperatePlea+1","ReplayUltimateDefense+1"],"relics":["theForsaken:JudgementScales","reliquary:SharkskinSheath","Art of War","reliquary:ExpiredCoupon","hubris:ToyBattleship","Lizard Tail","Replay:Grab Bag","Sozu","Coffee Dripper","theForsaken:ArmorOfThorns","Nunchaku","Kunai","Replay:Bandana","hubris:ScarierMask","Unceasing Top","Letter Opener","Ancient Tea Set","reliquary:PrincelyHelmet"],"acts_visited":["Exordium","TheCity","TheBeyond"],"potions_floor_usage":[],"damage_taken":[{"damage":2.0,"enemies":"2 Louse","floor":1.0,"turns":3.0},{"damage":0.0,"enemies":"Cultist","floor":4.0,"turns":4.0},{"damage":22.0,"enemies":"Gremlin Nob","floor":7.0,"turns":6.0},{"damage":0.0,"enemies":"Jaw Worm","floor":11.0,"turns":8.0},{"damage":0.0,"enemies":"Large Slime","floor":12.0,"turns":10.0},{"damage":7.0,"enemies":"Lagavulin","floor":13.0,"turns":7.0},{"damage":5.0,"enemies":"Lots of Slimes","floor":14.0,"turns":1.0},{"damage":12.0,"enemies":"Hexaghost","floor":16.0,"turns":8.0},{"damage":22.0,"enemies":"2 Thieves","floor":18.0,"turns":4.0},{"damage":0.0,"enemies":"Chosen","floor":21.0,"turns":8.0},{"damage":0.0,"enemies":"Snecko","floor":22.0,"turns":9.0},{"damage":5.0,"enemies":"Chosen and Byrds","floor":24.0,"turns":6.0},{"damage":1.0,"enemies":"Snake Plant","floor":25.0,"turns":6.0},{"damage":13.0,"enemies":"Centurion and Healer","floor":27.0,"turns":10.0},{"damage":8.0,"enemies":"Gremlin Leader","floor":30.0,"turns":9.0},{"damage":0.0,"enemies":"Collector","floor":33.0,"turns":7.0},{"damage":2,"enemies":"3 Shapes","floor":35,"turns":3},{"damage":0,"enemies":"Orb Walker","floor":36,"turns":5},{"damage":19,"enemies":"Transient","floor":37,"turns":5},{"damage":0,"enemies":"2 Orb Walkers","floor":38,"turns":5},{"damage":0,"enemies":"Reptomancer","floor":40,"turns":9},{"damage":0,"enemies":"Spire Growth","floor":48,"turns":4},{"damage":0,"enemies":"Awakened One","floor":50,"turns":10}],"seed_played":"-8144857994027094369","potions_obtained":[{"floor":1.0,"key":"ColorlessPotion"},{"floor":13.0,"key":"ColorlessPotion"}],"is_trial":false,"path_per_floor":["M","?","$","M","?","R","E","$","T","?","M","M","E","M","R","B",null,"M","?","?","M","M","R","M","M","T","M","?","$","E","$","R","B",null,"M","M","M","?","$","E","?","R","T","R","?","$","?","M","R","B",null],"character_chosen":"THE_FORSAKEN","items_purchased":["theForsaken:DefensiveStance","theForsaken:DefensiveStance+1","Kunai","theForsaken:FuryStrikes"],"campfire_rested":0,"item_purchase_floors":[3,8,29,31],"current_hp_per_floor":[64,64,64,65,52,52,42,42,42,42,48,65,65,60,60,65,65,43,24,24,38,58,58,59,65,65,65,65,65,65,65,65,65,65,63,65,52,58,58,65,65,65,65,65,65,65,65,65,65,65],"gold":127,"neow_bonus":"HUNDRED_GOLD","is_daily":false,"chose_seed":false,"campfire_upgraded":7,"win_rate":0.0,"timestamp":1614186479,"path_taken":["M","?","$","?","?","R","E","$","T","?","?","M","E","M","R","BOSS","M","?","?","M","M","R","?","M","T","M","?","$","E","$","R","BOSS","M","M","M","?","$","E","?","R","T","R","?","$","?","?","R","BOSS"],"items_purchased_type":["Card","Card","Relic","Card"],"build_version":"2020-12-22","purchased_purges":4,"victory":true,"max_hp_per_floor":[65,65,65,65,65,65,65,65,65,65,65,65,65,65,65,65,65,65,65,65,65,65,65,65,65,65,65,65,65,65,65,65,65,65,65,65,65,65,65,65,65,65,65,65,65,65,65,65,65,65],"card_choices":[{"not_picked":["theForsaken:BattleHymn","theForsaken:Parry"],"picked":"theForsaken:DefensiveStance","floor":1.0},{"not_picked":["theForsaken:FatRoll","theForsaken:NobleSacrifice"],"picked":"theForsaken:WordsOfPestilence","floor":4.0},{"not_picked":["theForsaken:StoreUp","theForsaken:CreepingInfection","theForsaken:PanicDive"],"picked":"SKIP","floor":7.0},{"not_picked":["theForsaken:QuickAttack","theForsaken:DarkBargain"],"picked":"theForsaken:DefensiveStance","floor":11.0},{"not_picked":["theForsaken:ChargeAttack","theForsaken:HymnOfRest","theForsaken:HymnOfPatience"],"picked":"SKIP","floor":12.0},{"not_picked":["theForsaken:Backlash","theForsaken:HorrifyingStrike"],"picked":"theForsaken:AncientWords","floor":13.0},{"not_picked":["theForsaken:CowardsBrand","theForsaken:PowerUp"],"picked":"theForsaken:SacredOath","floor":14.0},{"not_picked":["theForsaken:DarkBarrier","theForsaken:WordOfPower+1","theForsaken:FatRoll"],"picked":"SKIP","floor":18.0},{"not_picked":["theForsaken:Riposte","theForsaken:SiphonStrike","theForsaken:HorrifyingStrike"],"picked":"SKIP","floor":21.0},{"not_picked":["theForsaken:DarkBargain","theForsaken:CreepingInfection","theForsaken:ScorchingSunlight"],"picked":"SKIP","floor":22.0},{"not_picked":["theForsaken:Parry","theForsaken:Preservation+1","theForsaken:Horror"],"picked":"SKIP","floor":24.0},{"not_picked":["theForsaken:Preservation","theForsaken:HorrifyingStrike","theForsaken:InspiringBlow+1"],"picked":"SKIP","floor":25.0},{"not_picked":["theForsaken:ChargeAttack","theForsaken:NobleSacrifice","theForsaken:PanicDive"],"picked":"SKIP","floor":27.0},{"not_picked":["theForsaken:ChargeAttack","theForsaken:QuickAttack","theForsaken:BottledPlague"],"picked":"SKIP","floor":30.0},{"not_picked":["theForsaken:ScorchingSunlight","theForsaken:CreepingInfection+1","theForsaken:ShieldBash"],"picked":"SKIP","floor":35},{"not_picked":["theForsaken:PowerUp+1","theForsaken:QuickAttack","theForsaken:Thunderbolt"],"picked":"SKIP","floor":36},{"not_picked":["theForsaken:ChargeAttack","theForsaken:LightRoll","theForsaken:ShieldBash+1"],"picked":"SKIP","floor":37},{"not_picked":["theForsaken:ChargeAttack","theForsaken:ShieldBash+1"],"picked":"theForsaken:LightRoll","floor":37},{"not_picked":["theForsaken:WordsOfPestilence","theForsaken:Thunderbolt+1"],"picked":"theForsaken:CleansingLight+1","floor":38},{"not_picked":["theForsaken:HorrifyingStrike","theForsaken:FuryStrikes+1"],"picked":"theForsaken:DesperatePlea","floor":40},{"not_picked":["Replay:Sssssssssshield","Sadistic Nature"],"picked":"ReplayUltimateDefense","floor":45},{"not_picked":["theForsaken:QuickAttack","theForsaken:BottledPlague","theForsaken:HorrifyingStrike"],"picked":"SKIP","floor":48}],"player_experience":992785,"relics_obtained":[{"floor":7.0,"key":"reliquary:ExpiredCoupon"},{"floor":9.0,"key":"hubris:ToyBattleship"},{"floor":13.0,"key":"Lizard Tail"},{"floor":26.0,"key":"Nunchaku"},{"floor":30.0,"key":"Replay:Bandana"},{"floor":38,"key":"Unceasing Top"},{"floor":40,"key":"Letter Opener"},{"floor":43,"key":"Ancient Tea Set"},{"floor":47,"key":"reliquary:PrincelyHelmet"}],"event_choices":[{"damage_healed":0.0,"max_hp_gain":0.0,"max_hp_loss":0.0,"gold_gain":0.0,"event_name":"Match and Keep!","player_choice":"1 cards matched","floor":2.0,"gold_loss":0.0,"damage_taken":0.0,"cards_obtained":["theForsaken:FatRoll"]},{"damage_healed":0.0,"max_hp_gain":0.0,"max_hp_loss":0.0,"gold_gain":1.0,"event_name":"betterThird:BetterScrap","player_choice":"Relic Relic Card ","floor":5.0,"gold_loss":0.0,"damage_taken":13.0,"cards_obtained":["ReplaySolidLightProjector","hubris:Prefetch"]},{"damage_healed":0.0,"max_hp_gain":0.0,"max_hp_loss":0.0,"gold_gain":0.0,"event_name":"Accursed Blacksmith","player_choice":"Forge","floor":10.0,"gold_loss":0.0,"damage_taken":0.0,"cards_upgraded":["theForsaken:WordsOfPestilence"]},{"damage_healed":0.0,"max_hp_gain":0.0,"max_hp_loss":0.0,"gold_gain":180.0,"event_name":"Knowing Skull","player_choice":"GOLD GOLD ","floor":19.0,"potions_obtained":[],"gold_loss":0.0,"damage_taken":19.0,"cards_obtained":[]},{"damage_healed":0.0,"max_hp_gain":0.0,"max_hp_loss":0.0,"gold_gain":0.0,"event_name":"N\u0027loth","player_choice":"Ignored","floor":20.0,"gold_loss":0.0,"damage_taken":0.0},{"cards_removed":["theForsaken:TheForsaken_Strike"],"damage_healed":0.0,"max_hp_gain":0.0,"max_hp_loss":0.0,"gold_gain":0.0,"event_name":"Designer","player_choice":"Upgrade and Remove","floor":28.0,"gold_loss":90.0,"damage_taken":0.0,"cards_upgraded":["theForsaken:DefensiveStance"]},{"damage_healed":0,"gold_gain":0,"player_choice":"Fight","damage_taken":0,"max_hp_gain":0,"max_hp_loss":0,"event_name":"Mysterious Sphere","floor":38,"gold_loss":0},{"damage_healed":0,"gold_gain":0,"player_choice":"Memory 1","damage_taken":0,"max_hp_gain":0,"max_hp_loss":0,"event_name":"SensoryStone","floor":45,"gold_loss":0},{"damage_healed":0,"gold_gain":0,"player_choice":"Relic","damage_taken":0,"max_hp_gain":0,"max_hp_loss":0,"event_name":"Wheel of Change","floor":47,"gold_loss":0}],"is_beta":false,"boss_relics":[{"not_picked":["reliquary:Craggleroot","SacredBark"],"picked":"Replay:Grab Bag"},{"not_picked":["ReplayTheSpireMod:DimensionalGlitch","ReplayTheSpireMod:Onyx Gauntlets"],"picked":"Sozu"},{"not_picked":["Replay:Bronze Core","reliquary:KinkedSpring"],"picked":"Coffee Dripper"},{"not_picked":["hubris:HollowSoul","Empty Cage"],"picked":"theForsaken:ArmorOfThorns"},{"not_picked":["Honey Jar","Snecko Eye"],"picked":"hubris:ScarierMask"}],"items_purged_floors":[3,29,39,46],"is_endless":false,"potions_floor_spawned":[1,13,21,22,24,25,30,35,36],"ascension_level":0}}