{"host":"9l1knhxfturzliqa","time":1614165235,"event":{"mods":["AchievementEnabler","BaseMod","Colored Map","Colored Powertips","DeckTracker","Highlight Path","Keyboard Shortcuts","Minty Spire (QoL Compilation)","Random Character Button"],"gold_per_floor":[118,193,205,217,228,228,228,228,228,238,248,248,262,275,275,275,275],"floor_reached":16,"language":"KOR","playtime":333,"items_purged":[],"score":173,"play_id":"7255f36f-ef48-4b8d-8252-1a1d5483f200","local_time":"20210224201355","is_ascension_mode":true,"campfire_choices":[{"floor":6,"key":"REST"},{"data":"Streamline","floor":8,"key":"SMITH"},{"data":"Zap","floor":12,"key":"SMITH"},{"data":"Hyperbeam","floor":15,"key":"SMITH"}],"circlet_count":0,"master_deck":["AscendersBane","Strike_B","Strike_B","Strike_B","Strike_B","Defend_B","Defend_B","Defend_B","Defend_B","Zap+1","Dualcast","Streamline+1","Leap","Steam","Stack","Steam Power","Rebound","Ball Lightning","Hyperbeam+1"],"relics":["Cracked Core","NeowsBlessing","The Courier"],"acts_visited":["Exordium"],"potions_floor_usage":[14],"damage_taken":[{"damage":0.0,"enemies":"Small Slimes","floor":1.0,"turns":1.0},{"damage":0.0,"enemies":"Cultist","floor":3.0,"turns":1.0},{"damage":0.0,"enemies":"2 Louse","floor":4.0,"turns":1.0},{"damage":41,"enemies":"Gremlin Gang","floor":5,"turns":7},{"damage":1,"enemies":"Looter","floor":10,"turns":3},{"damage":8,"enemies":"Red Slaver","floor":11,"turns":3},{"damage":0,"enemies":"Large Slime","floor":13,"turns":3},{"damage":7,"enemies":"Lots of Slimes","floor":14,"turns":4},{"damage":13,"enemies":"The Guardian","floor":16,"turns":3}],"seed_played":"-7844860158201176719","potions_obtained":[{"floor":5,"key":"FearPotion"},{"floor":13,"key":"EssenceOfSteel"}],"is_trial":false,"path_per_floor":["M","?","M","M","M","R","?","R","T","M","M","R","M","M","R","B"],"character_chosen":"DEFECT","items_purchased":[],"campfire_rested":1,"item_purchase_floors":[],"current_hp_per_floor":[64,53,53,53,12,33,23,23,23,22,14,14,14,7,7,0,0],"gold":275,"neow_bonus":"THREE_ENEMY_KILL","is_daily":false,"chose_seed":false,"campfire_upgraded":3,"win_rate":0.0,"timestamp":1614165235,"path_taken":["M","?","M","M","M","R","?","R","T","M","M","R","M","M","R","BOSS"],"items_purchased_type":[],"build_version":"2020-12-22","purchased_purges":0,"victory":false,"max_hp_per_floor":[71,71,71,71,71,71,71,71,71,71,71,71,71,71,71,71,71],"card_choices":[{"not_picked":["Sweeping Beam","Go for the Eyes"],"picked":"Streamline","floor":1.0},{"not_picked":["Streamline","Lockon"],"picked":"Leap","floor":3.0},{"not_picked":["Reinforced Body","Blizzard"],"picked":"Steam","floor":4.0},{"not_picked":["Leap","Steam"],"picked":"Stack","floor":5},{"not_picked":["Heatsinks","Streamline"],"picked":"Steam Power","floor":10},{"not_picked":["Barrage","Compile Driver"],"picked":"Rebound","floor":11},{"not_picked":["Cold Snap","Force Field"],"picked":"Ball Lightning","floor":13},{"not_picked":["Ball Lightning","Compile Driver"],"picked":"Hyperbeam","floor":14}],"player_experience":734097,"relics_obtained":[{"floor":9,"key":"The Courier"}],"event_choices":[{"damage_healed":0.0,"max_hp_gain":0.0,"max_hp_loss":0.0,"gold_gain":75.0,"event_name":"World of Goop","player_choice":"Gather Gold","floor":2.0,"gold_loss":0.0,"damage_taken":11.0},{"damage_healed":0,"gold_gain":0,"player_choice":"Damaged","damage_taken":10,"max_hp_gain":0,"max_hp_loss":0,"event_name":"Wheel of Change","floor":7,"gold_loss":0}],"is_beta":false,"boss_relics":[],"items_purged_floors":[],"is_endless":false,"potions_floor_spawned":[5,13],"killed_by":"The Guardian","ascension_level":16}}