{"host":"13o02hya6v6rzuva","time":1614189406,"event":{"mods":["BaseMod","Minty Spire (QoL Compilation)","Relic Stats"],"gold_per_floor":[119,119,138,162,187,187,232,255,255,270,270,164,164,129,129,268,268,208,54,54,54,54,54,5,5,5,5,5,5,5,5,5,5,5],"floor_reached":33,"language":"ENG","playtime":3880,"items_purged":["Injury"],"score":481,"play_id":"a18168fe-1e03-4bee-8dfc-b4afc505e210","local_time":"20210224185646","is_ascension_mode":true,"campfire_choices":[{"floor":6.0,"key":"REST"},{"floor":13.0,"key":"REST"},{"data":"Noxious Fumes","floor":15.0,"key":"SMITH"},{"floor":23,"key":"REST"},{"data":"Venomology","floor":27,"key":"SMITH"},{"floor":30,"key":"REST"},{"floor":32,"key":"RECALL"}],"circlet_count":0,"master_deck":["AscendersBane","Strike_G","Strike_G","Strike_G","Defend_G","Defend_G","Defend_G","Defend_G","Defend_G","Survivor","Neutralize","Corpse Explosion","Predator","Poisoned Stab","Crippling Poison","Deadly Poison","After Image","Noxious Fumes+1","Footwork","Venomology+1","Flechettes+1","Sucker Punch+1","Sucker Punch+1","Deflect+1","PiercingWail+1","Expertise","Leg Sweep"],"relics":["Ring of the Snake","Golden Idol","CeramicFish","Bottled Lightning","Ectoplasm","TwistedFunnel","Tough Bandages","Art of War"],"acts_visited":["Exordium","TheCity"],"potions_floor_usage":[22,25,25,31,31,33],"damage_taken":[{"damage":5.0,"enemies":"Small Slimes","floor":1.0,"turns":5.0},{"damage":15.0,"enemies":"Jaw Worm","floor":3.0,"turns":7.0},{"damage":0.0,"enemies":"2 Louse","floor":4.0,"turns":1.0},{"damage":13.0,"enemies":"Large Slime","floor":5.0,"turns":8.0},{"damage":41.0,"enemies":"Gremlin Nob","floor":7.0,"turns":6.0},{"damage":2.0,"enemies":"3 Louse","floor":8.0,"turns":3.0},{"damage":6.0,"enemies":"Looter","floor":10.0,"turns":4.0},{"damage":34.0,"enemies":"Slime Boss","floor":16.0,"turns":10.0},{"damage":22.0,"enemies":"2 Thieves","floor":18.0,"turns":3.0},{"damage":0.0,"enemies":"3 Byrds","floor":20.0,"turns":2.0},{"damage":0.0,"enemies":"3 Cultists","floor":21.0,"turns":3.0},{"damage":16,"enemies":"Snake Plant","floor":22,"turns":4},{"damage":0,"enemies":"Slavers","floor":25,"turns":2},{"damage":0,"enemies":"Book of Stabbing","floor":31,"turns":4},{"damage":72,"enemies":"Champ","floor":33,"turns":14}],"seed_played":"-1124925288231703","potions_obtained":[{"floor":3.0,"key":"ColorlessPotion"},{"floor":7.0,"key":"DistilledChaos"},{"floor":8.0,"key":"Explosive Potion"},{"floor":18.0,"key":"Regen Potion"},{"floor":20.0,"key":"BlessingOfTheForge"}],"is_trial":false,"path_per_floor":["M","?","M","M","M","R","E","M","T","M","?","$","R","?","R","B",null,"M","$","M","M","M","R","$","E","T","R","?","?","R","E","R","B"],"character_chosen":"THE_SILENT","items_purchased":["Footwork","TwistedFunnel","Poison Potion"],"campfire_rested":4,"item_purchase_floors":[12,19,24],"current_hp_per_floor":[58,58,43,43,30,51,10,8,8,2,25,25,46,63,63,29,60,38,38,47,47,31,52,52,52,52,52,52,52,70,70,70,0,0],"gold":5,"neow_bonus":"ONE_RANDOM_RARE_CARD","is_daily":false,"chose_seed":false,"campfire_upgraded":2,"win_rate":0.0,"timestamp":1614189406,"path_taken":["M","?","M","M","M","R","E","M","T","M","?","$","R","?","R","BOSS","M","$","M","M","M","R","$","E","T","R","?","?","R","E","R","BOSS"],"items_purchased_type":["Card","Relic","Potion"],"build_version":"2020-12-22","purchased_purges":1,"victory":false,"max_hp_per_floor":[70,70,70,70,70,70,70,70,70,70,70,70,70,70,70,70,70,70,70,70,70,70,70,70,70,70,70,70,70,70,70,70,70,70],"relic_stats":{"Tough Bandages":[6],"counters":[15,76],"Golden Idol":88,"CeramicFish":36,"Ectoplasm":243,"Art of War":[3],"obtain_stats":[{"TwistedFunnel":19,"Tough Bandages":25,"Golden Idol":2,"CeramicFish":7,"Ectoplasm":17,"Art of War":26,"Bottled Lightning":9,"Ring of the Snake":0},{"TwistedFunnel":9,"Tough Bandages":13,"Golden Idol":1,"CeramicFish":5,"Ectoplasm":8,"Art of War":13,"Bottled Lightning":6,"Ring of the Snake":0},{"TwistedFunnel":47,"Tough Bandages":58,"Golden Idol":5,"CeramicFish":27,"Ectoplasm":44,"Art of War":58,"Bottled Lightning":30,"Ring of the Snake":0}],"Ring of the Snake":[30]},"card_choices":[{"not_picked":["Backflip","Dodge and Roll"],"picked":"Predator","floor":1.0},{"not_picked":["Concentrate","Reflex"],"picked":"Poisoned Stab","floor":3.0},{"not_picked":["Flying Knee","Dagger Spray"],"picked":"Crippling Poison","floor":4.0},{"not_picked":["Reflex","Dagger Throw"],"picked":"Deadly Poison","floor":5.0},{"not_picked":["Caltrops","Accuracy"],"picked":"After Image","floor":7.0},{"not_picked":["Deadly Poison","Dodge and Roll"],"picked":"Noxious Fumes","floor":8.0},{"not_picked":["Infinite Blades","Quick Slash","Setup"],"picked":"SKIP","floor":10.0},{"not_picked":["Grand Finale","Malaise"],"picked":"Venomology","floor":16.0},{"not_picked":["Prepared","Blade Dance+1"],"picked":"Flechettes+1","floor":18.0},{"not_picked":["Dagger Spray","Setup"],"picked":"Sucker Punch+1","floor":20.0},{"not_picked":["Finisher","Outmaneuver"],"picked":"Sucker Punch+1","floor":21},{"not_picked":["A Thousand Cuts","Tactician"],"picked":"Deflect+1","floor":22},{"not_picked":["Sucker Punch","Acrobatics"],"picked":"PiercingWail+1","floor":25}],"player_experience":1257953,"relics_obtained":[{"floor":7.0,"key":"CeramicFish"},{"floor":9.0,"key":"Bottled Lightning"},{"floor":25,"key":"Tough Bandages"},{"floor":26,"key":"Art of War"}],"event_choices":[{"damage_healed":0.0,"max_hp_gain":0.0,"max_hp_loss":0.0,"gold_gain":0.0,"event_name":"Golden Idol","player_choice":"Take Wound","floor":2.0,"gold_loss":0.0,"damage_taken":0.0,"relics_obtained":["Golden Idol"],"cards_obtained":["Injury"]},{"damage_healed":23.0,"max_hp_gain":0.0,"max_hp_loss":0.0,"gold_gain":0.0,"event_name":"Big Fish","player_choice":"Banana","floor":11.0,"gold_loss":0.0,"damage_taken":0.0},{"damage_healed":17.0,"max_hp_gain":0.0,"max_hp_loss":0.0,"gold_gain":0.0,"event_name":"The Cleric","player_choice":"Healed","floor":14.0,"gold_loss":35.0,"damage_taken":0.0},{"damage_healed":0,"gold_gain":0,"player_choice":"Ignored","damage_taken":0,"max_hp_gain":0,"max_hp_loss":0,"event_name":"Ghosts","floor":28,"gold_loss":0},{"damage_healed":0,"gold_gain":0,"cards_transformed":["Strike_G","Strike_G"],"player_choice":"Became Test Subject","damage_taken":0,"max_hp_gain":0,"max_hp_loss":0,"event_name":"Drug Dealer","floor":29,"gold_loss":0,"cards_obtained":["Expertise","Leg Sweep"]}],"is_beta":false,"boss_relics":[{"not_picked":["Busted Crown","Ring of the Serpent"],"picked":"Ectoplasm"}],"items_purged_floors":[12],"is_endless":false,"potions_floor_spawned":[3,7,8,10,18,20],"killed_by":"Champ","ascension_level":11}}