{"host":"zuf44wbx6j0c4h1p","time":1614142520,"event":{"mods":["2.2 Compatiblity","Aspiration","BaseMod","Bossed Relics","Conspire","Infinite Spire","Minty Spire (QoL Compilation)","Replay The Spire","SCP261 Mod","Shapeshifter Mod","Shop Mod","Small Relic Pack","Spicy Shops","Spire Arcade","StSLib","The Animator","The Dragon Tamer","The Fake Hero","The Hierophant","The Poker Player","TheBandit","Uncapped","Wandering Minibosses","thorton"],"gold_per_floor":[510,24,24,24,124,157,157,185,185,185,200,227,31,48,48,147,147,162,462,462,462,602,602,636,636,636,636,653,679,695,695,695],"floor_reached":31,"language":"ENG","playtime":1450,"items_purged":["luka_mod:Surrender","luka_mod:Wait"],"score":301,"play_id":"168e7db4-3e3e-4c64-a0ca-9e1281116249","local_time":"20210223225520","is_ascension_mode":true,"campfire_choices":[{"floor":7,"key":"RECALL"},{"data":"luka_mod:Edging","floor":10,"key":"SMITH"},{"floor":15,"key":"REST"},{"data":"luka_mod:TouchFluffyTail","floor":25,"key":"SMITH"}],"circlet_count":0,"master_deck":["luka_mod:StrikeLukaOne","luka_mod:StrikeLukaTwo","luka_mod:StrikeLukaThree+1","luka_mod:StrikeLukaFour","luka_mod:StrikeLukaFive","luka_mod:StrikeLukaSix","luka_mod:Salt","luka_mod:Guard","luka_mod:Edging+1","luka_mod:FlailWildly","luka_mod:Meditation","luka_mod:DemonSkullBeheading+1","luka_mod:AngryLuka","luka_mod:BladeOfStillWater+1","luka_mod:Undine","luka_mod:TouchFluffyTail+1","luka_mod:Granberia","luka_mod:GuardedStrike+1","luka_mod:NeverSurrender+1","luka_mod:SereneDemonSword","luka_mod:StrikeLuka+1","luka_mod:StrikeLuka","luka_mod:DeathSwordChaosStar","luka_mod:WaterSlash"],"relics":["luka_mod:KeepsakeRing","TungstenRod","MerchantsRug","relicPack:DarknessArmor","Matryoshka","Dream Catcher","Smiling Mask","Replay:Bottled Eggs","Replay:Multitool","conspire:TreasureMap","Honey Jar","aspiration:PoetsPen_weak","Old Coin","conspire:GlowingRock","aspiration:Lifesprig","conspire:Boomerang","Nunchaku"],"acts_visited":["Exordium","TheCity"],"potions_floor_usage":[8,24,24,29,31,31],"damage_taken":[{"damage":13,"enemies":"Jaw Worm","floor":1,"turns":4},{"damage":19,"enemies":"Lagavulin","floor":6,"turns":6},{"damage":7,"enemies":"Gremlin Nob","floor":8,"turns":3},{"damage":0,"enemies":"infinitespire:Voidling","floor":11,"turns":3},{"damage":24,"enemies":"3 Sentries","floor":12,"turns":6},{"damage":0,"enemies":"Cultist","floor":14,"turns":3},{"damage":39,"enemies":"Hexaghost","floor":16,"turns":9},{"damage":2,"enemies":"3 Byrds","floor":18,"turns":4},{"damage":6,"enemies":"Slavers","floor":24,"turns":3},{"damage":0,"enemies":"Spheric Guardian","floor":28,"turns":2},{"damage":14,"enemies":"Book of Stabbing","floor":29,"turns":4},{"damage":0,"enemies":"3 Cultists","floor":30,"turns":2},{"damage":11,"enemies":"Gremlin Leader","floor":31,"turns":1}],"seed_played":"-8547199658434301930","potions_obtained":[{"floor":1,"key":"DuplicationPotion"},{"floor":14,"key":"Languid Potion"},{"floor":16,"key":"AttackPotion"},{"floor":18,"key":"Dexterity Potion"},{"floor":22,"key":"Adrenaline Potion"},{"floor":29,"key":"SCP261:PenguinPunchPotion"},{"floor":30,"key":"Death Potion"}],"is_trial":false,"path_per_floor":["M","$","?","?","?","E","R","E","T","R","M","E","$","M","R","B",null,"M","AVR","?","?","?","R","E","R","T","R","M","E","M","E"],"character_chosen":"LUKA_CLASS","items_purchased":["MerchantsRug","relicPack:DarknessArmor","conspire:TreasureMap","luka_mod:Undine"],"campfire_rested":1,"item_purchase_floors":[2,2,13,13],"current_hp_per_floor":[30,30,30,30,30,29,29,22,22,22,22,28,28,3,14,13,38,3,3,3,3,3,15,29,29,29,40,40,3,3,0,0],"gold":695,"neow_bonus":"ONE_RARE_RELIC","is_daily":false,"chose_seed":false,"campfire_upgraded":2,"win_rate":0.0,"timestamp":1614142520,"path_taken":["M","$","?","?","?","E","R","E","T","R","?","E","?","M","R","BOSS","M","AVR","?","?","?","R","E","R","T","R","M","E","M","E"],"items_purchased_type":["Relic","Relic","Relic","Card"],"build_version":"2020-12-22","purchased_purges":2,"victory":false,"max_hp_per_floor":[36,36,36,36,36,36,36,36,36,36,36,36,36,38,38,38,38,40,40,40,40,40,40,40,40,40,40,40,42,42,42,42],"card_choices":[{"not_picked":["luka_mod:Feel","luka_mod:Calm"],"picked":"luka_mod:DemonSkullBeheading","floor":1},{"not_picked":["luka_mod:EarthSlash","luka_mod:FlashKill"],"picked":"luka_mod:AngryLuka","floor":6},{"not_picked":["luka_mod:Feel","luka_mod:HeroicStrike","luka_mod:FlashKill"],"picked":"SKIP","floor":8},{"not_picked":["luka_mod:Undine","luka_mod:Feel","luka_mod:FlashKill"],"picked":"SKIP","floor":11},{"not_picked":["luka_mod:NeverSurrender","luka_mod:Overexert"],"picked":"luka_mod:BladeOfStillWater","floor":12},{"not_picked":["luka_mod:SmallBody","luka_mod:Struggle","luka_mod:VaporizingRebellionSword"],"picked":"SKIP","floor":14},{"not_picked":["luka_mod:PerfectTiming","luka_mod:DemonSkullBeheading"],"picked":"luka_mod:TouchFluffyTail","floor":15},{"not_picked":["luka_mod:Ora","luka_mod:Sensitive"],"picked":"luka_mod:Granberia","floor":16},{"not_picked":["luka_mod:GuardTraining","luka_mod:EarthSlash","luka_mod:Feel+1"],"picked":"luka_mod:GuardedStrike+1","floor":18},{"not_picked":["luka_mod:Sylph","luka_mod:PrayToIlias","luka_mod:IliasesJudgement"],"picked":"luka_mod:NeverSurrender+1","floor":23},{"not_picked":["luka_mod:NotVerySharp","luka_mod:Cutscene","luka_mod:LightningSwordFlash+1"],"picked":"luka_mod:SereneDemonSword","floor":24},{"not_picked":["luka_mod:Overexert+1","luka_mod:DemonDecapitation+1","luka_mod:FlashKill"],"picked":"luka_mod:StrikeLuka+1","floor":27},{"not_picked":["luka_mod:GuardTraining","luka_mod:Struggle","luka_mod:AlicesGuard"],"picked":"luka_mod:StrikeLuka","floor":28},{"not_picked":["luka_mod:NoDebuffs","luka_mod:SealingStrike","luka_mod:Struggle+1"],"picked":"luka_mod:DeathSwordChaosStar","floor":29},{"not_picked":["luka_mod:SereneDemonSword","luka_mod:FlashKill","luka_mod:Overexert"],"picked":"luka_mod:WaterSlash","floor":30}],"player_experience":190929,"relics_obtained":[{"floor":6,"key":"Matryoshka"},{"floor":8,"key":"Dream Catcher"},{"floor":9,"key":"Smiling Mask"},{"floor":9,"key":"Replay:Bottled Eggs"},{"floor":12,"key":"Replay:Multitool"},{"floor":24,"key":"conspire:GlowingRock"},{"floor":26,"key":"aspiration:Lifesprig"},{"floor":26,"key":"conspire:Boomerang"},{"floor":29,"key":"Nunchaku"}],"event_choices":[{"damage_healed":0,"gold_gain":0,"player_choice":"Leave","damage_taken":0,"max_hp_gain":0,"max_hp_loss":0,"event_name":"conspire:Investor","floor":3,"gold_loss":0},{"damage_healed":0,"gold_gain":100,"player_choice":"Pray","damage_taken":0,"max_hp_gain":0,"max_hp_loss":0,"event_name":"Golden Shrine","floor":5,"gold_loss":0}],"is_beta":false,"boss_relics":[{"not_picked":["Philosopher\u0027s Stone","Busted Crown"],"picked":"Honey Jar"}],"items_purged_floors":[2,19],"is_endless":false,"potions_floor_spawned":[1,14,16,18,29,30],"killed_by":"Gremlin Leader","ascension_level":1}}