{"host":"ilhhjx796p2x2wmd","time":1614190491,"event":{"mods":["AchievementEnabler","BaseMod","BetterRewards","Colored Map","Colored Powertips","DeckTracker","Highlight Path","Minty Spire (QoL Compilation)","Permanent Neow","Rare Cards Sparkle","Shop Mod"],"gold_per_floor":[361,380,390,404,404,100,100,120,120,137,165,177,177,190,190,293,293,312,312,322,337,8,8,40,40,40,40,40,58,73,85,85,85,85],"floor_reached":33,"language":"KOR","playtime":1260,"items_purged":["Strike_R","Strike_R"],"score":423,"play_id":"91cec4f8-2013-4b39-822e-96a68a941327","local_time":"20210225031451","is_ascension_mode":true,"campfire_choices":[{"data":"Uppercut","floor":7.0,"key":"SMITH"},{"data":"Double Tap","floor":13,"key":"SMITH"},{"data":"Wild Strike","floor":15,"key":"SMITH"},{"floor":23,"key":"REST"},{"floor":25,"key":"REST"},{"floor":32,"key":"REST"}],"circlet_count":0,"master_deck":["AscendersBane","Strike_R","Strike_R","Defend_R","Defend_R","Defend_R","Bash","Twin Strike","Sword Boomerang","Shockwave","Uppercut+1","Shrug It Off","Wild Strike+1","Feel No Pain","Double Tap+1","Reaper","Burning Pact","Feel No Pain","Wild Strike","Body Slam+1","Evolve","Carnage","RitualDagger","Pummel+1"],"relics":["Burning Blood","Orichalcum","Bottled Lightning","Matryoshka","Fusion Hammer","Membership Card","Bag of Marbles","Sundial","Omamori","Centennial Puzzle"],"acts_visited":["Exordium","TheCity"],"potions_floor_usage":[10,16,24,33,33],"damage_taken":[{"damage":0.0,"enemies":"Small Slimes","floor":1.0,"turns":3.0},{"damage":6.0,"enemies":"Cultist","floor":2.0,"turns":3.0},{"damage":0.0,"enemies":"2 Louse","floor":3.0,"turns":3.0},{"damage":11.0,"enemies":"Looter","floor":4.0,"turns":2.0},{"damage":4,"enemies":"Red Slaver","floor":8,"turns":3},{"damage":5,"enemies":"Large Slime","floor":10,"turns":5},{"damage":13,"enemies":"Gremlin Nob","floor":11,"turns":4},{"damage":2,"enemies":"Blue Slaver","floor":12,"turns":3},{"damage":5,"enemies":"Looter","floor":14,"turns":3},{"damage":20,"enemies":"Hexaghost","floor":16,"turns":11},{"damage":0,"enemies":"Shell Parasite","floor":18,"turns":2},{"damage":6,"enemies":"3 Byrds","floor":20,"turns":8},{"damage":37,"enemies":"Centurion and Healer","floor":21,"turns":7},{"damage":32,"enemies":"Slavers","floor":24,"turns":5},{"damage":24,"enemies":"Shelled Parasite and Fungi","floor":29,"turns":6},{"damage":9,"enemies":"3 Cultists","floor":30,"turns":5},{"damage":26,"enemies":"Sentry and Sphere","floor":31,"turns":5},{"damage":35,"enemies":"Collector","floor":33,"turns":8}],"seed_played":"-2312077637690572928","potions_obtained":[{"floor":2.0,"key":"Dexterity Potion"},{"floor":8,"key":"Fire Potion"},{"floor":11,"key":"SkillPotion"},{"floor":20,"key":"FearPotion"},{"floor":21,"key":"Explosive Potion"},{"floor":24,"key":"Block Potion"}],"is_trial":false,"path_per_floor":["M","M","M","M","?","$","R","M","T","M","E","M","R","M","R","B",null,"M","?","M","M","$","R","E","R","T","?","?","M","M","M","R","B"],"character_chosen":"IRONCLAD","items_purchased":["Orichalcum","Uppercut","Membership Card","Evolve","Carnage","Bag of Marbles"],"campfire_rested":3,"item_purchase_floors":[6,6,22,22,22,22],"current_hp_per_floor":[57,57,63,58,58,58,58,60,60,61,54,58,58,59,59,45,71,77,77,80,54,54,78,52,76,76,76,70,52,49,29,53,30,30],"gold":85,"neow_bonus":"TWO_FIFTY_GOLD","is_daily":false,"chose_seed":false,"campfire_upgraded":3,"win_rate":0.0,"timestamp":1614190491,"path_taken":["M","M","M","M","?","$","R","?","T","M","E","M","R","M","R","BOSS","M","?","?","M","$","R","E","R","T","?","?","M","M","M","R","BOSS"],"items_purchased_type":["Relic","Card","Relic","Card","Card","Relic"],"build_version":"2020-12-22","purchased_purges":2,"victory":false,"max_hp_per_floor":[80,80,80,80,80,80,80,80,80,80,80,80,80,80,80,80,80,80,80,80,80,80,80,80,80,80,80,80,80,80,80,80,80,80],"card_choices":[{"not_picked":["Intimidate","Havoc"],"picked":"Twin Strike","floor":1.0},{"not_picked":["Dark Embrace","Hemokinesis","Thunderclap"],"picked":"SKIP","floor":2.0},{"not_picked":["Havoc","Armaments"],"picked":"Sword Boomerang","floor":3.0},{"not_picked":["Infernal Blade","Headbutt"],"picked":"Shockwave","floor":4.0},{"not_picked":["Ghostly Armor","Berserk"],"picked":"Shrug It Off","floor":8},{"not_picked":["Clothesline","Anger"],"picked":"Wild Strike","floor":10},{"not_picked":["Body Slam","Wild Strike"],"picked":"Feel No Pain","floor":11},{"not_picked":["Combust","Shrug It Off"],"picked":"Double Tap","floor":12},{"not_picked":["Flex","Sword Boomerang","Rupture"],"picked":"SKIP","floor":14},{"not_picked":["Exhume","Feed"],"picked":"Reaper","floor":16},{"not_picked":["Dropkick","Intimidate"],"picked":"Burning Pact","floor":18},{"not_picked":["Intimidate","Cleave+1"],"picked":"Wild Strike","floor":20},{"not_picked":["Thunderclap","Searing Blow"],"picked":"Body Slam+1","floor":21},{"not_picked":["Spot Weakness+1","Headbutt+1","Sword Boomerang+1"],"picked":"SKIP","floor":24},{"not_picked":["Flex","Twin Strike","Thunderclap"],"picked":"SKIP","floor":29},{"not_picked":["Flex","Clothesline"],"picked":"Pummel+1","floor":30},{"not_picked":["Armaments","Thunderclap","Clothesline"],"picked":"SKIP","floor":31}],"player_experience":363316,"relics_obtained":[{"floor":9,"key":"Bottled Lightning"},{"floor":11,"key":"Matryoshka"},{"floor":24,"key":"Sundial"},{"floor":26,"key":"Omamori"},{"floor":26,"key":"Centennial Puzzle"}],"event_choices":[{"cards_removed":["Defend_R"],"damage_healed":0.0,"max_hp_gain":0.0,"max_hp_loss":0.0,"gold_gain":0.0,"event_name":"Purifier","player_choice":"Purged","floor":5.0,"gold_loss":0.0,"damage_taken":0.0},{"damage_healed":0,"gold_gain":0,"player_choice":"Copied","damage_taken":0,"max_hp_gain":0,"max_hp_loss":0,"event_name":"Duplicator","floor":19,"gold_loss":0,"cards_obtained":["Feel No Pain"]},{"cards_removed":["Strike_R"],"damage_healed":0,"gold_gain":0,"player_choice":"Elegance","damage_taken":0,"max_hp_gain":0,"max_hp_loss":0,"event_name":"Back to Basics","floor":27,"gold_loss":0},{"damage_healed":0,"gold_gain":0,"player_choice":"Joined the Cult","damage_taken":6,"max_hp_gain":0,"max_hp_loss":0,"event_name":"Nest","floor":28,"gold_loss":0,"cards_obtained":["RitualDagger"]}],"is_beta":false,"boss_relics":[{"not_picked":["Coffee Dripper","Runic Cube"],"picked":"Fusion Hammer"}],"items_purged_floors":[6,22],"is_endless":false,"potions_floor_spawned":[2,8,11,20,21,24,30],"killed_by":"Collector","ascension_level":11}}