{"host":"emzatosnsokm6754","time":1614142102,"event":{"mods":["Act Like it!","BaseMod","Bossed Relics","Colored Powertips","Energized Spire","Minty Spire (QoL Compilation)","Rare Cards Sparkle","Replay The Spire","Ruina","StSLib","The Cursed","The Gatherer","The Hierophant","The Servant 0.9.4"],"gold_per_floor":[113,5,5,5,20,20,20,20,45,73,94,115,115,130,130,251,251,275,299,299,317,317],"floor_reached":21,"language":"ENG","playtime":836,"items_purged":[],"score":221,"play_id":"677a6322-bcaf-4109-bbf3-7fbda40dfb9d","local_time":"20210224174822","is_ascension_mode":false,"campfire_choices":[{"data":"Weave","floor":6,"key":"SMITH"},{"data":"Vigilance","floor":8,"key":"SMITH"},{"data":"SandsOfTime","floor":13,"key":"SMITH"},{"data":"JustLucky","floor":15,"key":"SMITH"}],"circlet_count":0,"master_deck":["Strike_P","Strike_P","Strike_P","Strike_P","Defend_P","Defend_P","Defend_P","Defend_P","Eruption+1","Vigilance+1","ThirdEye+1","Replay:AtTheReady+1","Wireheading+1","Weave+1","SandsOfTime+1","JustLucky+1","DevaForm","CarveReality+1","FearNoEvil"],"relics":["PureWater","Golden Idol","Art of War","Odd Mushroom","Replay:Bronze Core"],"acts_visited":["Exordium","ruina:Briah"],"potions_floor_usage":[16,21,21,21,21],"damage_taken":[{"damage":0,"enemies":"Small Slimes","floor":1,"turns":2},{"damage":15,"enemies":"Jaw Worm","floor":5,"turns":5},{"damage":4,"enemies":"The Mushroom Lair","floor":10,"turns":5},{"damage":0,"enemies":"Cultist","floor":11,"turns":4},{"damage":1,"enemies":"Exordium Wildlife","floor":12,"turns":3},{"damage":0,"enemies":"Blue Slaver","floor":14,"turns":3},{"damage":0,"enemies":"Slime Boss","floor":16,"turns":2},{"damage":17,"enemies":"ruina:3_Bats","floor":18,"turns":5},{"damage":17,"enemies":"ruina:Nosferatu","floor":19,"turns":4},{"damage":43,"enemies":"ruina:Woodsman","floor":21,"turns":5}],"seed_played":"-946396068247684863","potions_obtained":[{"floor":10,"key":"EntropicBrew"},{"floor":12,"key":"AttackPotion"},{"floor":16,"key":"Regen Potion"},{"floor":19,"key":"LifebloodPotion"},{"floor":21,"key":"Explosive Potion"}],"is_trial":false,"path_per_floor":["M","$","?","?","M","R","?","R","T","?","M","M","R","M","R","B",null,"M","M","?","M"],"character_chosen":"WATCHER","items_purchased":["Replay:AtTheReady+1","Wireheading"],"campfire_rested":0,"item_purchase_floors":[2,2],"current_hp_per_floor":[72,72,54,54,39,39,39,39,39,35,35,34,34,34,34,34,72,55,38,59,21,21],"gold":317,"neow_bonus":"UPGRADE_CARD","is_daily":false,"chose_seed":false,"campfire_upgraded":4,"win_rate":0.0,"timestamp":1614142102,"path_taken":["M","$","?","?","?","R","?","R","T","?","M","M","R","M","R","BOSS","M","M","?","M"],"items_purchased_type":["Card","Card"],"build_version":"2020-12-22","purchased_purges":0,"victory":false,"max_hp_per_floor":[72,72,72,72,72,72,72,72,72,72,72,72,72,72,72,72,72,72,72,72,72,72],"card_choices":[{"not_picked":["SashWhip","Collect"],"picked":"ThirdEye","floor":1},{"not_picked":["FearNoEvil","Protect"],"picked":"Weave","floor":5},{"not_picked":["Protect","BowlingBash"],"picked":"SandsOfTime","floor":11},{"not_picked":["EmptyFist","Protect","Indignation"],"picked":"SKIP","floor":12},{"not_picked":["Protect","Crescendo"],"picked":"JustLucky","floor":14},{"not_picked":["SpiritShield","Scrawl"],"picked":"DevaForm","floor":16},{"not_picked":["Swivel+1","JustLucky"],"picked":"CarveReality+1","floor":18},{"not_picked":["FollowUp","Conclude"],"picked":"FearNoEvil","floor":19}],"player_experience":224285,"relics_obtained":[{"floor":9,"key":"Art of War"},{"floor":10,"key":"Odd Mushroom"}],"event_choices":[{"damage_healed":0,"gold_gain":0,"player_choice":"Take Damage","damage_taken":18,"relics_obtained":["Golden Idol"],"max_hp_gain":0,"max_hp_loss":0,"event_name":"Golden Idol","floor":3,"gold_loss":0},{"damage_healed":0,"gold_gain":0,"player_choice":"Forge","damage_taken":0,"max_hp_gain":0,"max_hp_loss":0,"event_name":"Accursed Blacksmith","floor":4,"gold_loss":0,"cards_upgraded":["ThirdEye"]},{"damage_healed":0,"gold_gain":0,"player_choice":"Grow","damage_taken":0,"max_hp_gain":0,"max_hp_loss":0,"event_name":"Living Wall","floor":7,"gold_loss":0,"cards_upgraded":["Wireheading"]},{"damage_healed":0,"gold_gain":0,"player_choice":"Fought Mushrooms","damage_taken":0,"max_hp_gain":0,"max_hp_loss":0,"event_name":"Mushrooms","floor":10,"gold_loss":0}],"is_beta":false,"boss_relics":[{"not_picked":["Busted Crown","energizedSpire:EnergizedDie"],"picked":"Replay:Bronze Core"}],"items_purged_floors":[],"is_endless":false,"potions_floor_spawned":[10,12,16,19,21],"killed_by":"ruina:Woodsman","ascension_level":0}}