{"host":"Cenci","time":1614170317,"event":{"mods":["BaseMod","Bestiary","Downfall","Highlight Path","Minty Spire (QoL Compilation)","StSLib"],"gold_per_floor":[99,99,99,147,147,147,172,172,198,198,218,51,65,92,111,208,208,8,108,108,119,135,167,167,186,205,205,224,255,155,188,206,302,302,302,322,377,394,394,394,394,422,422,433,446,456,539,555,570,570,570,602,51,51,51,51],"floor_reached":57,"language":"ENG","playtime":3697,"items_purged":["sneckomod:Strike","sneckomod:Defend","sneckomod:Defend"],"score":1662,"play_id":"e2cc414f-8881-4116-b5f8-ebd0a25ac449","local_time":"20210224133837","is_ascension_mode":true,"campfire_choices":[{"floor":1.0,"key":"RECALL"},{"data":"sneckomod:TailWhip","floor":6.0,"key":"SMITH"},{"data":"sneckomod:QuickBite","floor":10.0,"key":"SMITH"},{"data":"Slimebound:MassFeed","floor":18.0,"key":"SMITH"},{"data":"1","floor":30.0,"key":"LIFT"},{"data":"sneckomod:Mudshield","floor":35.0,"key":"SMITH"},{"data":"2","floor":40.0,"key":"LIFT"},{"data":"3","floor":54,"key":"LIFT"}],"circlet_count":0,"master_deck":["sneckomod:Defend","sneckomod:TailWhip+1","sneckomod:SnekBite","sneckomod:Unknown","sneckomod:QuickMove","sneckomod:QuickBite","sneckomod:QuickBite+1","sneckomod:QuickBite","sneckomod:Transmogrify","sneckomod:QuickBite","sneckomod:QuickBite","Slimebound:MassFeed+1","sneckomod:QuickMove","sneckomod:IronFang","J.A.X.","sneckomod:UnknownUncommonSkill+1","sneckomod:UnknownDraw+1","sneckomod:UnknownExhaust","sneckomod:SnakeSap","sneckomod:PureSnecko","sneckomod:SerpentIdol","sneckomod:SnakeSap","sneckomod:Mudshield+1","Apotheosis"],"relics":["sneckomod:SneckoSoul","downfall:HeartsMalice","PreservedInsect","Girya","Lantern","downfall:HeartBlessingGreen","downfall:HeartBlessingRed","MutagenicStrength","Dead Branch","Prayer Wheel","Necronomicon","Omamori","Runic Pyramid","Question Card","Black Star","sneckomod:SneckoTalon","Calipers","Girya","Mango","downfall:HeartBlessingBlue","Lizard Tail","champ:DeflectingBracers","Smiling Mask","sneckomod:ConfusingCodex","Singing Bowl","Busted Crown","Ginger","Turnip","Thread and Needle","Pocketwatch","FossilizedHelix","Kunai","hexamod:Sixitude","sneckomod:CleanMud","Orichalcum","sneckomod:ConfusingCodex","Bottled Tornado","Oddly Smooth Stone","sneckomod:SleevedAce","bronze:BronzeIdol"],"acts_visited":["Exordium","TheCity","TheBeyond","TheEnding"],"potions_floor_usage":[49,56,56,56],"damage_taken":[{"damage":0.0,"enemies":"Cultist","floor":2.0,"turns":1.0},{"damage":0.0,"enemies":"2 Louse","floor":8.0,"turns":1.0},{"damage":0.0,"enemies":"Lagavulin","floor":9.0,"turns":1.0},{"damage":0.0,"enemies":"Jaw Worm","floor":11.0,"turns":2.0},{"damage":10.0,"enemies":"downfall:FleeingMerchant","floor":12.0,"turns":4.0},{"damage":15.0,"enemies":"3 Louse","floor":13.0,"turns":3.0},{"damage":10.0,"enemies":"Gremlin Nob","floor":14.0,"turns":3.0},{"damage":5.0,"enemies":"Exordium Wildlife","floor":15.0,"turns":4.0},{"damage":22.0,"enemies":"SI_SHIV_ARCHETYPE","floor":16.0,"turns":6.0},{"damage":21.0,"enemies":"downfall:Augmenter","floor":19.0,"turns":3.0},{"damage":6.0,"enemies":"Shell Parasite","floor":21.0,"turns":4.0},{"damage":0.0,"enemies":"3 Byrds","floor":22.0,"turns":3.0},{"damage":0.0,"enemies":"Gremlin Leader","floor":23.0,"turns":1.0},{"damage":3.0,"enemies":"Sentry and Sphere","floor":25.0,"turns":3.0},{"damage":0.0,"enemies":"Snecko","floor":26.0,"turns":1.0},{"damage":6.0,"enemies":"Centurion and Healer","floor":28.0,"turns":2.0},{"damage":6.0,"enemies":"Slavers","floor":29.0,"turns":2.0},{"damage":11.0,"enemies":"Book of Stabbing","floor":31.0,"turns":2.0},{"damage":22.0,"enemies":"3 Cultists","floor":32.0,"turns":5.0},{"damage":38.0,"enemies":"WA_ARCHETYPE_CALM","floor":33.0,"turns":7.0},{"damage":0.0,"enemies":"Orb Walker","floor":36.0,"turns":2.0},{"damage":8.0,"enemies":"2 Orb Walkers","floor":37.0,"turns":2.0},{"damage":5.0,"enemies":"3 Shapes","floor":38.0,"turns":2.0},{"damage":0.0,"enemies":"Reptomancer","floor":42.0,"turns":1.0},{"damage":0.0,"enemies":"Sphere and 2 Shapes","floor":44.0,"turns":3.0},{"damage":40.0,"enemies":"Transient","floor":45.0,"turns":5.0},{"damage":10.0,"enemies":"Spire Growth","floor":46.0,"turns":3.0},{"damage":0.0,"enemies":"downfall:FleeingMerchant","floor":47.0,"turns":2.0},{"damage":0,"enemies":"Sphere and 2 Shapes","floor":48,"turns":1},{"damage":0,"enemies":"Transient","floor":49,"turns":5},{"damage":14,"enemies":"DF_ARCHETYPE_ORBS","floor":50,"turns":4},{"damage":3,"enemies":"downfall:CharBossMerchant","floor":52,"turns":4},{"damage":3,"enemies":"downfall:NeowBoss","floor":55,"turns":9},{"damage":44,"enemies":"downfall:NeowBossFinal","floor":56,"turns":6}],"seed_played":"-8473220277522526804","potions_obtained":[{"floor":9.0,"key":"Weak Potion"},{"floor":13.0,"key":"GamblersBrew"},{"floor":14.0,"key":"BlessingOfTheForge"},{"floor":19.0,"key":"Weak Potion"},{"floor":22.0,"key":"bronze:BurnAndBuffPotion"},{"floor":23.0,"key":"Slimebound:ThreeZeroPotion"},{"floor":44.0,"key":"SkillPotion"},{"floor":49,"key":"sneckomod:OffclassReductionPotion"}],"is_trial":false,"path_per_floor":["R","M","?","T","?","R","T","M","E","R","M","$","M","E","M","B",null,"R","?","?","M","M","E","T","M","M","?","M","E","R","E","M","B",null,"R","M","?","M","?","R","T","E","?","M","M","M","$","M","M","B",null,"E","$","R","B","B",null],"character_chosen":"THE_SNECKO","items_purchased":["sneckomod:Transmogrify","Apotheosis","Oddly Smooth Stone","sneckomod:SleevedAce","bronze:BronzeIdol","Weak Potion"],"campfire_rested":0,"item_purchase_floors":[12,47,53,53,53,53],"current_hp_per_floor":[90,90,95,95,77,77,77,77,77,77,77,67,52,42,42,26,106,106,82,66,66,72,72,72,71,77,77,75,85,95,84,68,32,164,164,168,162,161,161,161,161,167,167,171,135,133,137,153,157,143,220,223,223,223,220,176],"gold":51,"neow_bonus":"THREE_ENEMY_KILL","is_daily":false,"chose_seed":false,"campfire_upgraded":4,"win_rate":0.0,"timestamp":1614170317,"path_taken":["R","?","?","?","?","R","T","M","E","R","M","$","?","E","M","BOSS","BOSS","R","?","?","M","M","E","T","M","M","?","M","E","R","E","M","BOSS","BOSS","R","M","?","M","?","R","T","E","?","M","?","M","$","M","M","BOSS","E","$","R","BOSS","BOSS"],"items_purchased_type":["Card","Card","Relic","Relic","Relic","Potion"],"build_version":"2020-11-17","purchased_purges":3,"victory":true,"max_hp_per_floor":[90,90,95,95,95,95,95,95,95,95,95,95,95,95,100,106,106,106,106,106,112,118,118,118,120,126,126,130,146,156,156,162,164,164,164,168,170,174,174,174,174,180,180,184,188,196,200,216,220,220,220,226,226,226,226,226],"card_choices":[{"not_picked":["sneckomod:UnknownBlock","sneckomod:UnknownUncommonAttack"],"picked":"sneckomod:QuickMove","floor":2.0},{"not_picked":["sneckomod:IronFang","sneckomod:UnknownBlock"],"picked":"sneckomod:QuickBite","floor":8.0},{"not_picked":["sneckomod:UnknownVulnerable","sneckomod:ImprovisedGuard"],"picked":"sneckomod:QuickBite","floor":9.0},{"not_picked":["sneckomod:Nope","sneckomod:SoulExchange"],"picked":"sneckomod:QuickBite","floor":11.0},{"not_picked":["sneckomod:DefensiveFlair","sneckomod:PureSnecko","sneckomod:MasterEye"],"picked":"SKIP","floor":11.0},{"not_picked":["sneckomod:UnknownColorless","sneckomod:SlitherStrike"],"picked":"sneckomod:Memorize","floor":12.0},{"not_picked":["sneckomod:Nope","sneckomod:UnknownClassPURPLE"],"picked":"sneckomod:QuickBite","floor":13.0},{"not_picked":["sneckomod:UnknownWeak","sneckomod:SerpentIdol"],"picked":"sneckomod:QuickBite","floor":14.0},{"not_picked":["sneckomod:DiceBoulder","sneckomod:SlitherStrike","sneckomod:UnknownStrength"],"picked":"Singing Bowl","floor":15.0},{"not_picked":["sneckomod:UnknownRareAttack","sneckomod:SoulExchange","sneckomod:DangerNoodle"],"picked":"Singing Bowl","floor":16.0},{"not_picked":[],"picked":"J.A.X.","floor":19.0},{"not_picked":["sneckomod:DiceBlock","sneckomod:Memorize"],"picked":"sneckomod:UnknownUncommonSkill+1","floor":19.0},{"not_picked":["sneckomod:DiceBlock","sneckomod:Restock","sneckomod:UnknownCommonAttack"],"picked":"Singing Bowl","floor":21.0},{"not_picked":["sneckomod:UnknownCommonAttack","sneckomod:IronFang"],"picked":"sneckomod:UnknownDraw+1","floor":21.0},{"not_picked":["sneckomod:UnknownUncommonAttack","sneckomod:Unknown1Cost+1"],"picked":"sneckomod:UnknownExhaust","floor":22.0},{"not_picked":["sneckomod:IronFang","sneckomod:UnknownCommonAttack","sneckomod:UnknownClassSLIMEBOUND"],"picked":"Singing Bowl","floor":22.0},{"not_picked":["sneckomod:UnknownClassSLIMEBOUND","sneckomod:SoulDraw"],"picked":"sneckomod:SnakeSap","floor":23.0},{"not_picked":["sneckomod:UnknownBlock","sneckomod:UnknownClassBLUE","sneckomod:DiceCrush"],"picked":"sneckomod:PureSnecko","floor":25.0},{"not_picked":["sneckomod:UnknownClassBLUE","sneckomod:UnknownX","sneckomod:UnknownUncommonPower+1","sneckomod:UnknownCommonSkill+1"],"picked":"Singing Bowl","floor":25.0},{"not_picked":["sneckomod:UnknownClassSLIMEBOUND","sneckomod:UnknownDraw","sneckomod:SoulRoll"],"picked":"sneckomod:SerpentIdol","floor":26.0},{"not_picked":["sneckomod:ImprovisedAttack","sneckomod:SoulRoll","sneckomod:DiceCrush","sneckomod:Rotation"],"picked":"Singing Bowl","floor":26.0},{"not_picked":["sneckomod:UnknownWeak","sneckomod:UnknownDraw+1","sneckomod:Unknown2Cost","sneckomod:MasterEye"],"picked":"Singing Bowl","floor":28.0},{"not_picked":["sneckomod:DiceBlock","sneckomod:UnknownX","sneckomod:QuickMove","sneckomod:SoulRoll"],"picked":"Singing Bowl","floor":28.0},{"not_picked":["sneckomod:SoulDraw","sneckomod:QuickMove+1","sneckomod:UnknownClassBLUE","sneckomod:IronFang+1"],"picked":"Singing Bowl","floor":29.0},{"not_picked":["sneckomod:UnknownX+1","sneckomod:UnknownClassSLIMEBOUND","sneckomod:CheapStock"],"picked":"sneckomod:SnakeSap","floor":31.0},{"not_picked":["sneckomod:UnknownClassBLUE","sneckomod:SoulRoll+1","sneckomod:DiceBlock"],"picked":"sneckomod:Mudshield","floor":32.0},{"not_picked":["sneckomod:DiceBlock+1","sneckomod:UnknownClassPURPLE","sneckomod:RainOfDice","sneckomod:DiceCrush"],"picked":"Singing Bowl","floor":32.0},{"not_picked":["sneckomod:DangerNoodle","sneckomod:Cheat","sneckomod:Unknown3Cost","sneckomod:SerpentMind"],"picked":"Singing Bowl","floor":33.0},{"not_picked":["sneckomod:MixItUp+1","sneckomod:Rotation+1"],"picked":"Singing Bowl","floor":36.0},{"not_picked":["sneckomod:Rotation","sneckomod:UnknownExhaust+1"],"picked":"Singing Bowl","floor":36.0},{"not_picked":["sneckomod:UnendingSupply+1","sneckomod:UnknownUncommonAttack+1"],"picked":"Singing Bowl","floor":37.0},{"not_picked":["sneckomod:SoulDraw","sneckomod:UnknownCommonAttack"],"picked":"Singing Bowl","floor":38.0},{"not_picked":["sneckomod:PureSnecko","sneckomod:SlitherStrike+1"],"picked":"Singing Bowl","floor":38.0},{"not_picked":["sneckomod:DiceCrush+1","sneckomod:UnknownCommonSkill"],"picked":"Singing Bowl","floor":42.0},{"not_picked":["sneckomod:DiceBoulder","sneckomod:SlitherStrike+1"],"picked":"Singing Bowl","floor":44.0},{"not_picked":["sneckomod:DiceBlock","sneckomod:UnknownUncommonPower"],"picked":"Singing Bowl","floor":44.0},{"not_picked":["sneckomod:UnknownVulnerable+1","sneckomod:SoulDraw"],"picked":"Singing Bowl","floor":45.0},{"not_picked":["sneckomod:UnknownBlock+1","sneckomod:Nope"],"picked":"Singing Bowl","floor":45.0},{"not_picked":["sneckomod:Unknown0Cost+1","sneckomod:UnknownUncommonAttack+1"],"picked":"Singing Bowl","floor":46.0},{"not_picked":["sneckomod:DiceCrush","sneckomod:UnknownClassBLUE+1"],"picked":"Singing Bowl","floor":46.0},{"not_picked":["sneckomod:UnknownX+1","sneckomod:UnknownCommonSkill+1"],"picked":"Singing Bowl","floor":48},{"not_picked":["sneckomod:IronFang+1","sneckomod:UnknownStrength+1"],"picked":"Singing Bowl","floor":48},{"not_picked":["sneckomod:SoulRoll+1","sneckomod:DefensiveFlair"],"picked":"Singing Bowl","floor":49},{"not_picked":["sneckomod:Unknown0Cost","sneckomod:UnknownRareAttack"],"picked":"Singing Bowl","floor":49},{"not_picked":["sneckomod:SoulDraw","sneckomod:QuickBite"],"picked":"Singing Bowl","floor":52}],"player_experience":381273,"relics_obtained":[{"floor":4.0,"key":"Lantern"},{"floor":9.0,"key":"Prayer Wheel"},{"floor":13.0,"key":"hexamod:Sixitude"},{"floor":13.0,"key":"Prayer Wheel"},{"floor":14.0,"key":"Turnip"},{"floor":14.0,"key":"Prayer Wheel"},{"floor":14.0,"key":"Singing Bowl"},{"floor":15.0,"key":"Girya"},{"floor":15.0,"key":"Prayer Wheel"},{"floor":16.0,"key":"Omamori"},{"floor":16.0,"key":"Lantern"},{"floor":19.0,"key":"MutagenicStrength"},{"floor":19.0,"key":"Dead Branch"},{"floor":19.0,"key":"Prayer Wheel"},{"floor":20.0,"key":"Necronomicon"},{"floor":21.0,"key":"Vajra"},{"floor":21.0,"key":"Omamori"},{"floor":22.0,"key":"Runic Pyramid"},{"floor":22.0,"key":"sneckomod:SneckoTalon"},{"floor":23.0,"key":"champ:DeflectingBracers"},{"floor":24.0,"key":"Question Card"},{"floor":25.0,"key":"Black Star"},{"floor":25.0,"key":"sneckomod:SneckoTalon"},{"floor":28.0,"key":"Calipers"},{"floor":28.0,"key":"champ:DeflectingBracers"},{"floor":29.0,"key":"Girya"},{"floor":29.0,"key":"Mango"},{"floor":31.0,"key":"Unceasing Top"},{"floor":31.0,"key":"StoneCalendar"},{"floor":32.0,"key":"Lizard Tail"},{"floor":32.0,"key":"champ:DeflectingBracers"},{"floor":32.0,"key":"Smiling Mask"},{"floor":32.0,"key":"Orichalcum"},{"floor":33.0,"key":"sneckomod:ConfusingCodex"},{"floor":33.0,"key":"Singing Bowl"},{"floor":37.0,"key":"Ginger"},{"floor":37.0,"key":"Pocketwatch"},{"floor":37.0,"key":"Turnip"},{"floor":41.0,"key":"Thread and Needle"},{"floor":42.0,"key":"Pocketwatch"},{"floor":42.0,"key":"FossilizedHelix"},{"floor":42.0,"key":"Kunai"},{"floor":45.0,"key":"champ:DuelingGlove"},{"floor":45.0,"key":"hexamod:Sixitude"},{"floor":46.0,"key":"sneckomod:CleanMud"},{"floor":49,"key":"Orichalcum"},{"floor":52,"key":"sneckomod:ConfusingCodex"},{"floor":52,"key":"Bottled Tornado"}],"event_choices":[{"damage_healed":0.0,"max_hp_gain":5.0,"max_hp_loss":0.0,"gold_gain":0.0,"event_name":"Big Fish","player_choice":"Donut","floor":3.0,"gold_loss":0.0,"damage_taken":0.0},{"damage_healed":0.0,"max_hp_gain":0.0,"max_hp_loss":0.0,"gold_gain":0.0,"event_name":"Scrap Ooze","player_choice":"Success","floor":5.0,"gold_loss":0.0,"damage_taken":18.0,"relics_obtained":["PreservedInsect"]},{"damage_healed":0.0,"max_hp_gain":0.0,"max_hp_loss":0.0,"gold_gain":0.0,"event_name":"Scrap Ooze","player_choice":"Success","floor":19.0,"gold_loss":0.0,"damage_taken":3.0,"relics_obtained":["Orichalcum"]},{"damage_healed":0.0,"max_hp_gain":0.0,"max_hp_loss":0.0,"gold_gain":0.0,"event_name":"Vampires","player_choice":"Ignored","floor":27.0,"gold_loss":0.0,"damage_taken":0.0},{"damage_healed":0.0,"max_hp_gain":0.0,"max_hp_loss":0.0,"gold_gain":0.0,"event_name":"Mysterious Sphere","player_choice":"Fight","floor":37.0,"gold_loss":0.0,"damage_taken":0.0}],"is_beta":true,"boss_relics":[{"not_picked":["sneckomod:SuperSneckoSoul","Coffee Dripper"],"picked":"sneckomod:SneckoTalon"},{"not_picked":["bronze:MakeshiftBattery","Calling Bell"],"picked":"Busted Crown"}],"items_purged_floors":[12,47,53],"is_endless":false,"potions_floor_spawned":[9,13,14,19,22,23,29,31,33,36,38,44,49],"ascension_level":4}}