{"host":"jvrojcijqdlksu05","time":1614151433,"event":{"mods":["BaseMod","Highlight Path","Minty Spire (QoL Compilation)","Relic Stats","StSLib"],"gold_per_floor":[113,129,129,145,180,180,207,207,207,233,245,259,10,24,24,121,121,140,160,75,87,99,99,124,136,183,183,202,217,245,263,263,362,362,378,391,65,0,15,15,40,54,54,54,108,141,141,181,181,181,181,181,24,58,58],"floor_reached":56,"language":"ENG","playtime":5588,"items_purged":["Defend_B","Turbo"],"score":1587,"play_id":"0d139b22-a8de-45dd-b375-b4a64cbf1a9c","local_time":"20210223232353","is_ascension_mode":true,"campfire_choices":[{"data":"Reprogram","floor":6,"key":"SMITH"},{"data":"Sweeping Beam","floor":8,"key":"SMITH"},{"data":"Hologram","floor":15,"key":"SMITH"},{"data":"Recycle","floor":23,"key":"SMITH"},{"data":"Buffer","floor":27,"key":"SMITH"},{"data":"Hologram","floor":32,"key":"SMITH"},{"data":"Go for the Eyes","floor":40,"key":"SMITH"},{"data":"Hologram","floor":44,"key":"SMITH"},{"floor":49,"key":"RECALL"},{"data":"Hyperbeam","floor":52,"key":"SMITH"}],"circlet_count":0,"master_deck":["Strike_B","Strike_B","Strike_B","Defend_B","Defend_B","Defend_B","Reprogram+1","Hologram+1","Sweeping Beam+1","Hologram+1","Hologram+1","Go for the Eyes+1","Hyperbeam+1","Self Repair","Recycle+1","Buffer+1","Reprogram+1","Machine Learning","Beam Cell+1","Hologram+1","Recycle+1"],"relics":["Runic Pyramid","CultistMask","Sundial","Mummified Hand","Potion Belt","Anchor","Velvet Choker","Gremlin Horn","Ancient Tea Set","Bottled Flame","Empty Cage","Bag of Preparation","Red Mask","Vajra","CeramicFish","Dead Branch","Molten Egg 2","Toy Ornithopter","OrangePellets","Mango"],"acts_visited":["Exordium","TheCity","TheBeyond","TheEnding"],"potions_floor_usage":[5,5,22,25,30,46,55,55,55,55],"damage_taken":[{"damage":0,"enemies":"Small Slimes","floor":1,"turns":3},{"damage":0,"enemies":"Cultist","floor":2,"turns":4},{"damage":0,"enemies":"2 Louse","floor":4,"turns":5},{"damage":37,"enemies":"Exordium Thugs","floor":5,"turns":8},{"damage":2,"enemies":"3 Sentries","floor":7,"turns":8},{"damage":29,"enemies":"Gremlin Nob","floor":10,"turns":4},{"damage":0,"enemies":"Blue Slaver","floor":11,"turns":4},{"damage":0,"enemies":"Large Slime","floor":12,"turns":4},{"damage":0,"enemies":"Red Slaver","floor":14,"turns":4},{"damage":2,"enemies":"Hexaghost","floor":16,"turns":11},{"damage":0,"enemies":"3 Byrds","floor":18,"turns":2},{"damage":0,"enemies":"Chosen","floor":19,"turns":4},{"damage":0,"enemies":"Centurion and Healer","floor":21,"turns":5},{"damage":5,"enemies":"Snake Plant","floor":22,"turns":5},{"damage":36,"enemies":"Book of Stabbing","floor":24,"turns":7},{"damage":1,"enemies":"Chosen and Byrds","floor":25,"turns":4},{"damage":0,"enemies":"Centurion and Healer","floor":28,"turns":6},{"damage":2,"enemies":"Snecko","floor":29,"turns":6},{"damage":0,"enemies":"Slavers","floor":30,"turns":2},{"damage":26,"enemies":"Snake Plant","floor":31,"turns":4},{"damage":0,"enemies":"Collector","floor":33,"turns":33},{"damage":10,"enemies":"3 Darklings","floor":35,"turns":3},{"damage":0,"enemies":"Orb Walker","floor":36,"turns":4},{"damage":0,"enemies":"Sphere and 2 Shapes","floor":39,"turns":4},{"damage":0,"enemies":"Giant Head","floor":41,"turns":10},{"damage":8,"enemies":"Maw","floor":42,"turns":7},{"damage":9,"enemies":"2 Orb Walkers","floor":45,"turns":5},{"damage":0,"enemies":"Reptomancer","floor":46,"turns":5},{"damage":0,"enemies":"Giant Head","floor":48,"turns":7},{"damage":0,"enemies":"Time Eater","floor":50,"turns":9},{"damage":5,"enemies":"Shield and Spear","floor":54,"turns":5},{"damage":76,"enemies":"The Heart","floor":55,"turns":11}],"seed_played":"17885005907107259","potions_obtained":[{"floor":1,"key":"SpeedPotion"},{"floor":4,"key":"ColorlessPotion"},{"floor":14,"key":"GamblersBrew"},{"floor":16,"key":"Strength Potion"},{"floor":19,"key":"Ancient Potion"},{"floor":22,"key":"PowerPotion"},{"floor":24,"key":"FocusPotion"},{"floor":29,"key":"FearPotion"},{"floor":31,"key":"FocusPotion"},{"floor":33,"key":"Fire Potion"},{"floor":39,"key":"FairyPotion"},{"floor":48,"key":"FearPotion"}],"is_trial":false,"path_per_floor":["M","M","?","M","M","R","E","R","T","E","M","M","$","M","R","B",null,"M","M","?","M","M","R","E","M","T","R","M","M","E","M","R","B",null,"M","M","$","?","M","R","E","M","T","R","?","E","?","E","R","B",null,"R","$","E","B",null],"character_chosen":"DEFECT","items_purchased":["Anchor","Hologram","Bag of Preparation","LiquidMemories","OrangePellets"],"campfire_rested":0,"item_purchase_floors":[13,13,37,37,53],"current_hp_per_floor":[75,75,75,75,38,38,36,36,36,7,7,7,7,7,7,5,75,75,75,75,75,75,75,46,52,52,52,59,64,64,45,45,52,75,65,72,72,72,75,75,75,74,74,74,72,72,72,75,75,75,75,75,75,84,28],"gold":58,"neow_bonus":"BOSS_RELIC","is_daily":false,"chose_seed":false,"campfire_upgraded":9,"win_rate":0.0,"timestamp":1614151433,"path_taken":["M","M","?","M","?","R","E","R","T","E","M","M","$","M","R","BOSS","M","M","?","M","M","R","E","M","T","R","M","M","E","M","R","BOSS","M","M","$","?","M","R","E","M","T","R","?","E","?","E","R","BOSS","R","$","E","BOSS"],"items_purchased_type":["Relic","Card","Relic","Potion","Relic"],"build_version":"2020-12-22","purchased_purges":2,"victory":true,"max_hp_per_floor":[75,75,75,75,75,75,75,75,75,75,75,75,75,75,75,75,75,75,75,75,75,75,75,75,75,75,75,75,75,75,75,75,75,75,75,75,75,75,75,75,75,75,75,75,75,75,75,75,75,75,75,75,75,89,89],"relic_stats":{"OrangePellets":[5],"Gremlin Horn":[22,22],"counters":[32,203],"Sundial":[50],"Mummified Hand":[43],"CeramicFish":18,"Dead Branch":[16],"Bag of Preparation":[18],"obtain_stats":[{"Potion Belt":10,"Gremlin Horn":20,"CeramicFish":43,"Dead Branch":45,"Velvet Choker":17,"Vajra":41,"Mango":54,"Bag of Preparation":37,"Ancient Tea Set":24,"Empty Cage":34,"OrangePellets":53,"Anchor":13,"Bottled Flame":30,"Sundial":7,"Mummified Hand":9,"Molten Egg 2":46,"CultistMask":3,"Red Mask":38,"Cracked Core":0,"Toy Ornithopter":48,"Runic Pyramid":0},{"Potion Belt":6,"Gremlin Horn":12,"CeramicFish":26,"Dead Branch":27,"Velvet Choker":10,"Vajra":25,"Mango":31,"Bag of Preparation":23,"Ancient Tea Set":15,"Empty Cage":21,"OrangePellets":30,"Anchor":8,"Bottled Flame":19,"Sundial":5,"Mummified Hand":5,"Molten Egg 2":28,"CultistMask":2,"Red Mask":23,"Cracked Core":0,"Toy Ornithopter":29,"Runic Pyramid":0},{"Potion Belt":32,"Gremlin Horn":61,"CeramicFish":161,"Dead Branch":166,"Velvet Choker":55,"Vajra":154,"Mango":192,"Bag of Preparation":140,"Ancient Tea Set":78,"Empty Cage":133,"OrangePellets":187,"Anchor":40,"Bottled Flame":96,"Sundial":28,"Mummified Hand":28,"Molten Egg 2":171,"CultistMask":7,"Red Mask":140,"Cracked Core":0,"Toy Ornithopter":178,"Runic Pyramid":0}],"Toy Ornithopter":20},"card_choices":[{"not_picked":["Darkness","Sunder"],"picked":"Reprogram","floor":1},{"not_picked":["Conserve Battery","Cold Snap"],"picked":"Hologram","floor":2},{"not_picked":["Doom and Gloom","Loop","Cold Snap"],"picked":"SKIP","floor":4},{"not_picked":["Undo","Coolheaded"],"picked":"Sweeping Beam","floor":5},{"not_picked":["Coolheaded","BootSequence"],"picked":"Hologram","floor":7},{"not_picked":["White Noise","Double Energy","Fission"],"picked":"SKIP","floor":10},{"not_picked":["Heatsinks","Capacitor","Sweeping Beam"],"picked":"SKIP","floor":11},{"not_picked":["Streamline","Steam Power"],"picked":"Turbo","floor":12},{"not_picked":["Gash","Stack"],"picked":"Go for the Eyes","floor":14},{"not_picked":["Electrodynamics","Amplify"],"picked":"Hyperbeam","floor":16},{"not_picked":["FTL","Redo+1"],"picked":"Self Repair","floor":18},{"not_picked":["Conserve Battery","Hello World+1"],"picked":"Recycle","floor":19},{"not_picked":["Blizzard","Compile Driver","Stack"],"picked":"SKIP","floor":21},{"not_picked":["Sunder","Go for the Eyes","Defragment"],"picked":"SKIP","floor":22},{"not_picked":["Sunder","Go for the Eyes","Defragment"],"picked":"SKIP","floor":22},{"not_picked":["Go for the Eyes","Storm"],"picked":"Buffer","floor":24},{"not_picked":["Stack+1","Darkness+1","Force Field"],"picked":"SKIP","floor":25},{"not_picked":["Melter+1","Steam","Storm"],"picked":"SKIP","floor":28},{"not_picked":["Streamline","Defragment","Conserve Battery"],"picked":"SKIP","floor":29},{"not_picked":["Fusion","Redo","Thunder Strike"],"picked":"SKIP","floor":30},{"not_picked":["Reinforced Body","Conserve Battery+1"],"picked":"Reprogram+1","floor":31},{"not_picked":["Meteor Strike","Multi-Cast"],"picked":"Machine Learning","floor":33},{"not_picked":["Redo+1","Stack+1","Skim"],"picked":"SKIP","floor":35},{"not_picked":["Compile Driver+1","Chaos","Chill+1"],"picked":"SKIP","floor":36},{"not_picked":["Stack","Streamline"],"picked":"Beam Cell+1","floor":39},{"not_picked":["Blizzard","Cold Snap+1","Sunder+1"],"picked":"SKIP","floor":41},{"not_picked":["Leap+1","Rebound+1","Streamline+1"],"picked":"SKIP","floor":42},{"not_picked":["Blizzard","Tempest+1"],"picked":"Hologram+1","floor":45},{"not_picked":["Stack","Rebound+1","All For One+1"],"picked":"SKIP","floor":46},{"not_picked":["Double Energy+1","Storm+1"],"picked":"Recycle+1","floor":48},{"not_picked":["Conserve Battery","Stack+1","Cold Snap+1"],"picked":"SKIP","floor":54}],"player_experience":1348138,"relics_obtained":[{"floor":7,"key":"Sundial"},{"floor":9,"key":"Mummified Hand"},{"floor":10,"key":"Potion Belt"},{"floor":24,"key":"Ancient Tea Set"},{"floor":30,"key":"Bottled Flame"},{"floor":41,"key":"Vajra"},{"floor":43,"key":"CeramicFish"},{"floor":45,"key":"Dead Branch"},{"floor":46,"key":"Molten Egg 2"},{"floor":48,"key":"Toy Ornithopter"},{"floor":54,"key":"Mango"}],"event_choices":[{"damage_healed":0,"gold_gain":0,"player_choice":"Trade","damage_taken":0,"relics_obtained":["CultistMask"],"max_hp_gain":0,"max_hp_loss":0,"event_name":"FaceTrader","floor":3,"gold_loss":0},{"damage_healed":0,"gold_gain":0,"player_choice":"Obtained Relic","damage_taken":0,"relics_obtained":["Gremlin Horn"],"max_hp_gain":0,"max_hp_loss":0,"event_name":"Addict","floor":20,"gold_loss":85},{"damage_healed":0,"gold_gain":0,"player_choice":"Paid","damage_taken":0,"relics_obtained":["Red Mask"],"max_hp_gain":0,"max_hp_loss":0,"event_name":"Tomb of Lord Red Mask","floor":38,"gold_loss":65},{"damage_healed":0,"gold_gain":0,"player_choice":"Fight","damage_taken":0,"max_hp_gain":0,"max_hp_loss":0,"event_name":"Mysterious Sphere","floor":45,"gold_loss":0},{"cards_removed":["Strike_B"],"damage_healed":0,"gold_gain":0,"player_choice":"Removed Attack","damage_taken":0,"max_hp_gain":0,"max_hp_loss":0,"event_name":"Falling","floor":47,"gold_loss":0}],"is_beta":false,"boss_relics":[{"not_picked":["Inserter","Snecko Eye"],"picked":"Velvet Choker"},{"not_picked":["Pandora\u0027s Box","Coffee Dripper"],"picked":"Empty Cage"}],"items_purged_floors":[13,37],"is_endless":false,"potions_floor_spawned":[1,4,14,16,19,22,24,29,31,33,39,45,48],"ascension_level":2}}