{"host":"avybiddlniqinkgc","time":1614137042,"event":{"mods":["AchievementEnabler","BaseMod","Colored Map","DeckTracker","Highlight Path","KOR Keyword Fix","Keyboard Shortcuts","Minty Spire (QoL Compilation)","Permanent Neow","Quick Restart","Random Character Button","Rare Cards Sparkle","StSLib","SuperFastMode"],"gold_per_floor":[110,77,77,92,42,42,77,77,77,89,43,59,59,92,92,92,92],"floor_reached":16,"language":"KOR","playtime":316,"items_purged":[],"score":140,"play_id":"2cbf5738-9afb-4322-8696-25574b42cd54","local_time":"20210224122402","is_ascension_mode":true,"campfire_choices":[{"data":"Loop","floor":6.0,"key":"SMITH"},{"data":"Dualcast","floor":8.0,"key":"SMITH"},{"data":"Coolheaded","floor":13,"key":"SMITH"},{"data":"Skim","floor":15,"key":"SMITH"}],"circlet_count":0,"master_deck":["Strike_B","Strike_B","Strike_B","Defend_B","Defend_B","Defend_B","Defend_B","Zap","Dualcast+1","Cold Snap","Loop+1","Sweeping Beam","Glacier","Chaos","Coolheaded+1","Skim+1","Capacitor"],"relics":["Cracked Core","NeowsBlessing","InkBottle","Ornamental Fan","White Beast Statue"],"acts_visited":["Exordium"],"potions_floor_usage":[],"damage_taken":[{"damage":0.0,"enemies":"Jaw Worm","floor":1.0,"turns":1.0},{"damage":0.0,"enemies":"Cultist","floor":4.0,"turns":1.0},{"damage":0.0,"enemies":"Lagavulin","floor":7.0,"turns":1.0},{"damage":0.0,"enemies":"2 Louse","floor":10.0,"turns":2.0},{"damage":0,"enemies":"Exordium Thugs","floor":12,"turns":5},{"damage":15,"enemies":"3 Sentries","floor":14,"turns":11},{"damage":63,"enemies":"Hexaghost","floor":16,"turns":18}],"seed_played":"-706712064844123996","potions_obtained":[{"floor":4.0,"key":"EssenceOfSteel"},{"floor":7.0,"key":"DuplicationPotion"}],"is_trial":false,"path_per_floor":["M","$","?","M","?","R","E","R","T","M","$","M","R","E","R","B"],"character_chosen":"DEFECT","items_purchased":["Loop","Coolheaded"],"campfire_rested":0,"item_purchase_floors":[2,11],"current_hp_per_floor":[75,75,75,75,75,75,75,75,75,75,75,75,75,60,60,0,0],"gold":92,"neow_bonus":"THREE_ENEMY_KILL","is_daily":false,"chose_seed":false,"campfire_upgraded":4,"win_rate":0.0,"timestamp":1614137042,"path_taken":["M","$","?","?","?","R","E","R","T","M","?","M","R","E","R","BOSS"],"items_purchased_type":["Card","Card"],"build_version":"2020-12-22","purchased_purges":0,"victory":false,"max_hp_per_floor":[75,75,75,75,75,75,75,75,75,75,75,75,75,75,75,75,75],"card_choices":[{"not_picked":["Steam","Redo"],"picked":"Cold Snap","floor":1.0},{"not_picked":["Double Energy","Stack"],"picked":"Sweeping Beam","floor":4.0},{"not_picked":["Conserve Battery","Auto Shields"],"picked":"Glacier","floor":7.0},{"not_picked":["Ball Lightning","Streamline"],"picked":"Chaos","floor":10.0},{"not_picked":["Hello World","Go for the Eyes"],"picked":"Skim","floor":12},{"not_picked":["Streamline","Rainbow"],"picked":"Capacitor","floor":14}],"player_experience":11480,"relics_obtained":[{"floor":7.0,"key":"InkBottle"},{"floor":9.0,"key":"Ornamental Fan"},{"floor":14,"key":"White Beast Statue"}],"event_choices":[{"damage_healed":0.0,"max_hp_gain":0.0,"max_hp_loss":0.0,"gold_gain":0.0,"event_name":"The Woman in Blue","player_choice":"Bought 0 Potions","floor":3.0,"gold_loss":0.0,"damage_taken":0.0},{"cards_removed":["Strike_B"],"damage_healed":0.0,"max_hp_gain":0.0,"max_hp_loss":0.0,"gold_gain":0.0,"event_name":"The Cleric","player_choice":"Card Removal","floor":5.0,"gold_loss":50.0,"damage_taken":0.0}],"is_beta":false,"boss_relics":[],"items_purged_floors":[],"is_endless":false,"potions_floor_spawned":[4,7],"killed_by":"Hexaghost","ascension_level":1}}