{"host":"snampf0t8p8psf53","time":1614191515,"event":{"mods":["AchievementEnabler","BaseMod","Bestiary","Curses Come First","DeckTracker","Minty Spire (QoL Compilation)","Permanent Neow","StSLib","SuperFastMode"],"gold_per_floor":[115,135,10,23,37,64,79,109,136,136,154,169,183,183,183,285,285,296,313,326,344,362,362,388,319,319,319,319],"floor_reached":27,"language":"ENG","playtime":794,"items_purged":[],"score":264,"play_id":"316abab7-83ff-4379-8857-3c851894bb4a","local_time":"20210224103155","is_ascension_mode":true,"campfire_choices":[{"floor":10,"key":"REST"},{"floor":15,"key":"REST"},{"floor":23,"key":"REST"}],"circlet_count":0,"master_deck":["Strike_B","Defend_B","Defend_B+1","Defend_B","Defend_B","Zap+1","Dualcast","Electrodynamics+1","Loop+1","Tempest+1","Coolheaded","Defragment","Coolheaded","Chill","Streamline","Storm","Streamline","Doom and Gloom","Doom and Gloom","Hologram+1","Rainbow+1","Ball Lightning","Capacitor+1","Chill+1","Glacier+1","Defragment","Capacitor"],"relics":["Astrolabe","Lantern","Toxic Egg 2","Juzu Bracelet","Sozu","Toy Ornithopter","War Paint"],"acts_visited":["Exordium","TheCity"],"potions_floor_usage":[16,16,24],"damage_taken":[{"damage":0,"enemies":"Small Slimes","floor":1,"turns":2},{"damage":1,"enemies":"Cultist","floor":2,"turns":3},{"damage":11,"enemies":"2 Louse","floor":4,"turns":2},{"damage":10,"enemies":"Exordium Thugs","floor":5,"turns":3},{"damage":32,"enemies":"Gremlin Nob","floor":6,"turns":4},{"damage":6,"enemies":"Large Slime","floor":7,"turns":3},{"damage":9,"enemies":"3 Sentries","floor":8,"turns":2},{"damage":0,"enemies":"2 Fungi Beasts","floor":11,"turns":2},{"damage":8,"enemies":"Looter","floor":12,"turns":2},{"damage":13,"enemies":"Red Slaver","floor":13,"turns":2},{"damage":25,"enemies":"The Guardian","floor":16,"turns":7},{"damage":5,"enemies":"Shell Parasite","floor":18,"turns":4},{"damage":10,"enemies":"Chosen","floor":19,"turns":4},{"damage":18,"enemies":"Shelled Parasite and Fungi","floor":20,"turns":5},{"damage":8,"enemies":"Snecko","floor":21,"turns":3},{"damage":13,"enemies":"3 Cultists","floor":22,"turns":4},{"damage":24,"enemies":"Gremlin Leader","floor":24,"turns":6},{"damage":22,"enemies":"Slavers","floor":27,"turns":2}],"seed_played":"-514563599764340741","potions_obtained":[{"floor":2,"key":"ColorlessPotion"},{"floor":5,"key":"Strength Potion"},{"floor":6,"key":"PowerPotion"},{"floor":16,"key":"Weak Potion"}],"is_trial":false,"path_per_floor":["M","M","$","M","M","E","M","E","T","R","M","M","M","?","R","B",null,"M","M","M","M","M","R","E","$","T","E"],"character_chosen":"DEFECT","items_purchased":["Defragment","Coolheaded","Capacitor"],"campfire_rested":3,"item_purchase_floors":[3,3,25],"current_hp_per_floor":[75,74,74,63,53,21,15,6,6,28,28,20,7,7,29,4,75,70,60,42,34,21,43,19,19,19,0,0],"gold":319,"neow_bonus":"BOSS_RELIC","is_daily":false,"chose_seed":false,"campfire_upgraded":0,"win_rate":0.0,"timestamp":1614191515,"path_taken":["M","M","$","M","M","E","M","E","T","R","M","M","M","?","R","BOSS","M","M","M","M","M","R","E","$","T","E"],"items_purchased_type":["Card","Card","Card"],"build_version":"2020-12-22","purchased_purges":0,"victory":false,"max_hp_per_floor":[75,75,75,75,75,75,75,75,75,75,75,75,75,75,75,75,75,75,75,75,75,75,75,75,75,75,75,75],"card_choices":[{"not_picked":["Go for the Eyes","Blizzard","Rebound"],"picked":"SKIP","floor":1},{"not_picked":["Redo","Sunder"],"picked":"Coolheaded","floor":2},{"not_picked":["Steam","Storm"],"picked":"Chill","floor":4},{"not_picked":["Conserve Battery","Ball Lightning"],"picked":"Streamline","floor":5},{"not_picked":["Darkness","Hyperbeam"],"picked":"Storm","floor":6},{"not_picked":["Undo","Heatsinks"],"picked":"Streamline","floor":7},{"not_picked":["Rip and Tear","Undo+1","Scrape"],"picked":"SKIP","floor":8},{"not_picked":["Gash","Genetic Algorithm+1"],"picked":"Doom and Gloom","floor":11},{"not_picked":["Conserve Battery+1","Go for the Eyes"],"picked":"Doom and Gloom","floor":12},{"not_picked":["Steam+1","Genetic Algorithm+1"],"picked":"Hologram+1","floor":13},{"not_picked":["Amplify+1","Buffer"],"picked":"Rainbow+1","floor":16},{"not_picked":["Steam+1","Go for the Eyes+1","Stack+1"],"picked":"SKIP","floor":18},{"not_picked":["Go for the Eyes","Rebound+1"],"picked":"Ball Lightning","floor":19},{"not_picked":["Sweeping Beam","Compile Driver"],"picked":"Capacitor+1","floor":20},{"not_picked":["Ball Lightning","Sweeping Beam"],"picked":"Chill+1","floor":21},{"not_picked":["All For One","Cold Snap"],"picked":"Glacier+1","floor":22},{"not_picked":["Doom and Gloom","Machine Learning"],"picked":"Defragment","floor":24}],"player_experience":186094,"relics_obtained":[{"floor":6,"key":"Lantern"},{"floor":8,"key":"Toxic Egg 2"},{"floor":24,"key":"Toy Ornithopter"},{"floor":26,"key":"War Paint"}],"event_choices":[{"damage_healed":0,"gold_gain":0,"player_choice":"Gave Potion","damage_taken":0,"relics_obtained":["Juzu Bracelet"],"max_hp_gain":0,"max_hp_loss":0,"event_name":"WeMeetAgain","floor":14,"gold_loss":0}],"is_beta":false,"boss_relics":[{"not_picked":["Snecko Eye","Pandora\u0027s Box"],"picked":"Sozu"}],"items_purged_floors":[],"is_endless":false,"potions_floor_spawned":[2,5,6,8,11,16,20,21,22],"killed_by":"Slavers","ascension_level":1}}