{"host":"k7udt7atmcuzf6l0","time":1614138735,"event":{"mods":["Act Like it!","BaseMod","Colored Map","Colored Powertips","Highlight Path","Minty Spire (QoL Compilation)","Quick Restart","Rare Cards Sparkle","Relic Stats","StSLib","UnlockEverythingMod"],"gold_per_floor":[113,133,6,6,6,6,16,59,132,160,160,186,210,210,210,323,323,349,374,374,383,84,84,109,109,109,66,66,28,52,80,80,190,190,214,214,74,100,129,148,157,199,199,199,217,217,260,46,46,46],"floor_reached":51,"language":"ZHS","playtime":1304,"items_purged":["Writhe"],"score":732,"play_id":"833b24f1-555a-4f56-8c9d-b25d59e0746f","local_time":"20210224115215","is_ascension_mode":false,"campfire_choices":[{"data":"Rage","floor":6.0,"key":"SMITH"},{"data":"Rupture","floor":11.0,"key":"SMITH"},{"data":"Whirlwind","floor":15.0,"key":"SMITH"},{"data":"Brutality","floor":23.0,"key":"SMITH"},{"data":"Combust","floor":25.0,"key":"SMITH"},{"data":"Pummel","floor":28,"key":"SMITH"},{"floor":32,"key":"REST"},{"data":"Bash","floor":44,"key":"SMITH"},{"data":"Clash","floor":46,"key":"SMITH"},{"floor":49,"key":"REST"}],"circlet_count":0,"master_deck":["Strike_R+1","Strike_R","Strike_R+1","Strike_R","Defend_R","Defend_R","Defend_R","Defend_R","Bash+1","Rage+1","Spot Weakness","Whirlwind+1","Clash+1","Pummel+1","Rupture+1","Infernal Blade+1","Combust+1","Brutality+1","Dual Wield+1","Flex+1","Swift Strike+1","Armaments+1","Shrug It Off+1","Flex+1","Twin Strike+1","Intimidate+1","Reaper+1","True Grit+1","Rupture+1","Flex+1","Seeing Red+1","Warcry+1","Dramatic Entrance+1","Pommel Strike+1","Burning Pact+1","Master of Strategy+1","Headbutt+1"],"relics":["Burning Blood","NeowsBlessing","CeramicFish","Toxic Egg 2","CaptainsWheel","Sozu","MutagenicStrength","Molten Egg 2","Medical Kit","Orichalcum","Runic Pyramid","Whetstone","DollysMirror","Red Skull","StrikeDummy","InkBottle"],"acts_visited":["Exordium","TheCity","TheBeyond"],"potions_floor_usage":[],"damage_taken":[{"damage":0.0,"enemies":"2 Louse","floor":1.0,"turns":1.0},{"damage":0.0,"enemies":"Cultist","floor":2.0,"turns":1.0},{"damage":0.0,"enemies":"Jaw Worm","floor":7.0,"turns":1.0},{"damage":21.0,"enemies":"Lagavulin","floor":8.0,"turns":5.0},{"damage":8.0,"enemies":"Red Slaver","floor":10.0,"turns":2.0},{"damage":5.0,"enemies":"Looter","floor":12.0,"turns":4.0},{"damage":11.0,"enemies":"Exordium Wildlife","floor":13.0,"turns":3.0},{"damage":34.0,"enemies":"The Guardian","floor":16.0,"turns":8.0},{"damage":12.0,"enemies":"3 Byrds","floor":18.0,"turns":5.0},{"damage":2.0,"enemies":"Chosen","floor":19.0,"turns":4.0},{"damage":8.0,"enemies":"Centurion and Healer","floor":24.0,"turns":3.0},{"damage":12,"enemies":"Sentry and Sphere","floor":30,"turns":5},{"damage":33,"enemies":"Snake Plant","floor":31,"turns":3},{"damage":64,"enemies":"Automaton","floor":33,"turns":7},{"damage":19,"enemies":"Orb Walker","floor":35,"turns":3},{"damage":25,"enemies":"3 Darklings","floor":38,"turns":4},{"damage":4,"enemies":"Spire Growth","floor":39,"turns":3},{"damage":19,"enemies":"Writhing Mass","floor":40,"turns":5},{"damage":27,"enemies":"Giant Head","floor":42,"turns":6},{"damage":0,"enemies":"Jaw Worm Horde","floor":45,"turns":1},{"damage":31,"enemies":"Reptomancer","floor":47,"turns":3},{"damage":87,"enemies":"Donu and Deca","floor":50,"turns":7}],"seed_played":"9007124983065775673","potions_obtained":[{"floor":1.0,"key":"BloodPotion"},{"floor":2.0,"key":"SneckoOil"},{"floor":7.0,"key":"BlessingOfTheForge"},{"floor":12.0,"key":"PowerPotion"},{"floor":16.0,"key":"Block Potion"}],"is_trial":false,"path_per_floor":["M","M","$","?","?","R","M","E","T","M","R","M","M","T","R","B",null,"M","M","?","?","$","R","M","R","T","$","R","$","M","M","R","B",null,"M","T","$","M","M","M","?","E","T","R","M","R","E","$","R","B",null],"character_chosen":"IRONCLAD","items_purchased":["Whirlwind","Clash","Medical Kit","Swift Strike+1","Shrug It Off+1","Flex+1","DollysMirror","Master of Strategy+1","Headbutt+1"],"campfire_rested":2,"item_purchase_floors":[3,3,22,22,27,29,37,48,48],"current_hp_per_floor":[80,80,80,80,80,80,80,65,65,63,63,64,59,59,59,47,80,74,78,78,78,78,78,76,76,76,76,76,76,70,43,67,9,80,80,80,80,80,80,80,80,80,80,80,80,80,55,55,79,80],"gold":46,"neow_bonus":"THREE_ENEMY_KILL","is_daily":false,"chose_seed":false,"campfire_upgraded":8,"win_rate":0.0,"timestamp":1614138735,"path_taken":["M","M","$","?","?","R","?","E","T","M","R","M","M","?","R","BOSS","M","M","?","?","?","R","M","R","T","$","R","$","M","M","R","BOSS","M","?","$","M","?","M","?","E","T","R","M","R","E","$","R","BOSS"],"items_purchased_type":["Card","Card","Relic","Card","Card","Card","Relic","Card","Card"],"build_version":"2020-12-22","purchased_purges":1,"victory":true,"max_hp_per_floor":[80,80,80,80,80,80,80,80,80,80,80,80,80,80,80,80,80,80,80,80,80,80,80,80,80,80,80,80,80,80,80,80,80,80,80,80,80,80,80,80,80,80,80,80,80,80,80,80,80,80],"relic_stats":{"Sozu":6,"counters":[22,84],"CeramicFish":225,"Whetstone":["Strike_R","Strike_R"],"Orichalcum":[42],"Medical Kit":[1],"obtain_stats":[{"NeowsBlessing":0,"CeramicFish":8,"Whetstone":36,"Orichalcum":26,"Medical Kit":22,"Burning Blood":0,"Sozu":17,"CaptainsWheel":14,"DollysMirror":37,"MutagenicStrength":20,"Molten Egg 2":21,"Toxic Egg 2":9,"StrikeDummy":43,"Red Skull":42,"InkBottle":47,"Runic Pyramid":34},{"NeowsBlessing":0,"CeramicFish":4,"Whetstone":15,"Orichalcum":11,"Medical Kit":10,"Burning Blood":0,"Sozu":8,"CaptainsWheel":7,"DollysMirror":15,"MutagenicStrength":10,"Molten Egg 2":10,"Toxic Egg 2":4,"StrikeDummy":19,"Red Skull":19,"InkBottle":21,"Runic Pyramid":14},{"NeowsBlessing":0,"CeramicFish":8,"Whetstone":55,"Orichalcum":37,"Medical Kit":34,"Burning Blood":0,"Sozu":25,"CaptainsWheel":17,"DollysMirror":55,"MutagenicStrength":34,"Molten Egg 2":34,"Toxic Egg 2":8,"StrikeDummy":73,"Red Skull":73,"InkBottle":77,"Runic Pyramid":52}],"Burning Blood":84,"InkBottle":[3]},"card_choices":[{"not_picked":["Intimidate","Headbutt"],"picked":"Rage","floor":1.0},{"not_picked":["Heavy Blade","True Grit"],"picked":"Spot Weakness","floor":2.0},{"not_picked":["True Grit","Cleave","Clothesline"],"picked":"SKIP","floor":7.0},{"not_picked":["Perfected Strike","Immolate"],"picked":"Pummel","floor":8.0},{"not_picked":["Body Slam","Heavy Blade"],"picked":"Rupture","floor":10.0},{"not_picked":["Iron Wave","Clothesline"],"picked":"Infernal Blade+1","floor":12.0},{"not_picked":["Warcry+1","Metallicize"],"picked":"Combust","floor":13.0},{"not_picked":["Offering+1","Demon Form"],"picked":"Brutality","floor":16.0},{"not_picked":["Perfected Strike","Armaments+1"],"picked":"Dual Wield+1","floor":18.0},{"not_picked":["Heavy Blade+1","Warcry+1"],"picked":"Flex+1","floor":19.0},{"not_picked":["Clothesline+1","Iron Wave+1"],"picked":"Armaments+1","floor":24.0},{"not_picked":["Dual Wield+1","Clothesline+1"],"picked":"Twin Strike+1","floor":30},{"not_picked":["Clash+1","Dual Wield+1"],"picked":"Intimidate+1","floor":31},{"not_picked":["Brutality","Exhume+1"],"picked":"Reaper+1","floor":33},{"not_picked":["Flame Barrier+1","Dual Wield+1"],"picked":"True Grit+1","floor":35},{"not_picked":["True Grit+1","Wild Strike+1"],"picked":"Flex+1","floor":38},{"not_picked":["Armaments+1","Perfected Strike+1"],"picked":"Seeing Red+1","floor":39},{"not_picked":["Feel No Pain+1","Whirlwind+1"],"picked":"Warcry+1","floor":40},{"not_picked":["Enlightenment+1","Sadistic Nature"],"picked":"Dramatic Entrance+1","floor":41},{"not_picked":["Fire Breathing","Havoc+1"],"picked":"Pommel Strike+1","floor":42},{"not_picked":["True Grit+1","Headbutt+1","Armaments+1"],"picked":"SKIP","floor":45},{"not_picked":["Entrench+1","Dropkick+1"],"picked":"Burning Pact+1","floor":47}],"player_experience":159913,"relics_obtained":[{"floor":8.0,"key":"CeramicFish"},{"floor":9.0,"key":"Toxic Egg 2"},{"floor":14.0,"key":"CaptainsWheel"},{"floor":26.0,"key":"Orichalcum"},{"floor":36,"key":"Whetstone"},{"floor":42,"key":"Red Skull"},{"floor":43,"key":"StrikeDummy"},{"floor":47,"key":"InkBottle"}],"event_choices":[{"damage_healed":0.0,"max_hp_gain":0.0,"max_hp_loss":0.0,"gold_gain":0.0,"event_name":"Liars Game","player_choice":"Ignored","floor":4.0,"gold_loss":0.0,"damage_taken":0.0},{"cards_removed":["Strike_R"],"damage_healed":0.0,"max_hp_gain":0.0,"max_hp_loss":0.0,"gold_gain":0.0,"event_name":"Bonfire Elementals","player_choice":"Offered Basic","floor":5.0,"gold_loss":0.0,"damage_taken":0.0},{"damage_healed":0.0,"max_hp_gain":0.0,"max_hp_loss":0.0,"gold_gain":0.0,"event_name":"Drug Dealer","player_choice":"Inject Mutagens","floor":20.0,"gold_loss":0.0,"damage_taken":0.0,"relics_obtained":["MutagenicStrength"]},{"damage_healed":0.0,"max_hp_gain":0.0,"max_hp_loss":0.0,"gold_gain":0.0,"event_name":"The Mausoleum","player_choice":"Opened","floor":21.0,"gold_loss":0.0,"damage_taken":0.0,"relics_obtained":["Molten Egg 2"],"cards_obtained":["Writhe"]},{"damage_healed":0,"gold_gain":0,"player_choice":"Memory 1","damage_taken":0,"max_hp_gain":0,"max_hp_loss":0,"event_name":"SensoryStone","floor":41,"gold_loss":0}],"is_beta":false,"boss_relics":[{"not_picked":["Astrolabe","Mark of Pain"],"picked":"Sozu"},{"not_picked":["Runic Dome","Cursed Key"],"picked":"Runic Pyramid"}],"items_purged_floors":[22],"is_endless":false,"potions_floor_spawned":[1,2,7,12,16,19,31,33,35,40,47],"ascension_level":0}}