{"host":"wugyjexek1po53fc","time":1614135737,"event":{"mods":["Act Like it!","BaseMod","Challenge The Spire","Colored Powertips","Downfall","Gensokyo","Good Game Mod","Infinite Spire","Lobotomy","LobotomyExtend","Minty Spire (QoL Compilation)","Quick Restart","Replay The Spire","Ruina","Spicy Shops","StSLib","SuperFastMode","The Administrix","The Animator","The Construct","The Marked","Yakumo Yukari mod"],"gold_per_floor":[116,116,134,56,74,99,112,112,112,122,157,157,176,202,202,305,305,321,331,347,359,359,359,359,359,440,440,467,485,498,512,512,610,610,624,21,0,15,15,43,43,68,91,16,16,28,48,48,48,48,48,48,48,82,82],"floor_reached":56,"language":"ZHS","playtime":4637,"items_purged":["Strike_G","Defend_G","Strike_G","Strike_G"],"score":1144,"play_id":"1903716a-00cc-4c48-9ba6-c2083f6db65b","local_time":"20210224110217","is_ascension_mode":false,"campfire_choices":[{"floor":8.0,"key":"REST"},{"data":"Infinite Blades","floor":12.0,"key":"PURGE"},{"data":"Defend_G","floor":23,"key":"PURGE"},{"data":"Strike_G","floor":25,"key":"PURGE"},{"data":"Defend_G","floor":32,"key":"PURGE"},{"floor":45,"key":"RECALL"},{"data":"Defend_G","floor":49,"key":"PURGE"},{"data":"Envenom","floor":52,"key":"PURGE"}],"circlet_count":0,"master_deck":["Strike_G","Defend_G","Survivor","Neutralize+1","Guardian:Gem_Orange","Blade Dance+1","Acrobatics","Noxious Fumes","Escape Plan","Toxin Wave","ReplayTheSpireMod:Scrap Shanks","Replay:Bag of Tricks","Hidden Blade","Blade Dance","Calculated Gamble","ReplayTheSpireMod:Scrap Shanks+1","Noxious Fumes","Prepared","Deflect+1","Calculated Gamble","Prepared+1","Calculated Gamble"],"relics":["REME:ComplimentaryCards","Fusion Hammer","LetterFromLob","Letter Opener","Peace Pipe","Basket Of Snakes","Replay:Bottled Flurry","Snecko Scales","WristBlade","ReplayTheSpireMod:Shallot","Blue Candle","Honey Jar","Frozen Eye","Replay:Baseball","Red Mask","Boot","Vajra","Replay:Bottled Steam"],"acts_visited":["Exordium","TheCity","TheBeyond","TheEnding"],"potions_floor_usage":[16,18,33,35,55,55,55,55,55,55,55,55],"damage_taken":[{"damage":0.0,"enemies":"2 Louse","floor":1.0,"turns":3.0},{"damage":0.0,"enemies":"Cultist","floor":3.0,"turns":4.0},{"damage":0.0,"enemies":"Small Slimes","floor":5.0,"turns":3.0},{"damage":22.0,"enemies":"Gremlin Nob","floor":6.0,"turns":6.0},{"damage":2.0,"enemies":"Looter","floor":7.0,"turns":3.0},{"damage":5.0,"enemies":"3 Louse","floor":10.0,"turns":3.0},{"damage":18.0,"enemies":"3 Sentries","floor":11.0,"turns":7.0},{"damage":0,"enemies":"Large Slime","floor":13,"turns":4},{"damage":0,"enemies":"Lagavulin","floor":14,"turns":5},{"damage":25,"enemies":"The Guardian","floor":16,"turns":11},{"damage":0,"enemies":"3 Byrds","floor":18,"turns":2},{"damage":0,"enemies":"2 Thieves","floor":19,"turns":2},{"damage":10,"enemies":"Shelled Parasite and Fungi","floor":20,"turns":4},{"damage":5,"enemies":"3 Cultists","floor":21,"turns":3},{"damage":0,"enemies":"Gremlin Leader","floor":28,"turns":2},{"damage":5,"enemies":"Centurion and Healer","floor":29,"turns":2},{"damage":0,"enemies":"Snecko","floor":30,"turns":2},{"damage":0,"enemies":"3 Cultists","floor":31,"turns":2},{"damage":0,"enemies":"Collector","floor":33,"turns":2},{"damage":0,"enemies":"Orb Walker","floor":35,"turns":1},{"damage":0,"enemies":"3 Darklings","floor":38,"turns":2},{"damage":0,"enemies":"Nightmare","floor":40,"turns":2},{"damage":0,"enemies":"4 Shapes","floor":46,"turns":3},{"damage":0,"enemies":"Jaw Worm Horde","floor":47,"turns":1},{"damage":11,"enemies":"Replay:Hell Engine","floor":50,"turns":3},{"damage":0,"enemies":"Shield and Spear","floor":54,"turns":1},{"damage":47,"enemies":"The Heart","floor":55,"turns":3}],"seed_played":"-3987619903848665534","potions_obtained":[{"floor":1.0,"key":"GhostInAJar"},{"floor":3.0,"key":"Fruit Juice"},{"floor":6.0,"key":"Explosive Potion"},{"floor":10.0,"key":"Energy Potion"},{"floor":13,"key":"LiquidMemories"},{"floor":20,"key":"Explosive Potion"},{"floor":21,"key":"Dexterity Potion"},{"floor":27,"key":"EntropicBrew"},{"floor":33,"key":"Reflective Coating"},{"floor":35,"key":"Reflective Coating"},{"floor":46,"key":"Dexterity Potion"},{"floor":47,"key":"Poison Potion"}],"is_trial":false,"path_per_floor":["M","?","M","$","M","E","M","R","T","M","E","R","M","E","R","B",null,"M","M","M","M","AVR","R","E","R","T","?","E","M","M","M","R","B",null,"M","$","?","M","?","NM","?","T","T","$","R","M","M","AVR","R","B",null,"R","$","E","B",null],"character_chosen":"THE_SILENT","items_purchased":["Infinite Blades","Frozen Eye","Noxious Fumes","Replay:Baseball","Adrenaline Potion","CunningPotion"],"campfire_rested":1,"item_purchase_floors":[4,36,36,36,36,44],"current_hp_per_floor":[70,70,75,75,75,53,51,73,73,68,50,50,50,50,72,47,75,75,75,65,60,60,60,60,60,60,60,60,55,55,55,55,55,75,75,75,75,75,71,71,71,71,71,71,71,71,71,71,71,60,71,71,71,71,24],"gold":82,"neow_bonus":"BOSS_RELIC","is_daily":false,"chose_seed":false,"campfire_upgraded":0,"win_rate":0.0,"timestamp":1614135737,"path_taken":["M","?","M","$","M","E","M","R","T","?","E","R","M","E","R","BOSS","M","M","M","M","AVR","R","E","R","T","?","E","M","M","?","R","BOSS","M","$","?","M","?","NM","?","?","T","$","R","M","M","AVR","R","BOSS","R","$","E","BOSS"],"items_purchased_type":["Card","Relic","Card","Relic","Potion","Potion"],"build_version":"2020-12-22","purchased_purges":4,"victory":true,"max_hp_per_floor":[70,70,75,75,75,75,75,75,75,75,75,75,75,75,75,75,75,75,75,75,75,75,75,75,75,75,75,75,75,75,75,75,75,75,75,75,75,75,71,71,71,71,71,71,71,71,71,71,71,71,71,71,71,71,71],"card_choices":[{"not_picked":["Backflip","Hidden Blade","Quick Slash"],"picked":"SKIP","floor":1.0},{"not_picked":["Outmaneuver","Poisoned Stab"],"picked":"Blade Dance","floor":3.0},{"not_picked":["Endless Agony","Poisoned Stab","Sucker Punch"],"picked":"SKIP","floor":5.0},{"not_picked":["Deflect","Eviscerate"],"picked":"Acrobatics","floor":6.0},{"not_picked":["Sucker Punch","Glass Knife"],"picked":"Noxious Fumes","floor":7.0},{"not_picked":["Underhanded Strike","Dagger Spray"],"picked":"Escape Plan","floor":10.0},{"not_picked":["Heel Hook","Outmaneuver"],"picked":"Toxin Wave","floor":11.0},{"not_picked":["ReplayTheSpireMod:Speed Training","Fluid Movement"],"picked":"ReplayTheSpireMod:Scrap Shanks","floor":13},{"not_picked":["Deflect","Dagger Spray","Heel Hook"],"picked":"SKIP","floor":14},{"not_picked":["ReplayTheSpireMod:Necrosis","ReplayTheSpireMod:From All Sides"],"picked":"Replay:Bag of Tricks","floor":16},{"not_picked":["Deflect","Heel Hook","Caltrops"],"picked":"SKIP","floor":18},{"not_picked":["Fluid Movement","Hidden Blade","Caltrops"],"picked":"SKIP","floor":19},{"not_picked":["All Out Attack","Expertise"],"picked":"Hidden Blade","floor":20},{"not_picked":["Acrobatics","Leg Sweep"],"picked":"Blade Dance","floor":21},{"not_picked":["Infinite Blades","Skewer"],"picked":"Envenom","floor":28},{"not_picked":["Eviscerate","Heel Hook+1","Deadly Poison"],"picked":"SKIP","floor":29},{"not_picked":["Prepared","Replay:Poison Smokescreen"],"picked":"Calculated Gamble","floor":30},{"not_picked":["PiercingWail","Dagger Spray","Heel Hook"],"picked":"SKIP","floor":31},{"not_picked":["Backflip","Slice+1","Bouncing Flask+1"],"picked":"ReplayTheSpireMod:Scrap Shanks+1","floor":35},{"not_picked":["Dash","Draining Mist+1","Blur"],"picked":"Prepared","floor":38},{"not_picked":["PiercingWail+1","Caltrops+1","ReplayTheSpireMod:Necrosis"],"picked":"Deflect+1","floor":40},{"not_picked":["Choke","Deflect+1","Deadly Poison+1"],"picked":"Calculated Gamble","floor":46},{"not_picked":["Slice+1","Sucker Punch+1","Deflect"],"picked":"Prepared+1","floor":47},{"not_picked":["Dodge and Roll","Prepared+1","Venomology"],"picked":"Calculated Gamble","floor":54}],"player_experience":81214,"relics_obtained":[{"floor":1.0,"key":"LetterFromLob"},{"floor":6.0,"key":"Letter Opener"},{"floor":9.0,"key":"Peace Pipe"},{"floor":11.0,"key":"Basket Of Snakes"},{"floor":14,"key":"Replay:Bottled Flurry"},{"floor":26,"key":"ReplayTheSpireMod:Shallot"},{"floor":28,"key":"Blue Candle"},{"floor":40,"key":"Boot"},{"floor":43,"key":"Vajra"},{"floor":54,"key":"Replay:Bottled Steam"}],"event_choices":[{"damage_healed":0.0,"max_hp_gain":0.0,"max_hp_loss":0.0,"gold_gain":0.0,"event_name":"Upgrade Shrine","player_choice":"Upgraded","floor":2.0,"gold_loss":0.0,"damage_taken":0.0,"cards_upgraded":["Neutralize"]},{"damage_healed":0,"gold_gain":0,"player_choice":"Got Potions","damage_taken":0,"max_hp_gain":0,"max_hp_loss":0,"event_name":"Lab","floor":27,"gold_loss":0},{"damage_healed":0,"gold_gain":0,"player_choice":"Paid","damage_taken":0,"relics_obtained":["Red Mask"],"max_hp_gain":0,"max_hp_loss":0,"event_name":"Tomb of Lord Red Mask","floor":37,"gold_loss":21},{"damage_healed":0,"gold_gain":0,"player_choice":"Max HP","damage_taken":0,"max_hp_gain":0,"max_hp_loss":4,"event_name":"Winding Halls","floor":39,"gold_loss":0}],"is_beta":false,"boss_relics":[{"not_picked":["Replay:Drink Me","Ectoplasm"],"picked":"Snecko Scales"},{"not_picked":["Snecko Eye","ReplayTheSpireMod:SealedPack"],"picked":"Honey Jar"}],"items_purged_floors":[22,36,36,48],"is_endless":false,"potions_floor_spawned":[1,3,6,10,13,14,20,21,31,33,35,46,47],"ascension_level":0}}