{"host":"w2kjv12xyhtt0cv2","time":1614176027,"event":{"mods":["10 clothes from DAL","100% Spire Juice","Act Like it!","BaseMod","Colored Map","Friendly Minions","Gensokyo","GifTheSpireLib","Highlight Path","Hubris","Library of Ruina","Minty Spire (QoL Compilation)","Quick Restart","Relic Stats","Reliquary","Replay The Spire","Ring Of Destiny","Robot Space Explorer","Shop Mod","Spicy Shops","StSLib","The Dragon Tamer","UnlockEverythingMod","Waifu the Spire","[IsaacMod]以撒尖塔","[功能]功能增强和修复MOD","【功能Mod】Neow奖励","【功能Mod】聪明的最终Boss","【遗物卡牌】REMEMod","没有小屋子和绿帽子啦"],"gold_per_floor":[114,114,131,212,162,193,205,231,231,265,277,311,323,358,358,461,461,476,488,763,763,813,854,865,893,893,919,919,952,993,85,85,180,180,200,53,53,53,53,87,87,140,140,166,28,28,39,77,77,77,77],"floor_reached":50,"language":"ZHS","playtime":2245,"items_purged":["Regret"],"score":1231,"play_id":"6f1a6507-84cd-4a0e-a08f-7611a071a458","local_time":"20210224221347","is_ascension_mode":true,"campfire_choices":[{"data":"Moonworks:ShieldCounter","floor":15.0,"key":"SMITH"},{"data":"RingOfDestiny:DoomsdayProphecy","floor":28.0,"key":"SMITH"},{"data":"RingOfDestiny:LazyCloak","floor":32.0,"key":"SMITH"},{"data":"RingOfDestiny:DevilKing","floor":41.0,"key":"SMITH"},{"floor":46.0,"key":"RECALL"},{"data":"RingOfDestiny:MaliciousBarrier+1","floor":49.0,"key":"PURGE"}],"circlet_count":0,"master_deck":["RingOfDestiny:DoomsdayStrike+1","RingOfDestiny:PowerOfGreed+1","RingOfDestiny:PowerOfEnvy+1","BettingIsNotGood+1","Moonworks:ShieldCounter+1","RingOfDestiny:MaliciousErode+1","RingOfDestiny:DoomsdayLava+1","RingOfDestiny:DevilKing+1","RingOfDestiny:SummonOfDoomsday+1","RingOfDestiny:LazyCloak+1","RingOfDestiny:VoodooDoll+1","RingOfDestiny:DoomsdayProphecy+1","RingOfDestiny:AngerSword+1","Ghostly+1","Ghostly+1","Ghostly+1","Ghostly+1","Ghostly+1","RingOfDestiny:PowerOfWrath+1","SplendidFlameSword+1","RingOfDestiny:Doomsday+1","DevaForm+1","CurseOfTheBell","Sadistic Nature+1","RingOfDestiny:Doomsday+1","RingOfDestiny:ConqueringBlade+1","RingOfDestiny:Doomsday+1","TimeTakenCity","RingOfDestiny:DevilKing+1","RingOfDestiny:PowerOfLaziness+1"],"relics":["REME_ComplimentaryCards","HushsDoor","TuHaoJin","Pandora\u0027s Box","Meat on the Bone","Blood Vial","Replay:Rubber Ducky","DeadEye","Pen Nib","reliquary:PorcupineQuills","reliquary:Boomerang","Philosopher\u0027s Stone","hubris:SphereOfDissonance","Happy Flower","CaptainsWheel","hubris:DisguiseKit","Bronze Scales","Molten Egg 2","hubris:SlimyHat","REME_CardOfGreed","hubris:EmptyBottle","reliquary:RoseTintedGlasses","Calling Bell","reliquary:RosewoodLute","reliquary:BallBearing","Replay:Kaleidoscope","JudasShadow","Mark of the Bloom","hubris:MysteriousPyramids","reliquary:SilkGlove","Shuriken","Kunai","Membership Card"],"acts_visited":["Exordium","RingOfDestiny:KnowledgeHall","TheBeyond"],"potions_floor_usage":[50,50,50],"damage_taken":[{"damage":0.0,"enemies":"Small Slimes","floor":1.0,"turns":1.0},{"damage":0.0,"enemies":"Jaw Worm","floor":3.0,"turns":2.0},{"damage":0.0,"enemies":"3 Sentries","floor":6.0,"turns":1.0},{"damage":0.0,"enemies":"2 Louse","floor":7.0,"turns":2.0},{"damage":0.0,"enemies":"Gremlin Nob","floor":8.0,"turns":3.0},{"damage":0.0,"enemies":"3 Sentries","floor":10.0,"turns":3.0},{"damage":0.0,"enemies":"2 Fungi Beasts","floor":11.0,"turns":2.0},{"damage":0.0,"enemies":"Gremlin Nob","floor":12.0,"turns":3.0},{"damage":0.0,"enemies":"Lots of Slimes","floor":13.0,"turns":1.0},{"damage":0.0,"enemies":"Lagavulin","floor":14.0,"turns":4.0},{"damage":18.0,"enemies":"Hexaghost","floor":16.0,"turns":8.0},{"damage":0.0,"enemies":"Chosen","floor":18.0,"turns":2.0},{"damage":0.0,"enemies":"Shell Parasite","floor":19.0,"turns":2.0},{"damage":0.0,"enemies":"Hiden Room Battle","floor":22.0,"turns":1.0},{"damage":0.0,"enemies":"Book of Stabbing","floor":23.0,"turns":4.0},{"damage":0.0,"enemies":"Cultist and Chosen","floor":24.0,"turns":5.0},{"damage":0.0,"enemies":"Slavers","floor":25.0,"turns":2.0},{"damage":0.0,"enemies":"Book of Stabbing","floor":27.0,"turns":3.0},{"damage":0.0,"enemies":"Snake Plant","floor":29.0,"turns":2.0},{"damage":0.0,"enemies":"Gremlin Leader","floor":30.0,"turns":4.0},{"damage":0.0,"enemies":"Champ","floor":33.0,"turns":2.0},{"damage":0.0,"enemies":"3 Shapes","floor":35.0,"turns":3.0},{"damage":0.0,"enemies":"R_Hoarder","floor":40.0,"turns":2.0},{"damage":0.0,"enemies":"Nemesis","floor":42.0,"turns":3.0},{"damage":1.0,"enemies":"R_Hoarder","floor":44.0,"turns":3.0},{"damage":0.0,"enemies":"Orb Walker","floor":47.0,"turns":2.0},{"damage":0.0,"enemies":"Jaw Worm Horde","floor":48.0,"turns":1.0},{"damage":22,"enemies":"Time Eater","floor":50,"turns":4}],"seed_played":"2898034415381875475","potions_obtained":[{"floor":6.0,"key":"Reflective Coating"},{"floor":8.0,"key":"Strength Potion"},{"floor":8.0,"key":"Dexterity Potion"},{"floor":10.0,"key":"AttackPotion"},{"floor":12.0,"key":"ColorlessPotion"},{"floor":13.0,"key":"Adrenaline Potion"},{"floor":16.0,"key":"BlessingOfTheForge"},{"floor":18.0,"key":"Explosive Potion"},{"floor":23.0,"key":"Energy Potion"},{"floor":30.0,"key":"DuplicationPotion"}],"is_trial":false,"path_per_floor":["M","?","M","T","?","E","M","E","T","E","M","E","M","E","R","B",null,"M","M","?","?","?","E","M","E","T","E","R","M","E","$","R","B",null,"M","$","?","?","?","E","R","E","T","E","$","R","M","M","R_BF","B"],"character_chosen":"Summoner","items_purchased":["SplendidFlameSword+1","hubris:SlimyHat","REME_CardOfGreed","RingOfDestiny:Doomsday+1","FairyPotion","hubris:EmptyBottle","reliquary:RoseTintedGlasses","JudasShadow","Sadistic Nature","RingOfDestiny:Doomsday+1","RingOfDestiny:ConqueringBlade+1","TimeTakenCity","Membership Card"],"campfire_rested":0,"item_purchase_floors":[31,31,31,31,31,31,31,34,34,34,34,36,45],"current_hp_per_floor":[88,88,88,88,88,88,88,88,88,88,88,88,88,88,88,72,88,88,88,88,44,44,44,44,44,44,44,44,44,44,44,44,44,20,20,20,20,20,20,20,20,20,20,19,19,19,19,19,19,0,0],"gold":77,"neow_bonus":"BOSS_RELIC","is_daily":false,"chose_seed":false,"campfire_upgraded":4,"win_rate":0.0,"timestamp":1614176027,"path_taken":["M","?","M","?","?","E","M","E","T","E","M","E","M","E","R","BOSS","M","?","?","?","?","E","?","E","T","E","R","M","E","$","R","BOSS","M","?","?","?","?","E","R","E","T","E","$","R","M","M","R_BF","BOSS"],"items_purchased_type":["Card","Relic","Relic","Card","Potion","Relic","Relic","Relic","Card","Card","Card","Card","Relic"],"build_version":"2020-12-22","purchased_purges":1,"victory":false,"max_hp_per_floor":[88,88,88,88,88,88,88,88,88,88,88,88,88,88,88,88,88,88,88,88,44,44,44,44,44,44,44,44,44,44,44,44,44,20,20,20,20,20,20,20,20,20,20,20,20,20,20,20,20,20,20],"relic_stats":{"Blood Vial":0,"Mark of the Bloom":63,"Happy Flower":[13],"counters":[28,75],"Shuriken":[6],"Bronze Scales":[70],"Pandora\u0027s Box":["RingOfDestiny:MaliciousFang","RingOfDestiny:MaliciousErode","RingOfDestiny:DoomsdayLava","RingOfDestiny:SoulAccumulation","RingOfDestiny:DevilKing","RingOfDestiny:SummonOfDoomsday"],"Pen Nib":[13],"Kunai":[5],"obtain_stats":[{"Mark of the Bloom":37,"reliquary:Boomerang":14,"reliquary:SilkGlove":42,"hubris:SlimyHat":31,"DeadEye":9,"hubris:EmptyBottle":31,"hubris:MysteriousPyramids":40,"Replay:Rubber Ducky":8,"Blood Vial":6,"Philosopher\u0027s Stone":17,"TuHaoJin":0,"reliquary:RoseTintedGlasses":31,"Kunai":44,"KeepersGift":0,"hubris:DisguiseKit":25,"Happy Flower":22,"JudasShadow":34,"hubris:SphereOfDissonance":22,"Pen Nib":10,"Replay:Kaleidoscope":34,"reliquary:RosewoodLute":34,"RingOfDestiny:DemonicContract":0,"Calling Bell":34,"CaptainsWheel":23,"reliquary:PorcupineQuills":12,"Shuriken":43,"Bronze Scales":27,"Pandora\u0027s Box":0,"Molten Egg 2":30,"reliquary:BallBearing":34,"REME_CardOfGreed":31,"Membership Card":45,"HushsDoor":0,"REME_ComplimentaryCards":0,"Meat on the Bone":4},{"Mark of the Bloom":22,"reliquary:Boomerang":10,"reliquary:SilkGlove":24,"hubris:SlimyHat":20,"DeadEye":5,"hubris:EmptyBottle":20,"hubris:MysteriousPyramids":23,"Replay:Rubber Ducky":5,"Blood Vial":3,"Philosopher\u0027s Stone":11,"TuHaoJin":0,"reliquary:RoseTintedGlasses":20,"Kunai":25,"KeepersGift":0,"hubris:DisguiseKit":17,"Happy Flower":14,"JudasShadow":21,"hubris:SphereOfDissonance":14,"Pen Nib":6,"Replay:Kaleidoscope":21,"reliquary:RosewoodLute":21,"RingOfDestiny:DemonicContract":0,"Calling Bell":21,"CaptainsWheel":15,"reliquary:PorcupineQuills":8,"Shuriken":24,"Bronze Scales":18,"Pandora\u0027s Box":0,"Molten Egg 2":20,"reliquary:BallBearing":21,"REME_CardOfGreed":20,"Membership Card":25,"HushsDoor":0,"REME_ComplimentaryCards":0,"Meat on the Bone":2},{"Mark of the Bloom":60,"reliquary:Boomerang":22,"reliquary:SilkGlove":65,"hubris:SlimyHat":55,"DeadEye":9,"hubris:EmptyBottle":55,"hubris:MysteriousPyramids":62,"Replay:Rubber Ducky":9,"Blood Vial":4,"Philosopher\u0027s Stone":30,"TuHaoJin":0,"reliquary:RoseTintedGlasses":55,"Kunai":68,"KeepersGift":0,"hubris:DisguiseKit":46,"Happy Flower":35,"JudasShadow":57,"hubris:SphereOfDissonance":35,"Pen Nib":12,"Replay:Kaleidoscope":57,"reliquary:RosewoodLute":57,"RingOfDestiny:DemonicContract":0,"Calling Bell":57,"CaptainsWheel":39,"reliquary:PorcupineQuills":17,"Shuriken":65,"Bronze Scales":49,"Pandora\u0027s Box":0,"Molten Egg 2":55,"reliquary:BallBearing":57,"REME_CardOfGreed":55,"Membership Card":68,"HushsDoor":0,"REME_ComplimentaryCards":0,"Meat on the Bone":3}],"Meat on the Bone":0},"card_choices":[{"not_picked":[],"picked":"BettingIsNotGood","floor":0.0},{"not_picked":["RingOfDestiny:PowerOfGreed","RingOfDestiny:PowerOfArrogance"],"picked":"RingOfDestiny:LazyCloak","floor":1.0},{"not_picked":["RingOfDestiny:EndlessDesire","RingOfDestiny:TortureBlade"],"picked":"Bomb","floor":3.0},{"not_picked":["RingOfDestiny:Demonic","RingOfDestiny:RingOfGreed","RingOfDestiny:SarcasticSword"],"picked":"SKIP","floor":6.0},{"not_picked":["RingOfDestiny:ManaEnhance","RingOfDestiny:Doomsday"],"picked":"Bomb","floor":7.0},{"not_picked":["RingOfDestiny:MaliciousFang","RingOfDestiny:MaliciousRelease"],"picked":"RingOfDestiny:VoodooDoll","floor":8.0},{"not_picked":["RingOfDestiny:MaliciousRelease","RingOfDestiny:MaskOfSuffering","RingOfDestiny:CostOfSoul"],"picked":"SKIP","floor":10.0},{"not_picked":["RingOfDestiny:SoulDiversion","RingOfDestiny:TortureBlade"],"picked":"Bomb","floor":11.0},{"not_picked":["RingOfDestiny:MaliciousFang","RingOfDestiny:CupOfDesire"],"picked":"Bomb","floor":12.0},{"not_picked":["RingOfDestiny:Demonic","RingOfDestiny:SarcasticSword","RingOfDestiny:DoomsdayProtection"],"picked":"SKIP","floor":13.0},{"not_picked":["RingOfDestiny:EndlessDesire","RingOfDestiny:TemptingFruits","RingOfDestiny:EnvyNecklace"],"picked":"SKIP","floor":14.0},{"not_picked":["RingOfDestiny:DevilKing","RingOfDestiny:DoomsdayRitual"],"picked":"RingOfDestiny:DoomsdayProphecy","floor":16.0},{"not_picked":["RingOfDestiny:DoomsdayStrike","RingOfDestiny:FeastOfDoomsday"],"picked":"RingOfDestiny:AngerSword+1","floor":18.0},{"not_picked":["RingOfDestiny:SoulDiversion","RingOfDestiny:DoomsdayStrike","RingOfDestiny:PowerOfGreed"],"picked":"SKIP","floor":19.0},{"not_picked":["RingOfDestiny:Demonic+1","RingOfDestiny:MaliciousBarrier"],"picked":"RingOfDestiny:PowerOfWrath","floor":23.0},{"not_picked":["RingOfDestiny:MaliciousConversion","RingOfDestiny:MaskOfSuffering","RingOfDestiny:MaliciousSword"],"picked":"SKIP","floor":24.0},{"not_picked":["RingOfDestiny:MaliciousConversion","RingOfDestiny:DoomsdayEcho","RingOfDestiny:HegemonyOfDevil"],"picked":"SKIP","floor":25.0},{"not_picked":["RingOfDestiny:SoulAccumulation","RingOfDestiny:SarcasticSword","RingOfDestiny:CupOfDesire","REME_WorshipGod"],"picked":"SKIP","floor":27.0},{"not_picked":["RingOfDestiny:PowerOfGreed+1","RingOfDestiny:MaliciousBarrier","RingOfDestiny:DoomsdayProtection","FlyingSleeves"],"picked":"SKIP","floor":29.0},{"not_picked":["RingOfDestiny:DemonSkin","RingOfDestiny:EnvyNecklace","RingOfDestiny:RingOfGreed+1","Replay:Vibes"],"picked":"SKIP","floor":30.0},{"not_picked":["RingOfDestiny:SummonOfDoomsday","RingOfDestiny:DevilKing","RingOfDestiny:HegemonyOfDevil"],"picked":"DevaForm","floor":33.0},{"not_picked":["RingOfDestiny:SoulDiversion","RingOfDestiny:MaskOfSuffering","Swivel"],"picked":"RingOfDestiny:Doomsday+1","floor":35.0},{"not_picked":["RingOfDestiny:MaliciousErode+1","RingOfDestiny:MaliciousLeakage+1","SignatureMove"],"picked":"RingOfDestiny:PowerOfLaziness+1","floor":40.0},{"not_picked":["RingOfDestiny:MaliciousErode+1","RingOfDestiny:DemonSkin+1","RingOfDestiny:SoulAccumulation","Evaluate"],"picked":"SKIP","floor":42.0},{"not_picked":["RingOfDestiny:TemptingFruits","RingOfDestiny:SoulDiversion+1","RingOfDestiny:MaliciousFang+1","Consecrate"],"picked":"SKIP","floor":44.0},{"not_picked":["RingOfDestiny:SongOfDoomsday","RingOfDestiny:MaliciousBlade+1","RingOfDestiny:AngerSword","CutThroughFate"],"picked":"SKIP","floor":47.0},{"not_picked":["RingOfDestiny:MaliciousBarrier+1","RingOfDestiny:RingOfGreed+1","RingOfDestiny:TemptingFruits+1","FlurryOfBlows"],"picked":"SKIP","floor":48.0}],"player_experience":44760,"relics_obtained":[{"floor":4.0,"key":"Meat on the Bone"},{"floor":6.0,"key":"Blood Vial"},{"floor":8.0,"key":"Replay:Rubber Ducky"},{"floor":9.0,"key":"DeadEye"},{"floor":10.0,"key":"Pen Nib"},{"floor":12.0,"key":"reliquary:PorcupineQuills"},{"floor":14.0,"key":"reliquary:Boomerang"},{"floor":22.0,"key":"hubris:SphereOfDissonance"},{"floor":22.0,"key":"Happy Flower"},{"floor":23.0,"key":"CaptainsWheel"},{"floor":25.0,"key":"hubris:DisguiseKit"},{"floor":27.0,"key":"Bronze Scales"},{"floor":30.0,"key":"Molten Egg 2"},{"floor":34.0,"key":"reliquary:RosewoodLute"},{"floor":34.0,"key":"reliquary:BallBearing"},{"floor":34.0,"key":"Replay:Kaleidoscope"},{"floor":40.0,"key":"hubris:MysteriousPyramids"},{"floor":42.0,"key":"reliquary:SilkGlove"},{"floor":43.0,"key":"Shuriken"},{"floor":44.0,"key":"Kunai"}],"event_choices":[{"damage_healed":0.0,"max_hp_gain":0.0,"max_hp_loss":0.0,"gold_gain":0.0,"cards_transformed":["RingOfDestiny:SoulAccumulation"],"event_name":"Living Wall","player_choice":"Change","floor":2.0,"gold_loss":0.0,"damage_taken":0.0,"cards_obtained":["RingOfDestiny:DoomsdayBlade"]},{"cards_removed":["RingOfDestiny:MaliciousFang"],"damage_healed":0.0,"max_hp_gain":0.0,"max_hp_loss":0.0,"gold_gain":0.0,"event_name":"The Cleric","player_choice":"Card Removal","floor":5.0,"gold_loss":50.0,"damage_taken":0.0},{"damage_healed":0.0,"max_hp_gain":0.0,"max_hp_loss":0.0,"gold_gain":275.0,"event_name":"Golden Shrine","player_choice":"Desecrate","floor":20.0,"gold_loss":0.0,"damage_taken":0.0,"cards_obtained":["Regret"]},{"damage_healed":0.0,"max_hp_gain":0.0,"max_hp_loss":44.0,"gold_gain":0.0,"event_name":"Ghosts","player_choice":"Became a Ghost","floor":21.0,"gold_loss":0.0,"damage_taken":0.0,"cards_obtained":["Ghostly","Ghostly","Ghostly","Ghostly","Ghostly"]},{"damage_healed":0.0,"max_hp_gain":0.0,"max_hp_loss":0.0,"gold_gain":0.0,"event_name":"HidenRoomEvent","player_choice":"Fight","floor":22.0,"gold_loss":0.0,"damage_taken":0.0},{"damage_healed":0.0,"max_hp_gain":0.0,"max_hp_loss":0.0,"gold_gain":0.0,"event_name":"MindBloom","player_choice":"Upgrade","floor":37.0,"gold_loss":0.0,"damage_taken":0.0,"cards_upgraded":["RingOfDestiny:MaliciousBarrier","RingOfDestiny:DoomsdayStrike","RingOfDestiny:PowerOfGreed","RingOfDestiny:PowerOfEnvy","BettingIsNotGood","RingOfDestiny:MaliciousErode","RingOfDestiny:DoomsdayLava","RingOfDestiny:DevilKing","RingOfDestiny:SummonOfDoomsday","RingOfDestiny:DoomsdayBlade","RingOfDestiny:VoodooDoll","Ghostly","Ghostly","Ghostly","Ghostly","Ghostly","RingOfDestiny:PowerOfWrath","DevaForm","Sadistic Nature","TimeTakenCity"],"relics_obtained":["Mark of the Bloom"]},{"damage_healed":0.0,"max_hp_gain":0.0,"max_hp_loss":0.0,"gold_gain":0.0,"event_name":"Match and Keep!","player_choice":"1 cards matched","floor":38.0,"gold_loss":0.0,"damage_taken":0.0,"cards_obtained":["Bomb"]},{"damage_healed":0.0,"max_hp_gain":0.0,"max_hp_loss":0.0,"gold_gain":0.0,"cards_transformed":["RingOfDestiny:DoomsdayBlade"],"event_name":"Transmorgrifier","player_choice":"Transformed","floor":39.0,"gold_loss":0.0,"damage_taken":0.0,"cards_obtained":["RingOfDestiny:DevilKing"]}],"is_beta":false,"boss_relics":[{"not_picked":["hubris:GrandSneckoEye","hubris:TerracottaHorce"],"picked":"Philosopher\u0027s Stone"},{"not_picked":[]},{"not_picked":["Velvet Choker","Snecko Heart"],"picked":"Calling Bell"},{"not_picked":[]}],"items_purged_floors":[31],"is_endless":false,"potions_floor_spawned":[6,8,8,10,11,12,13,16,18,18,23,25,27,30,33,42,47,48],"killed_by":"Time Eater","ascension_level":3}}