{"host":"id23shmscryl4psl","time":1614160720,"event":{"mods":["BaseMod","Better Altar","Better Match","Better Note","Better Sensory Stone","Better Skull","Better Third Choice","Colored Map","Colored Powertips","Dark Map","Downfall","FTL Soundtrack","Minty Spire (QoL Compilation)","Rare Cards Sparkle","Relic Stats","Robot Space Explorer","StSLib"],"gold_per_floor":[99,114,131,144,161,161,161,0,100,0,100,100,110,123,135,233,233,233,67,67,78,92,102,102,102,102,102],"floor_reached":25,"language":"ENG","playtime":1225,"items_purged":[],"score":220,"play_id":"9fe52d6d-4c5e-4dff-b4b2-952159df1b3c","local_time":"20210224025840","is_ascension_mode":false,"campfire_choices":[{"data":"Slimebound:Split","floor":1,"key":"SMITH"},{"data":"Slimebound:CorrosiveSpit","floor":6,"key":"SMITH"},{"data":"Slimebound:SlimeBarrage","floor":10,"key":"SMITH"},{"data":"Slimebound:SplitAcid","floor":12,"key":"SMITH"},{"data":"Slimebound:SelfFormingGoo","floor":18,"key":"SMITH"}],"circlet_count":0,"master_deck":["Slimebound:Strike_Slimebound","Slimebound:Strike_Slimebound","Slimebound:Strike_Slimebound","Slimebound:Tackle","Slimebound:Defend_Slimebound","Slimebound:Defend_Slimebound","Slimebound:Defend_Slimebound","Slimebound:Defend_Slimebound","Slimebound:Split+1","Slimebound:CorrosiveSpit+1","Slimebound:ComboTackle","Slimebound:GoopTackle","Slimebound:FlameTackle","Slimebound:SplitAcid+1","Slimebound:SlimeBarrage+1","Slimebound:SplitLeeching","Slimebound:SamplingLick","Slimebound:SplitMire","Slimebound:SelfFormingGoo+1","Slimebound:SplitBruiser","Slimebound:SplitMire+1","Slimebound:SplitAcid","Slimebound:SlimeSpikes+1"],"relics":["Slimebound:AbsorbEndCombatUpgraded","Bronze Scales","downfall:HeartBlessingBlue","OrangePellets","Pantograph"],"acts_visited":["Exordium","TheCity"],"potions_floor_usage":[14,16,19],"damage_taken":[{"damage":3,"enemies":"Cultist","floor":2,"turns":4},{"damage":7,"enemies":"Jaw Worm","floor":3,"turns":4},{"damage":8,"enemies":"2 Louse","floor":4,"turns":2},{"damage":19,"enemies":"Gremlin Gang","floor":5,"turns":5},{"damage":17,"enemies":"downfall:FleeingMerchant","floor":8,"turns":4},{"damage":6,"enemies":"2 Fungi Beasts","floor":13,"turns":3},{"damage":2,"enemies":"Exordium Wildlife","floor":14,"turns":2},{"damage":0,"enemies":"Large Slime","floor":15,"turns":4},{"damage":37,"enemies":"DF_ARCHETYPE_STREAMLINE","floor":16,"turns":8},{"damage":7,"enemies":"downfall:FleeingMerchant","floor":19,"turns":4},{"damage":20,"enemies":"downfall:LooterAlt2","floor":21,"turns":4},{"damage":10,"enemies":"Chosen","floor":22,"turns":4},{"damage":51,"enemies":"Shelled Parasite and Fungi","floor":23,"turns":5},{"damage":24,"enemies":"Centurion and Healer","floor":25,"turns":2}],"seed_played":"2764824065339644997","potions_obtained":[{"floor":3,"key":"SkillPotion"},{"floor":5,"key":"Strength Potion"},{"floor":13,"key":"BlessingOfTheForge"},{"floor":16,"key":"Guardian:BlockOnCardUsePotion"},{"floor":21,"key":"Slimebound:SlimyTonguePotion"}],"is_trial":false,"path_per_floor":["R","M","M","M","M","R","T","$","?","R","?","R","M","M","M","B",null,"R","$","?","M","M","M","T","M"],"character_chosen":"SLIMEBOUND","items_purchased":["Bronze Scales","OrangePellets"],"campfire_rested":0,"item_purchase_floors":[8,19],"current_hp_per_floor":[71,71,67,59,46,46,46,35,35,45,45,45,43,43,45,14,81,81,81,81,67,66,24,24,0,0,0],"gold":102,"neow_bonus":"TEN_PERCENT_HP_BONUS","is_daily":false,"chose_seed":false,"campfire_upgraded":5,"win_rate":0.0,"timestamp":1614160720,"path_taken":["R","M","M","M","?","R","T","?","?","R","?","R","M","?","M","BOSS","R","$","?","M","M","M","T","M"],"items_purchased_type":["Relic","Relic"],"build_version":"2020-12-22","purchased_purges":0,"victory":false,"max_hp_per_floor":[71,71,71,71,71,71,71,71,71,81,81,81,81,81,81,81,81,81,81,81,81,81,81,81,81,81,81],"relic_stats":{"OrangePellets":[1],"counters":[14,55],"Bronze Scales":[68],"Pantograph":0,"obtain_stats":[{"OrangePellets":19,"downfall:HeartBlessingBlue":10,"Bronze Scales":8,"Pantograph":24,"Slimebound:AbsorbEndCombat":0,"Slimebound:AbsorbEndCombatUpgraded":17},{"OrangePellets":10,"downfall:HeartBlessingBlue":5,"Bronze Scales":5,"Pantograph":13,"Slimebound:AbsorbEndCombat":0,"Slimebound:AbsorbEndCombatUpgraded":9},{"OrangePellets":40,"downfall:HeartBlessingBlue":19,"Bronze Scales":19,"Pantograph":53,"Slimebound:AbsorbEndCombat":0,"Slimebound:AbsorbEndCombatUpgraded":36}]},"card_choices":[{"not_picked":["Slimebound:HauntingLick","Slimebound:LivingWall"],"picked":"Slimebound:ComboTackle","floor":2},{"not_picked":["Slimebound:PrepareCrush","Slimebound:SamplingLick"],"picked":"Slimebound:GoopTackle","floor":3},{"not_picked":["Slimebound:FinishingTackle","Slimebound:GoopTackle"],"picked":"Slimebound:FlameTackle","floor":4},{"not_picked":["Slimebound:LeechEnergy","Slimebound:LeechLife"],"picked":"Slimebound:SplitAcid","floor":5},{"not_picked":["Slimebound:Schlurp","Slimebound:Prepare"],"picked":"Slimebound:SlimeBarrage","floor":8},{"not_picked":["Slimebound:SamplingLick","Slimebound:ItLooksTasty"],"picked":"Slimebound:SplitLeeching","floor":13},{"not_picked":["Slimebound:AcidTongue","Slimebound:ItLooksTasty"],"picked":"Slimebound:SamplingLick","floor":14},{"not_picked":["Slimebound:LeadByExample","Slimebound:SlimeBrawl"],"picked":"Slimebound:SplitMire","floor":15},{"not_picked":["Slimebound:RallyTheTroops","Slimebound:DuplicatedForm"],"picked":"Slimebound:SelfFormingGoo","floor":16},{"not_picked":["Slimebound:GoopTackle","Slimebound:RollThrough"],"picked":"Slimebound:SplitBruiser","floor":19},{"not_picked":["Slimebound:SplitLeeching","Slimebound:SplitBruiser"],"picked":"Slimebound:SplitMire+1","floor":21},{"not_picked":["Slimebound:SelfFormingGoo","Slimebound:ItLooksTasty"],"picked":"Slimebound:SplitAcid","floor":22},{"not_picked":["Slimebound:GoopSpray","Slimebound:SplitLeeching"],"picked":"Slimebound:SlimeSpikes+1","floor":23}],"player_experience":86265,"relics_obtained":[{"floor":24,"key":"Pantograph"}],"event_choices":[{"damage_healed":0,"gold_gain":0,"player_choice":"Ignored","damage_taken":0,"max_hp_gain":0,"max_hp_loss":0,"event_name":"betterNote:BetterNote","floor":20,"gold_loss":0,"cards_obtained":["Strike_G"]}],"is_beta":false,"boss_relics":[{"not_picked":["Snecko Eye","Astrolabe"],"picked":"Slimebound:AbsorbEndCombatUpgraded"}],"items_purged_floors":[],"is_endless":false,"potions_floor_spawned":[3,5,13,16,21],"killed_by":"Centurion and Healer","ascension_level":0}}