{"host":"ekyl8r8j8fco3zlk","time":1614202458,"event":{"mods":["ATMod(ªü½@Mod)","Act Like it!","Arknights","BaseMod","CapriCore","Dota2Spire","Friendly Minions","Gensokyo","GifTheSpireLib","Library of Ruina","Marisa¡]Ãú«B¡@Å]²z¨F¡^","Minty Spire (QoL Compilation)","Reimu¡]³Õ???¡^","StSLib","The Alterego","The Animator","The Immortal","TheWitcher","Waifu the Spire","WarShipGirlsR/??¤Ö¤kR mod","Yakumo Yukari mod"],"gold_per_floor":[212,225,241,253,270,304,304,323,323,498,194,269,281,309,309,410,410,422,521,521,521,539,570,570,586,586,339,368,380,390,404,404,501,501,511,522,546,557,557,591,591,623,646,646,661,320,331,350,350,350,350,350,44,72,72],"floor_reached":56,"language":"ZHS","playtime":2423,"items_purged":["Doubt","LightDefense","Dodge"],"score":1538,"play_id":"1c1ac62b-b369-4103-8833-358c029fc0e2","local_time":"20210225053418","is_ascension_mode":false,"campfire_choices":[{"data":"EndlessBattle","floor":7.0,"key":"SMITH"},{"data":"ChargeUp","floor":15.0,"key":"SMITH"},{"data":"ToOvercomeCrisis","floor":32.0,"key":"SMITH"},{"data":"FlashingStrike","floor":41.0,"key":"SMITH"},{"data":"Observe","floor":44.0,"key":"SMITH"},{"floor":49.0,"key":"RECALL"},{"data":"UnforgettableMelody","floor":52,"key":"SMITH"}],"circlet_count":0,"master_deck":["LightAttack","LightAttack","LightAttack","LightDefense","LightDefense","LightDefense","ChargeAndCover","FocusedStrikes","BindingArms","MirageStorm","YoureAHindrance","EndlessBattle+1","Track","Outburst","FlashingStrike+1","ElectricShock","ChargeUp+1","Observe+1","Execute_lor+1","SummaryJudgment+1","UnforgettableMelody+1","BackAttack+1","SuppressingShot+1","Overpower","ToOvercomeCrisis+1","WillOfThePrescript+1","Zzzzzap+1","Slice_lor+1","GoinFirst","LawAndOrder+1"],"relics":["PageOfLibrarian","AT_ATBox","Regal Pillow","Dota2Spire:ShadowBlade","Tiny Chest","Dota2Spire:DivineRapier","Dota2Spire:Bloodstone","Dota2Spire:MagicBottle","Dota2Spire:AghanimScepter","Pen Nib","Mummified Hand","AT_SpeedBoots","Omamori","Dota2Spire:EchoSabre","Dota2Spire:ArcaneBoots","Membership Card","PageOfTheQueenOfHatred","ClockworkSouvenir","Lantern","Dota2Spire:MonkeyKingBar","PageOfTheKnightOfDespair"],"acts_visited":["Exordium","TheCity","TheBeyond","TheEnding"],"potions_floor_usage":[50,55,55],"damage_taken":[{"damage":0.0,"enemies":"2 Louse","floor":1.0,"turns":3.0},{"damage":0.0,"enemies":"Small Slimes","floor":2.0,"turns":3.0},{"damage":0.0,"enemies":"Cultist","floor":3.0,"turns":5.0},{"damage":2.0,"enemies":"Blue Slaver","floor":4.0,"turns":5.0},{"damage":4.0,"enemies":"2 Fungi Beasts","floor":5.0,"turns":3.0},{"damage":40.0,"enemies":"3 Sentries","floor":6.0,"turns":10.0},{"damage":1.0,"enemies":"Looter","floor":8.0,"turns":3.0},{"damage":0.0,"enemies":"Red Slaver","floor":13.0,"turns":3.0},{"damage":0.0,"enemies":"Gremlin Nob","floor":14.0,"turns":3.0},{"damage":0.0,"enemies":"Hexaghost","floor":16.0,"turns":7.0},{"damage":3.0,"enemies":"Chosen","floor":18.0,"turns":3.0},{"damage":8.0,"enemies":"2 Thieves","floor":22.0,"turns":2.0},{"damage":40.0,"enemies":"Slavers","floor":23.0,"turns":5.0},{"damage":1.0,"enemies":"Snake Plant","floor":25.0,"turns":3.0},{"damage":31.0,"enemies":"Gremlin Leader","floor":28.0,"turns":3.0},{"damage":0.0,"enemies":"Snecko","floor":29.0,"turns":2.0},{"damage":3.0,"enemies":"Cultist and Chosen","floor":30.0,"turns":3.0},{"damage":23.0,"enemies":"Snake Plant","floor":31.0,"turns":2.0},{"damage":9.0,"enemies":"Collector","floor":33.0,"turns":4.0},{"damage":0.0,"enemies":"Orb Walker","floor":35.0,"turns":1.0},{"damage":0.0,"enemies":"3 Darklings","floor":36.0,"turns":2.0},{"damage":37.0,"enemies":"4 Shapes","floor":38.0,"turns":3.0},{"damage":18.0,"enemies":"Giant Head","floor":40.0,"turns":2.0},{"damage":0.0,"enemies":"Reptomancer","floor":42.0,"turns":2.0},{"damage":0.0,"enemies":"Transient","floor":45.0,"turns":4.0},{"damage":0.0,"enemies":"3 Darklings","floor":47.0,"turns":1.0},{"damage":0.0,"enemies":"Spire Growth","floor":48.0,"turns":2.0},{"damage":34,"enemies":"Awakened One","floor":50,"turns":5},{"damage":0,"enemies":"Shield and Spear","floor":54,"turns":2},{"damage":32,"enemies":"The Heart","floor":55,"turns":4}],"seed_played":"6169368565415862083","potions_obtained":[{"floor":1.0,"key":"SmokeBomb"},{"floor":3.0,"key":"AttackPotion"},{"floor":4.0,"key":"DuplicationPotion"},{"floor":13.0,"key":"Dexterity Potion"},{"floor":14.0,"key":"Block Potion"},{"floor":16.0,"key":"Strength Potion"},{"floor":23.0,"key":"Regen Potion"},{"floor":28.0,"key":"AttackPotion"},{"floor":29.0,"key":"Dexterity Potion"},{"floor":31.0,"key":"Energy Potion"},{"floor":35.0,"key":"LiquidBronze"},{"floor":47.0,"key":"Dota2Spire:HealingSalve"}],"is_trial":false,"path_per_floor":["M","M","M","M","M","E","R","M","T","?","$","?","M","E","R","B",null,"M","?","T","?","M","E","?","M","T","$","E","M","M","M","R","B",null,"M","M","T","M","?","E","R","E","T","R","M","$","M","M","R","B",null,"R","$","E","B",null],"character_chosen":"Librarian","items_purchased":["FlashingStrike","Tiny Chest","Pen Nib","Membership Card","PageOfTheQueenOfHatred","ClockworkSouvenir","Lantern","Dota2Spire:MonkeyKingBar","Energy Potion"],"campfire_rested":0,"item_purchase_floors":[11,11,27,46,46,53,53,53,53],"current_hp_per_floor":[60,60,60,58,54,44,44,49,49,49,49,42,47,55,55,74,76,76,76,76,70,70,44,44,56,56,56,40,48,54,39,39,30,82,82,82,82,45,45,28,28,55,55,55,55,55,55,55,55,28,82,82,82,82,57],"gold":72,"neow_bonus":"HUNDRED_GOLD","is_daily":false,"chose_seed":false,"campfire_upgraded":6,"win_rate":0.0,"timestamp":1614202458,"path_taken":["M","M","M","M","M","E","R","M","T","?","$","?","?","E","R","BOSS","M","?","?","?","?","E","?","M","T","$","E","M","M","M","R","BOSS","M","M","?","M","?","E","R","E","T","R","M","$","?","M","R","BOSS","R","$","E","BOSS"],"items_purchased_type":["Card","Relic","Relic","Relic","Relic","Relic","Relic","Relic","Potion"],"build_version":"2020-12-22","purchased_purges":3,"victory":true,"max_hp_per_floor":[63,63,81,81,76,76,76,76,76,76,76,76,76,76,76,76,76,76,76,76,76,76,76,76,76,76,76,76,76,76,82,82,82,82,82,82,82,82,82,82,82,82,82,82,82,82,82,82,82,82,82,82,82,82,82],"card_choices":[{"not_picked":["BackAttack","Outburst","FlashOfSunup"],"picked":"BindingArms","floor":1.0},{"not_picked":["ClassAndRespect","BackAttack","SerpentSwordTechnique"],"picked":"MirageStorm","floor":2.0},{"not_picked":["BayonetCombat","GuidanceOfTheGears","Standoff"],"picked":"YoureAHindrance","floor":3.0},{"not_picked":["HandleRequest","GreatSerpentsImpact","SunsetBlade"],"picked":"EndlessBattle","floor":4.0},{"not_picked":["Bvapour","FocusFire","WillOfThePrescript"],"picked":"Track","floor":5.0},{"not_picked":["StructuralAnalysis","UndertakePrescript","ExtremeEdge","WaitUp"],"picked":"SKIP","floor":6.0},{"not_picked":["Rampage_lor","FierceCharge","SerpentSwordTechnique"],"picked":"Outburst","floor":8.0},{"not_picked":["Outburst","GreatSerpentsImpact","BindingArms"],"picked":"ElectricShock","floor":13.0},{"not_picked":["DesperateStruggle","Duel_lor","ForTheFamily"],"picked":"ChargeUp","floor":14.0},{"not_picked":["BoundaryOfDeath","CrackOfDawn"],"picked":"Observe","floor":16.0},{"not_picked":["Zzzzzap","Reload","FierceCharge"],"picked":"Execute_lor+1","floor":18.0},{"not_picked":["FlashingStrike","Diversion","EndlessBattle+1"],"picked":"SummaryJudgment+1","floor":22.0},{"not_picked":["VioletBlade","HandleRequest","StrikeDown"],"picked":"UnforgettableMelody","floor":23.0},{"not_picked":["SerpentSwordTechnique+1","WillOfThePrescript","YoureAHindrance","GreatSerpentsImpact"],"picked":"SKIP","floor":25.0},{"not_picked":["ShrineToMusic","StructuralAnalysis+1","Track+1"],"picked":"BackAttack+1","floor":28.0},{"not_picked":["VioletBlade","StrikeDown","Parry2"],"picked":"SuppressingShot+1","floor":29.0},{"not_picked":["StructuralAnalysis","SuppressingShot","FocusFire"],"picked":"Overpower","floor":30.0},{"not_picked":["Diversion+1","HandleRequest","ClassAndRespect"],"picked":"ToOvercomeCrisis","floor":31.0},{"not_picked":["BackAttack+1","YoureAHindrance","ToWhereThePrescriptPoints+1"],"picked":"WillOfThePrescript+1","floor":35.0},{"not_picked":["GuardingStance+1","ClassAndRespect","Parry2","SunsetBlade"],"picked":"SKIP","floor":36.0},{"not_picked":["Mutilate+1","SunsetBlade","SenseQuarry"],"picked":"Zzzzzap+1","floor":38.0},{"not_picked":["ViolentFlame","SummaryJudgment+1","ForTheFamily","FierceOnslaught"],"picked":"SKIP","floor":40.0},{"not_picked":["GreatSerpentsImpact","ButterflySlash","ToWhereThePrescriptPoints+1","Riposte"],"picked":"SKIP","floor":42.0},{"not_picked":["StrikeDown+1","AssaultOrder","Rampage_lor+1"],"picked":"Slice_lor+1","floor":45.0},{"not_picked":["SummaryJudgment+1","FierceCharge+1","VioletBlade"],"picked":"GoinFirst","floor":47.0},{"not_picked":["SunsetBlade+1","StrikeDown","BackAttack+1"],"picked":"LawAndOrder+1","floor":48.0},{"not_picked":["LawAndOrder","BackAttack","GuardingStance+1","BoundaryOfDeath"],"picked":"SKIP","floor":54}],"player_experience":745784,"relics_obtained":[{"floor":6.0,"key":"Regal Pillow"},{"floor":9.0,"key":"Dota2Spire:ShadowBlade"},{"floor":14.0,"key":"Dota2Spire:DivineRapier"},{"floor":23.0,"key":"Dota2Spire:MagicBottle"},{"floor":26.0,"key":"Dota2Spire:AghanimScepter"},{"floor":28.0,"key":"Mummified Hand"},{"floor":37.0,"key":"AT_SpeedBoots"},{"floor":40.0,"key":"Omamori"},{"floor":42.0,"key":"Dota2Spire:EchoSabre"},{"floor":43.0,"key":"Dota2Spire:ArcaneBoots"},{"floor":54,"key":"PageOfTheKnightOfDespair"}],"event_choices":[{"damage_healed":0.0,"max_hp_gain":0.0,"max_hp_loss":0.0,"gold_gain":175.0,"event_name":"Liars Game","player_choice":"AGREE","floor":10.0,"gold_loss":0.0,"damage_taken":0.0,"cards_obtained":["Doubt"]},{"damage_healed":0.0,"max_hp_gain":0.0,"max_hp_loss":0.0,"gold_gain":75.0,"event_name":"FaceTrader","player_choice":"Touch","floor":12.0,"gold_loss":0.0,"damage_taken":7.0},{"damage_healed":0.0,"max_hp_gain":0.0,"max_hp_loss":0.0,"gold_gain":99.0,"event_name":"Nest","player_choice":"Stole From Cult","floor":19.0,"gold_loss":0.0,"damage_taken":0.0},{"damage_healed":0.0,"max_hp_gain":0.0,"max_hp_loss":0.0,"gold_gain":0.0,"event_name":"Knowing Skull","player_choice":"","floor":21.0,"potions_obtained":[],"gold_loss":0.0,"damage_taken":6.0,"cards_obtained":[]},{"damage_healed":0.0,"max_hp_gain":0.0,"max_hp_loss":0.0,"gold_gain":0.0,"event_name":"Cursed Tome","player_choice":"Ignored","floor":24.0,"gold_loss":0.0,"damage_taken":0.0},{"damage_healed":0.0,"max_hp_gain":0.0,"max_hp_loss":0.0,"gold_gain":0.0,"event_name":"Transmorgrifier","player_choice":"Ignored","floor":39.0,"gold_loss":0.0,"damage_taken":0.0}],"is_beta":false,"boss_relics":[{"not_picked":["Astrolabe","Runic Dome"],"picked":"Dota2Spire:Bloodstone"},{"not_picked":["Runic Pyramid","Fusion Hammer","Snecko Eye"]}],"items_purged_floors":[11,27,46],"is_endless":false,"potions_floor_spawned":[1,3,4,13,14,16,23,28,29,31,35,40,47,48,54],"ascension_level":0}}