{"host":"14itbdr21u872c1w","time":1614147865,"event":{"mods":["AchievementEnabler","BaseMod","Minty Spire (QoL Compilation)","StSLib","SuperFastMode","everything is the same but u backflip on backflip"],"gold_per_floor":[119,139,151,166,91,91,121,121,121,139,139,149,179,196,196,196,196],"floor_reached":16,"language":"KOR","playtime":351,"items_purged":["Normality"],"score":182,"play_id":"ec60b89f-60c4-4e81-a5e4-7f54c33f194d","local_time":"20210224152425","is_ascension_mode":true,"campfire_choices":[{"data":"Perfected Strike","floor":6,"key":"SMITH"},{"data":"Corruption","floor":8,"key":"SMITH"},{"data":"Pommel Strike","floor":11,"key":"SMITH"},{"floor":15,"key":"REST"}],"circlet_count":0,"master_deck":["AscendersBane","Strike_R","Strike_R","Strike_R","Strike_R","Strike_R","Defend_R","Defend_R","Defend_R","Defend_R","Bash","Corruption+1","Shrug It Off","Pommel Strike+1","Perfected Strike+1","Evolve","Ghostly Armor","Wild Strike"],"relics":["Burning Blood","Self Forming Clay","Matryoshka"],"acts_visited":["Exordium"],"potions_floor_usage":[4,14],"damage_taken":[{"damage":6,"enemies":"2 Louse","floor":1,"turns":3},{"damage":6,"enemies":"Jaw Worm","floor":2,"turns":5},{"damage":15,"enemies":"Cultist","floor":3,"turns":5},{"damage":14,"enemies":"Gremlin Gang","floor":4,"turns":8},{"damage":15,"enemies":"3 Sentries","floor":7,"turns":8},{"damage":0,"enemies":"2 Fungi Beasts","floor":10,"turns":2},{"damage":12,"enemies":"Exordium Thugs","floor":12,"turns":4},{"damage":10,"enemies":"Large Slime","floor":14,"turns":5},{"damage":60,"enemies":"Hexaghost","floor":16,"turns":9}],"seed_played":"-3771662645399089780","potions_obtained":[{"floor":1,"key":"Energy Potion"},{"floor":12,"key":"AttackPotion"}],"is_trial":false,"path_per_floor":["M","M","M","M","$","R","E","R","T","M","R","M","?","M","R","B"],"character_chosen":"IRONCLAD","items_purchased":[],"campfire_rested":1,"item_purchase_floors":[],"current_hp_per_floor":[68,68,59,51,51,51,42,42,42,48,48,42,42,38,60,0,0],"gold":196,"neow_bonus":"THREE_RARE_CARDS","is_daily":false,"chose_seed":false,"campfire_upgraded":3,"win_rate":0.0,"timestamp":1614147865,"path_taken":["M","M","M","M","$","R","E","R","T","M","R","M","?","M","R","BOSS"],"items_purchased_type":[],"build_version":"2020-12-22","purchased_purges":1,"victory":false,"max_hp_per_floor":[75,75,75,75,75,75,75,75,75,75,75,75,75,75,75,75,75],"card_choices":[{"not_picked":["Exhume","Offering"],"picked":"Corruption","floor":0},{"not_picked":["Havoc","Clash","True Grit"],"picked":"SKIP","floor":1},{"not_picked":["Combust","Clothesline"],"picked":"Shrug It Off","floor":2},{"not_picked":["Metallicize","Havoc"],"picked":"Pommel Strike","floor":3},{"not_picked":["Thunderclap","Pommel Strike"],"picked":"Perfected Strike","floor":4},{"not_picked":["Anger","True Grit","Warcry"],"picked":"SKIP","floor":7},{"not_picked":["Fiend Fire","True Grit"],"picked":"Evolve","floor":10},{"not_picked":["Flex","Thunderclap"],"picked":"Ghostly Armor","floor":12},{"not_picked":["Clash","True Grit"],"picked":"Wild Strike","floor":14}],"player_experience":348113,"relics_obtained":[{"floor":7,"key":"Self Forming Clay"},{"floor":9,"key":"Matryoshka"}],"event_choices":[{"damage_healed":0,"gold_gain":30,"player_choice":"Searched \u00271\u0027 times","damage_taken":0,"max_hp_gain":0,"max_hp_loss":0,"event_name":"Dead Adventurer","floor":13,"gold_loss":0}],"is_beta":false,"boss_relics":[],"items_purged_floors":[5],"is_endless":false,"potions_floor_spawned":[1,12],"killed_by":"Hexaghost","ascension_level":15}}