{"host":"0qlrtuw7bw78ucw4","time":1614158575,"event":{"mods":["BaseMod","Downfall","Minty Spire (QoL Compilation)","StSLib"],"gold_per_floor":[99,114,114,176,187,287,340,360,360,370,370,470,505,156,167,244,244,244,244,297,297,297,316,316,151,185,26,180,180,198,208,224,298,298,298,316,328,328,109,25,51,77,95,114,130,30,58,78,89,89],"floor_reached":51,"language":"ENG","playtime":3908,"items_purged":["Slimebound:Strike_Slimebound","Writhe","Pride","Slimebound:Strike_Slimebound","Slimebound:OozeBath","Parasite"],"score":1454,"play_id":"c62a8b8d-8a51-4e1b-ae8b-01ac3c05946b","local_time":"20210224202255","is_ascension_mode":true,"campfire_choices":[{"data":"Slimebound:CorrosiveSpit","floor":1.0,"key":"SMITH"},{"data":"Slimebound:Equalize","floor":9.0,"key":"SMITH"},{"data":"Slimebound:GoopSpray","floor":11.0,"key":"SMITH"},{"data":"Slimebound:SelfFormingGoo","floor":18.0,"key":"SMITH"},{"data":"Slimebound:DouseInSlime","floor":29.0,"key":"SMITH"},{"data":"Slimebound:Repurpose","floor":35,"key":"SMITH"}],"circlet_count":0,"master_deck":["AscendersBane","Slimebound:Strike_Slimebound","Slimebound:Defend_Slimebound+1","Slimebound:Defend_Slimebound+1","Slimebound:Split+1","Slimebound:CorrosiveSpit+1","Slimebound:LevelUp","Slimebound:Recollect","Slimebound:GoopSpray+1","Slimebound:LeechLife","Slimebound:Repurpose+1","Slimebound:DouseInSlime+1","Slimebound:SelfFormingGoo+1","Slimebound:SplitLeeching","Slimebound:LeadByExample","Slimebound:LeechEnergy","Slimebound:PressTheAttack+1","Slimebound:LevelUp+1","Slimebound:Prepare+1","Slimebound:DuplicatedForm","Slimebound:SlimeBarrage+1","Slimebound:LevelUp"],"relics":["Slimebound:AbsorbEndCombat","Matryoshka","Slimebound:MaxSlimesRelic","Slimebound:PreparedRelic","Bag of Marbles","Sundial","Membership Card","Pantograph","Empty Cage","Meat on the Bone","Potion Belt","Happy Flower","Bronze Scales","Guardian:PocketSentry","Slimebound:AggressiveSlimeRelic","Kunai","champ:Barbells","Medical Kit","Coffee Dripper","Singing Bowl","War Paint","Dream Catcher","Ornamental Fan"],"acts_visited":["Exordium","TheCity","TheBeyond"],"potions_floor_usage":[45,50,50,50,50],"damage_taken":[{"damage":2.0,"enemies":"Jaw Worm","floor":2.0,"turns":4.0},{"damage":40.0,"enemies":"3 Sentries","floor":4.0,"turns":7.0},{"damage":11.0,"enemies":"2 Louse","floor":5.0,"turns":4.0},{"damage":7.0,"enemies":"Small Slimes","floor":8.0,"turns":4.0},{"damage":0.0,"enemies":"3 Louse","floor":10.0,"turns":3.0},{"damage":7.0,"enemies":"downfall:Heads","floor":12.0,"turns":6.0},{"damage":0.0,"enemies":"Gremlin Nob","floor":13.0,"turns":1.0},{"damage":5.0,"enemies":"downfall:FleeingMerchant","floor":14.0,"turns":4.0},{"damage":14.0,"enemies":"Exordium Wildlife","floor":15.0,"turns":4.0},{"damage":24.0,"enemies":"SI_SHIV_ARCHETYPE","floor":16.0,"turns":7.0},{"damage":0.0,"enemies":"3 Byrds","floor":23.0,"turns":3.0},{"damage":0.0,"enemies":"downfall:FleeingMerchant","floor":25.0,"turns":4.0},{"damage":12.0,"enemies":"Gremlin Leader","floor":26.0,"turns":9.0},{"damage":0.0,"enemies":"downfall:FleeingMerchant","floor":27.0,"turns":4.0},{"damage":0.0,"enemies":"downfall:FleeingMerchant","floor":28.0,"turns":3.0},{"damage":4.0,"enemies":"Chosen","floor":30.0,"turns":4.0},{"damage":9,"enemies":"3 Cultists","floor":31,"turns":5},{"damage":2,"enemies":"Snake Plant","floor":32,"turns":3},{"damage":26,"enemies":"WA_ARCHETYPE_CALM","floor":33,"turns":7},{"damage":23,"enemies":"3 Darklings","floor":36,"turns":4},{"damage":0,"enemies":"Orb Walker","floor":37,"turns":3},{"damage":28,"enemies":"Giant Head","floor":42,"turns":7},{"damage":15,"enemies":"Writhing Mass","floor":43,"turns":5},{"damage":33,"enemies":"3 Darklings","floor":44,"turns":4},{"damage":47,"enemies":"Spire Growth","floor":45,"turns":6},{"damage":55,"enemies":"Nemesis","floor":47,"turns":7},{"damage":28,"enemies":"Maw","floor":48,"turns":6},{"damage":6,"enemies":"3 Darklings","floor":49,"turns":4},{"damage":15,"enemies":"IC_BLOCK_ARCHETYPE","floor":50,"turns":8}],"seed_played":"7172841513662006323","potions_obtained":[{"floor":2.0,"key":"Slimebound:ThreeZeroPotion"},{"floor":10.0,"key":"DistilledChaos"},{"floor":12.0,"key":"Dexterity Potion"},{"floor":16.0,"key":"Strength Potion"},{"floor":23.0,"key":"Explosive Potion"},{"floor":26.0,"key":"champ:CounterPotion"},{"floor":32,"key":"Energy Potion"},{"floor":48,"key":"SkillPotion"}],"is_trial":false,"path_per_floor":["R","M","?","?","M","?","T","M","R","M","R","?","E","$","M","B",null,"R","?","T","?","?","M","T","$","E","$","$","R","M","M","M","B",null,"R","M","M","?","?","$","T","E","M","M","M","$","E","M","M","B",null],"character_chosen":"SLIMEBOUND","items_purchased":["Membership Card","Pantograph","Slimebound:AggressiveSlimeRelic","Slimebound:LeadByExample","champ:Barbells","Medical Kit","Slimebound:Prepare","Singing Bowl","Slimebound:DuplicatedForm"],"campfire_rested":0,"item_purchase_floors":[14,14,25,25,27,28,28,39,40],"current_hp_per_floor":[58,60,55,21,18,18,18,21,21,29,29,30,46,61,57,61,63,63,63,63,42,42,50,50,64,60,64,64,64,60,55,55,64,64,64,64,64,64,64,64,64,55,66,52,68,65,43,62,65,71],"gold":89,"neow_bonus":"TEN_PERCENT_HP_BONUS","is_daily":false,"chose_seed":false,"campfire_upgraded":6,"win_rate":0.0,"timestamp":1614158575,"path_taken":["R","M","?","?","M","?","T","M","R","M","R","?","E","$","M","BOSS","R","?","?","?","?","?","T","$","E","?","$","R","M","M","M","BOSS","R","M","M","?","?","$","T","E","M","M","?","$","E","M","M","BOSS"],"items_purchased_type":["Relic","Relic","Relic","Card","Relic","Relic","Card","Relic","Card"],"build_version":"2020-12-22","purchased_purges":6,"victory":true,"max_hp_per_floor":[64,64,64,64,64,64,64,64,64,64,64,64,64,64,64,64,64,64,64,64,64,64,64,64,64,64,64,64,64,64,64,64,64,64,64,64,64,64,64,64,64,66,66,68,68,65,67,69,71,71],"card_choices":[{"not_picked":["Slimebound:AcidTongue","Slimebound:SplitMire"],"picked":"Slimebound:LevelUp","floor":2.0},{"not_picked":["Slimebound:LivingWall","Slimebound:ViciousTackle"],"picked":"Slimebound:Equalize","floor":4.0},{"not_picked":["Slimebound:LeechEnergy","Slimebound:ItLooksTasty","Slimebound:GoopTackle"],"picked":"SKIP","floor":5.0},{"not_picked":["Slimebound:FormOfPuddle","Slimebound:LeechingTouch"],"picked":"Slimebound:Recollect","floor":8.0},{"not_picked":["Slimebound:Replication","Slimebound:LeechingTouch"],"picked":"Slimebound:GoopSpray","floor":10.0},{"not_picked":["Slimebound:Schlurp","Slimebound:LeechEnergy"],"picked":"Slimebound:LeechLife","floor":12.0},{"not_picked":["Slimebound:ServeAndProtect","Slimebound:DisruptingSlam"],"picked":"Slimebound:Repurpose","floor":13.0},{"not_picked":["Slimebound:LeadByExample","Slimebound:SplitMire"],"picked":"Slimebound:DouseInSlime","floor":14.0},{"not_picked":["Slimebound:AcidTongue","Slimebound:DisruptingSlam","Slimebound:Repurpose"],"picked":"SKIP","floor":15.0},{"not_picked":["Slimebound:AcidTongue","Slimebound:DisruptingSlam","Slimebound:Repurpose"],"picked":"SKIP","floor":15.0},{"not_picked":["Slimebound:SlimeSlap","Slimebound:MassFeed"],"picked":"Slimebound:SelfFormingGoo","floor":16.0},{"not_picked":["Slimebound:ProtectTheBoss","Slimebound:GoopSpray"],"picked":"Slimebound:SplitLeeching","floor":23.0},{"not_picked":["Slimebound:Darklings","Slimebound:Gluttony","Slimebound:SamplingLick"],"picked":"SKIP","floor":25.0},{"not_picked":["Slimebound:GoopSpray","Slimebound:DisruptingSlam"],"picked":"Slimebound:LeechEnergy","floor":26.0},{"not_picked":["Slimebound:Equalize","Slimebound:FlameTackle"],"picked":"Slimebound:PressTheAttack","floor":27.0},{"not_picked":["Slimebound:PressTheAttack","Slimebound:RollThrough"],"picked":"Slimebound:LevelUp+1","floor":28.0},{"not_picked":["Slimebound:PressTheAttack","Slimebound:LeechEnergy","Slimebound:DivideAndConquer"],"picked":"SKIP","floor":30.0},{"not_picked":["Slimebound:FlameTackle","Slimebound:Prepare","Slimebound:GoopTackle"],"picked":"SKIP","floor":31},{"not_picked":["Slimebound:ComboTackle+1","Slimebound:GoopSpray","Slimebound:Grow"],"picked":"SKIP","floor":32},{"not_picked":["Slimebound:Overexert","Slimebound:SlimeSlap"],"picked":"Slimebound:OozeBath","floor":33},{"not_picked":["Slimebound:Replication+1","Slimebound:SplitBruiser","Slimebound:FlameTackle"],"picked":"SKIP","floor":36},{"not_picked":["Slimebound:LivingWall","Slimebound:SplitMire","Slimebound:HauntingLick+1"],"picked":"SKIP","floor":37},{"not_picked":["Slimebound:RainOfGoop","Slimebound:SlimeSpikes","Slimebound:Prepare"],"picked":"Singing Bowl","floor":42},{"not_picked":["Slimebound:Grow+1","Slimebound:LivingWall"],"picked":"Slimebound:SlimeBarrage+1","floor":43},{"not_picked":["Slimebound:ProtectTheBoss","Slimebound:RollThrough","Slimebound:HauntingLick"],"picked":"Singing Bowl","floor":44},{"not_picked":["Slimebound:PressTheAttack","Slimebound:ComboTackle+1"],"picked":"Slimebound:LevelUp","floor":45},{"not_picked":["Slimebound:Prepare","Slimebound:GoopTackle","Slimebound:SamplingLick"],"picked":"Singing Bowl","floor":47},{"not_picked":["Slimebound:DuplicatedForm","Slimebound:FinishingTackle","Slimebound:ServeAndProtect"],"picked":"Singing Bowl","floor":48},{"not_picked":["Slimebound:GoopTackle","Slimebound:Dissolve","Slimebound:Repurpose+1"],"picked":"Singing Bowl","floor":49}],"player_experience":1058192,"relics_obtained":[{"floor":4.0,"key":"Slimebound:MaxSlimesRelic"},{"floor":7.0,"key":"Slimebound:PreparedRelic"},{"floor":7.0,"key":"Bag of Marbles"},{"floor":13.0,"key":"Sundial"},{"floor":20.0,"key":"Potion Belt"},{"floor":20.0,"key":"Happy Flower"},{"floor":24.0,"key":"Guardian:PocketSentry"},{"floor":26.0,"key":"Kunai"},{"floor":41,"key":"War Paint"},{"floor":42,"key":"Dream Catcher"},{"floor":47,"key":"Ornamental Fan"}],"event_choices":[{"damage_healed":0.0,"max_hp_gain":0.0,"max_hp_loss":0.0,"gold_gain":0.0,"event_name":"Scrap Ooze","player_choice":"Success","floor":3.0,"gold_loss":0.0,"damage_taken":5.0,"relics_obtained":["Matryoshka"]},{"damage_healed":0.0,"max_hp_gain":0.0,"max_hp_loss":0.0,"gold_gain":0.0,"event_name":"Addict","player_choice":"Stole Relic","floor":19.0,"gold_loss":0.0,"damage_taken":0.0,"relics_obtained":["Meat on the Bone"],"cards_obtained":["Pride"]},{"cards_removed":["Slimebound:Equalize"],"damage_healed":0,"gold_gain":0,"player_choice":"Removed Attack","damage_taken":0,"max_hp_gain":0,"max_hp_loss":0,"event_name":"Falling","floor":38,"gold_loss":0}],"is_beta":false,"boss_relics":[{"not_picked":["SacredBark","Slimebound:TarBlob"],"picked":"Empty Cage"},{"not_picked":["Tiny House","Cursed Key"],"picked":"Coffee Dripper"}],"items_purged_floors":[14,25,27,28,39,46],"is_endless":false,"potions_floor_spawned":[2,10,12,16,23,26,32,36,42,44,48],"ascension_level":18}}