{"host":"strpjp9enjjpooof","time":1614151864,"event":{"mods":["Aspiration","BaseMod","Better Altar","Better Match","Better Note","Better Sensory Stone","Better Skull","Better Third Choice","Colored Powertips","Conspire","Energized Spire","Force Act Four","GifTheSpireLib","Halation","Hubris","Lobotomy","Minty Spire (QoL Compilation)","Relic Filter Mod","Reliquary","Replay The Spire","Spicy Shops","Spikes Relics","StSLib","Stuff the Spire","The Blue Laboratory","The Jungle","The Saiyan","Together in Spire"],"gold_per_floor":[90,90,90,42,55,88,105,105,105,105,118,118,130,130,130,231,231,243,26,40,40,55,55,55,55],"floor_reached":24,"language":"ENG","playtime":1268,"items_purged":[],"score":271,"play_id":"5180b1c7-a866-4a62-ab1f-9f3bee6f8234","local_time":"20210223223104","is_ascension_mode":false,"campfire_choices":[{"floor":8,"key":"REST"},{"floor":10,"key":"REST"},{"data":"Saiyan:MeteorDash","floor":15,"key":"SMITH"},{"floor":23,"key":"REST"}],"circlet_count":0,"master_deck":["conspire:GhostlyStrike+1","conspire:GhostlyStrike+1","conspire:GhostlyStrike","conspire:GhostlyStrike","conspire:GhostlyDefend","conspire:GhostlyDefend","conspire:GhostlyDefend","conspire:GhostlyDefend","Saiyan:EnergyBlast+1","Saiyan:KaioKen+1","Saiyan:RuthlessBlow","Saiyan:SaiyanHubris","Saiyan:KameHameHa","Saiyan:MeteorDash+1","Saiyan:KiExplosion","Saiyan:DoubleMasenko","Saiyan:Scouter","Saiyan:TurtleShell","Saiyan:TransfigurationBeam","Saiyan:SuperSaiyanForm","Saiyan:PowerPole","Saiyan:Medicine"],"relics":["SaiyanSoul","SaiyanHeart","aspiration:Nostalgia","PureWater","Whetstone","Replay:Kaleidoscope","reliquary:KinkedSpring","Frozen Eye","Ancient Tea Set"],"acts_visited":["Exordium","Exordium"],"potions_floor_usage":[16,22],"damage_taken":[{"damage":4,"enemies":"conspire:RoseBush","floor":1,"turns":3},{"damage":11,"enemies":"Jaw Worm","floor":5,"turns":2},{"damage":20,"enemies":"Replay:BlueRogue","floor":6,"turns":5},{"damage":0,"enemies":"Cultist","floor":7,"turns":3},{"damage":4,"enemies":"Gremlin Gang","floor":11,"turns":2},{"damage":9,"enemies":"2 Fungi Beasts","floor":13,"turns":3},{"damage":44,"enemies":"Fading Forest","floor":16,"turns":11},{"damage":3,"enemies":"theJungle:5_Spyders","floor":18,"turns":12},{"damage":6,"enemies":"theJungle:MUSHROOMGANG","floor":20,"turns":5},{"damage":9,"enemies":"theJungle:2_Snecko_Cultists","floor":22,"turns":4},{"damage":85,"enemies":"theJungle:Cassacara","floor":24,"turns":8}],"seed_played":"570915543063945929","potions_obtained":[{"floor":11,"key":"SteroidPotion"},{"floor":18,"key":"blueLaboratory:LouseDecoction"}],"is_trial":false,"path_per_floor":["M","?","?","$","M","E","M","R","T","R","M","?","M","?","R","B",null,"M","$","M","?","M","R","E"],"character_chosen":"SAIYAJIN","items_purchased":["Saiyan:KameHameHa","Frozen Eye","Ancient Tea Set"],"campfire_rested":3,"item_purchase_floors":[4,19,19],"current_hp_per_floor":[57,57,57,57,46,32,33,53,53,68,65,65,57,70,70,39,73,75,75,70,70,63,81,0,0],"gold":55,"neow_bonus":"NOSTALGIA","is_daily":false,"chose_seed":false,"campfire_upgraded":1,"win_rate":0.0,"timestamp":1614151864,"path_taken":["M","?","?","$","?","E","M","R","T","R","?","?","M","?","R","BOSS","M","$","M","?","M","R","E"],"items_purchased_type":["Card","Relic","Relic"],"build_version":"2020-12-22","purchased_purges":0,"victory":false,"max_hp_per_floor":[61,61,61,61,61,67,68,68,68,68,69,69,70,70,70,73,73,78,78,79,79,81,81,82,82],"card_choices":[{"not_picked":["Saiyan:Scouter","Saiyan:BackAttack"],"picked":"Saiyan:SaiyanHubris","floor":1},{"not_picked":["Saiyan:PlotArmor","Saiyan:Taunt"],"picked":"Saiyan:MeteorDash","floor":5},{"not_picked":["Saiyan:BigBangAttack","Saiyan:PowerStance"],"picked":"Saiyan:KiExplosion","floor":6},{"not_picked":["Saiyan:Planning","Saiyan:KameHameHa"],"picked":"Saiyan:DoubleMasenko","floor":7},{"not_picked":["Saiyan:DragonFist","Saiyan:SolarFlare"],"picked":"Saiyan:Scouter","floor":11},{"not_picked":["Saiyan:Flurry","Saiyan:RemoveWeights"],"picked":"Saiyan:TurtleShell","floor":13},{"not_picked":["Saiyan:TheBomb","Saiyan:Rekindle"],"picked":"Saiyan:TransfigurationBeam","floor":16},{"not_picked":["Saiyan:PlotArmor+1","Saiyan:BackAttack"],"picked":"Saiyan:SuperSaiyanForm","floor":18},{"not_picked":["Saiyan:DoubleMasenko","Saiyan:BackAttack"],"picked":"Saiyan:PowerPole","floor":20},{"not_picked":["Saiyan:BackAttack","Saiyan:Taunt"],"picked":"Saiyan:Medicine","floor":22}],"player_experience":182412,"relics_obtained":[{"floor":6,"key":"Whetstone"},{"floor":9,"key":"Replay:Kaleidoscope"}],"event_choices":[{"damage_healed":0,"gold_gain":0,"player_choice":"Agree","damage_taken":0,"max_hp_gain":0,"max_hp_loss":0,"event_name":"conspire:LoneGhost","floor":2,"gold_loss":0},{"damage_healed":0,"gold_gain":0,"player_choice":"Forge","damage_taken":0,"max_hp_gain":0,"max_hp_loss":0,"event_name":"Accursed Blacksmith","floor":3,"gold_loss":0,"cards_upgraded":["Saiyan:KaioKen"]},{"damage_healed":0,"gold_gain":0,"player_choice":"Ignored","damage_taken":0,"max_hp_gain":0,"max_hp_loss":0,"event_name":"betterNote:BetterNote","floor":21,"gold_loss":0,"cards_obtained":["Injury"]}],"is_beta":false,"boss_relics":[{"not_picked":["energizedSpire:HugeHouse","halation:MonkeysPaw"],"picked":"reliquary:KinkedSpring"}],"items_purged_floors":[],"is_endless":false,"potions_floor_spawned":[11,18],"killed_by":"theJungle:Cassacara","ascension_level":0}}