{"host":"5h6e4l6hpn0p5lap","time":1614132590,"event":{"mods":["AchievementEnabler","BaseMod","Better Altar","Better Match","Better Sensory Stone","Better Skull","Better Third Choice","Colored Map","Filter the Spire","Minty Spire (QoL Compilation)","StSLib"],"gold_per_floor":[116,116,127,46,62,91,91,166,166,166,185,185,200,232,232,335,335,355,371,296,296,308,308,82,82,82,99,99,99],"floor_reached":28,"language":"ENG","playtime":883,"items_purged":["Sever Soul+1"],"score":319,"play_id":"cd15f738-89e2-4635-8238-30dc0c8297a0","local_time":"20210223210950","is_ascension_mode":true,"campfire_choices":[{"data":"Sword Boomerang","floor":7,"key":"SMITH"},{"data":"Carnage","floor":10,"key":"SMITH"},{"floor":12,"key":"REST"},{"data":"Limit Break","floor":15,"key":"SMITH"},{"floor":23,"key":"REST"}],"circlet_count":0,"master_deck":["Strike_R","Strike_R","Strike_R","Defend_R","Defend_R","Bash","Carnage+1","Flex","Inflame","Sword Boomerang+1","Pummel","Feel No Pain","Twin Strike","Limit Break+1","Fiend Fire","Combust+1","Infernal Blade+1","Entrench+1","Ghostly Armor","Flex+1","PanicButton","Flame Barrier","Reaper","Reckless Charge"],"relics":["Burning Blood","Singing Bowl","Blue Candle","Lantern","Astrolabe","MutagenicStrength","InkBottle"],"acts_visited":["Exordium","TheCity"],"potions_floor_usage":[6,6,16,19,28],"damage_taken":[{"damage":5,"enemies":"2 Louse","floor":1,"turns":3},{"damage":4,"enemies":"Small Slimes","floor":3,"turns":4},{"damage":7,"enemies":"Jaw Worm","floor":5,"turns":3},{"damage":20,"enemies":"Lagavulin","floor":6,"turns":3},{"damage":21,"enemies":"Lots of Slimes","floor":11,"turns":4},{"damage":14,"enemies":"2 Fungi Beasts","floor":13,"turns":3},{"damage":16,"enemies":"Gremlin Nob","floor":14,"turns":3},{"damage":28,"enemies":"Slime Boss","floor":16,"turns":7},{"damage":40,"enemies":"Shell Parasite","floor":18,"turns":5},{"damage":19,"enemies":"2 Thieves","floor":19,"turns":3},{"damage":5,"enemies":"Snecko","floor":22,"turns":3},{"damage":24,"enemies":"Snake Plant","floor":27,"turns":2},{"damage":61,"enemies":"Gremlin Leader","floor":28,"turns":7}],"seed_played":"3438539636941502285","potions_obtained":[{"floor":1,"key":"FearPotion"},{"floor":5,"key":"AttackPotion"},{"floor":13,"key":"ElixirPotion"},{"floor":14,"key":"LiquidBronze"},{"floor":16,"key":"Fruit Juice"},{"floor":18,"key":"Fire Potion"}],"is_trial":false,"path_per_floor":["M","?","M","$","M","E","R","?","T","R","M","R","M","E","R","B",null,"M","M","?","?","M","R","$","?","T","M","E"],"character_chosen":"IRONCLAD","items_purchased":["Inflame","Reaper"],"campfire_rested":2,"item_purchase_floors":[4,24],"current_hp_per_floor":[73,78,80,80,79,65,65,54,54,54,39,64,56,46,46,29,75,41,28,28,30,31,58,58,58,58,40,0,0],"gold":99,"neow_bonus":"REMOVE_CARD","is_daily":false,"chose_seed":false,"campfire_upgraded":3,"win_rate":0.0,"timestamp":1614132590,"path_taken":["M","?","M","$","M","E","R","?","T","R","M","R","M","E","R","BOSS","M","M","?","?","M","R","$","?","T","?","E"],"items_purchased_type":["Card","Card"],"build_version":"2020-12-22","purchased_purges":1,"victory":false,"max_hp_per_floor":[80,85,85,85,85,85,85,85,85,85,85,85,85,85,85,90,90,90,90,90,92,92,92,92,92,92,92,92,92],"card_choices":[{"not_picked":["Flex","Twin Strike"],"picked":"Carnage","floor":1},{"not_picked":["Battle Trance","Seeing Red"],"picked":"Flex","floor":3},{"not_picked":["Clothesline","Heavy Blade"],"picked":"Sword Boomerang","floor":5},{"not_picked":["Combust","Dual Wield"],"picked":"Pummel","floor":6},{"not_picked":["Clash","Armaments"],"picked":"Feel No Pain","floor":11},{"not_picked":["Inflame","Blood for Blood"],"picked":"Twin Strike","floor":13},{"not_picked":["Iron Wave","Carnage"],"picked":"Limit Break","floor":14},{"not_picked":["Brutality","Limit Break"],"picked":"Fiend Fire","floor":16},{"not_picked":["Flex","Anger"],"picked":"Entrench+1","floor":18},{"not_picked":["Clash+1","Exhume"],"picked":"Ghostly Armor","floor":19},{"not_picked":["Sword Boomerang+1","Warcry+1"],"picked":"Flex+1","floor":20},{"not_picked":["Finesse","Discovery","Trip"],"picked":"Singing Bowl","floor":21},{"not_picked":["Deep Breath","Good Instincts"],"picked":"PanicButton","floor":21},{"not_picked":["Infernal Blade","Battle Trance"],"picked":"Flame Barrier","floor":22},{"not_picked":["Bloodletting","Sword Boomerang"],"picked":"Reckless Charge","floor":27}],"player_experience":1165085,"relics_obtained":[{"floor":6,"key":"Singing Bowl"},{"floor":9,"key":"Blue Candle"},{"floor":14,"key":"Lantern"},{"floor":26,"key":"InkBottle"}],"event_choices":[{"damage_healed":0,"gold_gain":0,"player_choice":"Donut","damage_taken":0,"max_hp_gain":5,"max_hp_loss":0,"event_name":"Big Fish","floor":2,"gold_loss":0},{"damage_healed":0,"gold_gain":75,"player_choice":"Gold","damage_taken":11,"max_hp_gain":0,"max_hp_loss":0,"event_name":"betterThird:BetterGoop","floor":8,"gold_loss":0},{"damage_healed":0,"gold_gain":0,"player_choice":"2","damage_taken":0,"max_hp_gain":0,"max_hp_loss":0,"event_name":"betterMatch:BetterMatch","floor":20,"gold_loss":0,"cards_obtained":["betterMatch:CommonCard"]},{"damage_healed":0,"gold_gain":2,"player_choice":"1","damage_taken":0,"max_hp_gain":0,"max_hp_loss":0,"event_name":"betterStone:BetterStone","floor":21,"gold_loss":0},{"damage_healed":0,"gold_gain":0,"player_choice":"Inject Mutagens","damage_taken":0,"relics_obtained":["MutagenicStrength"],"max_hp_gain":0,"max_hp_loss":0,"event_name":"Drug Dealer","floor":25,"gold_loss":0}],"is_beta":false,"boss_relics":[{"not_picked":["Empty Cage","Black Blood"],"picked":"Astrolabe"}],"items_purged_floors":[24],"is_endless":false,"potions_floor_spawned":[1,5,13,14,16,18],"killed_by":"Gremlin Leader","ascension_level":8}}