{"host":"l3lzhw5qete3bz2v","time":1614146316,"event":{"mods":["BaseMod","Colored Map","Colored Powertips","Minty Spire (QoL Compilation)","StSLib","SuperFastMode"],"gold_per_floor":[111,125,135,145,162,162,180,180,180,196,225,236,246,274,274,373,373,388,88,88,100,125,125,156,156,156,9,9,108,128,145,145,247,247,261,261,261,134,186,217,36,36,36,36,258,20,20,20,20,20],"floor_reached":51,"language":"JPN","playtime":2628,"items_purged":["Defend_G","Strike_G+1","Strike_G+1"],"score":1131,"play_id":"3df74324-d223-403f-9c67-4a7174347917","local_time":"20210224145836","is_ascension_mode":true,"campfire_choices":[{"data":"Skewer","floor":6.0,"key":"SMITH"},{"data":"Deadly Poison","floor":8.0,"key":"SMITH"},{"data":"Glass Knife","floor":15.0,"key":"SMITH"},{"data":"Catalyst","floor":23.0,"key":"SMITH"},{"data":"Noxious Fumes","floor":25.0,"key":"SMITH"},{"data":"Malaise","floor":32.0,"key":"SMITH"},{"data":"Footwork","floor":42,"key":"SMITH"},{"data":"Well Laid Plans","floor":44,"key":"SMITH"},{"data":"Burst","floor":47,"key":"SMITH"},{"data":"Footwork","floor":49,"key":"SMITH"}],"circlet_count":0,"master_deck":["Defend_G","Defend_G","Defend_G","Defend_G","Survivor","Neutralize","Skewer+1","Leg Sweep","Deadly Poison+1","PiercingWail","Footwork+1","Backflip","Leg Sweep","Glass Knife+1","Terror","PiercingWail","Malaise+1","Bane+1","Prepared+1","Deflect+1","Footwork+1","Catalyst+1","Noxious Fumes+1","Backflip","Crippling Poison","Calculated Gamble+1","Blade Dance+1","Venomology","Panacea","Burst+1","Tactician+1","Prepared","Blur","Accuracy+1","Well Laid Plans+1"],"relics":["Cursed Key","Whetstone","Toy Ornithopter","Astrolabe","Membership Card","Happy Flower","Red Mask","Gremlin Horn","Enchiridion","Coffee Dripper","Orrery","WingedGreaves","Pear","Bottled Tornado","Toolbox","Juzu Bracelet"],"acts_visited":["Exordium","TheCity","TheBeyond"],"potions_floor_usage":[40,40,40,50,50],"damage_taken":[{"damage":0.0,"enemies":"Cultist","floor":1.0,"turns":4.0},{"damage":0.0,"enemies":"Small Slimes","floor":2.0,"turns":3.0},{"damage":0.0,"enemies":"Jaw Worm","floor":3.0,"turns":3.0},{"damage":4.0,"enemies":"Blue Slaver","floor":4.0,"turns":4.0},{"damage":0.0,"enemies":"3 Louse","floor":5.0,"turns":5.0},{"damage":0.0,"enemies":"2 Fungi Beasts","floor":7.0,"turns":3.0},{"damage":0.0,"enemies":"Looter","floor":10.0,"turns":4.0},{"damage":10.0,"enemies":"3 Sentries","floor":11.0,"turns":8.0},{"damage":0.0,"enemies":"Exordium Wildlife","floor":12.0,"turns":4.0},{"damage":1.0,"enemies":"Blue Slaver","floor":13.0,"turns":4.0},{"damage":15.0,"enemies":"Gremlin Nob","floor":14.0,"turns":4.0},{"damage":0.0,"enemies":"Hexaghost","floor":16.0,"turns":8.0},{"damage":0.0,"enemies":"Chosen","floor":18.0,"turns":6.0},{"damage":1.0,"enemies":"2 Thieves","floor":21.0,"turns":5.0},{"damage":2.0,"enemies":"Masked Bandits","floor":22.0,"turns":6.0},{"damage":12.0,"enemies":"Gremlin Leader","floor":24.0,"turns":6.0},{"damage":0.0,"enemies":"Snecko","floor":30.0,"turns":5.0},{"damage":0.0,"enemies":"Snake Plant","floor":31.0,"turns":4.0},{"damage":25.0,"enemies":"Collector","floor":33.0,"turns":8.0},{"damage":0.0,"enemies":"Orb Walker","floor":35.0,"turns":3.0},{"damage":12.0,"enemies":"2 Orb Walkers","floor":39.0,"turns":6.0},{"damage":19,"enemies":"Giant Head","floor":40,"turns":8},{"damage":43,"enemies":"Donu and Deca","floor":50,"turns":5}],"seed_played":"5227925554018893518","potions_obtained":[{"floor":3.0,"key":"BlessingOfTheForge"},{"floor":7.0,"key":"Poison Potion"},{"floor":11.0,"key":"LiquidBronze"},{"floor":12.0,"key":"Explosive Potion"},{"floor":14.0,"key":"Fire Potion"},{"floor":39.0,"key":"Swift Potion"}],"is_trial":false,"path_per_floor":["M","M","M","M","M","R","M","R","T","M","E","M","M","E","R","B",null,"M","$","?","M","?","R","E","R","T","$","?","?","M","M","R","B",null,"M","?","?","$","?","E","$","R","T","R","?","$","R","?","R","B",null],"character_chosen":"THE_SILENT","items_purchased":["Membership Card","Happy Flower","Footwork","Catalyst","Strength Potion","Fire Potion","Backflip","Crippling Poison","Orrery","Poison Potion","Bottled Tornado","Well Laid Plans","Swift Potion","Toolbox","Juzu Bracelet"],"campfire_rested":0,"item_purchase_floors":[19,19,19,19,27,27,27,27,38,41,41,41,46,46,46],"current_hp_per_floor":[63,63,63,59,59,59,59,59,59,59,49,49,48,33,33,33,61,61,61,61,65,68,68,56,56,56,56,40,40,40,40,40,25,59,59,59,59,59,52,58,58,58,58,58,58,58,58,58,58,25],"gold":20,"neow_bonus":"BOSS_RELIC","is_daily":false,"chose_seed":false,"campfire_upgraded":10,"win_rate":0.0,"timestamp":1614146316,"path_taken":["M","?","M","M","M","R","M","R","T","M","E","M","M","E","R","BOSS","M","$","?","M","?","R","E","R","T","$","?","?","M","M","R","BOSS","M","?","?","$","?","E","$","R","T","R","?","?","R","?","R","BOSS"],"items_purchased_type":["Relic","Relic","Card","Card","Potion","Potion","Card","Card","Relic","Potion","Relic","Card","Potion","Relic","Relic"],"build_version":"2020-12-22","purchased_purges":3,"victory":true,"max_hp_per_floor":[70,70,70,70,70,70,70,70,70,70,70,70,70,70,70,70,70,70,70,70,70,70,70,70,70,70,70,70,70,70,70,70,70,70,70,70,70,70,70,80,80,80,80,80,80,80,80,76,76,76],"card_choices":[{"not_picked":["Deadly Poison","Sucker Punch"],"picked":"Skewer","floor":1.0},{"not_picked":["Backflip","Outmaneuver"],"picked":"Leg Sweep","floor":2.0},{"not_picked":["Poisoned Stab","Cloak And Dagger"],"picked":"Deadly Poison","floor":3.0},{"not_picked":["Reflex","Flying Knee"],"picked":"PiercingWail","floor":4.0},{"not_picked":["Flying Knee","Slice","Flechettes"],"picked":"SKIP","floor":5.0},{"not_picked":["Bane","Poisoned Stab"],"picked":"Footwork","floor":7.0},{"not_picked":["Deadly Poison","Quick Slash"],"picked":"Backflip","floor":10.0},{"not_picked":["Quick Slash","Endless Agony"],"picked":"Leg Sweep","floor":11.0},{"not_picked":["Endless Agony","Expertise"],"picked":"Glass Knife","floor":12.0},{"not_picked":["Sucker Punch","PiercingWail"],"picked":"Terror","floor":13.0},{"not_picked":["Prepared","Backflip"],"picked":"PiercingWail","floor":14.0},{"not_picked":["Bullet Time","After Image"],"picked":"Malaise","floor":16.0},{"not_picked":["Terror+1","Accuracy","Cloak And Dagger"],"picked":"SKIP","floor":18.0},{"not_picked":["Backflip+1","Dagger Spray"],"picked":"Noxious Fumes","floor":21.0},{"not_picked":["Backstab","Storm of Steel","Endless Agony"],"picked":"SKIP","floor":24.0},{"not_picked":["Dodge and Roll+1","Heel Hook"],"picked":"Calculated Gamble+1","floor":30.0},{"not_picked":["Terror","Prepared"],"picked":"Blade Dance+1","floor":31.0},{"not_picked":["Malaise","Die Die Die"],"picked":"Venomology","floor":33.0},{"not_picked":["Quick Slash+1","Reflex"],"picked":"Well Laid Plans","floor":35.0},{"not_picked":["Enlightenment","PanicButton"],"picked":"Panacea","floor":37.0},{"not_picked":["Sucker Punch+1","Flying Knee+1"],"picked":"Burst","floor":38.0},{"not_picked":["Deflect","Terror"],"picked":"Tactician+1","floor":38.0},{"not_picked":["Dagger Throw","Setup"],"picked":"Prepared","floor":38.0},{"not_picked":["Deadly Poison+1","Slice+1"],"picked":"Blur","floor":38.0},{"not_picked":["Backflip","Poisoned Stab+1"],"picked":"Accuracy+1","floor":40}],"player_experience":168058,"relics_obtained":[{"floor":11.0,"key":"Whetstone"},{"floor":14.0,"key":"Toy Ornithopter"},{"floor":22.0,"key":"Red Mask"},{"floor":24.0,"key":"Gremlin Horn"},{"floor":28.0,"key":"Enchiridion"},{"floor":39.0,"key":"WingedGreaves"},{"floor":40,"key":"Pear"}],"event_choices":[{"damage_healed":0.0,"max_hp_gain":0.0,"max_hp_loss":0.0,"gold_gain":0.0,"event_name":"Vampires","player_choice":"Ignored","floor":20.0,"gold_loss":0.0,"damage_taken":0.0},{"damage_healed":0.0,"max_hp_gain":0.0,"max_hp_loss":0.0,"gold_gain":0.0,"event_name":"Masked Bandits","player_choice":"Fought Bandits","floor":22.0,"gold_loss":0.0,"damage_taken":0.0},{"damage_healed":0.0,"max_hp_gain":0.0,"max_hp_loss":0.0,"gold_gain":0.0,"event_name":"Cursed Tome","player_choice":"Obtained Book","floor":28.0,"gold_loss":0.0,"damage_taken":16.0},{"damage_healed":0.0,"max_hp_gain":0.0,"max_hp_loss":0.0,"gold_gain":99.0,"event_name":"Nest","player_choice":"Stole From Cult","floor":29.0,"gold_loss":0.0,"damage_taken":0.0},{"cards_removed":["Well Laid Plans"],"damage_healed":0.0,"max_hp_gain":0.0,"max_hp_loss":0.0,"gold_gain":0.0,"event_name":"Falling","player_choice":"Removed Power","floor":36.0,"gold_loss":0.0,"damage_taken":0.0},{"damage_healed":0.0,"max_hp_gain":0.0,"max_hp_loss":0.0,"gold_gain":0.0,"event_name":"SensoryStone","player_choice":"Memory 1","floor":37.0,"gold_loss":0.0,"damage_taken":0.0},{"damage_healed":0.0,"max_hp_gain":0.0,"max_hp_loss":0.0,"gold_gain":0.0,"event_name":"Mysterious Sphere","player_choice":"Fight","floor":39.0,"gold_loss":0.0,"damage_taken":0.0},{"damage_healed":0,"gold_gain":222,"player_choice":"Wore Mask","damage_taken":0,"max_hp_gain":0,"max_hp_loss":0,"event_name":"Tomb of Lord Red Mask","floor":45,"gold_loss":0},{"damage_healed":0,"gold_gain":0,"player_choice":"Max HP","damage_taken":0,"max_hp_gain":0,"max_hp_loss":4,"event_name":"Winding Halls","floor":48,"gold_loss":0}],"is_beta":false,"boss_relics":[{"not_picked":["SlaversCollar","Velvet Choker"],"picked":"Astrolabe"},{"not_picked":["Empty Cage","Pandora\u0027s Box"],"picked":"Coffee Dripper"}],"items_purged_floors":[27,38,46],"is_endless":false,"potions_floor_spawned":[3,7,11,12,14,30,31,39],"ascension_level":9}}