{"host":"vrsxkkch9ccrec7k","time":1614175235,"event":{"mods":["Act Like it!","BaseMod","Bestiary","Better Altar","Better Match","Better Note","Better Sensory Stone","Better Skull","Better Third Choice","Better Vampires","Downfall","Minty Spire (QoL Compilation)","Permanent Neow","Relic Stats","Spicy Shops","StSLib"],"gold_per_floor":[99,111,111,122,141,141,141,151,151,61,95,111,144,161,172,270,270,270,284,301,301,5,15,40,56,69,85,98,117,117,134,147,249,249,249,260,272,2,20,20,20,53,72,72,72,6,6,41,60,60],"floor_reached":51,"language":"ENG","playtime":5826,"items_purged":["sneckomod:Strike","Pain","Guardian:TimeBomb"],"score":951,"play_id":"4c608516-020d-47a2-894c-3a77bb380719","local_time":"20210224090035","is_ascension_mode":true,"campfire_choices":[{"data":"sneckomod:TailWhip","floor":1,"key":"SMITH"},{"data":"sneckomod:DiceBoulder","floor":6,"key":"SMITH"},{"data":"Guardian:CompilePackage","floor":9,"key":"SMITH"},{"data":"Barricade","floor":30,"key":"SMITH"},{"data":"1","floor":45,"key":"LIFT"},{"floor":47,"key":"REST"}],"circlet_count":0,"master_deck":["sneckomod:TailWhip+1","sneckomod:SnekBite","sneckomod:Unknown","sneckomod:DiceBoulder+1","Guardian:CompilePackage+1","sneckomod:DefensiveFlair","sneckomod:Nope","sneckomod:QuickMove","sneckomod:UnknownExhaust","sneckomod:UnknownDraw","sneckomod:WideSting","sneckomod:UnknownStrength","Barricade+1","sneckomod:QuickBite+1","Dark Shackles","sneckomod:TrashToTreasure+1","sneckomod:CheapStock","Guardian:EvasiveProtocol+1","sneckomod:SoulRoll+1","sneckomod:UnknownDexterity","sneckomod:UnknownDexterity","sneckomod:WideSting","sneckomod:DiceBlock","sneckomod:Unknown0Cost","Creative AI","sneckomod:SoulCleanse+1","Purity","AscendersBane","sneckomod:DangerNoodle+1","sneckomod:SlitherStrike+1","sneckomod:UnknownStrength+1"],"relics":["sneckomod:SneckoSoul","Toy Ornithopter","StoneCalendar","Girya","Runic Pyramid","WarpedTongs","Pandora\u0027s Box","Membership Card","Orichalcum","sneckomod:ConfusingCodex","Oddly Smooth Stone","Blood Vial","Turnip"],"acts_visited":["Exordium","TheCity","TheBeyond"],"potions_floor_usage":[4,8,11,13,15,15,16,19,19,25,25,28,42,48,49,50,50,50],"damage_taken":[{"damage":0,"enemies":"2 Louse","floor":2,"turns":2},{"damage":0,"enemies":"Cultist","floor":4,"turns":3},{"damage":2,"enemies":"Small Slimes","floor":5,"turns":5},{"damage":3,"enemies":"Exordium Thugs","floor":8,"turns":2},{"damage":0,"enemies":"downfall:FleeingMerchant","floor":10,"turns":4},{"damage":5,"enemies":"3 Sentries","floor":11,"turns":5},{"damage":0,"enemies":"Large Slime","floor":12,"turns":3},{"damage":7,"enemies":"Lagavulin","floor":13,"turns":7},{"damage":1,"enemies":"downfall:LooterAlt","floor":14,"turns":2},{"damage":0,"enemies":"3 Louse","floor":15,"turns":2},{"damage":20,"enemies":"DF_ARCHETYPE_STREAMLINE","floor":16,"turns":9},{"damage":18,"enemies":"3 Byrds","floor":19,"turns":5},{"damage":4,"enemies":"Shell Parasite","floor":20,"turns":5},{"damage":14,"enemies":"downfall:FleeingMerchant","floor":22,"turns":4},{"damage":10,"enemies":"Snecko","floor":23,"turns":5},{"damage":3,"enemies":"Shelled Parasite and Fungi","floor":25,"turns":6},{"damage":0,"enemies":"Snake Plant","floor":26,"turns":5},{"damage":0,"enemies":"Snecko","floor":27,"turns":6},{"damage":7,"enemies":"Cultist and Chosen","floor":28,"turns":5},{"damage":0,"enemies":"Shelled Parasite and Fungi","floor":29,"turns":7},{"damage":2,"enemies":"Centurion and Healer","floor":31,"turns":5},{"damage":4,"enemies":"Cultist and Chosen","floor":32,"turns":7},{"damage":4,"enemies":"SI_MIRROR_ARCHETYPE","floor":33,"turns":8},{"damage":2,"enemies":"Orb Walker","floor":36,"turns":5},{"damage":1,"enemies":"3 Shapes","floor":37,"turns":7},{"damage":0,"enemies":"downfall:FleeingMerchant","floor":38,"turns":4},{"damage":0,"enemies":"Sphere and 2 Shapes","floor":39,"turns":7},{"damage":18,"enemies":"Giant Head","floor":42,"turns":7},{"damage":0,"enemies":"Jaw Worm Horde","floor":43,"turns":4},{"damage":8,"enemies":"downfall:FleeingMerchant","floor":46,"turns":5},{"damage":15,"enemies":"Nemesis","floor":48,"turns":9},{"damage":9,"enemies":"Transient","floor":49,"turns":5},{"damage":73,"enemies":"WA_ARCHETYPE_DIVINITY","floor":50,"turns":23}],"seed_played":"4585623757037566893","potions_obtained":[{"floor":0,"key":"SkillPotion"},{"floor":0,"key":"BlessingOfTheForge"},{"floor":0,"key":"EntropicBrew"},{"floor":5,"key":"Energy Potion"},{"floor":8,"key":"Strength Potion"},{"floor":11,"key":"sneckomod:MuddlingPotion"},{"floor":13,"key":"Energy Potion"},{"floor":25,"key":"Strength Potion"},{"floor":27,"key":"PowerPotion"},{"floor":29,"key":"Ancient Potion"},{"floor":33,"key":"Fire Potion"},{"floor":37,"key":"Swift Potion"},{"floor":42,"key":"SkillPotion"},{"floor":48,"key":"sneckomod:CheatPotion"},{"floor":49,"key":"Regen Potion"}],"is_trial":false,"path_per_floor":["R","M","?","M","M","R","T","M","R","$","E","M","E","M","M","B",null,"R","M","M","?","$","M","T","M","M","M","M","M","R","M","M","B",null,"R","M","M","$","M","?","T","E","M","?","R","$","R","E","M","B",null],"character_chosen":"THE_SNECKO","items_purchased":["Dark Shackles","Explosive Potion","Energy Potion","Membership Card","Orichalcum","BlessingOfTheForge"],"campfire_rested":1,"item_purchase_floors":[22,22,22,38,38,46],"current_hp_per_floor":[81,81,81,81,79,79,79,81,81,81,81,81,79,78,88,75,86,86,73,69,69,55,45,45,52,52,52,50,50,50,48,44,40,78,78,76,75,75,75,75,75,62,62,62,62,56,83,75,73,33],"gold":60,"neow_bonus":"THREE_SMALL_POTIONS","is_daily":false,"chose_seed":false,"campfire_upgraded":4,"win_rate":0.0,"timestamp":1614175235,"path_taken":["R","M","?","?","M","R","T","M","R","$","E","M","E","M","M","BOSS","R","M","M","?","?","M","T","M","M","M","?","M","R","M","M","BOSS","R","M","M","$","M","?","T","E","M","?","R","$","R","E","M","BOSS"],"items_purchased_type":["Card","Potion","Potion","Relic","Relic","Potion"],"build_version":"2020-12-22","purchased_purges":3,"victory":true,"max_hp_per_floor":[90,90,90,90,90,90,90,90,90,90,90,90,90,90,90,90,90,90,90,90,90,90,90,90,90,90,90,90,90,90,90,90,90,90,90,90,90,90,90,90,90,90,90,90,90,90,90,90,90,90],"relic_stats":{"Blood Vial":8,"counters":[23,110],"StoneCalendar":[318],"Pandora\u0027s Box":["sneckomod:UnknownColorless","sneckomod:UnknownDexterity","sneckomod:WideSting","sneckomod:DiceBlock","sneckomod:Unknown0Cost"],"Turnip":[0],"Orichalcum":[72],"obtain_stats":[{"Singing Bowl":17,"sneckomod:BlankCard":10,"Oddly Smooth Stone":42,"Mango":17,"GremlinMask":20,"PreservedInsect":7,"Bag of Preparation":14,"sneckomod:SneckoSoul":0,"Smiling Mask":5,"bronze:BronzeIdol":17,"Calling Bell":17,"Blood Vial":44,"SsserpentHead":20,"FaceOfCleric":20,"Mummified Hand":12,"Shuriken":26,"sneckomod:ConfusingCodex":41,"CultistMask":20,"Turnip":48,"downfall:CloakOfManyFaces":20,"NlothsMask":20},{"Singing Bowl":11,"sneckomod:BlankCard":5,"Oddly Smooth Stone":18,"Mango":11,"GremlinMask":13,"PreservedInsect":3,"Bag of Preparation":9,"sneckomod:SneckoSoul":0,"Smiling Mask":2,"bronze:BronzeIdol":11,"Calling Bell":11,"Blood Vial":19,"SsserpentHead":13,"FaceOfCleric":13,"Mummified Hand":7,"Shuriken":16,"sneckomod:ConfusingCodex":17,"CultistMask":13,"Turnip":21,"downfall:CloakOfManyFaces":13,"NlothsMask":13},{"Singing Bowl":33,"sneckomod:BlankCard":14,"Oddly Smooth Stone":64,"Mango":33,"GremlinMask":39,"PreservedInsect":9,"Bag of Preparation":26,"sneckomod:SneckoSoul":0,"Smiling Mask":6,"bronze:BronzeIdol":33,"Calling Bell":33,"Blood Vial":68,"SsserpentHead":39,"FaceOfCleric":39,"Mummified Hand":20,"Shuriken":55,"sneckomod:ConfusingCodex":57,"CultistMask":39,"Turnip":82,"downfall:CloakOfManyFaces":39,"NlothsMask":39}],"Toy Ornithopter":77,"WarpedTongs":[132]},"card_choices":[{"not_picked":["sneckomod:SoulRoll","sneckomod:MixItUp"],"picked":"sneckomod:Unknown2Cost","floor":2},{"not_picked":["sneckomod:UnknownUncommonSkill","sneckomod:Unknown1Cost"],"picked":"sneckomod:DiceBoulder","floor":4},{"not_picked":["sneckomod:UnknownCommonSkill","sneckomod:DiceCrush"],"picked":"sneckomod:Memorize","floor":5},{"not_picked":["sneckomod:UnknownDraw","sneckomod:Unknown2Cost"],"picked":"sneckomod:DefensiveFlair","floor":8},{"not_picked":["sneckomod:QuickMove","sneckomod:SnakeSap"],"picked":"sneckomod:Nope","floor":10},{"not_picked":["sneckomod:DiceCrush","sneckomod:UnknownCommonAttack"],"picked":"sneckomod:QuickMove","floor":11},{"not_picked":["sneckomod:SnekBeam","sneckomod:TrashToTreasure"],"picked":"sneckomod:UnknownExhaust","floor":12},{"not_picked":["sneckomod:IronFang","sneckomod:RainOfDice"],"picked":"sneckomod:UnknownDraw","floor":13},{"not_picked":["sneckomod:SlitherStrike","sneckomod:IronFang"],"picked":"sneckomod:WideSting","floor":14},{"not_picked":["sneckomod:UnknownCommonSkill","sneckomod:DiceBlock"],"picked":"sneckomod:UnknownStrength","floor":15},{"not_picked":["sneckomod:Transmogrify","sneckomod:Cheat"],"picked":"sneckomod:Unknown3Cost","floor":16},{"not_picked":["sneckomod:QuickMove","sneckomod:UnknownClassRED","sneckomod:WideSting"],"picked":"SKIP","floor":19},{"not_picked":["sneckomod:UnknownCommonSkill","sneckomod:UnknownClassRED+1"],"picked":"sneckomod:Memorize","floor":20},{"not_picked":["sneckomod:UnknownClassGUARDIAN+1","sneckomod:DiceCrush+1"],"picked":"sneckomod:QuickBite+1","floor":22},{"not_picked":["sneckomod:IronFang","sneckomod:DiceBlock","sneckomod:UnknownClassBLUE"],"picked":"SKIP","floor":23},{"not_picked":["sneckomod:SoulDraw","sneckomod:UnknownColorless+1"],"picked":"sneckomod:TrashToTreasure+1","floor":25},{"not_picked":["sneckomod:QuickBite","sneckomod:DiceBlock"],"picked":"sneckomod:UnknownDexterity+1","floor":26},{"not_picked":["sneckomod:UnendingSupply","sneckomod:UnknownDexterity"],"picked":"sneckomod:CheapStock","floor":27},{"not_picked":["sneckomod:RainOfDice","sneckomod:IronFang+1","sneckomod:DiceCrush"],"picked":"SKIP","floor":28},{"not_picked":["sneckomod:SerpentIdol","sneckomod:UnknownCommonAttack"],"picked":"sneckomod:Memorize","floor":29},{"not_picked":["sneckomod:UnknownWeak+1","sneckomod:DiceCrush"],"picked":"sneckomod:SoulRoll+1","floor":31},{"not_picked":["sneckomod:DiceBoulder","sneckomod:UnknownX"],"picked":"sneckomod:UnknownDexterity","floor":32},{"not_picked":["sneckomod:SerpentMind","sneckomod:SoulExchange"],"picked":"sneckomod:Unknown3Cost","floor":33},{"not_picked":["sneckomod:SoulDraw","sneckomod:UnknownClassBLUE+1"],"picked":"sneckomod:Memorize","floor":36},{"not_picked":["sneckomod:ImprovisedAttack","sneckomod:UnknownClassBLUE"],"picked":"sneckomod:SoulCleanse+1","floor":37},{"not_picked":["sneckomod:SnekBeam","sneckomod:DiceCrush","sneckomod:IronFang+1"],"picked":"SKIP","floor":38},{"not_picked":["sneckomod:UnknownClassBLUE+1","sneckomod:UnknownBlock","sneckomod:UnknownUncommonAttack+1"],"picked":"SKIP","floor":39},{"not_picked":["sneckomod:IronFang","sneckomod:UnknownVulnerable"],"picked":"sneckomod:SlitherStrike+1","floor":42},{"not_picked":["sneckomod:QuickMove","sneckomod:UnknownCommonAttack+1"],"picked":"sneckomod:UnknownStrength+1","floor":43},{"not_picked":["sneckomod:UnknownExhaust","sneckomod:ImprovisedGuard+1","sneckomod:DiceBlock"],"picked":"SKIP","floor":46},{"not_picked":["sneckomod:Transmogrify","sneckomod:UnknownClassGUARDIAN","sneckomod:UnknownCommonAttack"],"picked":"SKIP","floor":48},{"not_picked":["sneckomod:Unknown2Cost","sneckomod:QuickBite","sneckomod:UnknownClassBLUE+1"],"picked":"SKIP","floor":49}],"player_experience":2016790,"relics_obtained":[{"floor":7,"key":"Toy Ornithopter"},{"floor":11,"key":"StoneCalendar"},{"floor":13,"key":"Girya"},{"floor":41,"key":"sneckomod:ConfusingCodex"},{"floor":42,"key":"Oddly Smooth Stone"},{"floor":44,"key":"Blood Vial"},{"floor":48,"key":"Turnip"}],"event_choices":[{"damage_healed":0,"gold_gain":0,"player_choice":"Got Potions","damage_taken":0,"max_hp_gain":0,"max_hp_loss":0,"event_name":"Lab","floor":3,"gold_loss":0},{"damage_healed":0,"gold_gain":0,"player_choice":"Rummage","damage_taken":0,"relics_obtained":["WarpedTongs"],"max_hp_gain":0,"max_hp_loss":0,"event_name":"Accursed Blacksmith","floor":21,"gold_loss":0,"cards_obtained":["Pain"]},{"damage_healed":0,"gold_gain":3,"player_choice":"3","damage_taken":0,"max_hp_gain":0,"max_hp_loss":0,"event_name":"betterStone:BetterStone","floor":40,"gold_loss":0,"cards_obtained":["sneckomod:DangerNoodle"]}],"is_beta":false,"boss_relics":[{"not_picked":["Runic Dome","Fusion Hammer"],"picked":"Runic Pyramid"},{"not_picked":["Tiny House","Philosopher\u0027s Stone"],"picked":"Pandora\u0027s Box"}],"items_purged_floors":[10,22,38],"is_endless":false,"potions_floor_spawned":[2,5,8,11,13,25,27,29,33,37,42,48,49],"ascension_level":8}}