{"host":"4yf2n7l3ni368tvf","time":1614152486,"event":{"mods":["AchievementEnabler","BaseMod","Colored Map","DeckTracker","Keyboard Shortcuts","Minty Spire (QoL Compilation)","SuperFastMode"],"gold_per_floor":[117,130,141,153,153,173,201,201,254,266,333,365,393,418,430,442,442],"floor_reached":16,"language":"KOR","playtime":500,"items_purged":[],"score":158,"play_id":"875a7bac-740f-4209-afbb-0c6b31ae4bfc","local_time":"20210224164126","is_ascension_mode":true,"campfire_choices":[{"floor":10.0,"key":"REST"},{"floor":15.0,"key":"REST"}],"circlet_count":0,"master_deck":["Strike_R","Strike_R","Strike_R","Strike_R","Strike_R","Defend_R","Defend_R","Defend_R","Bash","Ghostly Armor","Twin Strike","Thunderclap","Disarm","Offering","Dropkick","Barricade","Perfected Strike","Intimidate","Shrug It Off","Perfected Strike"],"relics":["Burning Blood","Vajra","Shuriken","MawBank","Strawberry"],"acts_visited":["Exordium"],"potions_floor_usage":[16],"damage_taken":[{"damage":6.0,"enemies":"Cultist","floor":1.0,"turns":4.0},{"damage":13.0,"enemies":"Jaw Worm","floor":2.0,"turns":4.0},{"damage":19.0,"enemies":"Small Slimes","floor":3.0,"turns":4.0},{"damage":23.0,"enemies":"Exordium Thugs","floor":4.0,"turns":5.0},{"damage":12.0,"enemies":"Looter","floor":6.0,"turns":3.0},{"damage":41.0,"enemies":"Lagavulin","floor":7.0,"turns":7.0},{"damage":54.0,"enemies":"Lagavulin Event","floor":11.0,"turns":8.0},{"damage":19.0,"enemies":"Red Slaver","floor":12.0,"turns":3.0},{"damage":10.0,"enemies":"Gremlin Gang","floor":13.0,"turns":3.0},{"damage":14.0,"enemies":"Lots of Slimes","floor":14.0,"turns":5.0},{"damage":36,"enemies":"The Guardian","floor":16,"turns":7}],"seed_played":"-4804569344816085664","potions_obtained":[{"floor":1.0,"key":"FairyPotion"},{"floor":3.0,"key":"CultistPotion"},{"floor":13.0,"key":"GamblersBrew"},{"floor":14.0,"key":"Strength Potion"}],"is_trial":false,"path_per_floor":["M","M","M","M","?","M","E","T","T","R","?","M","M","M","R","B"],"character_chosen":"IRONCLAD","items_purchased":[],"campfire_rested":2,"item_purchase_floors":[],"current_hp_per_floor":[88,81,68,51,51,45,10,10,10,36,32,19,15,7,35,0,0],"gold":442,"neow_bonus":"TEN_PERCENT_HP_BONUS","is_daily":false,"chose_seed":false,"campfire_upgraded":0,"win_rate":0.0,"timestamp":1614152486,"path_taken":["M","M","M","M","?","M","E","?","T","R","?","?","M","M","R","BOSS"],"items_purchased_type":[],"build_version":"2020-12-22","purchased_purges":0,"victory":false,"max_hp_per_floor":[88,88,88,88,88,88,88,88,88,88,95,95,95,95,95,95,95],"card_choices":[{"not_picked":["Clothesline","Iron Wave"],"picked":"Ghostly Armor","floor":1.0},{"not_picked":["Dropkick","Sever Soul"],"picked":"Twin Strike","floor":2.0},{"not_picked":["Power Through","Clash"],"picked":"Thunderclap","floor":3.0},{"not_picked":["Combust","Dark Embrace"],"picked":"Disarm","floor":4.0},{"not_picked":["Anger","Heavy Blade"],"picked":"Dropkick","floor":6.0},{"not_picked":["Burning Pact","Clothesline"],"picked":"Barricade","floor":7.0},{"not_picked":["Clash","Reckless Charge"],"picked":"Perfected Strike","floor":11.0},{"not_picked":["Anger","Wild Strike"],"picked":"Intimidate","floor":12.0},{"not_picked":["Warcry","Entrench"],"picked":"Shrug It Off","floor":13.0},{"not_picked":["Armaments","Headbutt"],"picked":"Perfected Strike","floor":14.0}],"player_experience":280140,"relics_obtained":[{"floor":7.0,"key":"Vajra"},{"floor":8.0,"key":"Shuriken"},{"floor":9.0,"key":"MawBank"},{"floor":11.0,"key":"Strawberry"}],"event_choices":[{"damage_healed":0.0,"max_hp_gain":0.0,"max_hp_loss":0.0,"gold_gain":0.0,"cards_transformed":["Defend_R"],"event_name":"Living Wall","player_choice":"Change","floor":5.0,"gold_loss":0.0,"damage_taken":0.0,"cards_obtained":["Offering"]},{"damage_healed":0.0,"max_hp_gain":0.0,"max_hp_loss":0.0,"gold_gain":30.0,"event_name":"Dead Adventurer","player_choice":"Searched \u00272\u0027 times","floor":11.0,"gold_loss":0.0,"damage_taken":0.0}],"is_beta":false,"boss_relics":[],"items_purged_floors":[],"is_endless":false,"potions_floor_spawned":[1,3,13,14],"killed_by":"The Guardian","ascension_level":5}}