{"host":"en4narc5947t7k9n","time":1614170306,"event":{"mods":["AchievementEnabler","BaseMod","Colored Map","Minty Spire (QoL Compilation)","SuperFastMode"],"gold_per_floor":[111,121,47,60,60,60,73,73,73,103,115,115,65,85,85,85,85],"floor_reached":16,"language":"KOR","playtime":435,"items_purged":[],"score":102,"play_id":"dd03a5b4-e65e-4a86-a644-02b20eeddb4f","local_time":"20210224213826","is_ascension_mode":false,"campfire_choices":[{"floor":6,"key":"RECALL"},{"data":"Terror","floor":12,"key":"SMITH"},{"data":"Noxious Fumes","floor":15,"key":"SMITH"}],"circlet_count":0,"master_deck":["Strike_G","Strike_G","Strike_G","Strike_G","Defend_G","Defend_G","Defend_G","Defend_G","Defend_G","Survivor","Neutralize","Backflip","Poisoned Stab","Noxious Fumes+1","Prepared","Terror+1","Die Die Die","Bane","PiercingWail"],"relics":["Ring of the Snake","NeowsBlessing","NlothsMask","Sundial"],"acts_visited":["Exordium"],"potions_floor_usage":[10,16,16],"damage_taken":[{"damage":0,"enemies":"Cultist","floor":1,"turns":1},{"damage":0,"enemies":"Jaw Worm","floor":2,"turns":1},{"damage":0,"enemies":"2 Louse","floor":4,"turns":1},{"damage":2,"enemies":"Blue Slaver","floor":7,"turns":5},{"damage":23,"enemies":"Gremlin Nob","floor":10,"turns":5},{"damage":10,"enemies":"Large Slime","floor":11,"turns":6},{"damage":5,"enemies":"Looter","floor":14,"turns":3},{"damage":45,"enemies":"Slime Boss","floor":16,"turns":6}],"seed_played":"-5724116996247994770","potions_obtained":[{"floor":2,"key":"PowerPotion"},{"floor":10,"key":"BlessingOfTheForge"},{"floor":14,"key":"FearPotion"}],"is_trial":false,"path_per_floor":["M","M","$","M","?","R","M","?","T","E","M","R","?","M","R","B"],"character_chosen":"THE_SILENT","items_purchased":["Noxious Fumes"],"campfire_rested":0,"item_purchase_floors":[3],"current_hp_per_floor":[70,70,70,70,75,75,73,73,73,50,40,40,40,35,35,0,0],"gold":85,"neow_bonus":"THREE_ENEMY_KILL","is_daily":false,"chose_seed":false,"campfire_upgraded":2,"win_rate":0.0,"timestamp":1614170306,"path_taken":["M","M","$","M","?","R","M","?","T","E","?","R","?","M","R","BOSS"],"items_purchased_type":["Card"],"build_version":"2020-12-22","purchased_purges":0,"victory":false,"max_hp_per_floor":[70,70,70,70,75,75,75,75,75,75,75,75,75,75,75,75,75],"card_choices":[{"not_picked":["Poisoned Stab","Dagger Spray"],"picked":"Backflip","floor":1},{"not_picked":["Flying Knee","Backflip"],"picked":"Poisoned Stab","floor":2},{"not_picked":["Choke","Cloak And Dagger"],"picked":"Prepared","floor":4},{"not_picked":["Backflip","Flechettes"],"picked":"Terror","floor":7},{"not_picked":["Dagger Spray","Endless Agony"],"picked":"Die Die Die","floor":10},{"not_picked":["Expertise","Flying Knee"],"picked":"Bane","floor":11},{"not_picked":["Terror","Bane"],"picked":"PiercingWail","floor":14}],"player_experience":199028,"relics_obtained":[{"floor":10,"key":"Sundial"}],"event_choices":[{"damage_healed":0,"gold_gain":0,"player_choice":"Donut","damage_taken":0,"max_hp_gain":5,"max_hp_loss":0,"event_name":"Big Fish","floor":5,"gold_loss":0},{"damage_healed":0,"gold_gain":0,"player_choice":"Trade","damage_taken":0,"relics_obtained":["NlothsMask"],"max_hp_gain":0,"max_hp_loss":0,"event_name":"FaceTrader","floor":8,"gold_loss":0},{"cards_removed":["Strike_G"],"damage_healed":0,"gold_gain":0,"player_choice":"Card Removal","damage_taken":0,"max_hp_gain":0,"max_hp_loss":0,"event_name":"The Cleric","floor":13,"gold_loss":50}],"is_beta":false,"boss_relics":[],"items_purged_floors":[],"is_endless":false,"potions_floor_spawned":[2,10,14],"killed_by":"Slime Boss","ascension_level":0}}