{"host":"szp1d6dso4pv7ddl","time":1614131530,"event":{"mods":["AchievementEnabler","Alarm Clock","BaseMod","Bestiary","Block Reminder","Colored Map","Colored Powertips","Curses Come First","Dark Map","Displayed Cursed Tome","Highlight Path","Minty Spire (QoL Compilation)","Permanent Neow","Quick Restart","Relic Sorter","Relic Stats","StSLib","Synergy Search"],"gold_per_floor":[12,24,24,24,24,24,64,64,64,84,123,123,36,59,59,155,155,173,173,7,26,45,45,81,106,106,106,106,129,129,129,129,222,222,241,241,241,241,259,259,280,280,280,280,280],"floor_reached":44,"language":"ENG","playtime":2953,"items_purged":[],"score":868,"play_id":"a790b8c5-d163-475b-8dca-5659ec99ce1a","local_time":"20210223175210","is_ascension_mode":true,"campfire_choices":[{"data":"Blade Dance","floor":6.0,"key":"SMITH"},{"floor":8.0,"key":"REST"},{"floor":12.0,"key":"REST"},{"floor":15.0,"key":"REST"},{"data":"Accuracy","floor":23.0,"key":"SMITH"},{"floor":28.0,"key":"REST"},{"data":"Blade Dance","floor":30,"key":"SMITH"},{"floor":32,"key":"REST"},{"data":"Deadly Poison","floor":40,"key":"SMITH"},{"floor":42,"key":"REST"}],"circlet_count":0,"master_deck":["AscendersBane","Defend_G+1","Defend_G+1","Defend_G+1","Defend_G+1","Defend_G+1","Survivor","Neutralize","Catalyst+1","Blade Dance+1","Sucker Punch","Blade Dance+1","Die Die Die","Accuracy+1","Dash","After Image","Caltrops","Infinite Blades","Backflip","Leg Sweep+1","Dodge and Roll","Catalyst","Masterful Stab","Burst","Deadly Poison+1","Dodge and Roll+1"],"relics":["Ring of the Snake","Golden Idol","Smiling Mask","Thread and Needle","Bronze Scales","Empty Cage","Pocketwatch","Singing Bowl","Nloth\u0027s Gift","Cursed Key"],"acts_visited":["Exordium","TheCity","TheBeyond"],"potions_floor_usage":[33,39],"damage_taken":[{"damage":0.0,"enemies":"2 Louse","floor":1.0,"turns":3.0},{"damage":10.0,"enemies":"Jaw Worm","floor":2.0,"turns":5.0},{"damage":17.0,"enemies":"3 Sentries","floor":7.0,"turns":7.0},{"damage":0.0,"enemies":"Small Slimes","floor":10.0,"turns":4.0},{"damage":39.0,"enemies":"Gremlin Nob","floor":11.0,"turns":5.0},{"damage":0.0,"enemies":"3 Louse","floor":14.0,"turns":2.0},{"damage":21.0,"enemies":"Hexaghost","floor":16.0,"turns":9.0},{"damage":0.0,"enemies":"3 Byrds","floor":18.0,"turns":5.0},{"damage":10.0,"enemies":"2 Thieves","floor":21.0,"turns":3.0},{"damage":0.0,"enemies":"Centurion and Healer","floor":22.0,"turns":5.0},{"damage":20.0,"enemies":"Book of Stabbing","floor":24.0,"turns":6.0},{"damage":0.0,"enemies":"Snecko","floor":25.0,"turns":4.0},{"damage":1,"enemies":"Snake Plant","floor":29,"turns":5},{"damage":27,"enemies":"Champ","floor":33,"turns":16},{"damage":0,"enemies":"3 Shapes","floor":35,"turns":7},{"damage":7,"enemies":"Orb Walker","floor":39,"turns":5},{"damage":18,"enemies":"3 Darklings","floor":41,"turns":5},{"damage":50,"enemies":"Transient","floor":44,"turns":6}],"seed_played":"1365367701865177730","potions_obtained":[{"floor":2.0,"key":"Explosive Potion"},{"floor":10.0,"key":"Energy Potion"},{"floor":16.0,"key":"Weak Potion"},{"floor":21.0,"key":"Strength Potion"},{"floor":22.0,"key":"ColorlessPotion"},{"floor":35,"key":"Swift Potion"}],"is_trial":false,"path_per_floor":["M","M","?","?","?","R","E","R","T","M","E","R","$","M","R","B",null,"M","?","$","M","M","R","E","M","T","?","R","M","R","?","R","B",null,"M","?","?","?","M","R","M","R","T","M"],"character_chosen":"THE_SILENT","items_purchased":["Accuracy","Escape Plan","Caltrops"],"campfire_rested":6,"item_purchase_floors":[13,20,20],"current_hp_per_floor":[59,49,49,49,42,42,25,43,43,43,4,22,22,22,40,19,50,50,50,50,40,40,40,20,20,20,20,38,39,39,39,57,30,54,54,54,54,54,49,49,31,50,50,0,0],"gold":280,"neow_bonus":"ONE_RARE_RELIC","is_daily":false,"chose_seed":false,"campfire_upgraded":4,"win_rate":0.0,"timestamp":1614131530,"path_taken":["M","M","?","?","?","R","E","R","T","M","E","R","$","M","R","BOSS","M","?","$","M","M","R","E","M","T","?","R","?","R","?","R","BOSS","M","?","?","?","M","R","M","R","T","?"],"items_purchased_type":["Card","Card","Card"],"build_version":"2020-12-22","purchased_purges":0,"victory":false,"max_hp_per_floor":[66,66,66,60,60,60,60,60,60,60,60,60,60,60,60,60,60,60,60,60,60,60,60,60,60,60,60,60,62,62,62,62,62,62,62,62,62,62,64,64,64,64,64,64,64],"relic_stats":{"Singing Bowl":4,"counters":[18,102],"Golden Idol":104,"Bronze Scales":[286],"Nloth\u0027s Gift":1,"Smiling Mask":0,"Cursed Key":0,"obtain_stats":[{"Singing Bowl":26,"Golden Idol":4,"Bronze Scales":11,"StoneCalendar":0,"Thread and Needle":9,"Nloth\u0027s Gift":27,"Smiling Mask":7,"Empty Cage":17,"Cursed Key":34,"Ring of the Snake":0,"Pocketwatch":24},{"Singing Bowl":12,"Golden Idol":2,"Bronze Scales":5,"StoneCalendar":0,"Thread and Needle":3,"Nloth\u0027s Gift":12,"Smiling Mask":3,"Empty Cage":7,"Cursed Key":14,"Ring of the Snake":0,"Pocketwatch":11},{"Singing Bowl":58,"Golden Idol":8,"Bronze Scales":24,"StoneCalendar":0,"Thread and Needle":15,"Nloth\u0027s Gift":58,"Smiling Mask":15,"Empty Cage":35,"Cursed Key":79,"Ring of the Snake":0,"Pocketwatch":54}],"Ring of the Snake":[36],"Pocketwatch":[27]},"card_choices":[{"not_picked":["Cloak And Dagger","Deadly Poison"],"picked":"Catalyst","floor":1.0},{"not_picked":["Choke","Flying Knee"],"picked":"Blade Dance","floor":2.0},{"not_picked":["Leg Sweep","Flying Knee"],"picked":"Sucker Punch","floor":7.0},{"not_picked":["PiercingWail","Choke"],"picked":"Blade Dance","floor":10.0},{"not_picked":["Setup","Quick Slash"],"picked":"Die Die Die","floor":11.0},{"not_picked":["Blur","Dagger Throw"],"picked":"Dash","floor":14.0},{"not_picked":["Tools of the Trade","Glass Knife"],"picked":"After Image","floor":16.0},{"not_picked":["Finisher","Expertise","Flechettes"],"picked":"SKIP","floor":18.0},{"not_picked":["Bane","Quick Slash"],"picked":"Infinite Blades","floor":21.0},{"not_picked":["Concentrate","Outmaneuver"],"picked":"Backflip","floor":22.0},{"not_picked":["Heel Hook","Prepared"],"picked":"Leg Sweep+1","floor":24.0},{"not_picked":["Slice","Phantasmal Killer"],"picked":"Dodge and Roll","floor":25.0},{"not_picked":["Quick Slash","Doppelganger","Dash+1"],"picked":"Singing Bowl","floor":29},{"not_picked":["Grand Finale","Corpse Explosion"],"picked":"Burst","floor":33},{"not_picked":["Finisher","Poisoned Stab+1"],"picked":"Deadly Poison","floor":35},{"not_picked":["Setup+1","Outmaneuver","Leg Sweep"],"picked":"Singing Bowl","floor":39},{"not_picked":["Setup","Backflip+1"],"picked":"Dodge and Roll+1","floor":41}],"player_experience":1652788,"relics_obtained":[{"floor":7.0,"key":"Smiling Mask"},{"floor":9.0,"key":"Thread and Needle"},{"floor":11.0,"key":"Bronze Scales"},{"floor":24.0,"key":"Pocketwatch"},{"floor":26.0,"key":"Singing Bowl"}],"event_choices":[{"damage_healed":0.0,"max_hp_gain":0.0,"max_hp_loss":0.0,"gold_gain":0.0,"event_name":"Living Wall","player_choice":"Grow","floor":3.0,"gold_loss":0.0,"damage_taken":0.0,"cards_upgraded":["Catalyst"]},{"damage_healed":0.0,"max_hp_gain":0.0,"max_hp_loss":6.0,"gold_gain":0.0,"event_name":"Golden Idol","player_choice":"Lose Max HP","floor":4.0,"gold_loss":0.0,"damage_taken":0.0,"relics_obtained":["Golden Idol"]},{"cards_removed":["Strike_G"],"damage_healed":0.0,"max_hp_gain":0.0,"max_hp_loss":0.0,"gold_gain":0.0,"event_name":"Golden Wing","player_choice":"Card Removal","floor":5.0,"gold_loss":0.0,"damage_taken":7.0},{"damage_healed":0.0,"max_hp_gain":0.0,"max_hp_loss":0.0,"gold_gain":0.0,"event_name":"Back to Basics","player_choice":"Simplicity","floor":19.0,"gold_loss":0.0,"damage_taken":0.0,"cards_upgraded":["Strike_G","Strike_G","Defend_G","Defend_G","Defend_G","Defend_G","Defend_G"]},{"damage_healed":0.0,"max_hp_gain":0.0,"max_hp_loss":0.0,"gold_gain":0.0,"event_name":"N\u0027loth","player_choice":"Traded Relic","floor":27.0,"relics_lost":["StoneCalendar"],"gold_loss":0.0,"damage_taken":0.0,"relics_obtained":["Nloth\u0027s Gift"]},{"damage_healed":0,"gold_gain":0,"cards_transformed":["Strike_G","Strike_G"],"player_choice":"Became Test Subject","damage_taken":0,"max_hp_gain":0,"max_hp_loss":0,"event_name":"Drug Dealer","floor":31,"gold_loss":0,"cards_obtained":["Catalyst","Masterful Stab"]},{"cards_removed":["Escape Plan"],"damage_healed":0,"gold_gain":0,"player_choice":"Removed Skill","damage_taken":0,"max_hp_gain":0,"max_hp_loss":0,"event_name":"Falling","floor":36,"gold_loss":0},{"damage_healed":0,"gold_gain":0,"player_choice":"Ignored","damage_taken":0,"max_hp_gain":0,"max_hp_loss":0,"event_name":"Mysterious Sphere","floor":37,"gold_loss":0},{"damage_healed":0,"gold_gain":0,"player_choice":"Ignored","damage_taken":0,"max_hp_gain":0,"max_hp_loss":0,"event_name":"Tomb of Lord Red Mask","floor":38,"gold_loss":0}],"is_beta":false,"boss_relics":[{"not_picked":["Runic Pyramid","SacredBark"],"picked":"Empty Cage"},{"not_picked":["Runic Dome","Velvet Choker"],"picked":"Cursed Key"}],"items_purged_floors":[],"is_endless":false,"potions_floor_spawned":[2,10,16,18,21,22,35],"killed_by":"Transient","ascension_level":20}}