{"host":"fff5e1uasnm04x18","time":1614188609,"event":{"mods":["BaseMod","Highlight Path","Minty Spire (QoL Compilation)","StSLib"],"gold_per_floor":[10,10,10,30,30,30,49,49,49,49,49,64,64,103,103,234,297,318,77,77,95,95,95,95,95],"floor_reached":24,"language":"ENG","playtime":1564,"items_purged":["Strike_G"],"score":250,"play_id":"d804c4ec-281d-4aee-bad0-2a37c8371967","local_time":"20210224124329","is_ascension_mode":true,"campfire_choices":[{"data":"Setup","floor":6,"key":"SMITH"},{"data":"Neutralize","floor":8,"key":"SMITH"},{"floor":13,"key":"REST"},{"data":"Skewer","floor":15,"key":"SMITH"},{"floor":23,"key":"REST"}],"circlet_count":0,"master_deck":["Strike_G","Defend_G","Defend_G","Defend_G","Defend_G","Defend_G","Survivor","Neutralize+1","Setup+1","Die Die Die+1","Skewer+1","Backstab+1","Bullet Time","Concentrate+1","Magnetism"],"relics":["Ring of the Snake","Vajra","Golden Idol","Omamori","Tiny House"],"acts_visited":["Exordium","TheCity"],"potions_floor_usage":[7,12,14,16,16,16,16,17,24],"damage_taken":[{"damage":0,"enemies":"2 Louse","floor":1,"turns":2},{"damage":0,"enemies":"Cultist","floor":4,"turns":5},{"damage":1,"enemies":"Jaw Worm","floor":7,"turns":6},{"damage":10,"enemies":"Exordium Wildlife","floor":12,"turns":9},{"damage":0,"enemies":"3 Sentries","floor":14,"turns":2},{"damage":24,"enemies":"The Guardian","floor":16,"turns":15},{"damage":6,"enemies":"2 Thieves","floor":18,"turns":3},{"damage":18,"enemies":"Shell Parasite","floor":21,"turns":4},{"damage":83,"enemies":"Slavers","floor":24,"turns":7}],"seed_played":"-3806695563419491024","potions_obtained":[{"floor":1,"key":"EntropicBrew"},{"floor":12,"key":"DuplicationPotion"},{"floor":16,"key":"SmokeBomb"},{"floor":17,"key":"Fruit Juice"},{"floor":21,"key":"EssenceOfSteel"}],"is_trial":false,"path_per_floor":["M","?","?","M","$","R","M","R","T","?","$","M","R","E","R","B",null,"M","$","?","M","?","R","E"],"character_chosen":"THE_SILENT","items_purchased":["Magnetism"],"campfire_rested":2,"item_purchase_floors":[19],"current_hp_per_floor":[70,70,70,70,70,70,69,69,69,52,52,42,63,63,63,39,80,74,74,74,56,56,80,0,0],"gold":95,"neow_bonus":"TRANSFORM_TWO_CARDS","is_daily":false,"chose_seed":false,"campfire_upgraded":3,"win_rate":0.0,"timestamp":1614188609,"path_taken":["M","?","?","?","$","R","M","R","T","?","?","M","R","E","R","BOSS","M","$","?","M","?","R","E"],"items_purchased_type":["Card"],"build_version":"2020-12-22","purchased_purges":1,"victory":false,"max_hp_per_floor":[70,70,70,70,70,70,70,70,70,70,70,70,70,70,70,70,80,80,80,80,80,80,80,80,80],"card_choices":[{"not_picked":["Riddle With Holes","Prepared","Quick Slash"],"picked":"SKIP","floor":1},{"not_picked":["PiercingWail","Backflip","Deflect"],"picked":"SKIP","floor":4},{"not_picked":["Underhanded Strike","Outmaneuver","Bane"],"picked":"SKIP","floor":7},{"not_picked":["Dodge and Roll","Poisoned Stab"],"picked":"Skewer","floor":12},{"not_picked":["Acrobatics","Poisoned Stab"],"picked":"Backstab","floor":14},{"not_picked":["Storm of Steel","Tools of the Trade"],"picked":"Bullet Time","floor":16},{"not_picked":["Reflex","Deflect+1"],"picked":"Concentrate","floor":18},{"not_picked":["Concentrate+1","Acrobatics","Slice"],"picked":"SKIP","floor":21}],"player_experience":598693,"relics_obtained":[{"floor":9,"key":"Vajra"},{"floor":14,"key":"Omamori"}],"event_choices":[{"damage_healed":0,"gold_gain":0,"player_choice":"Grow","damage_taken":0,"max_hp_gain":0,"max_hp_loss":0,"event_name":"Living Wall","floor":2,"gold_loss":0,"cards_upgraded":["Die Die Die"]},{"cards_removed":["Strike_G"],"damage_healed":0,"gold_gain":0,"player_choice":"Purged","damage_taken":0,"max_hp_gain":0,"max_hp_loss":0,"event_name":"Purifier","floor":3,"gold_loss":0},{"damage_healed":0,"gold_gain":0,"player_choice":"Take Damage","damage_taken":17,"relics_obtained":["Golden Idol"],"max_hp_gain":0,"max_hp_loss":0,"event_name":"Golden Idol","floor":10,"gold_loss":0},{"damage_healed":0,"gold_gain":0,"player_choice":"Ignored","damage_taken":0,"max_hp_gain":0,"max_hp_loss":0,"event_name":"Ghosts","floor":20,"gold_loss":0},{"damage_healed":0,"gold_gain":0,"player_choice":"Forge","damage_taken":0,"max_hp_gain":0,"max_hp_loss":0,"event_name":"Accursed Blacksmith","floor":22,"gold_loss":0,"cards_upgraded":["Concentrate"]}],"is_beta":false,"boss_relics":[{"not_picked":["HoveringKite","SacredBark"],"picked":"Tiny House"}],"items_purged_floors":[19],"is_endless":false,"potions_floor_spawned":[1,12,16,21],"killed_by":"Slavers","ascension_level":3}}