{"host":"qc8p2flj7wsy3zpg","time":1614144242,"event":{"mods":["BaseMod","Highlight Path","Minty Spire (QoL Compilation)","Monster List Patch","Relic Stats","StSLib"],"gold_per_floor":[16,28,28,49,63,99,99,130,130,154,167,167,201,201,201,201,201],"floor_reached":16,"language":"ENG","playtime":576,"items_purged":[],"score":244,"play_id":"30380d99-3b3b-45f6-a087-247321acdc12","local_time":"20210223232402","is_ascension_mode":true,"campfire_choices":[{"data":"Clothesline","floor":7,"key":"SMITH"},{"data":"Bash","floor":12,"key":"SMITH"},{"floor":15,"key":"REST"}],"circlet_count":0,"master_deck":["AscendersBane","Strike_R","Strike_R","Strike_R","Strike_R","Strike_R","Defend_R","Defend_R","Defend_R","Defend_R","Bash+1","Perfected Strike","Clothesline+1","Sword Boomerang","Armaments","Reaper","Shrug It Off","Flame Barrier","Cleave","Bloodletting"],"relics":["Burning Blood","StoneCalendar","Golden Idol","Bronze Scales","Letter Opener","Self Forming Clay","CeramicFish"],"acts_visited":["Exordium"],"potions_floor_usage":[6,8,11,16,16],"damage_taken":[{"damage":15,"enemies":"Small Slimes","floor":1,"turns":5},{"damage":0,"enemies":"2 Louse","floor":2,"turns":2},{"damage":4,"enemies":"Jaw Worm","floor":4,"turns":3},{"damage":3,"enemies":"3 Louse","floor":5,"turns":3},{"damage":20,"enemies":"3 Sentries","floor":6,"turns":7},{"damage":15,"enemies":"Lagavulin","floor":8,"turns":5},{"damage":13,"enemies":"Large Slime","floor":10,"turns":5},{"damage":8,"enemies":"Looter","floor":11,"turns":2},{"damage":32,"enemies":"Gremlin Nob","floor":13,"turns":4},{"damage":41,"enemies":"The Guardian","floor":16,"turns":10}],"seed_played":"2953147041966323616","potions_obtained":[{"floor":1,"key":"Fire Potion"},{"floor":5,"key":"Strength Potion"},{"floor":6,"key":"SkillPotion"},{"floor":10,"key":"Explosive Potion"},{"floor":13,"key":"LiquidBronze"}],"is_trial":false,"path_per_floor":["M","M","?","M","M","E","R","E","T","M","M","R","E","?","R","B"],"character_chosen":"IRONCLAD","items_purchased":[],"campfire_rested":1,"item_purchase_floors":[],"current_hp_per_floor":[59,65,65,67,68,54,54,45,45,42,40,40,18,13,33,0,0],"gold":201,"neow_bonus":"ONE_RARE_RELIC","is_daily":false,"chose_seed":false,"campfire_upgraded":2,"win_rate":0.0,"timestamp":1614144242,"path_taken":["M","M","?","M","M","E","R","E","T","M","M","R","E","?","R","BOSS"],"items_purchased_type":[],"build_version":"2020-12-22","purchased_purges":0,"victory":false,"max_hp_per_floor":[75,75,68,68,68,68,68,68,68,68,68,68,68,68,68,68,68],"relic_stats":{"counters":[10,46],"Golden Idol":35,"Self Forming Clay":[18],"Bronze Scales":[54],"CeramicFish":0,"StoneCalendar":[71],"Letter Opener":[0],"obtain_stats":[{"Golden Idol":3,"Self Forming Clay":13,"Bronze Scales":6,"CeramicFish":14,"StoneCalendar":0,"Letter Opener":8,"Burning Blood":0},{"Golden Idol":2,"Self Forming Clay":9,"Bronze Scales":5,"CeramicFish":9,"StoneCalendar":0,"Letter Opener":6,"Burning Blood":0},{"Golden Idol":7,"Self Forming Clay":36,"Bronze Scales":20,"CeramicFish":36,"StoneCalendar":0,"Letter Opener":25,"Burning Blood":0}],"Burning Blood":52},"card_choices":[{"not_picked":["Flex","Headbutt"],"picked":"Perfected Strike","floor":1},{"not_picked":["Evolve","Headbutt"],"picked":"Clothesline","floor":2},{"not_picked":["Dropkick","Clash"],"picked":"Sword Boomerang","floor":4},{"not_picked":["Warcry","Clash"],"picked":"Armaments","floor":5},{"not_picked":["Flame Barrier","Burning Pact"],"picked":"Reaper","floor":6},{"not_picked":["Blood for Blood","Clash"],"picked":"Shrug It Off","floor":8},{"not_picked":["Body Slam","Cleave"],"picked":"Flame Barrier","floor":10},{"not_picked":["Armaments","Warcry"],"picked":"Cleave","floor":11},{"not_picked":["Searing Blow","Havoc"],"picked":"Bloodletting","floor":13}],"player_experience":2427462,"relics_obtained":[{"floor":6,"key":"Bronze Scales"},{"floor":8,"key":"Letter Opener"},{"floor":13,"key":"Self Forming Clay"}],"event_choices":[{"damage_healed":0,"gold_gain":0,"player_choice":"Lose Max HP","damage_taken":0,"relics_obtained":["Golden Idol"],"max_hp_gain":0,"max_hp_loss":7,"event_name":"Golden Idol","floor":3,"gold_loss":0},{"damage_healed":0,"gold_gain":0,"player_choice":"Success","damage_taken":5,"relics_obtained":["CeramicFish"],"max_hp_gain":0,"max_hp_loss":0,"event_name":"Scrap Ooze","floor":14,"gold_loss":0}],"is_beta":false,"boss_relics":[],"items_purged_floors":[],"is_endless":false,"potions_floor_spawned":[1,5,6,10,13],"killed_by":"The Guardian","ascension_level":20}}