{"host":"t5kis9necmbui802","time":1614195943,"event":{"mods":["100% Spire Juice","Act Like it!","BaseMod","CapriCore","Chen","Colored Powertips","Downfall","Gensokyo","HololiveMod","Koishi","KomeijiMod","Lobotomy","LobotomyExtend","Minty Spire (QoL Compilation)","MostiFishMod","Replay The Spire","Robot Space Explorer","Shop Mod","Spicy Shops","StSLib","The Alterego","The Immortal","TheWitcher","Uncapped","Yuri Mod","noobMod"],"gold_per_floor":[99,118,135,148,164,164,188,203,223,96,124,124,124],"floor_reached":11,"language":"ZHS","playtime":796,"items_purged":[],"score":85,"play_id":"0554ebb9-67fb-4954-8114-4d038a2b0c62","local_time":"20210225034543","is_ascension_mode":false,"campfire_choices":[{"floor":1,"key":"RECALL"}],"circlet_count":0,"master_deck":["sneckomod:Strike","sneckomod:Strike","sneckomod:Defend","sneckomod:Defend","sneckomod:TailWhip","sneckomod:SnekBite","sneckomod:Unknown","sneckomod:Unknown","sneckomod:SoulDraw","sneckomod:WideSting","sneckomod:DiceBlock","sneckomod:UnknownX","sneckomod:UnknownVulnerable","sneckomod:DangerNoodle","sneckomod:DiceCrush","sneckomod:CheapStock","sneckomod:CheapStock","sneckomod:DangerNoodle"],"relics":["sneckomod:SneckoSoul","DaveBox","ice","Membership Card","LetterFromLob","Ring of Hypnosis","ReplayTheSpireMod:Ring of Addiction","SacredBark","Toy Ornithopter","Art of War","MerchantsRug","Dead Branch"],"acts_visited":["Exordium"],"potions_floor_usage":[9,10,11],"damage_taken":[{"damage":1,"enemies":"Jaw Worm","floor":2,"turns":3},{"damage":5,"enemies":"2 Louse","floor":3,"turns":3},{"damage":6,"enemies":"Cultist","floor":4,"turns":3},{"damage":9,"enemies":"Blue Slaver","floor":5,"turns":3},{"damage":7,"enemies":"Gremlin Gang","floor":8,"turns":2},{"damage":24,"enemies":"3 Sentries","floor":9,"turns":9},{"damage":0,"enemies":"downfall:FleeingMerchant","floor":10,"turns":4},{"damage":29,"enemies":"Lagavulin","floor":11,"turns":8}],"seed_played":"7500734128812909287","potions_obtained":[{"floor":5,"key":"ColorlessPotion"},{"floor":6,"key":"Cursed Concoction"},{"floor":6,"key":"Fire Potion"},{"floor":11,"key":"Adrenaline Potion"}],"is_trial":false,"path_per_floor":["R","M","M","M","M","?","T","M","E","$","E"],"character_chosen":"THE_SNECKO","items_purchased":["sneckomod:CheapStock","MerchantsRug"],"campfire_rested":0,"item_purchase_floors":[10,10],"current_hp_per_floor":[63,62,57,54,48,48,48,41,22,27,77,77,77],"gold":124,"neow_bonus":"REMOVE_TWO","is_daily":false,"chose_seed":false,"campfire_upgraded":0,"win_rate":0.0,"timestamp":1614195943,"path_taken":["R","M","M","M","M","?","T","M","E","$","E"],"items_purchased_type":["Card","Relic"],"build_version":"2020-12-22","purchased_purges":0,"victory":false,"max_hp_per_floor":[90,90,90,90,90,90,90,90,90,90,91,91,91],"card_choices":[{"not_picked":["sneckomod:DiceBlock","sneckomod:UnknownUncommonAttack"],"picked":"sneckomod:SoulDraw","floor":2},{"not_picked":["sneckomod:SoulRoll","sneckomod:SoulCleanse"],"picked":"sneckomod:WideSting","floor":3},{"not_picked":["sneckomod:DiceCrush","sneckomod:DefensiveFlair"],"picked":"sneckomod:DiceBlock","floor":4},{"not_picked":["sneckomod:SoulRoll","sneckomod:UnknownCommonAttack"],"picked":"sneckomod:UnknownX","floor":5},{"not_picked":["sneckomod:TrashToTreasure","sneckomod:UnknownStrike"],"picked":"sneckomod:UnknownVulnerable","floor":8},{"not_picked":["sneckomod:TrashToTreasure","sneckomod:SnakeSap"],"picked":"sneckomod:DangerNoodle","floor":9},{"not_picked":["sneckomod:DefensiveFlair","sneckomod:UnknownBlock"],"picked":"sneckomod:DiceCrush","floor":10},{"not_picked":["sneckomod:Unknown1Cost","sneckomod:QuickMove"],"picked":"sneckomod:DangerNoodle","floor":11}],"player_experience":466315,"relics_obtained":[{"floor":3,"key":"LetterFromLob"},{"floor":6,"key":"Ring of Hypnosis"},{"floor":6,"key":"ReplayTheSpireMod:Ring of Addiction"},{"floor":6,"key":"SacredBark"},{"floor":6,"key":"Toy Ornithopter"},{"floor":9,"key":"Art of War"},{"floor":11,"key":"Dead Branch"}],"event_choices":[],"is_beta":false,"boss_relics":[],"items_purged_floors":[],"is_endless":false,"potions_floor_spawned":[5,8,11],"killed_by":"Lagavulin","ascension_level":0}}