{"host":"ju1b3c4x8n2jtjm7","time":1614177837,"event":{"mods":["AchievementEnabler","BaseMod","Colored Map","Colored Powertips","DeckTracker","Highlight Path","Minty Spire (QoL Compilation)","Quick Restart","Rare Cards Sparkle","Relic Stats","StSLib"],"gold_per_floor":[215,54,66,86,86,86,118,130,167,144,156,168,180,203,215,298,310,333,361,46,46,46,46,74,90,140,72,88,104,132,132,132,132,132],"floor_reached":33,"language":"ENG","playtime":1885,"items_purged":["Strike_G"],"score":492,"play_id":"d26465e6-cdb6-44a3-a35a-ca2e8b6041f4","local_time":"20210224154357","is_ascension_mode":true,"campfire_choices":[{"data":"Footwork","floor":6.0,"key":"SMITH"},{"data":"Choke","floor":11.0,"key":"SMITH"},{"data":"Masterful Stab","floor":13.0,"key":"SMITH"},{"data":"Calculated Gamble","floor":15.0,"key":"SMITH"},{"floor":23.0,"key":"REST"},{"floor":32.0,"key":"REST"}],"circlet_count":0,"master_deck":["AscendersBane","Strike_G","Strike_G","Strike_G","Strike_G","Defend_G","Defend_G","Defend_G","Defend_G","Defend_G+1","Survivor+1","Neutralize+1","Footwork+1","Choke+1","Flash of Steel","Deflect","Backflip","Masterful Stab+1","Calculated Gamble+1","A Thousand Cuts","Prepared","Masterful Stab","Blur","Bandage Up","Blur","Tactician+1","Well Laid Plans","Dagger Spray+1","Terror"],"relics":["Ring of the Snake","MawBank","Toy Ornithopter","Fusion Hammer","Pear","Bag of Preparation","White Beast Statue"],"acts_visited":["Exordium","TheCity"],"potions_floor_usage":[],"damage_taken":[{"damage":0.0,"enemies":"Jaw Worm","floor":1.0,"turns":5.0},{"damage":0.0,"enemies":"2 Louse","floor":3.0,"turns":4.0},{"damage":0.0,"enemies":"Small Slimes","floor":4.0,"turns":5.0},{"damage":25.0,"enemies":"Gremlin Nob","floor":7.0,"turns":5.0},{"damage":0.0,"enemies":"Blue Slaver","floor":14.0,"turns":3.0},{"damage":31.0,"enemies":"Slime Boss","floor":16.0,"turns":14.0},{"damage":0.0,"enemies":"Shell Parasite","floor":18.0,"turns":5.0},{"damage":0.0,"enemies":"Chosen","floor":19.0,"turns":4.0},{"damage":16.0,"enemies":"Slavers","floor":24.0,"turns":8.0},{"damage":11.0,"enemies":"Centurion and Healer","floor":25.0,"turns":7.0},{"damage":2.0,"enemies":"Snake Plant","floor":28.0,"turns":5.0},{"damage":10.0,"enemies":"Snecko","floor":29.0,"turns":9.0},{"damage":28.0,"enemies":"Book of Stabbing","floor":30.0,"turns":6.0},{"damage":87,"enemies":"Collector","floor":33,"turns":10}],"seed_played":"-7366980696632484990","potions_obtained":[{"floor":7.0,"key":"DuplicationPotion"},{"floor":14.0,"key":"Energy Potion"},{"floor":25.0,"key":"Fire Potion"},{"floor":29.0,"key":"CunningPotion"}],"is_trial":false,"path_per_floor":["M","$","M","M","?","R","E","?","T","?","R","?","R","M","R","B",null,"M","M","$","?","?","R","E","M","T","$","M","M","E","T","R","B"],"character_chosen":"THE_SILENT","items_purchased":["Choke","Flash of Steel","Blur","CunningPotion","Energy Potion","Bandage Up","Well Laid Plans"],"campfire_rested":2,"item_purchase_floors":[2,2,20,20,20,20,27],"current_hp_per_floor":[63,63,63,63,63,63,38,24,24,41,41,46,46,46,46,20,61,61,66,66,52,52,76,78,71,71,71,73,67,53,53,80,0,0],"gold":132,"neow_bonus":"HUNDRED_GOLD","is_daily":false,"chose_seed":false,"campfire_upgraded":4,"win_rate":0.0,"timestamp":1614177837,"path_taken":["M","$","M","M","?","R","E","?","T","?","R","?","R","M","R","BOSS","M","M","$","?","?","R","E","M","T","$","M","M","E","?","R","BOSS"],"items_purchased_type":["Card","Card","Card","Potion","Potion","Card","Card"],"build_version":"2020-12-22","purchased_purges":1,"victory":false,"max_hp_per_floor":[70,70,70,70,70,70,70,70,70,70,70,75,75,75,75,75,75,75,75,75,80,80,80,90,90,90,90,90,90,90,90,90,90,90],"relic_stats":{"counters":[14,90],"Bag of Preparation":[2],"MawBank":156,"obtain_stats":[{"Pear":24,"Fusion Hammer":17,"Bag of Preparation":30,"MawBank":7,"Toy Ornithopter":9,"White Beast Statue":31,"Ring of the Snake":0},{"Pear":9,"Fusion Hammer":6,"Bag of Preparation":13,"MawBank":4,"Toy Ornithopter":4,"White Beast Statue":13,"Ring of the Snake":0},{"Pear":53,"Fusion Hammer":36,"Bag of Preparation":80,"MawBank":19,"Toy Ornithopter":19,"White Beast Statue":80,"Ring of the Snake":0}],"Toy Ornithopter":24,"Ring of the Snake":[28]},"card_choices":[{"not_picked":["Dagger Throw","Skewer"],"picked":"Footwork","floor":1.0},{"not_picked":["Choke","Backflip"],"picked":"Deflect","floor":3.0},{"not_picked":["Crippling Poison","Cloak And Dagger"],"picked":"Backflip","floor":4.0},{"not_picked":["Deadly Poison","Cloak And Dagger"],"picked":"Masterful Stab","floor":7.0},{"not_picked":["Dodge and Roll","Backstab"],"picked":"Calculated Gamble","floor":14.0},{"not_picked":["Tools of the Trade","Wraith Form v2"],"picked":"A Thousand Cuts","floor":16.0},{"not_picked":["Blade Dance","Noxious Fumes"],"picked":"Prepared","floor":18.0},{"not_picked":["Leg Sweep","Bouncing Flask"],"picked":"Masterful Stab","floor":19.0},{"not_picked":["Deflect","Adrenaline"],"picked":"Tactician+1","floor":24.0},{"not_picked":["Bane","Infinite Blades","Deadly Poison"],"picked":"SKIP","floor":25.0},{"not_picked":["Setup","Endless Agony"],"picked":"Dagger Spray+1","floor":28.0},{"not_picked":["PiercingWail","Deadly Poison"],"picked":"Terror","floor":29.0},{"not_picked":["Bouncing Flask","Slice","Underhanded Strike"],"picked":"SKIP","floor":30.0}],"player_experience":524701,"relics_obtained":[{"floor":7.0,"key":"MawBank"},{"floor":9.0,"key":"Toy Ornithopter"},{"floor":24.0,"key":"Pear"},{"floor":30.0,"key":"Bag of Preparation"},{"floor":31.0,"key":"White Beast Statue"}],"event_choices":[{"damage_healed":0.0,"max_hp_gain":0.0,"max_hp_loss":0.0,"gold_gain":0.0,"event_name":"Living Wall","player_choice":"Grow","floor":5.0,"gold_loss":0.0,"damage_taken":0.0,"cards_upgraded":["Neutralize"]},{"damage_healed":0.0,"max_hp_gain":0.0,"max_hp_loss":0.0,"gold_gain":0.0,"event_name":"Shining Light","player_choice":"Entered Light","floor":8.0,"gold_loss":0.0,"damage_taken":14.0,"cards_upgraded":["Defend_G","Survivor"]},{"damage_healed":17.0,"max_hp_gain":0.0,"max_hp_loss":0.0,"gold_gain":0.0,"event_name":"The Cleric","player_choice":"Healed","floor":10.0,"gold_loss":35.0,"damage_taken":0.0},{"damage_healed":0.0,"max_hp_gain":5.0,"max_hp_loss":0.0,"gold_gain":0.0,"event_name":"Big Fish","player_choice":"Donut","floor":12.0,"gold_loss":0.0,"damage_taken":0.0},{"damage_healed":0.0,"max_hp_gain":5.0,"max_hp_loss":0.0,"gold_gain":0.0,"event_name":"Forgotten Altar","player_choice":"Shed Blood","floor":21.0,"gold_loss":0.0,"damage_taken":19.0},{"damage_healed":0.0,"max_hp_gain":0.0,"max_hp_loss":0.0,"gold_gain":0.0,"event_name":"The Library","player_choice":"Read","floor":22.0,"gold_loss":0.0,"damage_taken":0.0,"cards_obtained":["Blur"]}],"is_beta":false,"boss_relics":[{"not_picked":["Black Star","Velvet Choker"],"picked":"Fusion Hammer"}],"items_purged_floors":[20],"is_endless":false,"potions_floor_spawned":[7,14,25,29],"killed_by":"Collector","ascension_level":13}}