{"host":"u7lm8z2rvb4dg2oo","time":1614148094,"event":{"mods":["AchievementEnabler","BaseMod","Bestiary","Block Reminder","Colored Map","Colored Powertips","Curses Come First","DeckTracker","Googly Eyes","Highlight Path","Minty Spire (QoL Compilation)","Quick Restart","StSLib"],"gold_per_floor":[119,119,119,130,130,130,156,156,156,156,191,210,230,260,260,339,339,349,349,349,19,0,0,29,49,49,62,62,62,79,108,108,198,210,232,262,53,78,78,107,107,136,136,136,161,161,192,211,211,211],"floor_reached":51,"language":"ENG","playtime":2949,"items_purged":["Strike_G"],"score":1913,"play_id":"80f018c4-00dc-471c-b693-1990aee1cc23","local_time":"20210224012814","is_ascension_mode":true,"campfire_choices":[{"floor":6,"key":"DIG"},{"floor":8,"key":"DIG"},{"floor":10,"key":"DIG"},{"floor":15,"key":"DIG"},{"floor":23,"key":"DIG"},{"floor":28,"key":"DIG"},{"floor":32,"key":"DIG"},{"floor":41,"key":"DIG"},{"floor":44,"key":"DIG"},{"floor":49,"key":"DIG"}],"circlet_count":0,"master_deck":["AscendersBane","Strike_G","Strike_G","Strike_G","Strike_G","Defend_G","Defend_G","Defend_G","Defend_G","Defend_G","Survivor","Neutralize","Infinite Blades","Footwork","Blade Dance+1","Phantasmal Killer+1","PiercingWail+1","Predator","Distraction+1","Glass Knife","Leg Sweep+1","Terror+1","Cloak And Dagger+1","Blur+1","Footwork+1","Blade Dance+1","Bullet Time+1","Choke","Accuracy+1","Blade Dance+1","Masterful Stab+1","Footwork+1","Blade Dance+1"],"relics":["Ring of the Snake","NeowsBlessing","Shovel","Toxic Egg 2","Frozen Egg 2","Anchor","Kunai","Gambling Chip","Pear","PreservedInsect","Eternal Feather","SacredBark","Ornamental Fan","MealTicket","Oddly Smooth Stone","Mummified Hand","Gremlin Horn","Strawberry","MawBank","Philosopher\u0027s Stone","Lizard Tail","Boot","Bronze Scales","Molten Egg 2","Mercury Hourglass","Nunchaku","Torii","Shuriken","Blue Candle"],"acts_visited":["Exordium","TheCity","TheBeyond"],"potions_floor_usage":[11,14,18,24,27,35,38,42,50,50],"damage_taken":[{"damage":0,"enemies":"2 Louse","floor":1,"turns":1},{"damage":0,"enemies":"Small Slimes","floor":4,"turns":1},{"damage":0,"enemies":"Lagavulin","floor":7,"turns":1},{"damage":19,"enemies":"3 Sentries","floor":11,"turns":14},{"damage":0,"enemies":"Jaw Worm","floor":12,"turns":3},{"damage":0,"enemies":"Large Slime","floor":13,"turns":5},{"damage":2,"enemies":"Gremlin Nob","floor":14,"turns":3},{"damage":0,"enemies":"The Guardian","floor":16,"turns":14},{"damage":5,"enemies":"2 Thieves","floor":18,"turns":4},{"damage":15,"enemies":"Slavers","floor":24,"turns":4},{"damage":0,"enemies":"3 Byrds","floor":25,"turns":5},{"damage":0,"enemies":"Snake Plant","floor":27,"turns":3},{"damage":0,"enemies":"Centurion and Healer","floor":30,"turns":9},{"damage":5,"enemies":"Book of Stabbing","floor":31,"turns":5},{"damage":21,"enemies":"Champ","floor":33,"turns":26},{"damage":26,"enemies":"3 Shapes","floor":35,"turns":8},{"damage":8,"enemies":"3 Darklings","floor":36,"turns":8},{"damage":0,"enemies":"Mind Bloom Boss Battle","floor":38,"turns":3},{"damage":50,"enemies":"Nemesis","floor":40,"turns":7},{"damage":0,"enemies":"Reptomancer","floor":42,"turns":4},{"damage":0,"enemies":"Giant Head","floor":45,"turns":5},{"damage":0,"enemies":"Reptomancer","floor":47,"turns":2},{"damage":0,"enemies":"Transient","floor":48,"turns":6},{"damage":35,"enemies":"Time Eater","floor":50,"turns":7}],"seed_played":"-4375015772770585890","potions_obtained":[{"floor":7,"key":"Swift Potion"},{"floor":12,"key":"SteroidPotion"},{"floor":16,"key":"PowerPotion"},{"floor":25,"key":"Regen Potion"},{"floor":30,"key":"PowerPotion"},{"floor":33,"key":"SpeedPotion"},{"floor":36,"key":"Swift Potion"},{"floor":42,"key":"Fire Potion"},{"floor":46,"key":"Block Potion"},{"floor":48,"key":"Strength Potion"}],"is_trial":false,"path_per_floor":["M","?","?","M","?","R","E","R","T","R","E","M","M","E","R","B",null,"M","?","?","$","?","R","E","M","T","M","R","?","M","E","R","B",null,"M","M","$","?","$","E","R","E","T","R","E","?","E","M","R","B",null],"character_chosen":"THE_SILENT","items_purchased":["Ornamental Fan","Poison Potion","Accuracy+1","Blade Dance+1"],"campfire_rested":0,"item_purchase_floors":[21,21,37,37],"current_hp_per_floor":[59,33,55,55,55,55,55,55,55,55,46,46,46,44,44,44,68,63,63,41,41,41,53,38,38,38,65,80,80,80,82,88,67,83,57,49,64,64,79,29,47,47,47,65,65,65,65,65,83,48],"gold":211,"neow_bonus":"THREE_ENEMY_KILL","is_daily":false,"chose_seed":false,"campfire_upgraded":0,"win_rate":0.0,"timestamp":1614148094,"path_taken":["M","?","?","?","?","R","E","R","T","R","E","?","M","E","R","BOSS","M","?","?","$","?","R","E","?","T","M","R","?","M","E","R","BOSS","M","?","$","?","$","E","R","E","T","R","E","?","E","M","R","BOSS"],"items_purchased_type":["Relic","Potion","Card","Card"],"build_version":"2020-12-22","purchased_purges":1,"victory":true,"max_hp_per_floor":[66,66,66,66,66,66,66,66,66,66,76,76,76,76,76,76,76,76,76,81,81,81,81,81,81,81,81,81,81,81,88,88,88,88,88,88,88,88,88,88,88,88,88,88,88,88,88,88,88,88],"card_choices":[{"not_picked":["Sucker Punch","Underhanded Strike"],"picked":"Infinite Blades","floor":1},{"not_picked":["PiercingWail","Dagger Throw"],"picked":"Footwork","floor":4},{"not_picked":["Sucker Punch","Riddle With Holes"],"picked":"Blade Dance+1","floor":7},{"not_picked":["Storm of Steel+1","Sucker Punch"],"picked":"Phantasmal Killer+1","floor":11},{"not_picked":["Quick Slash","Endless Agony"],"picked":"PiercingWail+1","floor":12},{"not_picked":["Dagger Throw","Dodge and Roll+1"],"picked":"Predator","floor":13},{"not_picked":["Quick Slash","Poisoned Stab"],"picked":"Distraction+1","floor":14},{"not_picked":["Unload","Tools of the Trade+1"],"picked":"Glass Knife","floor":16},{"not_picked":["Noxious Fumes+1","Backflip+1"],"picked":"Leg Sweep+1","floor":18},{"not_picked":["Dagger Throw","Distraction+1"],"picked":"Terror+1","floor":24},{"not_picked":["Flying Knee","Slice"],"picked":"Cloak And Dagger+1","floor":25},{"not_picked":["Tools of the Trade+1","Bouncing Flask+1"],"picked":"Blur+1","floor":27},{"not_picked":["Deadly Poison+1","Underhanded Strike","Heel Hook+1"],"picked":"SKIP","floor":30},{"not_picked":["Deflect+1","Predator+1"],"picked":"Blade Dance+1","floor":31},{"not_picked":["Unload","Malaise+1"],"picked":"Bullet Time+1","floor":33},{"not_picked":["Infinite Blades+1","Slice+1","Poisoned Stab+1"],"picked":"SKIP","floor":35},{"not_picked":["Deflect+1","Reflex+1"],"picked":"Choke","floor":36},{"not_picked":["Slice","Heel Hook"],"picked":"Masterful Stab+1","floor":38},{"not_picked":["Skewer+1","Masterful Stab","Deflect+1"],"picked":"SKIP","floor":40},{"not_picked":["Deadly Poison+1","Choke+1","Bouncing Flask+1"],"picked":"SKIP","floor":42},{"not_picked":["Acrobatics+1","Unload+1"],"picked":"Footwork+1","floor":45},{"not_picked":["Sucker Punch+1","Underhanded Strike+1","Unload+1"],"picked":"SKIP","floor":47},{"not_picked":["Backflip+1","Flying Knee+1"],"picked":"Blade Dance+1","floor":48}],"player_experience":2055693,"relics_obtained":[{"floor":6,"key":"Toxic Egg 2"},{"floor":7,"key":"Frozen Egg 2"},{"floor":8,"key":"Anchor"},{"floor":9,"key":"Kunai"},{"floor":10,"key":"Gambling Chip"},{"floor":11,"key":"Pear"},{"floor":14,"key":"PreservedInsect"},{"floor":15,"key":"Eternal Feather"},{"floor":23,"key":"MealTicket"},{"floor":24,"key":"Oddly Smooth Stone"},{"floor":26,"key":"Mummified Hand"},{"floor":28,"key":"Gremlin Horn"},{"floor":31,"key":"Strawberry"},{"floor":32,"key":"MawBank"},{"floor":38,"key":"Lizard Tail"},{"floor":40,"key":"Boot"},{"floor":41,"key":"Bronze Scales"},{"floor":42,"key":"Molten Egg 2"},{"floor":43,"key":"Mercury Hourglass"},{"floor":44,"key":"Nunchaku"},{"floor":45,"key":"Torii"},{"floor":47,"key":"Shuriken"},{"floor":49,"key":"Blue Candle"}],"event_choices":[{"damage_healed":0,"gold_gain":0,"player_choice":"Success","damage_taken":26,"relics_obtained":["Shovel"],"max_hp_gain":0,"max_hp_loss":0,"event_name":"Scrap Ooze","floor":2,"gold_loss":0},{"damage_healed":22,"gold_gain":0,"player_choice":"Banana","damage_taken":0,"max_hp_gain":0,"max_hp_loss":0,"event_name":"Big Fish","floor":3,"gold_loss":0},{"damage_healed":0,"gold_gain":0,"player_choice":"0 cards matched","damage_taken":0,"max_hp_gain":0,"max_hp_loss":0,"event_name":"Match and Keep!","floor":5,"gold_loss":0,"cards_obtained":[]},{"damage_healed":0,"gold_gain":0,"player_choice":"Ignored","damage_taken":0,"max_hp_gain":0,"max_hp_loss":0,"event_name":"Vampires","floor":19,"gold_loss":0},{"damage_healed":0,"gold_gain":0,"player_choice":"Shed Blood","damage_taken":27,"max_hp_gain":5,"max_hp_loss":0,"event_name":"Forgotten Altar","floor":20,"gold_loss":0},{"damage_healed":0,"gold_gain":0,"player_choice":"Paid Fearfully","damage_taken":0,"max_hp_gain":0,"max_hp_loss":0,"event_name":"Masked Bandits","floor":22,"gold_loss":19},{"damage_healed":0,"gold_gain":0,"player_choice":"Copied","damage_taken":0,"max_hp_gain":0,"max_hp_loss":0,"event_name":"Duplicator","floor":29,"gold_loss":0,"cards_obtained":["Footwork"]},{"damage_healed":0,"gold_gain":0,"player_choice":"Fight","damage_taken":0,"max_hp_gain":0,"max_hp_loss":0,"event_name":"MindBloom","floor":38,"gold_loss":0},{"damage_healed":0,"gold_gain":0,"player_choice":"Got Potions","damage_taken":0,"max_hp_gain":0,"max_hp_loss":0,"event_name":"Lab","floor":46,"gold_loss":0}],"is_beta":false,"boss_relics":[{"not_picked":["SlaversCollar","Astrolabe"],"picked":"SacredBark"},{"not_picked":["Runic Dome","Black Star"],"picked":"Philosopher\u0027s Stone"}],"items_purged_floors":[37],"is_endless":false,"potions_floor_spawned":[7,12,16,25,30,33,36,42,48],"ascension_level":19}}