{"host":"1a8lb11wemezctea","time":1614206382,"event":{"mods":["BaseMod","Colored Powertips","Highlight Path","Minty Spire (QoL Compilation)"],"gold_per_floor":[112,126,9,84,107,132,132,157,184,219,27,43,55,55,55,151,151,168,188,201,211,228,228,24,50,73,73,98,149,149,183,183,288,288,304,304,2,16,31,56,65,84,131,131,151,151,210,228,228,228,228,228,76,108,108,108],"floor_reached":55,"language":"ENG","playtime":3050,"items_purged":["Strike_P","Strike_P"],"score":1181,"play_id":"870ad0ba-b139-4150-bbe4-5580e5146d52","local_time":"20210224173942","is_ascension_mode":true,"campfire_choices":[{"data":"WindmillStrike","floor":7,"key":"SMITH"},{"data":"Alpha","floor":15,"key":"SMITH"},{"floor":23,"key":"REST"},{"floor":27,"key":"REST"},{"floor":30,"key":"REST"},{"floor":32,"key":"REST"},{"floor":41,"key":"REST"},{"floor":44,"key":"RECALL"},{"data":"Omniscience","floor":46,"key":"SMITH"},{"data":"Study","floor":49,"key":"SMITH"},{"data":"WaveOfTheHand","floor":52,"key":"SMITH"}],"circlet_count":0,"master_deck":["Strike_P","Defend_P","Defend_P","Defend_P+1","Defend_P","Eruption","Vigilance","FearNoEvil","EmptyBody","Prostrate","WindmillStrike+1","Vengeance+1","Alpha+1","Study+1","CarveReality","Evaluate","Conclude","DevaForm","Prostrate+1","Protect","Wallop","MentalFortress+1","EmptyFist","LikeWater","ThirdEye","Omniscience+1","WaveOfTheHand+1","CutThroughFate+1","Evaluate+1","ThirdEye+1","Worship"],"relics":["HolyWater","NeowsBlessing","Strawberry","HornCleat","TeardropLocket","Centennial Puzzle","ClockworkSouvenir","SlaversCollar","Regal Pillow","Dream Catcher","Happy Flower","Boot","Akabeko","Anchor","CeramicFish","War Paint","Thread and Needle","Bronze Scales"],"acts_visited":["Exordium","TheCity","TheBeyond","TheEnding"],"potions_floor_usage":[8,13,19,20,21,21,25,31,40,42,50,50,54,54,54,54,55,55,55],"damage_taken":[{"damage":0,"enemies":"Jaw Worm","floor":1,"turns":1},{"damage":0,"enemies":"Cultist","floor":2,"turns":1},{"damage":0,"enemies":"Lagavulin","floor":6,"turns":1},{"damage":0,"enemies":"Gremlin Nob","floor":8,"turns":3},{"damage":16,"enemies":"Lagavulin","floor":10,"turns":5},{"damage":0,"enemies":"Small Slimes","floor":12,"turns":3},{"damage":7,"enemies":"Gremlin Gang","floor":13,"turns":3},{"damage":0,"enemies":"Slime Boss","floor":16,"turns":5},{"damage":11,"enemies":"Spheric Guardian","floor":18,"turns":5},{"damage":4,"enemies":"3 Byrds","floor":19,"turns":3},{"damage":9,"enemies":"Snake Plant","floor":20,"turns":4},{"damage":4,"enemies":"Shelled Parasite and Fungi","floor":21,"turns":4},{"damage":35,"enemies":"Centurion and Healer","floor":22,"turns":7},{"damage":10,"enemies":"Book of Stabbing","floor":25,"turns":5},{"damage":44,"enemies":"Gremlin Leader","floor":28,"turns":6},{"damage":25,"enemies":"Slavers","floor":31,"turns":6},{"damage":54,"enemies":"Collector","floor":33,"turns":8},{"damage":28,"enemies":"3 Shapes","floor":35,"turns":6},{"damage":2,"enemies":"Orb Walker","floor":38,"turns":5},{"damage":0,"enemies":"Sphere and 2 Shapes","floor":39,"turns":3},{"damage":0,"enemies":"Nemesis","floor":40,"turns":7},{"damage":2,"enemies":"4 Shapes","floor":42,"turns":3},{"damage":1,"enemies":"Jaw Worm Horde","floor":45,"turns":5},{"damage":0,"enemies":"Mind Bloom Boss Battle","floor":47,"turns":6},{"damage":0,"enemies":"Transient","floor":48,"turns":5},{"damage":46,"enemies":"Donu and Deca","floor":50,"turns":7},{"damage":76,"enemies":"Shield and Spear","floor":54,"turns":6},{"damage":10,"enemies":"The Heart","floor":55,"turns":2}],"seed_played":"2351992381696268149","potions_obtained":[{"floor":1,"key":"Ancient Potion"},{"floor":2,"key":"DuplicationPotion"},{"floor":10,"key":"Dexterity Potion"},{"floor":12,"key":"BlessingOfTheForge"},{"floor":16,"key":"StancePotion"},{"floor":18,"key":"Dexterity Potion"},{"floor":19,"key":"BottledMiracle"},{"floor":21,"key":"Dexterity Potion"},{"floor":33,"key":"Energy Potion"},{"floor":35,"key":"BlessingOfTheForge"},{"floor":40,"key":"Dexterity Potion"},{"floor":47,"key":"Regen Potion"},{"floor":54,"key":"AttackPotion"}],"is_trial":false,"path_per_floor":["M","M","$","?","T","E","R","E","T","E","$","M","M","?","R","B",null,"M","M","M","M","M","R","$","E","T","R","E","T","R","E","R","B",null,"M","?","$","M","M","E","R","M","T","R","M","R","?","M","R","B",null,"R","$","E","B"],"character_chosen":"WATCHER","items_purchased":["Prostrate","WindmillStrike","CarveReality","ClockworkSouvenir","LikeWater","ColorlessPotion","Anchor","PowerPotion","BlessingOfTheForge","EntropicBrew"],"campfire_rested":5,"item_purchase_floors":[3,3,11,11,24,24,37,37,53,53],"current_hp_per_floor":[65,65,65,54,61,61,61,61,61,45,45,45,38,38,38,38,69,58,54,45,41,6,29,29,19,19,57,13,13,51,26,64,10,62,34,34,34,32,32,32,70,68,68,68,67,67,67,67,67,21,65,65,65,4,0,0],"gold":108,"neow_bonus":"THREE_ENEMY_KILL","is_daily":false,"chose_seed":false,"campfire_upgraded":5,"win_rate":0.0,"timestamp":1614206382,"path_taken":["M","M","$","?","?","E","R","E","T","E","$","M","?","?","R","BOSS","M","?","M","M","M","R","$","E","T","R","E","?","R","E","R","BOSS","M","?","$","M","?","E","R","M","T","R","M","R","?","M","R","BOSS","R","$","E","BOSS"],"items_purchased_type":["Card","Card","Card","Relic","Card","Potion","Relic","Potion","Potion","Potion"],"build_version":"2020-12-22","purchased_purges":2,"victory":false,"max_hp_per_floor":[72,72,72,72,79,79,79,79,79,79,79,79,79,79,79,79,79,79,79,79,79,79,79,79,79,79,79,79,79,79,79,79,79,79,79,79,79,79,79,79,79,79,79,79,79,79,79,79,79,79,79,79,79,79,79,79],"card_choices":[{"not_picked":["Indignation","Study"],"picked":"FearNoEvil","floor":1},{"not_picked":["ClearTheMind","InnerPeace"],"picked":"EmptyBody","floor":2},{"not_picked":["Weave","CrushJoints"],"picked":"Vengeance","floor":6},{"not_picked":["Tantrum","Protect"],"picked":"Alpha","floor":8},{"not_picked":["Conclude","BowlingBash"],"picked":"Study","floor":10},{"not_picked":["SashWhip","CutThroughFate"],"picked":"Evaluate","floor":12},{"not_picked":["Adaptation","SignatureMove","Sanctity"],"picked":"SKIP","floor":13},{"not_picked":["Scrawl","Ragnarok"],"picked":"DevaForm","floor":16},{"not_picked":["ClearTheMind","CarveReality"],"picked":"Prostrate+1","floor":18},{"not_picked":["SandsOfTime","PathToVictory"],"picked":"Protect","floor":19},{"not_picked":["EmptyBody+1","SandsOfTime"],"picked":"Wallop","floor":20},{"not_picked":["LessonLearned","ForeignInfluence"],"picked":"MentalFortress+1","floor":21},{"not_picked":["CrushJoints","Conclude"],"picked":"EmptyFist","floor":22},{"not_picked":["ReachHeaven+1","Indignation","BattleHymn"],"picked":"SKIP","floor":25},{"not_picked":["BattleHymn","Indignation+1","Crescendo"],"picked":"SKIP","floor":28},{"not_picked":["SashWhip","FlurryOfBlows"],"picked":"ThirdEye","floor":30},{"not_picked":["FollowUp","SashWhip","Halt"],"picked":"SKIP","floor":31},{"not_picked":["Blasphemy","Judgement"],"picked":"Omniscience","floor":33},{"not_picked":["SandsOfTime","EmptyBody","Consecrate"],"picked":"SKIP","floor":35},{"not_picked":["PathToVictory+1","Consecrate+1","FearNoEvil+1"],"picked":"SKIP","floor":38},{"not_picked":["CarveReality+1","Sanctity+1"],"picked":"WaveOfTheHand","floor":39},{"not_picked":["CrushJoints+1","WindmillStrike","Crescendo+1"],"picked":"SKIP","floor":40},{"not_picked":["Prostrate","JustLucky"],"picked":"CutThroughFate+1","floor":41},{"not_picked":["BowlingBash","ConjureBlade"],"picked":"Evaluate+1","floor":42},{"not_picked":["CutThroughFate","BattleHymn"],"picked":"ThirdEye+1","floor":45},{"not_picked":["Weave+1","ClearTheMind"],"picked":"Worship","floor":47},{"not_picked":["Nirvana","CutThroughFate","Evaluate"],"picked":"SKIP","floor":48},{"not_picked":["CrushJoints+1","PathToVictory+1","CutThroughFate+1"],"picked":"SKIP","floor":54}],"player_experience":332024,"relics_obtained":[{"floor":5,"key":"Strawberry"},{"floor":6,"key":"HornCleat"},{"floor":8,"key":"TeardropLocket"},{"floor":10,"key":"Centennial Puzzle"},{"floor":25,"key":"Regal Pillow"},{"floor":26,"key":"Dream Catcher"},{"floor":28,"key":"Happy Flower"},{"floor":29,"key":"Boot"},{"floor":31,"key":"Akabeko"},{"floor":40,"key":"CeramicFish"},{"floor":43,"key":"War Paint"},{"floor":47,"key":"Thread and Needle"},{"floor":54,"key":"Bronze Scales"}],"event_choices":[{"damage_healed":0,"gold_gain":75,"player_choice":"Gather Gold","damage_taken":11,"max_hp_gain":0,"max_hp_loss":0,"event_name":"World of Goop","floor":4,"gold_loss":0},{"damage_healed":0,"gold_gain":0,"cards_transformed":["Strike_P"],"player_choice":"Transformed","damage_taken":0,"max_hp_gain":0,"max_hp_loss":0,"event_name":"Transmorgrifier","floor":14,"gold_loss":0,"cards_obtained":["Conclude"]},{"damage_healed":0,"gold_gain":0,"player_choice":"0 cards matched","damage_taken":0,"max_hp_gain":0,"max_hp_loss":0,"event_name":"Match and Keep!","floor":36,"gold_loss":0,"cards_obtained":[]},{"damage_healed":0,"gold_gain":0,"player_choice":"Fight","damage_taken":0,"max_hp_gain":0,"max_hp_loss":0,"event_name":"MindBloom","floor":47,"gold_loss":0}],"is_beta":false,"boss_relics":[{"not_picked":["Snecko Eye","SacredBark"],"picked":"SlaversCollar"},{"not_picked":["Pandora\u0027s Box","Coffee Dripper"],"picked":"HolyWater"}],"items_purged_floors":[24,37],"is_endless":false,"potions_floor_spawned":[1,2,10,12,16,18,19,21,33,35,38,40,47,54],"killed_by":"The Heart","ascension_level":7}}