{"host":"vrsxkkch9ccrec7k","time":1614156196,"event":{"mods":["Act Like it!","BaseMod","Bestiary","Better Altar","Better Match","Better Note","Better Sensory Stone","Better Skull","Better Third Choice","Better Vampires","Downfall","Minty Spire (QoL Compilation)","Permanent Neow","Relic Stats","Spicy Shops","StSLib"],"gold_per_floor":[99,112,112,122,122,122,122,122,122,122,155,169,69,31,49,124,124,124,137,149,149,99,99,99,199,199,2,2,29,14,41,53,53,53,53],"floor_reached":33,"language":"ENG","playtime":2496,"items_purged":[],"score":502,"play_id":"22c68ce9-6011-4708-9513-d5b9d2b3504e","local_time":"20210224034316","is_ascension_mode":true,"campfire_choices":[{"data":"Guardian:TwinSlam","floor":1,"key":"SMITH"},{"data":"Footwork","floor":6,"key":"SMITH"},{"data":"Guardian:RollAttack","floor":10,"key":"SMITH"},{"data":"Guardian:MultiBeam","floor":13,"key":"SMITH"},{"data":"Guardian:ConstructionForm","floor":18,"key":"SMITH"},{"data":"Guardian:Preprogram","floor":23,"key":"SMITH"},{"data":"Guardian:FuturePlans","floor":26,"key":"SMITH"}],"circlet_count":0,"master_deck":["AscendersBane","Guardian:Strike_Guardian","Guardian:Strike_Guardian+1","Guardian:Strike_Guardian+1","Guardian:Defend_Guardian","Guardian:Defend_Guardian","Guardian:Defend_Guardian","Guardian:Defend_Guardian","Guardian:CurlUp","Guardian:TwinSlam+1","Guardian:PolyBeam","Footwork+1","Guardian:RollAttack+1","Guardian:FuturePlans+1","Guardian:ShieldCharger","Guardian:MultiBeam+1","Guardian:Preprogram+1","Guardian:ConstructionForm+1","Guardian:SpikerProtocol","Guardian:ShieldCharger","Guardian:Gem_Green","Guardian:GuardianWhirl+1","Guardian:Incinerate"],"relics":["Guardian:ModeShifter","Whetstone","Gremlin Horn","Anchor","Letter Opener","downfall:HeartBlessingGreen","Runic Pyramid","Guardian:StasisCodex","hexamod:Sixitude","Ornamental Fan","Bronze Scales","Sundial","Bag of Preparation"],"acts_visited":["Exordium","TheCity"],"potions_floor_usage":[11,16,25,33],"damage_taken":[{"damage":2,"enemies":"Jaw Worm","floor":2,"turns":4},{"damage":0,"enemies":"Small Slimes","floor":4,"turns":4},{"damage":0,"enemies":"Cultist","floor":9,"turns":1},{"damage":4,"enemies":"Lagavulin","floor":11,"turns":6},{"damage":0,"enemies":"2 Fungi Beasts","floor":12,"turns":3},{"damage":1,"enemies":"downfall:FleeingMerchant","floor":14,"turns":4},{"damage":0,"enemies":"Large Slime","floor":15,"turns":4},{"damage":43,"enemies":"DF_ARCHETYPE_STREAMLINE","floor":16,"turns":12},{"damage":4,"enemies":"Spheric Guardian","floor":19,"turns":8},{"damage":0,"enemies":"Shell Parasite","floor":20,"turns":6},{"damage":0,"enemies":"Colosseum Nobs","floor":25,"turns":5},{"damage":0,"enemies":"downfall:FleeingMerchant","floor":27,"turns":4},{"damage":19,"enemies":"Slavers","floor":29,"turns":4},{"damage":3,"enemies":"downfall:FleeingMerchant","floor":30,"turns":4},{"damage":0,"enemies":"Gremlin Leader","floor":31,"turns":5},{"damage":0,"enemies":"Snecko","floor":32,"turns":5},{"damage":64,"enemies":"SI_MIRROR_ARCHETYPE","floor":33,"turns":12}],"seed_played":"-4741886128902660253","potions_obtained":[{"floor":4,"key":"SteroidPotion"},{"floor":12,"key":"Regen Potion"},{"floor":15,"key":"DuplicationPotion"},{"floor":16,"key":"SteroidPotion"},{"floor":31,"key":"SkillPotion"}],"is_trial":false,"path_per_floor":["R","M","?","M","?","R","T","T","M","R","E","M","R","$","M","B",null,"R","M","M","?","?","R","T","?","R","$","?","E","$","E","M","B"],"character_chosen":"GUARDIAN","items_purchased":["Guardian:Gem_Green","Bronze Scales","Guardian:ShieldCharger"],"campfire_rested":0,"item_purchase_floors":[14,27,27],"current_hp_per_floor":[72,70,56,56,56,56,56,56,56,56,52,52,52,51,51,23,66,66,62,62,62,80,80,80,80,80,80,80,61,58,58,58,0,0,0],"gold":53,"neow_bonus":"RANDOM_COMMON_RELIC","is_daily":false,"chose_seed":false,"campfire_upgraded":7,"win_rate":0.0,"timestamp":1614156196,"path_taken":["R","M","?","M","?","R","T","?","?","R","E","M","R","?","M","BOSS","R","M","M","?","?","R","T","?","R","$","?","E","?","E","M","BOSS"],"items_purchased_type":["Card","Relic","Card"],"build_version":"2020-12-22","purchased_purges":0,"victory":false,"max_hp_per_floor":[80,80,80,80,80,80,80,80,80,80,80,80,80,80,80,80,80,80,80,80,80,80,80,80,80,80,80,80,80,80,80,80,80,80,80],"relic_stats":{"Gremlin Horn":[8,8],"counters":[17,91],"Ornamental Fan":[28],"Sundial":[2],"Bronze Scales":[58],"Bag of Preparation":[4],"Whetstone":["Guardian:Strike_Guardian","Guardian:Strike_Guardian"],"Letter Opener":[33],"obtain_stats":[{"Gremlin Horn":7,"Guardian:ModeShifter":0,"hexamod:Sixitude":25,"downfall:HeartBlessingGreen":13,"Guardian:StasisCodex":24,"Bag of Preparation":31,"Whetstone":0,"Letter Opener":11,"Anchor":8,"downfall:BrokenWingStatue":5,"Ornamental Fan":25,"Sundial":29,"Bronze Scales":27,"Runic Pyramid":17},{"Gremlin Horn":2,"Guardian:ModeShifter":0,"hexamod:Sixitude":11,"downfall:HeartBlessingGreen":5,"Guardian:StasisCodex":10,"Bag of Preparation":15,"Whetstone":0,"Letter Opener":4,"Anchor":2,"downfall:BrokenWingStatue":2,"Ornamental Fan":11,"Sundial":13,"Bronze Scales":12,"Runic Pyramid":8},{"Gremlin Horn":8,"Guardian:ModeShifter":0,"hexamod:Sixitude":57,"downfall:HeartBlessingGreen":18,"Guardian:StasisCodex":52,"Bag of Preparation":74,"Whetstone":0,"Letter Opener":15,"Anchor":8,"downfall:BrokenWingStatue":8,"Ornamental Fan":57,"Sundial":65,"Bronze Scales":61,"Runic Pyramid":38}]},"card_choices":[{"not_picked":["Guardian:WalkerClaw","Guardian:Gem_Fragmented"],"picked":"Guardian:PolyBeam","floor":2},{"not_picked":["Guardian:ChargeUp","Guardian:Recover"],"picked":"Guardian:RollAttack","floor":4},{"not_picked":["Guardian:SentryBeam","Guardian:Gem_Cyan"],"picked":"Guardian:FuturePlans","floor":9},{"not_picked":["Guardian:CrystalBeam","Guardian:Gem_Lightblue"],"picked":"Guardian:ShieldCharger","floor":11},{"not_picked":["Guardian:Planning","Guardian:WalkerClaw"],"picked":"Guardian:MultiBeam","floor":12},{"not_picked":["Guardian:PrimingBeam","Guardian:Emergency"],"picked":"Guardian:Gem_Green","floor":14},{"not_picked":["Guardian:WalkerClaw","Guardian:Reroute"],"picked":"Guardian:Preprogram","floor":15},{"not_picked":["Guardian:FierceBash","Guardian:TimeSifter"],"picked":"Guardian:ConstructionForm","floor":16},{"not_picked":["Guardian:TemporalShield","Guardian:ChargeUp"],"picked":"Guardian:Gem_Red","floor":19},{"not_picked":["Guardian:Repulse","Guardian:PolyBeam"],"picked":"Guardian:Gem_Purple","floor":20},{"not_picked":["Guardian:WalkerClaw","Guardian:Gem_Lightblue"],"picked":"Guardian:SpikerProtocol","floor":27},{"not_picked":["Guardian:FloatingOrbs","Guardian:TemporalShield"],"picked":"Guardian:GuardianWhirl+1","floor":29},{"not_picked":["Guardian:MultiBeam","Guardian:PrimingBeam","Guardian:ChargeCore"],"picked":"SKIP","floor":30},{"not_picked":["Guardian:WalkerClaw","Guardian:ChargeCore","Guardian:Reroute"],"picked":"SKIP","floor":31},{"not_picked":["Guardian:PiercingHide","Guardian:ChargeUp"],"picked":"Guardian:Incinerate","floor":32}],"player_experience":2011515,"relics_obtained":[{"floor":7,"key":"Gremlin Horn"},{"floor":8,"key":"Anchor"},{"floor":11,"key":"Letter Opener"},{"floor":24,"key":"Guardian:StasisCodex"},{"floor":25,"key":"hexamod:Sixitude"},{"floor":25,"key":"Ornamental Fan"},{"floor":29,"key":"Sundial"},{"floor":31,"key":"Bag of Preparation"}],"event_choices":[{"damage_healed":0,"gold_gain":1,"player_choice":"Card ","damage_taken":14,"max_hp_gain":0,"max_hp_loss":0,"event_name":"betterThird:BetterScrap","floor":3,"gold_loss":0,"cards_obtained":["Footwork","Unload"]}],"is_beta":false,"boss_relics":[{"not_picked":["Black Star","Runic Dome"],"picked":"Runic Pyramid"}],"items_purged_floors":[],"is_endless":false,"potions_floor_spawned":[4,12,15,16,20,31],"killed_by":"SI_MIRROR_ARCHETYPE","ascension_level":13}}