{"host":"7bb7osqc91rjfyph","time":1614146659,"event":{"mods":["AchievementEnabler","BaseMod","BetterRewards","Colored Map","Colored Powertips","Downfall","Googly Eyes","Hermit","Hubris","Marisa????????","Minty Spire (QoL Compilation)","Shop Mod","StSLib","The Cursed"],"gold_per_floor":[115,115,40,40,52,85,98,98,98,123,141,141,33,58,58,161,161,176,42,69,69,69,104,104,136,162,175,206,225,324,76,76,176,176,193,193,243,262,279,279,308,308,358,386,98,98,125,138,138,138,138,138,60,87,87],"floor_reached":56,"language":"ENG","playtime":2896,"items_purged":["Defend_R","Strike_R","Wraith"],"score":1479,"play_id":"dc38b423-660a-4944-9da1-5a92729acc96","local_time":"20210224000419","is_ascension_mode":true,"campfire_choices":[{"floor":8.0,"key":"REST"},{"data":"hubris:DuctTapeCard","floor":12.0,"key":"SMITH"},{"floor":15.0,"key":"REST"},{"data":"Armaments","floor":24.0,"key":"SMITH"},{"floor":32.0,"key":"RECALL"},{"floor":40.0,"key":"REST"},{"floor":42.0,"key":"REST"},{"floor":49,"key":"REST"},{"floor":52,"key":"REST"}],"circlet_count":0,"master_deck":["Strike_R","Strike_R","Strike_R","Defend_R","Defend_R","Defend_R","Bash","Offering","Corruption","hubris:ReadiedAction","Inflame","Disarm","Battle Trance","Metallicize","Feed","Pommel Strike","Fire Breathing","Armaments+1","Fiend Fire","hubris:ReadiedAction+1","Spot Weakness","Dark Embrace","Sword Boomerang+1","Demon Form","Twin Strike+1","Whirlwind","Reaper","Seeing Red+1","Flame Barrier","hubris:DuctTapeCard","Evolve","Impervious","Swift Strike","Power Through+1","Shrug It Off+1","Fire Breathing","Impervious"],"relics":["Burning Blood","hubris:Towel","Bag of Preparation","Pear","hubris:DuctTape","Ancient Tea Set","hubris:Backtick","Mummified Hand","Strawberry","Bottled Lightning","Vajra","Oddly Smooth Stone","Question Card","Lee\u0027s Waffle","Fusion Hammer","hubris:Teleporter","Shuriken","hubris:SlimyHat","Ginger","hubris:PeanutButter","HornCleat"],"acts_visited":["Exordium","TheCity","TheBeyond","TheEnding"],"potions_floor_usage":[54,55],"damage_taken":[{"damage":14.0,"enemies":"Jaw Worm","floor":1.0,"turns":5.0},{"damage":5.0,"enemies":"2 Louse","floor":5.0,"turns":3.0},{"damage":22.0,"enemies":"Lagavulin","floor":6.0,"turns":6.0},{"damage":6.0,"enemies":"Cultist","floor":7.0,"turns":3.0},{"damage":29.0,"enemies":"Gremlin Nob","floor":10.0,"turns":4.0},{"damage":15.0,"enemies":"Large Slime","floor":11.0,"turns":6.0},{"damage":3.0,"enemies":"Lagavulin","floor":14.0,"turns":6.0},{"damage":22.0,"enemies":"The Guardian","floor":16.0,"turns":7.0},{"damage":8.0,"enemies":"Chosen","floor":18.0,"turns":4.0},{"damage":17.0,"enemies":"Book of Stabbing","floor":23.0,"turns":4.0},{"damage":8.0,"enemies":"Slavers","floor":25.0,"turns":4.0},{"damage":19.0,"enemies":"2 Thieves","floor":27.0,"turns":4.0},{"damage":19.0,"enemies":"Book of Stabbing","floor":28.0,"turns":4.0},{"damage":22.0,"enemies":"Snake Plant","floor":29.0,"turns":4.0},{"damage":52.0,"enemies":"Collector","floor":33.0,"turns":7.0},{"damage":17.0,"enemies":"3 Darklings","floor":35.0,"turns":4.0},{"damage":35.0,"enemies":"Mind Bloom Boss Battle","floor":37.0,"turns":6.0},{"damage":5.0,"enemies":"Orb Walker","floor":38.0,"turns":2.0},{"damage":6.0,"enemies":"Jaw Worm Horde","floor":39.0,"turns":2.0},{"damage":63.0,"enemies":"Nemesis","floor":41.0,"turns":5.0},{"damage":36,"enemies":"Giant Head","floor":44,"turns":6},{"damage":30,"enemies":"Nemesis","floor":47,"turns":5},{"damage":0,"enemies":"Spire Growth","floor":48,"turns":3},{"damage":48,"enemies":"Time Eater","floor":50,"turns":9},{"damage":77,"enemies":"Shield and Spear","floor":54,"turns":6},{"damage":19,"enemies":"The Heart","floor":55,"turns":6}],"seed_played":"-1906524518109084028","potions_obtained":[{"floor":5.0,"key":"AttackPotion"},{"floor":10.0,"key":"Weak Potion"},{"floor":11.0,"key":"Block Potion"},{"floor":14.0,"key":"sneckomod:MuddlingPotion"},{"floor":16.0,"key":"LiquidBronze"},{"floor":29.0,"key":"Weak Potion"},{"floor":35.0,"key":"Guardian:BlockOnCardUsePotion"},{"floor":39.0,"key":"ElixirPotion"},{"floor":48,"key":"LiquidMemories"}],"is_trial":false,"path_per_floor":["M","?","$","?","M","E","M","R","T","E","M","R","$","E","R","B",null,"M","$","T","?","T","E","R","E","T","M","E","M","?","$","R","B",null,"M","?","?","M","M","R","E","R","T","E","$","?","E","M","R","B",null,"R","$","E","B",null],"character_chosen":"IRONCLAD","items_purchased":["Battle Trance","Metallicize","Fire Breathing","Armaments","Lee\u0027s Waffle","Impervious","Fire Breathing"],"campfire_rested":6,"item_purchase_floors":[13,13,19,19,31,45,53],"current_hp_per_floor":[48,41,41,41,42,26,26,50,60,37,28,28,28,31,58,42,90,92,92,99,79,79,72,72,74,74,65,52,40,40,129,129,83,129,118,118,89,90,90,128,113,129,129,121,121,121,97,121,133,104,133,133,133,114,117],"gold":87,"neow_bonus":"RANDOM_COLORLESS_2","is_daily":false,"chose_seed":false,"campfire_upgraded":2,"win_rate":0.0,"timestamp":1614146659,"path_taken":["M","?","?","?","M","E","M","R","T","E","?","R","$","E","R","BOSS","M","$","?","?","?","E","R","E","T","M","E","?","?","?","R","BOSS","M","?","?","M","M","R","E","R","T","E","$","?","E","M","R","BOSS","R","$","E","BOSS"],"items_purchased_type":["Card","Card","Card","Card","Relic","Card","Card"],"build_version":"2020-12-22","purchased_purges":3,"victory":true,"max_hp_per_floor":[80,80,80,80,80,80,80,80,90,90,90,90,90,90,90,90,90,94,94,101,106,106,110,110,114,114,118,118,122,122,129,129,129,129,129,129,129,129,129,129,129,129,129,129,129,129,129,133,133,133,133,133,133,137,137],"card_choices":[{"not_picked":["Metamorphosis","Panache"],"picked":"Secret Weapon","floor":0.0},{"not_picked":["Perfected Strike","Pommel Strike"],"picked":"Armaments","floor":1.0},{"not_picked":["Pommel Strike","Cleave"],"picked":"Offering","floor":5.0},{"not_picked":["Perfected Strike","hubris:SharpeningStone"],"picked":"Corruption","floor":6.0},{"not_picked":["Clash","Clothesline"],"picked":"hubris:ReadiedAction","floor":7.0},{"not_picked":["Wild Strike","True Grit"],"picked":"Inflame","floor":10.0},{"not_picked":["Sword Boomerang","Twin Strike"],"picked":"Disarm","floor":11.0},{"not_picked":["Iron Wave","Clash","Sentinel"],"picked":"SKIP","floor":14.0},{"not_picked":["Corruption","Offering"],"picked":"Feed","floor":16.0},{"not_picked":["Flex","Twin Strike"],"picked":"Pommel Strike","floor":18.0},{"not_picked":["Heavy Blade","Pommel Strike"],"picked":"Fiend Fire","floor":23.0},{"not_picked":["Offering","Fire Breathing+1"],"picked":"hubris:ReadiedAction+1","floor":25.0},{"not_picked":["Havoc","Headbutt"],"picked":"Spot Weakness","floor":27.0},{"not_picked":["Entrench","Armaments"],"picked":"Dark Embrace","floor":28.0},{"not_picked":["Warcry","Thunderclap+1","Pommel Strike"],"picked":"Sword Boomerang+1","floor":29.0},{"not_picked":["Double Tap","Barricade","Limit Break"],"picked":"Demon Form","floor":33.0},{"not_picked":["Perfected Strike+1","Armaments+1","Body Slam"],"picked":"Twin Strike+1","floor":35.0},{"not_picked":["Perfected Strike","Rage+1","Fire Breathing+1"],"picked":"Whirlwind","floor":37.0},{"not_picked":["Rage","Wild Strike","Sword Boomerang+1"],"picked":"Reaper","floor":38.0},{"not_picked":["Sword Boomerang","Sever Soul+1","Armaments+1"],"picked":"Seeing Red+1","floor":39.0},{"not_picked":["Searing Blow","Rampage+1","Armaments"],"picked":"Flame Barrier","floor":41.0},{"not_picked":["Iron Wave","Metallicize+1","Ghostly Armor+1"],"picked":"Evolve","floor":44},{"not_picked":["Blind","Bandage Up","Deep Breath"],"picked":"Swift Strike","floor":46},{"not_picked":["Warcry+1","True Grit","Clothesline+1"],"picked":"Power Through+1","floor":47},{"not_picked":["Carnage+1","Feed","Armaments"],"picked":"Shrug It Off+1","floor":48},{"not_picked":["Reckless Charge","Perfected Strike","Iron Wave+1"],"picked":"Impervious","floor":54}],"player_experience":139989,"relics_obtained":[{"floor":6.0,"key":"Bag of Preparation"},{"floor":9.0,"key":"Pear"},{"floor":10.0,"key":"hubris:DuctTape"},{"floor":14.0,"key":"Ancient Tea Set"},{"floor":20.0,"key":"Strawberry"},{"floor":22.0,"key":"Bottled Lightning"},{"floor":23.0,"key":"Vajra"},{"floor":25.0,"key":"Oddly Smooth Stone"},{"floor":28.0,"key":"Question Card"},{"floor":37.0,"key":"hubris:Teleporter"},{"floor":41.0,"key":"Shuriken"},{"floor":43.0,"key":"hubris:SlimyHat"},{"floor":44,"key":"Ginger"},{"floor":47,"key":"hubris:PeanutButter"},{"floor":54,"key":"HornCleat"}],"event_choices":[{"cards_removed":["Strike_R"],"damage_healed":0.0,"max_hp_gain":0.0,"max_hp_loss":0.0,"gold_gain":0.0,"event_name":"Golden Wing","player_choice":"Card Removal","floor":2.0,"gold_loss":0.0,"damage_taken":7.0},{"damage_healed":0.0,"max_hp_gain":5.0,"max_hp_loss":0.0,"gold_gain":0.0,"event_name":"Forgotten Altar","player_choice":"Shed Blood","floor":21.0,"gold_loss":0.0,"damage_taken":25.0},{"damage_healed":0.0,"max_hp_gain":0.0,"max_hp_loss":0.0,"gold_gain":99.0,"event_name":"Nest","player_choice":"Stole From Cult","floor":30.0,"gold_loss":0.0,"damage_taken":0.0},{"damage_healed":0.0,"max_hp_gain":0.0,"max_hp_loss":0.0,"gold_gain":0.0,"event_name":"OrinTheCat","player_choice":"Ignored","floor":36.0,"gold_loss":0.0,"damage_taken":0.0},{"damage_healed":0.0,"max_hp_gain":0.0,"max_hp_loss":0.0,"gold_gain":0.0,"event_name":"MindBloom","player_choice":"Fight","floor":37.0,"gold_loss":0.0,"damage_taken":0.0},{"damage_healed":0,"gold_gain":0,"player_choice":"Memory 1","damage_taken":0,"max_hp_gain":0,"max_hp_loss":0,"event_name":"SensoryStone","floor":46,"gold_loss":0}],"is_beta":false,"boss_relics":[{"not_picked":["Runic Pyramid","Velvet Choker"],"picked":"hubris:Backtick"},{"not_picked":["hubris:BlackHole","hubris:RunicObelisk"],"picked":"Fusion Hammer"}],"items_purged_floors":[3,31,45],"is_endless":false,"potions_floor_spawned":[5,10,11,14,16,29,33,35,39,48],"ascension_level":3}}