{"host":"y24pqu7jih1n8m3t","time":1614135238,"event":{"mods":["AchievementEnabler","BaseMod","Bestiary","Block Reminder","Colored Map","Colored Powertips","DeckTracker","Highlight Path","Minty Spire (QoL Compilation)","Permanent Neow","Quick Restart","Rare Cards Sparkle","Relic Stats"],"gold_per_floor":[117,42,56,107,107,107,107,127,127,171,49,82,82,96,96,217,217,238,253,253,253],"floor_reached":20,"language":"ENG","playtime":952,"items_purged":["Shame","Strike_R"],"score":209,"play_id":"d5c641cb-7a19-47f4-9c5f-821981f9d47d","local_time":"20210223215358","is_ascension_mode":true,"campfire_choices":[{"data":"Heavy Blade","floor":6,"key":"SMITH"},{"floor":15,"key":"REST"}],"circlet_count":0,"master_deck":["Strike_R","Strike_R","Strike_R","Strike_R","Defend_R","Defend_R","Defend_R","Defend_R","Bash","Demon Form+1","Battle Trance","Heavy Blade+1","Bloodletting","Reckless Charge","Whirlwind","Rage","Pommel Strike","Immolate","Headbutt","True Grit+1"],"relics":["Burning Blood","Regal Pillow","Golden Idol","Pantograph","Smiling Mask","Question Card","Bag of Marbles","Runic Pyramid"],"acts_visited":["Exordium","TheCity"],"potions_floor_usage":[],"damage_taken":[{"damage":5,"enemies":"Cultist","floor":1,"turns":4},{"damage":6,"enemies":"2 Louse","floor":3,"turns":2},{"damage":18,"enemies":"Jaw Worm","floor":8,"turns":4},{"damage":11,"enemies":"Gremlin Nob","floor":10,"turns":3},{"damage":18,"enemies":"Lagavulin","floor":12,"turns":5},{"damage":12,"enemies":"Looter","floor":14,"turns":3},{"damage":16,"enemies":"Slime Boss","floor":16,"turns":5},{"damage":25,"enemies":"Spheric Guardian","floor":18,"turns":4},{"damage":33,"enemies":"2 Thieves","floor":19,"turns":3},{"damage":24,"enemies":"Snake Plant","floor":20,"turns":2}],"seed_played":"723641891660064469","potions_obtained":[{"floor":3,"key":"DuplicationPotion"},{"floor":8,"key":"EntropicBrew"},{"floor":14,"key":"ElixirPotion"}],"is_trial":false,"path_per_floor":["M","$","M","T","?","R","?","M","T","E","$","E","?","M","R","B",null,"M","M","M"],"character_chosen":"IRONCLAD","items_purchased":["Whirlwind"],"campfire_rested":1,"item_purchase_floors":[11],"current_hp_per_floor":[80,80,80,80,60,60,60,48,48,43,43,31,19,13,52,67,80,61,34,10,10],"gold":253,"neow_bonus":"THREE_RARE_CARDS","is_daily":false,"chose_seed":false,"campfire_upgraded":1,"win_rate":0.0,"timestamp":1614135238,"path_taken":["M","$","M","?","?","R","?","M","T","E","?","E","?","M","R","BOSS","M","M","M"],"items_purchased_type":["Card"],"build_version":"2020-12-22","purchased_purges":2,"victory":false,"max_hp_per_floor":[80,80,80,80,80,80,80,80,80,80,80,80,80,80,80,80,80,80,80,80,80],"relic_stats":{"Regal Pillow":15,"counters":[10,35],"Golden Idol":54,"Pantograph":25,"Smiling Mask":50,"Question Card":4,"obtain_stats":[{"Regal Pillow":4,"Golden Idol":5,"Pantograph":9,"Bag of Marbles":13,"Smiling Mask":10,"Question Card":12,"Burning Blood":0,"Runic Pyramid":17},{"Regal Pillow":2,"Golden Idol":2,"Pantograph":3,"Bag of Marbles":5,"Smiling Mask":4,"Question Card":5,"Burning Blood":0,"Runic Pyramid":7},{"Regal Pillow":6,"Golden Idol":6,"Pantograph":10,"Bag of Marbles":18,"Smiling Mask":13,"Question Card":18,"Burning Blood":0,"Runic Pyramid":26}],"Burning Blood":53},"card_choices":[{"not_picked":["Juggernaut","Brutality"],"picked":"Demon Form","floor":0},{"not_picked":["Pommel Strike","Disarm"],"picked":"Battle Trance","floor":1},{"not_picked":["Body Slam","Flex"],"picked":"Heavy Blade","floor":3},{"not_picked":["Rupture","Headbutt"],"picked":"Bloodletting","floor":8},{"not_picked":["Wild Strike","Power Through"],"picked":"Reckless Charge","floor":10},{"not_picked":["Rupture","Twin Strike"],"picked":"Rage","floor":12},{"not_picked":["Sentinel","Combust","Second Wind"],"picked":"Pommel Strike","floor":14},{"not_picked":["Juggernaut","Fiend Fire","Offering"],"picked":"Immolate","floor":16},{"not_picked":["Anger","Reckless Charge","Wild Strike+1"],"picked":"Headbutt","floor":18},{"not_picked":["Clothesline+1","Infernal Blade","Heavy Blade"],"picked":"True Grit+1","floor":19}],"player_experience":215688,"relics_obtained":[{"floor":4,"key":"Regal Pillow"},{"floor":9,"key":"Pantograph"},{"floor":10,"key":"Smiling Mask"},{"floor":12,"key":"Question Card"}],"event_choices":[{"damage_healed":0,"gold_gain":0,"player_choice":"Take Damage","damage_taken":20,"relics_obtained":["Golden Idol"],"max_hp_gain":0,"max_hp_loss":0,"event_name":"Golden Idol","floor":5,"gold_loss":0},{"damage_healed":0,"gold_gain":0,"player_choice":"Grow","damage_taken":0,"max_hp_gain":0,"max_hp_loss":0,"event_name":"Living Wall","floor":7,"gold_loss":0,"cards_upgraded":["Demon Form"]},{"damage_healed":0,"gold_gain":0,"player_choice":"Success","damage_taken":12,"relics_obtained":["Bag of Marbles"],"max_hp_gain":0,"max_hp_loss":0,"event_name":"Scrap Ooze","floor":13,"gold_loss":0}],"is_beta":false,"boss_relics":[{"not_picked":["Velvet Choker","Cursed Key"],"picked":"Runic Pyramid"}],"items_purged_floors":[2,11],"is_endless":false,"potions_floor_spawned":[3,8,14],"killed_by":"Snake Plant","ascension_level":3}}