{"host":"soyfmymeou4emntr","time":1614130808,"event":{"mods":["BaseMod","Custom Start","Minty Spire (QoL Compilation)","Permanent Neow","Relic Sorter","Relic Stats","StSLib"],"gold_per_floor":[114,63,80,96,113,113,138,157,157,157,187,187,27,58,58,136,136,76,76,76,76,76,76,76,76,76,76,76,76,76,76,76,76,76,76,76,76,76,76,76,76,76,76,76,76,25,25,25,25,25,25],"floor_reached":50,"language":"ENG","playtime":6917,"items_purged":[],"score":1357,"play_id":"7a300d78-1693-4a51-a3c8-b2f1e7b9ccb9","local_time":"20210223184008","is_ascension_mode":true,"campfire_choices":[{"data":"Omniscience","floor":6.0,"key":"SMITH"},{"data":"Wireheading","floor":10.0,"key":"SMITH"},{"data":"Study","floor":15.0,"key":"SMITH"},{"data":"Protect","floor":23.0,"key":"SMITH"},{"data":"DevaForm","floor":27.0,"key":"SMITH"},{"data":"Protect","floor":30,"key":"SMITH"},{"data":"PathToVictory","floor":32,"key":"SMITH"},{"data":"PathToVictory","floor":40,"key":"SMITH"},{"data":"Protect","floor":42,"key":"SMITH"},{"data":"PathToVictory","floor":49,"key":"SMITH"}],"circlet_count":0,"master_deck":["Defend_P","Defend_P","Defend_P","Defend_P","Defend_P","PathToVictory+1","PathToVictory+1","PathToVictory+1","PathToVictory+1","PathToVictory+1","PathToVictory","Protect+1","PathToVictory","Wireheading+1","Omniscience+1","Study+1","DevaForm+1","Protect+1","WaveOfTheHand","Study+1","Protect+1","ThirdEye"],"relics":["PureWater","Meat on the Bone","Eternal Feather","Molten Egg 2","Blood Vial","HornCleat","Ectoplasm","Ornamental Fan","Darkstone Periapt","CloakClasp","Busted Crown","Pantograph","Nunchaku","Potion Belt"],"acts_visited":["Exordium","TheCity","TheBeyond"],"potions_floor_usage":[28,47,47],"damage_taken":[{"damage":0.0,"enemies":"Cultist","floor":1.0,"turns":1.0},{"damage":0.0,"enemies":"Small Slimes","floor":3.0,"turns":2.0},{"damage":0.0,"enemies":"Jaw Worm","floor":4.0,"turns":2.0},{"damage":8.0,"enemies":"Large Slime","floor":5.0,"turns":2.0},{"damage":0.0,"enemies":"Lagavulin","floor":7.0,"turns":2.0},{"damage":0.0,"enemies":"2 Fungi Beasts","floor":8.0,"turns":1.0},{"damage":0.0,"enemies":"Gremlin Nob","floor":11.0,"turns":1.0},{"damage":15.0,"enemies":"3 Sentries","floor":14.0,"turns":6.0},{"damage":4.0,"enemies":"The Guardian","floor":16.0,"turns":4.0},{"damage":0.0,"enemies":"2 Thieves","floor":18.0,"turns":3.0},{"damage":0.0,"enemies":"Shell Parasite","floor":20.0,"turns":2.0},{"damage":0.0,"enemies":"Snake Plant","floor":21.0,"turns":2.0},{"damage":0.0,"enemies":"Shelled Parasite and Fungi","floor":22.0,"turns":2.0},{"damage":22.0,"enemies":"Slavers","floor":24.0,"turns":5.0},{"damage":7.0,"enemies":"Sentry and Sphere","floor":25.0,"turns":4.0},{"damage":0,"enemies":"Snake Plant","floor":28,"turns":1},{"damage":0,"enemies":"3 Cultists","floor":29,"turns":3},{"damage":19,"enemies":"Gremlin Leader","floor":31,"turns":4},{"damage":0,"enemies":"Champ","floor":33,"turns":5},{"damage":6,"enemies":"3 Darklings","floor":35,"turns":4},{"damage":0,"enemies":"Orb Walker","floor":37,"turns":2},{"damage":0,"enemies":"Maw","floor":38,"turns":3},{"damage":6,"enemies":"Jaw Worm Horde","floor":39,"turns":3},{"damage":12,"enemies":"Nemesis","floor":41,"turns":5},{"damage":0,"enemies":"Spire Growth","floor":44,"turns":4},{"damage":0,"enemies":"Maw","floor":45,"turns":3},{"damage":45,"enemies":"Reptomancer","floor":47,"turns":6},{"damage":70,"enemies":"Awakened One","floor":50,"turns":14}],"seed_played":"3513446894229673387","potions_obtained":[{"floor":4.0,"key":"Strength Potion"},{"floor":5.0,"key":"ColorlessPotion"},{"floor":7.0,"key":"Swift Potion"},{"floor":22.0,"key":"DuplicationPotion"},{"floor":29,"key":"Swift Potion"},{"floor":31,"key":"DistilledChaos"},{"floor":47,"key":"StancePotion"}],"is_trial":true,"path_per_floor":["M","$","M","M","M","R","E","M","T","R","E","?","$","E","R","B",null,"M","$","M","M","M","R","E","M","T","R","M","M","R","E","R","B",null,"M","?","M","M","M","R","E","R","T","M","M","$","E","?","R","B"],"character_chosen":"WATCHER","items_purchased":["Protect","Blood Vial","ThirdEye"],"campfire_rested":0,"item_purchase_floors":[2,13,46],"current_hp_per_floor":[61,61,61,61,53,53,53,53,53,62,62,62,62,49,58,56,65,67,67,68,68,68,68,46,41,41,50,52,54,63,46,58,60,66,62,62,64,66,62,68,56,68,68,68,68,68,35,35,47,0,0],"gold":25,"neow_bonus":"","is_daily":false,"chose_seed":false,"campfire_upgraded":10,"win_rate":0.0,"timestamp":1614130808,"path_taken":["M","?","M","M","M","R","E","M","T","R","E","?","$","E","R","BOSS","M","?","M","M","M","R","E","M","T","R","M","M","R","E","R","BOSS","M","?","M","M","?","R","E","R","T","M","M","$","E","?","R","BOSS"],"items_purchased_type":["Card","Relic","Card"],"build_version":"2020-12-22","purchased_purges":0,"victory":false,"max_hp_per_floor":[68,68,68,68,68,68,68,68,68,68,68,68,68,68,68,68,68,68,68,68,68,68,68,68,68,68,68,68,68,68,68,68,68,68,68,68,68,68,68,68,68,68,68,68,68,68,68,68,68,68,68],"relic_stats":{"Blood Vial":25,"Darkstone Periapt":0,"Nunchaku":[0],"Busted Crown":16,"counters":[28,96],"Ornamental Fan":[0],"Pantograph":21,"Eternal Feather":78,"Ectoplasm":500,"CloakClasp":[100],"obtain_stats":[{"Darkstone Periapt":26,"Potion Belt":47,"Eternal Feather":9,"CloakClasp":31,"Blood Vial":13,"Nunchaku":43,"HornCleat":14,"Busted Crown":34,"Ornamental Fan":24,"Pantograph":41,"Molten Egg 2":11,"Ectoplasm":17,"PureWater":0,"Meat on the Bone":7},{"Darkstone Periapt":15,"Potion Belt":27,"Eternal Feather":6,"CloakClasp":18,"Blood Vial":7,"Nunchaku":24,"HornCleat":8,"Busted Crown":19,"Ornamental Fan":14,"Pantograph":24,"Molten Egg 2":7,"Ectoplasm":9,"PureWater":0,"Meat on the Bone":5},{"Darkstone Periapt":39,"Potion Belt":82,"Eternal Feather":10,"CloakClasp":47,"Blood Vial":11,"Nunchaku":69,"HornCleat":17,"Busted Crown":52,"Ornamental Fan":35,"Pantograph":69,"Molten Egg 2":11,"Ectoplasm":21,"PureWater":0,"Meat on the Bone":9}],"Meat on the Bone":12},"card_choices":[{"not_picked":["FlyingSleeves","CrushJoints","FollowUp"],"picked":"SKIP","floor":1.0},{"not_picked":["ThirdEye","FlyingSleeves"],"picked":"PathToVictory","floor":3.0},{"not_picked":["ForeignInfluence","Worship"],"picked":"Wireheading","floor":4.0},{"not_picked":["Protect","ForeignInfluence"],"picked":"Omniscience","floor":5.0},{"not_picked":["Protect","JustLucky","Alpha"],"picked":"SKIP","floor":7.0},{"not_picked":["FollowUp","Consecrate","FearNoEvil"],"picked":"SKIP","floor":8.0},{"not_picked":["EmptyFist+1","DeceiveReality","Crescendo"],"picked":"SKIP","floor":11.0},{"not_picked":["MentalFortress","BattleHymn"],"picked":"Study","floor":14.0},{"not_picked":["SpiritShield","ConjureBlade"],"picked":"DevaForm","floor":16.0},{"not_picked":["Tantrum+1","JustLucky+1","CarveReality+1"],"picked":"SKIP","floor":18.0},{"not_picked":["Vengeance","Prostrate","JustLucky+1"],"picked":"SKIP","floor":20.0},{"not_picked":["CrushJoints+1","CutThroughFate+1","Evaluate"],"picked":"SKIP","floor":21.0},{"not_picked":["Weave+1","ConjureBlade","Halt+1"],"picked":"SKIP","floor":22.0},{"not_picked":["EmptyBody","WreathOfFlame+1","TalkToTheHand+1"],"picked":"SKIP","floor":24.0},{"not_picked":["Consecrate+1","Tantrum+1","FlurryOfBlows+1"],"picked":"SKIP","floor":25.0},{"not_picked":["Ragnarok+1","InnerPeace"],"picked":"Protect","floor":28},{"not_picked":["Crescendo","Vengeance"],"picked":"WaveOfTheHand","floor":29},{"not_picked":["CutThroughFate+1","Fasting2"],"picked":"Study+1","floor":31},{"not_picked":["Evaluate"],"picked":"SKIP","floor":35},{"not_picked":["Worship"],"picked":"SKIP","floor":37},{"not_picked":["Indignation"],"picked":"SKIP","floor":38},{"not_picked":["FlyingSleeves+1"],"picked":"SKIP","floor":39},{"not_picked":["FlyingSleeves+1"],"picked":"SKIP","floor":39},{"not_picked":[],"picked":"Protect","floor":41},{"not_picked":["Swivel"],"picked":"SKIP","floor":44},{"not_picked":["JustLucky+1"],"picked":"SKIP","floor":45},{"not_picked":["FollowUp+1"],"picked":"SKIP","floor":47}],"player_experience":3509373,"relics_obtained":[{"floor":7.0,"key":"Meat on the Bone"},{"floor":9.0,"key":"Eternal Feather"},{"floor":11.0,"key":"Molten Egg 2"},{"floor":14.0,"key":"HornCleat"},{"floor":24.0,"key":"Ornamental Fan"},{"floor":26.0,"key":"Darkstone Periapt"},{"floor":31,"key":"CloakClasp"},{"floor":41,"key":"Pantograph"},{"floor":43,"key":"Nunchaku"},{"floor":47,"key":"Potion Belt"}],"event_choices":[{"damage_healed":0.0,"max_hp_gain":0.0,"max_hp_loss":0.0,"gold_gain":0.0,"event_name":"Match and Keep!","player_choice":"0 cards matched","floor":12.0,"gold_loss":0.0,"damage_taken":0.0,"cards_obtained":[]},{"damage_healed":0,"gold_gain":0,"player_choice":"Ignored","damage_taken":0,"max_hp_gain":0,"max_hp_loss":0,"event_name":"SecretPortal","floor":36,"gold_loss":0},{"damage_healed":0,"gold_gain":0,"player_choice":"Forge","damage_taken":0,"max_hp_gain":0,"max_hp_loss":0,"event_name":"Accursed Blacksmith","floor":48,"gold_loss":0,"cards_upgraded":["PathToVictory"]}],"is_beta":false,"boss_relics":[{"not_picked":["Coffee Dripper","Calling Bell"],"picked":"Ectoplasm"},{"not_picked":["Runic Dome","Tiny House"],"picked":"Busted Crown"}],"items_purged_floors":[],"is_endless":false,"potions_floor_spawned":[4,5,7,11,18,22,25,29,31,33,35,38,44,45,47],"killed_by":"Awakened One","ascension_level":20}}