{"host":"dm3der2z84gf27js","time":1614208076,"event":{"mods":["AchievementEnabler","BaseMod","Bestiary","Better Note","Better Third Choice","Colored Map","Colored Powertips","Marisa????????","Minty Spire (QoL Compilation)","StSLib","The Marked"],"gold_per_floor":[131,153,165,190,202,214,256,268,306,349,381,147,147,182,182,281,281,300,316,316,231,34,84,84,94,120,120,176,195,195,215,215,343,343,357,397,86,127,127,127,142,200,227,227,280,280,331,383,383,383,383,383,7,37,37],"floor_reached":56,"language":"ENG","playtime":4393,"items_purged":[],"score":1392,"play_id":"e2d20497-ec67-4412-8a89-e92df13230ae","local_time":"20210224180755","is_ascension_mode":true,"campfire_choices":[{"floor":6.0,"key":"RECALL"},{"floor":13.0,"key":"REST"},{"floor":15.0,"key":"REST"},{"floor":24.0,"key":"REST"},{"floor":27.0,"key":"REST"},{"floor":30.0,"key":"REST"},{"floor":32.0,"key":"REST"},{"floor":40.0,"key":"REST"},{"floor":44.0,"key":"REST"},{"floor":49.0,"key":"REST"},{"data":"SatelliteIllusion","floor":52,"key":"SMITH"}],"circlet_count":0,"master_deck":["Strike_MRS","Strike_MRS+1","Strike_MRS","Strike_MRS","Defend_MRS+1","Defend_MRS","MasterSpark+1","UpSweep","EventHorizon","MilkyWay","SuperPerseids","SatelliteIllusion+1","GravityBeat","PulseMagic","DeepEcoloBomb","EscapeVelocity","EnergyFlow","WitchOfGreed+1","CasketOfStar","OrrerysSun","Singularity","EventHorizon","6A","NonDirectionalLaser","StarDustReverie","GrandCross","SporeBomb","MysteriousBeam","JA","UltimateShortwave","Singularity+1","MilkyWay","AsteroidBelt","SuperPerseids+1","Secret Weapon","PropBag+1","DoubleSpark+1","Occultation+1","GravityBeat+1","OortCloud","MilkyWay","OpenUniverse+1","MilkyWay","PowerUp","EarthLightRay"],"relics":["BewitchedHakkero","MawBank","Whetstone","Blood Vial","Gremlin Horn","Potion Belt","ExperimentalFamiliar","AmplifyWand","Dream Catcher","Thread and Needle","War Paint","SproutingBranch","Mummified Hand","Darkstone Periapt","Vajra","MealTicket","Frozen Egg 2","Bag of Preparation","Nunchaku","Strawberry"],"acts_visited":["Exordium","TheCity","TheBeyond","TheEnding"],"potions_floor_usage":[55,55],"damage_taken":[{"damage":1.0,"enemies":"Cultist","floor":1.0,"turns":3.0},{"damage":0.0,"enemies":"Small Slimes","floor":2.0,"turns":3.0},{"damage":1.0,"enemies":"Jaw Worm","floor":4.0,"turns":4.0},{"damage":26.0,"enemies":"3 Sentries","floor":7.0,"turns":7.0},{"damage":14.0,"enemies":"Lagavulin","floor":10.0,"turns":5.0},{"damage":5.0,"enemies":"Looter","floor":11.0,"turns":3.0},{"damage":35.0,"enemies":"3 Sentries","floor":14.0,"turns":7.0},{"damage":56.0,"enemies":"The Guardian","floor":16.0,"turns":9.0},{"damage":7.0,"enemies":"Chosen","floor":18.0,"turns":3.0},{"damage":33.0,"enemies":"2 Thieves","floor":19.0,"turns":4.0},{"damage":37.0,"enemies":"Book of Stabbing","floor":23.0,"turns":6.0},{"damage":13.0,"enemies":"Centurion and Healer","floor":25.0,"turns":5.0},{"damage":0.0,"enemies":"Gremlin Leader","floor":28.0,"turns":6.0},{"damage":0.0,"enemies":"3 Cultists","floor":29.0,"turns":5.0},{"damage":27.0,"enemies":"Shelled Parasite and Fungi","floor":31.0,"turns":3.0},{"damage":60.0,"enemies":"Automaton","floor":33.0,"turns":8.0},{"damage":9.0,"enemies":"Orb Walker","floor":35.0,"turns":4.0},{"damage":73.0,"enemies":"3 Darklings","floor":36.0,"turns":5.0},{"damage":0.0,"enemies":"Transient","floor":38.0,"turns":5.0},{"damage":29.0,"enemies":"Sphere and 2 Shapes","floor":41.0,"turns":3.0},{"damage":0.0,"enemies":"Nemesis","floor":42.0,"turns":7.0},{"damage":13.0,"enemies":"Giant Head","floor":45.0,"turns":6.0},{"damage":22.0,"enemies":"Nemesis","floor":47.0,"turns":5.0},{"damage":13.0,"enemies":"Donu and Deca","floor":50.0,"turns":6.0},{"damage":28,"enemies":"Shield and Spear","floor":54,"turns":4},{"damage":59,"enemies":"The Heart","floor":55,"turns":6}],"seed_played":"6121925282964286159","potions_obtained":[{"floor":2.0,"key":"Strength Potion"},{"floor":4.0,"key":"PowerPotion"},{"floor":7.0,"key":"SkillPotion"},{"floor":14.0,"key":"FairyPotion"},{"floor":18.0,"key":"SpeedPotion"},{"floor":23.0,"key":"ColorlessPotion"},{"floor":25.0,"key":"Dexterity Potion"},{"floor":28.0,"key":"Fire Potion"},{"floor":29.0,"key":"Block Potion"},{"floor":31.0,"key":"AttackPotion"},{"floor":33.0,"key":"LiquidBronze"},{"floor":36.0,"key":"BottledSpark"},{"floor":36.0,"key":"SkillPotion"},{"floor":38.0,"key":"SteroidPotion"},{"floor":38.0,"key":"SkillPotion"},{"floor":42.0,"key":"EssenceOfSteel"},{"floor":45.0,"key":"Swift Potion"},{"floor":47.0,"key":"GamblersBrew"},{"floor":47.0,"key":"Block Potion"}],"is_trial":false,"path_per_floor":["M","M","?","M","?","R","E","?","T","E","M","$","R","E","R","B",null,"M","M","?","?","$","E","R","M","T","R","E","M","R","M","R","B",null,"M","M","$","M","?","R","M","E","T","R","E","?","E","T","R","B",null,"R","$","E","B",null],"character_chosen":"MARISA","items_purchased":["Gremlin Horn","Dream Catcher","OrrerysSun","Mummified Hand","AsteroidBelt","Nunchaku","FairyPotion","MilkyWay","PowerUp","Fire Potion"],"campfire_rested":9,"item_purchase_floors":[12,22,22,37,37,53,53,53,53,53],"current_hp_per_floor":[74,74,67,66,66,66,40,65,65,51,48,48,70,37,59,5,75,68,37,37,37,37,2,24,13,13,35,37,53,75,52,74,20,75,69,11,11,28,28,50,32,49,49,71,63,63,57,57,75,68,75,75,75,57,19],"gold":37,"neow_bonus":"RANDOM_COMMON_RELIC","is_daily":false,"chose_seed":false,"campfire_upgraded":1,"win_rate":0.0,"timestamp":1614208075,"path_taken":["M","M","?","M","?","R","E","?","T","E","M","$","R","E","R","BOSS","M","M","?","?","?","E","R","M","T","R","E","M","R","M","R","BOSS","M","M","$","M","?","R","M","E","T","R","E","?","E","?","R","BOSS","R","$","E","BOSS"],"items_purchased_type":["Relic","Relic","Card","Relic","Card","Relic","Potion","Card","Card","Potion"],"build_version":"2020-12-22","purchased_purges":0,"victory":true,"max_hp_per_floor":[75,75,75,75,75,75,75,75,75,75,75,75,75,75,75,75,75,75,75,75,75,75,75,75,75,75,75,75,75,75,75,75,75,75,75,75,75,75,75,75,75,75,75,75,75,75,75,75,75,75,75,75,75,82,82],"card_choices":[{"not_picked":["PowerUp","GrandCross"],"picked":"EventHorizon","floor":1.0},{"not_picked":["SporeBomb","GalacticHalo"],"picked":"MilkyWay","floor":2.0},{"not_picked":["Orbital","DarkSpark"],"picked":"SuperPerseids","floor":4.0},{"not_picked":["DarkMatter","SporeBomb"],"picked":"SatelliteIllusion","floor":7.0},{"not_picked":["AlicesGift","UnstableBomb"],"picked":"GravityBeat","floor":10.0},{"not_picked":["GravityBeat","EventHorizon"],"picked":"PulseMagic","floor":11.0},{"not_picked":["SuperPerseids","StarBarrage"],"picked":"DeepEcoloBomb","floor":14.0},{"not_picked":["UltimateShortwave","MaximisePower"],"picked":"EscapeVelocity","floor":16.0},{"not_picked":["MilkyWay","6A"],"picked":"EnergyFlow","floor":18.0},{"not_picked":["DC","MeteoricShower+1"],"picked":"WitchOfGreed+1","floor":19.0},{"not_picked":["ShootingEcho","NonDirectionalLaser"],"picked":"Singularity","floor":23.0},{"not_picked":["PropBag","GalacticHalo"],"picked":"EventHorizon","floor":24.0},{"not_picked":["ManaConvection","OneTimeOff"],"picked":"6A","floor":25.0},{"not_picked":["GravityBeat","OneTimeOff"],"picked":"NonDirectionalLaser","floor":27.0},{"not_picked":["LuminesStrike+1","UnstableBomb"],"picked":"StarDustReverie","floor":28.0},{"not_picked":["GravityBeat","NonDirectionalLaser"],"picked":"GrandCross","floor":29.0},{"not_picked":["GalacticHalo","OneTimeOff"],"picked":"SporeBomb","floor":30.0},{"not_picked":["Acceleration+1","PowerUp"],"picked":"MysteriousBeam","floor":31.0},{"not_picked":["Orbital","WitchOfGreed+1"],"picked":"JA","floor":32.0},{"not_picked":["JA","EscapeVelocity"],"picked":"UltimateShortwave","floor":33.0},{"not_picked":["LuminesStrike","GalacticHalo"],"picked":"Singularity+1","floor":35.0},{"not_picked":["FairyDestructionRay","SporeBomb+1"],"picked":"MilkyWay","floor":36.0},{"not_picked":["LuminesStrike+1","MeteoricShower+1"],"picked":"SuperPerseids+1","floor":38.0},{"not_picked":["Swift Strike","Panacea"],"picked":"Secret Weapon","floor":39.0},{"not_picked":["DC+1","StarBarrage"],"picked":"PropBag+1","floor":40.0},{"not_picked":["StarlightTyphoon+1","LuminesStrike"],"picked":"DoubleSpark+1","floor":41.0},{"not_picked":["ShootingEcho","WitchLeyline+1"],"picked":"Occultation+1","floor":42.0},{"not_picked":["GasGiant+1","ShootTheMoon+1"],"picked":"GravityBeat+1","floor":44.0},{"not_picked":["Singularity","MagicAbsorber+1"],"picked":"OortCloud","floor":45.0},{"not_picked":["EscapeVelocity+1","GravityBeat+1"],"picked":"MilkyWay","floor":47.0},{"not_picked":["Acceleration+1","EnergyRecoil+1"],"picked":"OpenUniverse+1","floor":49.0},{"not_picked":["BlazeAway+1","AsteroidBelt+1"],"picked":"EarthLightRay","floor":54}],"player_experience":244629,"relics_obtained":[{"floor":7.0,"key":"Whetstone"},{"floor":10.0,"key":"Blood Vial"},{"floor":14.0,"key":"Potion Belt"},{"floor":23.0,"key":"Thread and Needle"},{"floor":26.0,"key":"War Paint"},{"floor":28.0,"key":"SproutingBranch"},{"floor":42.0,"key":"Darkstone Periapt"},{"floor":43.0,"key":"Vajra"},{"floor":45.0,"key":"MealTicket"},{"floor":47.0,"key":"Frozen Egg 2"},{"floor":48.0,"key":"Bag of Preparation"},{"floor":54,"key":"Strawberry"}],"event_choices":[{"cards_removed":["Defend_MRS"],"damage_healed":0.0,"max_hp_gain":0.0,"max_hp_loss":0.0,"gold_gain":0.0,"event_name":"Golden Wing","player_choice":"Card Removal","floor":3.0,"gold_loss":0.0,"damage_taken":7.0},{"damage_healed":0.0,"max_hp_gain":0.0,"max_hp_loss":0.0,"gold_gain":0.0,"event_name":"The Cleric","player_choice":"Leave","floor":5.0,"gold_loss":0.0,"damage_taken":0.0},{"damage_healed":25.0,"max_hp_gain":0.0,"max_hp_loss":0.0,"gold_gain":0.0,"event_name":"Big Fish","player_choice":"Banana","floor":8.0,"gold_loss":0.0,"damage_taken":0.0},{"cards_removed":["SatelliteIllusion"],"damage_healed":0.0,"max_hp_gain":0.0,"max_hp_loss":0.0,"gold_gain":0.0,"event_name":"betterNote:BetterNote","player_choice":"Take \u0026 Give","floor":20.0,"gold_loss":0.0,"damage_taken":0.0,"cards_obtained":["CasketOfStar"]},{"damage_healed":0.0,"max_hp_gain":0.0,"max_hp_loss":0.0,"gold_gain":0.0,"event_name":"Addict","player_choice":"Obtained Relic","floor":21.0,"gold_loss":85.0,"damage_taken":0.0,"relics_obtained":["AmplifyWand"]},{"damage_healed":0.0,"max_hp_gain":0.0,"max_hp_loss":0.0,"gold_gain":0.0,"event_name":"SensoryStone","player_choice":"Memory 1","floor":39.0,"gold_loss":0.0,"damage_taken":0.0},{"cards_removed":["Defend_MRS"],"damage_healed":0.0,"max_hp_gain":0.0,"max_hp_loss":0.0,"gold_gain":0.0,"event_name":"Falling","player_choice":"Removed Skill","floor":46.0,"gold_loss":0.0,"damage_taken":0.0}],"is_beta":false,"boss_relics":[{"not_picked":["Runic Dome","Philosopher\u0027s Stone"],"picked":"ExperimentalFamiliar"},{"not_picked":["RampagingMagicTools","SacredBark"],"picked":"BewitchedHakkero"}],"items_purged_floors":[],"is_endless":false,"potions_floor_spawned":[2,4,7,14,18,25,29,31,33,36,38,47],"ascension_level":1}}