{"host":"lv7etzzgwahaenh9","time":1614151317,"event":{"mods":["AchievementEnabler","BaseMod","Colored Map","Colored Powertips","Highlight Path","Minty Spire (QoL Compilation)","Permanent Neow","Quick Restart","Random Character Button","StSLib"],"gold_per_floor":[365,365,375,31,41,53,63,394,442,442,457,486,69,83,83,182,182,200,215,227,247,260,260,260,260],"floor_reached":24,"language":"ENG","playtime":1209,"items_purged":["Strike_P"],"score":342,"play_id":"eeec367f-494b-41df-ab94-d423c7be8f91","local_time":"20210223232157","is_ascension_mode":true,"campfire_choices":[{"floor":10.0,"key":"REST"},{"data":"TalkToTheHand","floor":15,"key":"SMITH"},{"data":"Evaluate","floor":23,"key":"SMITH"}],"circlet_count":0,"master_deck":["AscendersBane","Strike_P+1","Strike_P","Strike_P","Defend_P","Defend_P","Defend_P","Eruption","Vigilance","FlurryOfBlows+1","Brilliance","ClearTheMind","TalkToTheHand+1","DeceiveReality","FlurryOfBlows","WaveOfTheHand","Prostrate","Halt","Brilliance","Evaluate+1","DeusExMachina","Scrawl","Wireheading+1","Protect","Consecrate"],"relics":["PureWater","HandDrill","Whetstone","Old Coin","Omamori","Gremlin Horn","Anchor","Calling Bell","Smiling Mask","InkBottle","Thread and Needle"],"acts_visited":["Exordium","TheCity"],"potions_floor_usage":[16,16,20],"damage_taken":[{"damage":0.0,"enemies":"Jaw Worm","floor":1.0,"turns":4.0},{"damage":0.0,"enemies":"Cultist","floor":3.0,"turns":3.0},{"damage":0.0,"enemies":"2 Louse","floor":5.0,"turns":2.0},{"damage":0.0,"enemies":"2 Fungi Beasts","floor":6.0,"turns":3.0},{"damage":1.0,"enemies":"Exordium Wildlife","floor":7.0,"turns":3.0},{"damage":11.0,"enemies":"Lagavulin","floor":8.0,"turns":4.0},{"damage":28,"enemies":"Exordium Thugs","floor":11,"turns":6},{"damage":5,"enemies":"Gremlin Nob","floor":12,"turns":3},{"damage":0,"enemies":"Lots of Slimes","floor":14,"turns":3},{"damage":1,"enemies":"Hexaghost","floor":16,"turns":8},{"damage":0,"enemies":"Spheric Guardian","floor":18,"turns":3},{"damage":4,"enemies":"Shell Parasite","floor":19,"turns":6},{"damage":0,"enemies":"3 Cultists","floor":20,"turns":4},{"damage":6,"enemies":"Snecko","floor":21,"turns":6},{"damage":1,"enemies":"Snake Plant","floor":22,"turns":4},{"damage":37,"enemies":"Book of Stabbing","floor":24,"turns":5}],"seed_played":"585208620729829863","potions_obtained":[{"floor":5.0,"key":"LiquidBronze"},{"floor":7.0,"key":"LiquidBronze"},{"floor":16,"key":"Explosive Potion"},{"floor":21,"key":"Swift Potion"},{"floor":22,"key":"BlessingOfTheForge"}],"is_trial":false,"path_per_floor":["M","?","M","$","M","M","M","E","T","R","M","E","$","M","R","B",null,"M","M","M","M","M","R","E"],"character_chosen":"WATCHER","items_purchased":["HandDrill","Whetstone","ClearTheMind","Brilliance","Evaluate","Anchor"],"campfire_rested":1,"item_purchase_floors":[4,4,4,13,13,13],"current_hp_per_floor":[47,47,47,47,47,47,46,35,35,56,28,23,23,23,23,22,60,60,56,56,50,49,49,12,12],"gold":260,"neow_bonus":"TWO_FIFTY_GOLD","is_daily":false,"chose_seed":false,"campfire_upgraded":2,"win_rate":0.0,"timestamp":1614151317,"path_taken":["M","?","M","$","M","M","M","E","T","R","M","E","$","M","R","BOSS","M","M","?","M","M","R","E"],"items_purchased_type":["Relic","Relic","Card","Card","Card","Relic"],"build_version":"2020-12-22","purchased_purges":1,"victory":false,"max_hp_per_floor":[72,72,72,72,72,72,72,72,72,72,72,72,72,72,72,72,72,72,72,72,72,72,72,72,72],"card_choices":[{"not_picked":["Halt","Consecrate"],"picked":"FlurryOfBlows","floor":1.0},{"not_picked":["Crescendo","SandsOfTime"],"picked":"Brilliance","floor":3.0},{"not_picked":["SandsOfTime","Crescendo"],"picked":"TalkToTheHand","floor":5.0},{"not_picked":["Evaluate","PathToVictory"],"picked":"DeceiveReality","floor":6.0},{"not_picked":["Perseverance","Sanctity"],"picked":"FlurryOfBlows","floor":7.0},{"not_picked":["FlurryOfBlows","PathToVictory"],"picked":"WaveOfTheHand","floor":8.0},{"not_picked":["Crescendo","Swivel"],"picked":"Prostrate","floor":11},{"not_picked":["Pray","Perseverance"],"picked":"Halt","floor":12},{"not_picked":["BowlingBash","EmptyFist"],"picked":"DeusExMachina","floor":14},{"not_picked":["ConjureBlade","Wish"],"picked":"Scrawl","floor":16},{"not_picked":["JustLucky","FlurryOfBlows"],"picked":"Wireheading+1","floor":18},{"not_picked":["SashWhip+1","PathToVictory","Halt"],"picked":"SKIP","floor":19},{"not_picked":["BowlingBash","Halt"],"picked":"Protect","floor":20},{"not_picked":["PathToVictory","Meditate","Evaluate"],"picked":"SKIP","floor":21},{"not_picked":["PathToVictory+1","ThirdEye"],"picked":"Consecrate","floor":22}],"player_experience":545185,"relics_obtained":[{"floor":8.0,"key":"Old Coin"},{"floor":9.0,"key":"Omamori"},{"floor":12,"key":"Gremlin Horn"},{"floor":17,"key":"Smiling Mask"},{"floor":17,"key":"InkBottle"},{"floor":17,"key":"Thread and Needle"}],"event_choices":[{"cards_removed":["Defend_P"],"damage_healed":0.0,"max_hp_gain":0.0,"max_hp_loss":0.0,"gold_gain":0.0,"event_name":"Purifier","player_choice":"Purged","floor":2.0,"gold_loss":0.0,"damage_taken":0.0}],"is_beta":false,"boss_relics":[{"not_picked":["Tiny House","SacredBark"],"picked":"Calling Bell"}],"items_purged_floors":[13],"is_endless":false,"potions_floor_spawned":[5,7,8,12,16,21,22],"killed_by":"Book of Stabbing","ascension_level":12}}