{"host":"z4nt7tdd4gjrinn7","time":1614192216,"event":{"mods":["100% Spire Juice","BaseMod","Minty Spire (QoL Compilation)","StSLib"],"gold_per_floor":[215,228,159,159,4,4,19,33,85,95,72,72,92,102,102,198,198,208,219,64,64,64,64,81,81,81,98,23,38,54,54,54,54,54],"floor_reached":33,"language":"ENG","playtime":2268,"items_purged":["Pain"],"score":291,"play_id":"551f74a8-1ded-4516-9fce-a6ff10f090d2","local_time":"20210224134336","is_ascension_mode":false,"campfire_choices":[{"floor":6.0,"key":"REST"},{"floor":15,"key":"REST"},{"floor":23,"key":"REST"},{"floor":25,"key":"REST"},{"floor":32,"key":"REST"}],"circlet_count":0,"master_deck":["Strike_B","Strike_B","Strike_B","Strike_B","Defend_B+1","Defend_B","Defend_B","Defend_B","Zap","Dualcast","Conserve Battery+1","Sweeping Beam","Self Repair","Heatsinks","White Noise","Doom and Gloom","Gash","Sweeping Beam","Aggregate","Creative AI","CurseOfTheBell","Stack+1","Gash+1","Shame","Steam","Barrage","Storm","Cold Snap"],"relics":["Cracked Core","Strange Spoon","Potion Belt","WarpedTongs","Calling Bell","Boot","InkBottle","Emotion Chip","Regal Pillow","Lantern","War Paint","Mummified Hand"],"acts_visited":["Exordium","TheCity"],"potions_floor_usage":[16,16,18,19,30,33],"damage_taken":[{"damage":1.0,"enemies":"Cultist","floor":1.0,"turns":3.0},{"damage":8.0,"enemies":"Small Slimes","floor":2.0,"turns":3.0},{"damage":3.0,"enemies":"Jaw Worm","floor":7.0,"turns":4.0},{"damage":8.0,"enemies":"Looter","floor":8.0,"turns":3.0},{"damage":23.0,"enemies":"Lots of Slimes","floor":10.0,"turns":3.0},{"damage":14,"enemies":"Large Slime","floor":13,"turns":6},{"damage":30,"enemies":"Exordium Thugs","floor":14,"turns":4},{"damage":14,"enemies":"Slime Boss","floor":16,"turns":9},{"damage":50,"enemies":"Shell Parasite","floor":18,"turns":8},{"damage":27,"enemies":"2 Thieves","floor":19,"turns":3},{"damage":23,"enemies":"Cultist and Chosen","floor":24,"turns":4},{"damage":30,"enemies":"Snecko","floor":27,"turns":5},{"damage":22,"enemies":"Snake Plant","floor":29,"turns":3},{"damage":22,"enemies":"Centurion and Healer","floor":30,"turns":6},{"damage":57,"enemies":"Collector","floor":33,"turns":6}],"seed_played":"-407614175945814180","potions_obtained":[{"floor":2.0,"key":"Dexterity Potion"},{"floor":13,"key":"SpeedPotion"},{"floor":16,"key":"SneckoOil"},{"floor":18,"key":"Weak Potion"},{"floor":24,"key":"BlessingOfTheForge"},{"floor":30,"key":"ColorlessPotion"}],"is_trial":false,"path_per_floor":["M","M","$","?","$","R","M","M","T","M","$","?","M","M","R","B",null,"M","M","$","?","?","R","M","R","T","M","$","M","M","?","R","B"],"character_chosen":"DEFECT","items_purchased":["Self Repair","Strange Spoon","Gash","Regal Pillow"],"campfire_rested":5,"item_purchase_floors":[3,5,11,20],"current_hp_per_floor":[74,66,66,66,66,75,75,74,74,65,65,65,58,35,57,50,75,32,5,5,5,5,42,26,63,63,40,40,32,20,20,57,0,0],"gold":54,"neow_bonus":"HUNDRED_GOLD","is_daily":false,"chose_seed":false,"campfire_upgraded":0,"win_rate":0.0,"timestamp":1614192216,"path_taken":["M","M","?","?","$","R","M","?","T","M","$","?","?","M","R","BOSS","M","M","$","?","?","R","M","R","T","M","$","?","M","?","R","BOSS"],"items_purchased_type":["Card","Relic","Card","Relic"],"build_version":"2020-12-22","purchased_purges":1,"victory":false,"max_hp_per_floor":[75,75,75,75,75,75,75,75,75,75,75,75,75,75,75,75,75,75,75,75,75,75,75,75,75,75,75,75,75,75,75,75,75,75],"card_choices":[{"not_picked":["Redo","Rebound"],"picked":"Conserve Battery","floor":1.0},{"not_picked":["Leap","Coolheaded"],"picked":"Sweeping Beam","floor":2.0},{"not_picked":["Compile Driver","Double Energy"],"picked":"Heatsinks","floor":7.0},{"not_picked":["Hello World","Streamline"],"picked":"White Noise","floor":8.0},{"not_picked":["Sweeping Beam","Force Field"],"picked":"Doom and Gloom","floor":10.0},{"not_picked":["Darkness","Loop"],"picked":"Sweeping Beam","floor":13},{"not_picked":["Hyperbeam","Force Field"],"picked":"Aggregate","floor":14},{"not_picked":["Machine Learning","Core Surge"],"picked":"Creative AI","floor":16},{"not_picked":["Auto Shields+1","Hello World"],"picked":"Stack+1","floor":18},{"not_picked":["Barrage","Cold Snap"],"picked":"Gash+1","floor":19},{"not_picked":["Blizzard","Skim"],"picked":"Steam","floor":24},{"not_picked":["Go for the Eyes","Streamline+1"],"picked":"Barrage","floor":27},{"not_picked":["Darkness","Barrage"],"picked":"Storm","floor":29},{"not_picked":["Beam Cell","Hologram"],"picked":"Cold Snap","floor":30}],"player_experience":204803,"relics_obtained":[{"floor":9.0,"key":"Potion Belt"},{"floor":17,"key":"Boot"},{"floor":17,"key":"InkBottle"},{"floor":17,"key":"Emotion Chip"},{"floor":26,"key":"Mummified Hand"}],"event_choices":[{"damage_healed":0.0,"max_hp_gain":0.0,"max_hp_loss":0.0,"gold_gain":0.0,"event_name":"The Cleric","player_choice":"Leave","floor":4.0,"gold_loss":0.0,"damage_taken":0.0},{"damage_healed":0.0,"max_hp_gain":0.0,"max_hp_loss":0.0,"gold_gain":0.0,"event_name":"Accursed Blacksmith","player_choice":"Rummage","floor":12.0,"gold_loss":0.0,"damage_taken":0.0,"relics_obtained":["WarpedTongs"],"cards_obtained":["Pain"]},{"damage_healed":0,"gold_gain":0,"player_choice":"Stole Relic","damage_taken":0,"relics_obtained":["Lantern"],"max_hp_gain":0,"max_hp_loss":0,"event_name":"Addict","floor":21,"gold_loss":0,"cards_obtained":["Shame"]},{"damage_healed":0,"gold_gain":0,"player_choice":"Opened","damage_taken":0,"relics_obtained":["War Paint"],"max_hp_gain":0,"max_hp_loss":0,"event_name":"The Mausoleum","floor":22,"gold_loss":0},{"damage_healed":0,"gold_gain":0,"player_choice":"Ignored","damage_taken":0,"max_hp_gain":0,"max_hp_loss":0,"event_name":"N\u0027loth","floor":31,"gold_loss":0}],"is_beta":false,"boss_relics":[{"not_picked":["Inserter","Pandora\u0027s Box"],"picked":"Calling Bell"}],"items_purged_floors":[28],"is_endless":false,"potions_floor_spawned":[2,13,16,18,24,30],"killed_by":"Collector","ascension_level":0}}