{"host":"5bsc0nab6whpyrbj","time":1614141402,"event":{"mods":["AchievementEnabler","BaseMod","Colored Map","Dark Map","Highlight Path","Minty Spire (QoL Compilation)"],"gold_per_floor":[115,125,125,125,125,125,150,150,150,225,225,158,183,246,246,365,365,381,381,55,69,69,69,69,69],"floor_reached":24,"language":"ENG","playtime":534,"items_purged":[],"score":182,"play_id":"5feb3881-b117-4d07-b9fb-f299d49b7d18","local_time":"20210223233642","is_ascension_mode":false,"campfire_choices":[{"floor":6,"key":"RECALL"},{"data":"Scrape","floor":11,"key":"SMITH"},{"data":"Zap","floor":15,"key":"SMITH"},{"data":"Fission","floor":23,"key":"SMITH"}],"circlet_count":0,"master_deck":["Zap+1","Dualcast","Scrape+1","Genetic Algorithm","FTL","Steam","All For One","Sunder","Chaos","Stack","Core Surge","Rainbow","Self Repair","Consume","Fission+1","Go for the Eyes","Scrape","Genetic Algorithm+1"],"relics":["Cracked Core","NeowsBlessing","Golden Idol","Pandora\u0027s Box","Eternal Feather"],"acts_visited":["Exordium","TheCity"],"potions_floor_usage":[16,21],"damage_taken":[{"damage":0,"enemies":"Small Slimes","floor":1,"turns":1},{"damage":0,"enemies":"Jaw Worm","floor":2,"turns":1},{"damage":0,"enemies":"2 Louse","floor":7,"turns":1},{"damage":8,"enemies":"Red Slaver","floor":13,"turns":3},{"damage":27,"enemies":"Slime Boss","floor":16,"turns":7},{"damage":8,"enemies":"3 Byrds","floor":18,"turns":4},{"damage":5,"enemies":"2 Thieves","floor":21,"turns":3},{"damage":70,"enemies":"Slavers","floor":24,"turns":3}],"seed_played":"-6691612319435806818","potions_obtained":[{"floor":1,"key":"Weak Potion"},{"floor":2,"key":"DistilledChaos"}],"is_trial":false,"path_per_floor":["M","M","?","?","?","R","M","$","T","?","R","$","M","?","R","B",null,"M","?","$","M","$","R","E"],"character_chosen":"DEFECT","items_purchased":["FTL","Scrape","Eternal Feather"],"campfire_rested":0,"item_purchase_floors":[12,20,20],"current_hp_per_floor":[75,75,75,75,75,75,75,75,75,68,68,68,60,60,60,33,75,67,61,61,56,56,65,0,0],"gold":69,"neow_bonus":"THREE_ENEMY_KILL","is_daily":false,"chose_seed":false,"campfire_upgraded":3,"win_rate":0.0,"timestamp":1614141402,"path_taken":["M","M","?","?","?","R","?","$","T","?","R","?","?","?","R","BOSS","M","?","$","?","?","R","E"],"items_purchased_type":["Card","Card","Relic"],"build_version":"2020-12-22","purchased_purges":0,"victory":false,"max_hp_per_floor":[75,75,75,75,75,75,75,75,75,75,75,75,75,75,75,75,75,75,75,75,75,75,75,75,75],"card_choices":[{"not_picked":["Auto Shields","Cold Snap"],"picked":"Scrape","floor":1},{"not_picked":["Doom and Gloom","Rip and Tear","Undo"],"picked":"SKIP","floor":2},{"not_picked":["Chill","Glacier"],"picked":"Genetic Algorithm","floor":7},{"not_picked":["Rebound","Cold Snap"],"picked":"Steam","floor":13},{"not_picked":["Amplify","Seek"],"picked":"All For One","floor":16},{"not_picked":["Hologram","BootSequence"],"picked":"Go for the Eyes","floor":18},{"not_picked":["Chaos","Genetic Algorithm+1","Skim"],"picked":"SKIP","floor":21},{"not_picked":["Chaos","Skim"],"picked":"Genetic Algorithm+1","floor":21}],"player_experience":114876,"relics_obtained":[],"event_choices":[{"damage_healed":0,"gold_gain":0,"player_choice":"Leave","damage_taken":0,"max_hp_gain":0,"max_hp_loss":0,"event_name":"The Cleric","floor":3,"gold_loss":0},{"damage_healed":0,"gold_gain":0,"player_choice":"Take Wound","damage_taken":0,"relics_obtained":["Golden Idol"],"max_hp_gain":0,"max_hp_loss":0,"event_name":"Golden Idol","floor":4,"gold_loss":0,"cards_obtained":["Injury"]},{"cards_removed":["Injury"],"damage_healed":0,"gold_gain":0,"player_choice":"Purged","damage_taken":0,"max_hp_gain":0,"max_hp_loss":0,"event_name":"Purifier","floor":5,"gold_loss":0},{"damage_healed":0,"gold_gain":75,"player_choice":"Touch","damage_taken":7,"max_hp_gain":0,"max_hp_loss":0,"event_name":"FaceTrader","floor":10,"gold_loss":0},{"damage_healed":0,"gold_gain":63,"player_choice":"Gained Gold","damage_taken":0,"max_hp_gain":0,"max_hp_loss":0,"event_name":"Golden Wing","floor":14,"gold_loss":0},{"damage_healed":0,"gold_gain":0,"player_choice":"","damage_taken":6,"max_hp_gain":0,"max_hp_loss":0,"event_name":"Knowing Skull","floor":19,"potions_obtained":[],"gold_loss":0,"cards_obtained":[]}],"is_beta":false,"boss_relics":[{"not_picked":["Cursed Key","SacredBark"],"picked":"Pandora\u0027s Box"}],"items_purged_floors":[],"is_endless":false,"potions_floor_spawned":[1,2],"killed_by":"Slavers","ascension_level":0}}