{"host":"mp4nw1ahnxiisuiw","time":1614125460,"event":{"mods":["AchievementEnabler","BaseMod","Better Note","Block Reminder","Colored Map","Colored Powertips","Curses Come First","DeckTracker","Dio Mod","Hero for Fun","Highlight Path","Koishi","Marisa????????","Minty Spire (QoL Compilation)","Permanent Neow","Quick Restart","Rare Cards Sparkle","Relic Sorter","Relic Stats","Remilia??????","Small Relic Pack","Spikes Relics","StSLib","Td1madao Mod","The Animator","The Bug Knight","Waifu the Spire"],"gold_per_floor":[110,110,124,124,124,124,153,171,171,171,171],"floor_reached":10,"language":"ENG","playtime":303,"items_purged":[],"score":76,"play_id":"fe8f0c1a-3622-4853-af54-c4426a08f396","local_time":"20210224011100","is_ascension_mode":true,"campfire_choices":[{"data":"Defend_R","floor":6,"key":"SMITH"}],"circlet_count":0,"master_deck":["Strike_R","Strike_R","Strike_R","Strike_R","Defend_R+1","Defend_R","Defend_R","Defend_R","Bash","Whirlwind","Iron Wave","Metallicize"],"relics":["Philosopher\u0027s Stone","NlothsMask","MiniBlackHole","Ornamental Fan"],"acts_visited":["Exordium"],"potions_floor_usage":[7],"damage_taken":[{"damage":8,"enemies":"Jaw Worm","floor":1,"turns":3},{"damage":0,"enemies":"Cultist","floor":3,"turns":3},{"damage":59,"enemies":"Gremlin Nob","floor":7,"turns":5},{"damage":0,"enemies":"2 Louse","floor":8,"turns":2},{"damage":21,"enemies":"Lagavulin","floor":10,"turns":5}],"seed_played":"-2980835014585318891","potions_obtained":[{"floor":1,"key":"Energy Potion"},{"floor":8,"key":"Ancient Potion"}],"is_trial":false,"path_per_floor":["M","?","M","T","?","R","E","M","T","E"],"character_chosen":"IRONCLAD","items_purchased":[],"campfire_rested":0,"item_purchase_floors":[],"current_hp_per_floor":[72,72,72,72,72,72,13,13,13,0,0],"gold":171,"neow_bonus":"BOSS_RELIC","is_daily":false,"chose_seed":false,"campfire_upgraded":1,"win_rate":0.0,"timestamp":1614125460,"path_taken":["M","?","?","?","?","R","E","M","T","E"],"items_purchased_type":[],"build_version":"2020-12-22","purchased_purges":0,"victory":false,"max_hp_per_floor":[80,80,80,80,80,80,80,80,80,80,80],"relic_stats":{"counters":[5,18],"Ornamental Fan":[8],"obtain_stats":[{"Ornamental Fan":9,"MiniBlackHole":7,"Philosopher\u0027s Stone":0,"Burning Blood":0,"NlothsMask":2},{"Ornamental Fan":4,"MiniBlackHole":3,"Philosopher\u0027s Stone":0,"Burning Blood":0,"NlothsMask":1},{"Ornamental Fan":13,"MiniBlackHole":11,"Philosopher\u0027s Stone":0,"Burning Blood":0,"NlothsMask":3}]},"card_choices":[{"not_picked":["Disarm","Intimidate","Wild Strike"],"picked":"SKIP","floor":1},{"not_picked":["True Grit","Clash"],"picked":"Whirlwind","floor":3},{"not_picked":["Headbutt","Thunderclap"],"picked":"Iron Wave","floor":7},{"not_picked":["Pommel Strike","Infernal Blade"],"picked":"Metallicize","floor":8}],"player_experience":121211,"relics_obtained":[{"floor":7,"key":"MiniBlackHole"},{"floor":9,"key":"Ornamental Fan"}],"event_choices":[{"damage_healed":0,"gold_gain":0,"player_choice":"Trade","damage_taken":0,"relics_obtained":["NlothsMask"],"max_hp_gain":0,"max_hp_loss":0,"event_name":"FaceTrader","floor":2,"gold_loss":0},{"cards_removed":["Strike_R"],"damage_healed":0,"gold_gain":0,"player_choice":"Forget","damage_taken":0,"max_hp_gain":0,"max_hp_loss":0,"event_name":"Living Wall","floor":5,"gold_loss":0}],"is_beta":false,"boss_relics":[],"items_purged_floors":[],"is_endless":false,"potions_floor_spawned":[1,8],"killed_by":"Lagavulin","ascension_level":3}}