{"host":"whyfdmrq1ty0e9zp","time":1614184389,"event":{"mods":["Act Like it!","BaseMod","Colored Map","Colored Powertips","Conspire","Energized Spire","Gensokyo","Marisa£®ÏF”Í°°ƒß¿Ì…≥£©","Minty Spire (QoL Compilation)","MostiFishMod","Prisma Mod","Quick Restart","Relic Filter Mod","Relic Stats","Reliquary","Remilia£®¿Ÿ√◊¿Ú—«£©","Replay The Spire","StSLib","TestMod","The Servant 0.9.4","°æ“≈ŒÔø®≈∆°øREMEMod","≤–¡Ù÷ÆŒÔ"],"gold_per_floor":[110,110,110,128,148,179,198,198,247,272,272,272,303,320,320,424,524,535,535,535,472,485,513,528,578,629,659,672,672,688,716,716,817,817,837,853,869,888,888,888,917,917,943,943,973,973,1005,1005,1005,1005],"floor_reached":51,"language":"ZHS","playtime":1638,"items_purged":["PlaceholderMod:BaseStrike","PlaceholderMod:BaseStrike","PlaceholderMod:BaseStrike","PlaceholderMod:BaseStrike","PlaceholderMod:SelectReaction"],"score":1520,"play_id":"3033f6a5-0503-46a8-ac7a-5d634da38bf2","local_time":"20210225003309","is_ascension_mode":true,"campfire_choices":[{"data":"PlaceholderMod:InnerStable","floor":8.0,"key":"SMITH"},{"data":"PlaceholderMod:CorePoison","floor":15,"key":"SMITH"},{"data":"PlaceholderMod:DirectingGroup","floor":29,"key":"SMITH"},{"data":"PlaceholderMod:PoisonExcitation","floor":32,"key":"SMITH"},{"data":"PlaceholderMod:DiffusionPoison","floor":40,"key":"SMITH"},{"data":"PlaceholderMod:HardStinger","floor":42,"key":"SMITH"},{"data":"PlaceholderMod:DiffusionChemical","floor":44,"key":"SMITH"},{"data":"PlaceholderMod:Activation","floor":49,"key":"SMITH"}],"circlet_count":0,"master_deck":["PlaceholderMod:BaseDefend","PlaceholderMod:BaseDefend","PlaceholderMod:BaseDefend","PlaceholderMod:BaseDefend","PlaceholderMod:BaseDefend","PlaceholderMod:Crystal","PlaceholderMod:PoisonWhip","MostiFishMod:Dust+1","PlaceholderMod:DiffusionChemical+1","PlaceholderMod:CorePoison+1","PlaceholderMod:Hard","PlaceholderMod:InnerStable+1","PlaceholderMod:NearChange","PlaceholderMod:SevereHeat","PlaceholderMod:ChainPoly+1","PlaceholderMod:Activation","PlaceholderMod:FinalSpray+1","PlaceholderMod:DoublePoint","PlaceholderMod:HardStinger+1","PlaceholderMod:ConsolidateHit+1","PlaceholderMod:Activation+1","PlaceholderMod:Hyperplasia","PlaceholderMod:DirectingGroup+1","PlaceholderMod:PoisonExcitation+1","PlaceholderMod:DiffusionPoison+1","PlaceholderMod:DissolvingSpikes+1","PlaceholderMod:PoisonAbsorb+1","PlaceholderMod:Activation+1","PlaceholderMod:MultipleOxi+1"],"relics":["PlaceholderMod:Tancle","testmod-TestBox","DaveBox","REME_ComplimentaryCards","DiscerningMonocle","testmod-CrystalShield","NeowsBlessing","SynthV:TestCard","REME_LimitBreaker","BirthdayGift-Icosahedron","Pet Ghost","Pantograph","Ancient Tea Set","reliquary:Buckler","reliquary:Boomerang","reliquary:Aerogel","PreservedInsect","Replay:Wanted Poster","Membership Card","reliquary:PartyBalloon","reliquary:GummyVitamins","Happy Flower","War Paint","Nunchaku","Lantern","FeatherPendant","reliquary:QuartzCube","conspire:TreasureMap","Golden Egg","Juzu Bracelet","Molten Egg 2","reliquary:SharkskinSheath","CaptainsWheel","testmod-MagicalMallet","reliquary:Stiletto"],"acts_visited":["Exordium","TheCity","TheBeyond"],"potions_floor_usage":[14],"damage_taken":[{"damage":0.0,"enemies":"Small Slimes","floor":1.0,"turns":2.0},{"damage":0.0,"enemies":"2 Louse","floor":4.0,"turns":1.0},{"damage":0.0,"enemies":"Cultist","floor":5.0,"turns":1.0},{"damage":0.0,"enemies":"Gremlin Nob","floor":6.0,"turns":3.0},{"damage":8.0,"enemies":"Blue Slaver","floor":7.0,"turns":2.0},{"damage":0.0,"enemies":"Lagavulin","floor":10.0,"turns":3.0},{"damage":0,"enemies":"Gremlin Nob","floor":13,"turns":3},{"damage":0,"enemies":"Exordium Wildlife","floor":14,"turns":3},{"damage":0,"enemies":"Hexaghost","floor":16,"turns":7},{"damage":0,"enemies":"3 Byrds","floor":18,"turns":3},{"damage":0,"enemies":"2 Thieves","floor":22,"turns":2},{"damage":0,"enemies":"Book of Stabbing","floor":23,"turns":3},{"damage":0,"enemies":"Snake Plant","floor":24,"turns":3},{"damage":14,"enemies":"Slavers","floor":27,"turns":2},{"damage":0,"enemies":"Shelled Parasite and Fungi","floor":28,"turns":2},{"damage":0,"enemies":"Snecko","floor":30,"turns":2},{"damage":0,"enemies":"Book of Stabbing","floor":31,"turns":2},{"damage":0,"enemies":"conspire:MysteriousRune","floor":33,"turns":3},{"damage":0,"enemies":"3 Darklings","floor":35,"turns":1},{"damage":0,"enemies":"3 Shapes","floor":36,"turns":1},{"damage":0,"enemies":"Transient","floor":37,"turns":2},{"damage":0,"enemies":"Sphere and 2 Shapes","floor":38,"turns":1},{"damage":0,"enemies":"Giant Head","floor":41,"turns":1},{"damage":0,"enemies":"Reptomancer","floor":45,"turns":1},{"damage":0,"enemies":"Nemesis","floor":47,"turns":1},{"damage":0,"enemies":"Awakened One","floor":50,"turns":2}],"seed_played":"-7154275334526604324","potions_obtained":[{"floor":1.0,"key":"Block Potion"},{"floor":14,"key":"Adrenaline Potion"},{"floor":28,"key":"SkillPotion"}],"is_trial":false,"path_per_floor":["M","?","$","M","M","E","M","R","T","E","$","?","E","M","R","B",null,"M","?","?","$","M","E","M","?","T","E","M","R","M","E","R","B",null,"M","M","M","M","$","R","E","R","T","R","E","$","E","?","R","B",null],"character_chosen":"THE_PLACEHOLDER","items_purchased":["REME_LimitBreaker","BirthdayGift-Icosahedron","Pet Ghost","PlaceholderMod:CorePoison","Fire Potion","EssenceOfSteel","reliquary:Boomerang","reliquary:Aerogel","PlaceholderMod:ChainPoly","REME_GoldPotion","Adrenaline Potion","Membership Card","reliquary:PartyBalloon","PlaceholderMod:DoublePoint","reliquary:GummyVitamins","reliquary:QuartzCube","conspire:TreasureMap","PlaceholderMod:Activation","reliquary:SharkskinSheath","CaptainsWheel","testmod-MagicalMallet","PlaceholderMod:MultipleOxi"],"campfire_rested":0,"item_purchase_floors":[3,3,3,3,3,3,11,11,11,11,11,21,21,21,21,39,39,39,46,46,46,46],"current_hp_per_floor":[78,78,78,78,78,78,71,71,71,72,72,77,78,79,79,83,83,83,83,83,83,83,83,83,83,83,70,71,71,72,73,73,74,83,83,83,83,83,83,83,83,83,83,83,83,83,83,83,83,83],"gold":1005,"neow_bonus":"THREE_ENEMY_KILL","is_daily":false,"chose_seed":false,"campfire_upgraded":8,"win_rate":0.0,"timestamp":1614184389,"path_taken":["M","?","$","M","M","E","M","R","T","E","$","?","E","M","R","BOSS","M","?","?","$","M","E","M","?","T","E","?","R","M","E","R","BOSS","M","M","M","M","$","R","E","R","T","R","E","$","E","?","R","BOSS"],"items_purchased_type":["Relic","Relic","Relic","Card","Potion","Potion","Relic","Relic","Card","Potion","Potion","Relic","Relic","Card","Relic","Relic","Relic","Card","Relic","Relic","Relic","Card"],"build_version":"2020-12-22","purchased_purges":5,"victory":true,"max_hp_per_floor":[78,78,78,78,78,78,78,78,78,78,78,83,83,83,83,83,83,83,83,83,83,83,83,83,83,83,83,83,83,83,83,83,83,83,83,83,83,83,83,83,83,83,83,83,83,83,83,83,83,83],"relic_stats":{"Nunchaku":[2],"Happy Flower":[8],"counters":[26,57],"Pantograph":4,"PreservedInsect":351,"Juzu Bracelet":0,"War Paint":["PlaceholderMod:Activation","PlaceholderMod:FinalSpray"],"obtain_stats":[{"PlaceholderMod:Tancle":0,"Golden Egg":41,"Lantern":31,"reliquary:Boomerang":11,"DaveBox":0,"DiscerningMonocle":0,"reliquary:Aerogel":11,"reliquary:PartyBalloon":21,"BirthdayGift-Icosahedron":3,"Juzu Bracelet":43,"Ancient Tea Set":9,"reliquary:QuartzCube":39,"Pet Ghost":3,"Replay:Wanted Poster":17,"testmod-CrystalShield":0,"Nunchaku":27,"Pantograph":6,"reliquary:Buckler":10,"reliquary:SharkskinSheath":46,"conspire:TreasureMap":39,"testmod-TestBox":0,"NeowsBlessing":0,"Happy Flower":23,"PreservedInsect":13,"REME_LimitBreaker":3,"War Paint":26,"CaptainsWheel":46,"SynthV:TestCard":1,"FeatherPendant":34,"reliquary:GummyVitamins":21,"Molten Egg 2":45,"testmod-MagicalMallet":46,"reliquary:Stiletto":47,"Membership Card":21,"REME_ComplimentaryCards":0},{"PlaceholderMod:Tancle":0,"Golden Egg":23,"Lantern":17,"reliquary:Boomerang":6,"DaveBox":0,"DiscerningMonocle":0,"reliquary:Aerogel":6,"reliquary:PartyBalloon":10,"BirthdayGift-Icosahedron":1,"Juzu Bracelet":23,"Ancient Tea Set":5,"reliquary:QuartzCube":22,"Pet Ghost":1,"Replay:Wanted Poster":9,"testmod-CrystalShield":0,"Nunchaku":14,"Pantograph":4,"reliquary:Buckler":6,"reliquary:SharkskinSheath":24,"conspire:TreasureMap":22,"testmod-TestBox":0,"NeowsBlessing":0,"Happy Flower":12,"PreservedInsect":7,"REME_LimitBreaker":1,"War Paint":13,"CaptainsWheel":24,"SynthV:TestCard":1,"FeatherPendant":18,"reliquary:GummyVitamins":10,"Molten Egg 2":24,"testmod-MagicalMallet":24,"reliquary:Stiletto":25,"Membership Card":10,"REME_ComplimentaryCards":0},{"PlaceholderMod:Tancle":0,"Golden Egg":53,"Lantern":44,"reliquary:Boomerang":12,"DaveBox":0,"DiscerningMonocle":0,"reliquary:Aerogel":12,"reliquary:PartyBalloon":28,"BirthdayGift-Icosahedron":2,"Juzu Bracelet":53,"Ancient Tea Set":9,"reliquary:QuartzCube":52,"Pet Ghost":2,"Replay:Wanted Poster":25,"testmod-CrystalShield":0,"Nunchaku":38,"Pantograph":7,"reliquary:Buckler":12,"reliquary:SharkskinSheath":54,"conspire:TreasureMap":52,"testmod-TestBox":0,"NeowsBlessing":0,"Happy Flower":33,"PreservedInsect":15,"REME_LimitBreaker":2,"War Paint":36,"CaptainsWheel":54,"SynthV:TestCard":2,"FeatherPendant":47,"reliquary:GummyVitamins":28,"Molten Egg 2":54,"testmod-MagicalMallet":54,"reliquary:Stiletto":55,"Membership Card":28,"REME_ComplimentaryCards":0}]},"card_choices":[{"not_picked":["PlaceholderMod:StressReaction","PlaceholderMod:ParasiteChange"],"picked":"PlaceholderMod:DiffusionChemical","floor":1.0},{"not_picked":["PlaceholderMod:SprayAttack","PlaceholderMod:Break","PlaceholderMod:Hyperplasia","PlaceholderMod:AngryAttack"],"picked":"PlaceholderMod:Hard","floor":4.0},{"not_picked":["PlaceholderMod:ParasiteChange","PlaceholderMod:ProliferateStrike","PlaceholderMod:NutritionAbsorb","PlaceholderMod:StressReaction"],"picked":"PlaceholderMod:InnerStable","floor":5.0},{"not_picked":["PlaceholderMod:ParasiteChange","PlaceholderMod:EvolutionSpray","PlaceholderMod:SpinBlade","PlaceholderMod:StressReaction"],"picked":"PlaceholderMod:SelectReaction","floor":6.0},{"not_picked":["PlaceholderMod:Package","PlaceholderMod:OHStrongAttack","PlaceholderMod:HealingAttack","PlaceholderMod:ProliferateStrike"],"picked":"PlaceholderMod:NearChange","floor":7.0},{"not_picked":["PlaceholderMod:SprayAttack","PlaceholderMod:Colorful","PlaceholderMod:ParasiteChange","PlaceholderMod:AngryAttack"],"picked":"PlaceholderMod:SevereHeat","floor":10.0},{"not_picked":["PlaceholderMod:ContinueSpray","PlaceholderMod:SelectReaction","PlaceholderMod:ProliferateStrike","PlaceholderMod:Turn"],"picked":"PlaceholderMod:Activation","floor":13},{"not_picked":["PlaceholderMod:TriggerStrike","PlaceholderMod:Colorful","PlaceholderMod:Crystallization","PlaceholderMod:ComplexForm","PlaceholderMod:ThreeBenzyolStart"],"picked":"SKIP","floor":14},{"not_picked":["PlaceholderMod:InnerSoften","PlaceholderMod:QualitativeChange","PlaceholderMod:DoublePoint","PlaceholderMod:AbsorbTouch"],"picked":"PlaceholderMod:FinalSpray","floor":16},{"not_picked":["PlaceholderMod:AttackAsDefend","PlaceholderMod:HornyBlast+1","PlaceholderMod:Hard","PlaceholderMod:SeverePoisonStrike+1","PlaceholderMod:Crystallization"],"picked":"SKIP","floor":18},{"not_picked":["PlaceholderMod:AttackAsDefend+1","PlaceholderMod:SpinBlade","PlaceholderMod:ParasiteChange","PlaceholderMod:AngryAttack+1"],"picked":"PlaceholderMod:HardStinger","floor":22},{"not_picked":["PlaceholderMod:Crystallization","PlaceholderMod:DirectingGroup","PlaceholderMod:HardStinger","PlaceholderMod:Turn"],"picked":"PlaceholderMod:ConsolidateHit+1","floor":23},{"not_picked":["PlaceholderMod:Colorful","PlaceholderMod:DissolvingSpikes","PlaceholderMod:ParasiteChange","PlaceholderMod:ChainPoly"],"picked":"PlaceholderMod:Activation","floor":24},{"not_picked":["PlaceholderMod:SprayAttack+1","PlaceholderMod:Internalization+1","PlaceholderMod:SevereHeat","PlaceholderMod:OHStrongAttack"],"picked":"PlaceholderMod:Hyperplasia","floor":27},{"not_picked":["PlaceholderMod:Break","PlaceholderMod:AttackAsDefend","PlaceholderMod:SelectReaction","PlaceholderMod:ParasiteChange"],"picked":"PlaceholderMod:DirectingGroup","floor":28},{"not_picked":["PlaceholderMod:SelectReaction","PlaceholderMod:DirectingGroup","PlaceholderMod:SeverePoisonStrike","PlaceholderMod:StressReaction"],"picked":"PlaceholderMod:PoisonExcitation","floor":30},{"not_picked":["PlaceholderMod:ConsolidateHit","PlaceholderMod:InnerSoften","PlaceholderMod:ThreeBenzyolStart","PlaceholderMod:Break","PlaceholderMod:Colorful"],"picked":"SKIP","floor":31},{"not_picked":["PlaceholderMod:FinalSpray","PlaceholderMod:Assimilation","PlaceholderMod:GrowthForm","PlaceholderMod:DoublePoint"],"picked":"PlaceholderMod:DiffusionPoison","floor":33},{"not_picked":["PlaceholderMod:StrongAcid+1","PlaceholderMod:Sweep","PlaceholderMod:Stable+1","PlaceholderMod:MultipleOxi+1"],"picked":"PlaceholderMod:DissolvingSpikes+1","floor":35},{"not_picked":["PlaceholderMod:HardStrike","PlaceholderMod:CycleAttack+1","PlaceholderMod:Sweep+1","PlaceholderMod:DirectingGroup","PlaceholderMod:ConsolidateHit"],"picked":"SKIP","floor":36},{"not_picked":["PlaceholderMod:ProliferateStrike","PlaceholderMod:PoisonExcitation+1","PlaceholderMod:CrystallizationStrike+1","PlaceholderMod:Turn"],"picked":"PlaceholderMod:PoisonAbsorb+1","floor":37},{"not_picked":["PlaceholderMod:PoisonExcitation","PlaceholderMod:RadicalHit","PlaceholderMod:Break","PlaceholderMod:AttackAsDefend","PlaceholderMod:Polyp"],"picked":"SKIP","floor":38},{"not_picked":["PlaceholderMod:Hard+1","PlaceholderMod:Hyperplasia","PlaceholderMod:SelectReaction+1","PlaceholderMod:HornyBlast","PlaceholderMod:MultiReaction"],"picked":"SKIP","floor":41},{"not_picked":["PlaceholderMod:ParasiteChange","PlaceholderMod:SpinBlade+1","PlaceholderMod:NearChange","PlaceholderMod:Polyp+1","PlaceholderMod:StressReaction+1"],"picked":"SKIP","floor":45},{"not_picked":["PlaceholderMod:PoisonExcitation+1","PlaceholderMod:EvolutionSpray+1","PlaceholderMod:DoublePoint","PlaceholderMod:ContinueSpray+1","PlaceholderMod:DirectingGroup+1"],"picked":"SKIP","floor":47}],"player_experience":526903,"relics_obtained":[{"floor":1.0,"key":"SynthV:TestCard"},{"floor":6.0,"key":"Pantograph"},{"floor":9.0,"key":"Ancient Tea Set"},{"floor":10.0,"key":"reliquary:Buckler"},{"floor":13,"key":"PreservedInsect"},{"floor":23,"key":"Happy Flower"},{"floor":26,"key":"War Paint"},{"floor":27,"key":"Nunchaku"},{"floor":31,"key":"Lantern"},{"floor":41,"key":"Golden Egg"},{"floor":43,"key":"Juzu Bracelet"},{"floor":45,"key":"Molten Egg 2"},{"floor":47,"key":"reliquary:Stiletto"}],"event_choices":[{"damage_healed":0.0,"max_hp_gain":0.0,"max_hp_loss":0.0,"gold_gain":0.0,"event_name":"conspire:Investor","player_choice":"Leave","floor":2.0,"gold_loss":0.0,"damage_taken":0.0},{"damage_healed":0.0,"max_hp_gain":5.0,"max_hp_loss":0.0,"gold_gain":0.0,"event_name":"Big Fish","player_choice":"Donut","floor":12.0,"gold_loss":0.0,"damage_taken":0.0},{"damage_healed":0,"gold_gain":0,"player_choice":"Ignored","damage_taken":0,"max_hp_gain":0,"max_hp_loss":0,"event_name":"Vampires","floor":19,"gold_loss":0},{"cards_removed":["PlaceholderMod:BaseStrike"],"damage_healed":0,"gold_gain":0,"player_choice":"Elegance","damage_taken":0,"max_hp_gain":0,"max_hp_loss":0,"event_name":"Back to Basics","floor":20,"gold_loss":0},{"damage_healed":0,"gold_gain":100,"player_choice":"Bet on Murderer","damage_taken":0,"max_hp_gain":0,"max_hp_loss":0,"event_name":"The Joust","floor":25,"gold_loss":50},{"damage_healed":0,"gold_gain":0,"player_choice":"Ignored","damage_taken":0,"max_hp_gain":0,"max_hp_loss":0,"event_name":"Tomb of Lord Red Mask","floor":48,"gold_loss":0}],"is_beta":false,"boss_relics":[{"not_picked":["Tiny House","Astrolabe"],"picked":"Replay:Wanted Poster"},{"not_picked":["testmod-SaigiyounoYou","Kintsugi"],"picked":"FeatherPendant"}],"items_purged_floors":[3,11,21,39,46],"is_endless":false,"potions_floor_spawned":[1,4,5,13,14,24,27,28,30,31,35,36,41,47],"ascension_level":3}}