{"host":"3y2rtlgteqp2nuo3","time":1614177053,"event":{"mods":["2.2 Compatiblity","AchievementEnabler","BaseMod","Colored Map","DeckTracker","Highlight Path","Keyboard Shortcuts","Minty Spire (QoL Compilation)","Permanent Neow","Quick Restart","StSLib","SuperFastMode","everything is the same but u backflip on backflip"],"gold_per_floor":[368,78,78,94,106,106,143,143,170,170,189,216,244,270,270,355,355,372,372,272,272,272,272,272,272],"floor_reached":24,"language":"KOR","playtime":527,"items_purged":["Strike_G","Strike_G"],"score":388,"play_id":"df1ea56c-9e6c-4045-9595-c7aba9b5813c","local_time":"20210224233053","is_ascension_mode":true,"campfire_choices":[{"data":"Metamorphosis","floor":6.0,"key":"SMITH"},{"data":"Neutralize","floor":8.0,"key":"SMITH"},{"data":"Heel Hook","floor":10.0,"key":"SMITH"},{"floor":15.0,"key":"REST"},{"data":"Die Die Die","floor":23.0,"key":"SMITH"}],"circlet_count":0,"master_deck":["AscendersBane","Strike_G","Strike_G","Defend_G","Defend_G","Defend_G","Defend_G","Defend_G","Survivor","Neutralize+1","Heel Hook+1","Metamorphosis+1","Masterful Stab","Dodge and Roll","Corpse Explosion","PiercingWail","Heel Hook","Die Die Die+1"],"relics":["Ring of the Snake","CeramicFish","Anchor","Bottled Lightning","Black Star"],"acts_visited":["Exordium","TheCity"],"potions_floor_usage":[],"damage_taken":[{"damage":1.0,"enemies":"2 Louse","floor":1.0,"turns":4.0},{"damage":2.0,"enemies":"Jaw Worm","floor":4.0,"turns":3.0},{"damage":2.0,"enemies":"Small Slimes","floor":5.0,"turns":3.0},{"damage":17.0,"enemies":"3 Sentries","floor":7.0,"turns":7.0},{"damage":6.0,"enemies":"Looter","floor":11.0,"turns":3.0},{"damage":3.0,"enemies":"Exordium Wildlife","floor":12.0,"turns":3.0},{"damage":1.0,"enemies":"Blue Slaver","floor":13.0,"turns":4.0},{"damage":13.0,"enemies":"Gremlin Nob","floor":14.0,"turns":4.0},{"damage":4.0,"enemies":"Slime Boss","floor":16.0,"turns":7.0},{"damage":9.0,"enemies":"Shell Parasite","floor":18.0,"turns":6.0},{"damage":54,"enemies":"Gremlin Leader","floor":24,"turns":7}],"seed_played":"8489776375222003813","potions_obtained":[{"floor":1.0,"key":"CultistPotion"},{"floor":11.0,"key":"SteroidPotion"},{"floor":13.0,"key":"SkillPotion"}],"is_trial":false,"path_per_floor":["M","$","?","M","M","R","E","R","T","R","M","M","M","E","R","B",null,"M","?","$","?","?","R","E"],"character_chosen":"THE_SILENT","items_purchased":["Metamorphosis"],"campfire_rested":1,"item_purchase_floors":[2],"current_hp_per_floor":[43,43,65,63,61,61,44,44,44,44,38,35,34,21,40,36,59,50,50,50,50,50,50,0,0],"gold":272,"neow_bonus":"TWO_FIFTY_GOLD","is_daily":false,"chose_seed":false,"campfire_upgraded":4,"win_rate":0.0,"timestamp":1614177053,"path_taken":["M","$","?","M","M","R","E","R","T","R","M","M","M","E","R","BOSS","M","?","$","?","?","R","E"],"items_purchased_type":["Card"],"build_version":"2020-12-22","purchased_purges":2,"victory":false,"max_hp_per_floor":[66,66,66,66,66,66,66,66,66,66,66,66,66,66,66,66,66,66,66,66,66,66,66,66,66],"card_choices":[{"not_picked":["Deflect","Endless Agony"],"picked":"Heel Hook","floor":1.0},{"not_picked":["Riddle With Holes","Outmaneuver","Catalyst"],"picked":"SKIP","floor":4.0},{"not_picked":["Riddle With Holes","Outmaneuver","Catalyst"],"picked":"SKIP","floor":4.0},{"not_picked":["Blade Dance","Flying Knee"],"picked":"Masterful Stab","floor":5.0},{"not_picked":["Dagger Throw","Blade Dance"],"picked":"Dodge and Roll","floor":7.0},{"not_picked":["Distraction","Dodge and Roll"],"picked":"Corpse Explosion","floor":11.0},{"not_picked":["Skewer","Quick Slash"],"picked":"PiercingWail","floor":12.0},{"not_picked":["Prepared","Dodge and Roll"],"picked":"Heel Hook","floor":13.0},{"not_picked":["Endless Agony","Grand Finale","Bane"],"picked":"SKIP","floor":14.0},{"not_picked":["Storm of Steel","Doppelganger"],"picked":"Die Die Die","floor":16.0},{"not_picked":["Underhanded Strike+1","Backstab","Cloak And Dagger"],"picked":"SKIP","floor":18.0}],"player_experience":795401,"relics_obtained":[{"floor":7.0,"key":"CeramicFish"},{"floor":9.0,"key":"Anchor"},{"floor":14.0,"key":"Bottled Lightning"}],"event_choices":[{"damage_healed":22.0,"max_hp_gain":0.0,"max_hp_loss":0.0,"gold_gain":0.0,"event_name":"Big Fish","player_choice":"Banana","floor":3.0,"gold_loss":0.0,"damage_taken":0.0},{"damage_healed":0.0,"max_hp_gain":0.0,"max_hp_loss":0.0,"gold_gain":0.0,"event_name":"The Mausoleum","player_choice":"Ignored","floor":19.0,"gold_loss":0.0,"damage_taken":0.0},{"damage_healed":0.0,"max_hp_gain":0.0,"max_hp_loss":0.0,"gold_gain":0.0,"event_name":"Cursed Tome","player_choice":"Ignored","floor":21.0,"gold_loss":0.0,"damage_taken":0.0},{"cards_removed":["Strike_G"],"damage_healed":0.0,"max_hp_gain":0.0,"max_hp_loss":0.0,"gold_gain":0.0,"event_name":"Back to Basics","player_choice":"Elegance","floor":22.0,"gold_loss":0.0,"damage_taken":0.0}],"is_beta":false,"boss_relics":[{"not_picked":["Sozu","Tiny House"],"picked":"Black Star"}],"items_purged_floors":[2,20],"is_endless":false,"potions_floor_spawned":[1,11,13,14],"killed_by":"Gremlin Leader","ascension_level":18}}