{"host":"6h0diz2ap0m56grs","time":1614207359,"event":{"mods":["2.2 Compatiblity","BaseMod","Colored Map","Marisa????????","Minty Spire (QoL Compilation)","Quick Restart","Replay The Spire","Shop Mod","StSLib","The Cursed","The Exalted","The Necromancer","The Servant 0.9.4"],"gold_per_floor":[111,126,206,206,131,157,186,214,214,214,239,239,239,99,99,202,202,221,254,58,58,58,84,84,84,84,84,112,144,191,235,235,341,341,359,379,76,92,108,146,180,180,180,209,243,282,282,312,312,318],"floor_reached":51,"language":"ENG","playtime":2543,"items_purged":["Delirium"],"score":1582,"play_id":"ac187d2f-5331-43a5-94cd-f1f6b813e424","local_time":"20210224165559","daily_mods":["SealedDeck","Heirloom","Time Dilation","Flight"],"is_ascension_mode":true,"campfire_choices":[{"data":"Summon_Undead_Army","floor":10,"key":"SMITH"},{"data":"Stop_Heart","floor":12,"key":"SMITH"},{"data":"Bone_Armor","floor":13,"key":"SMITH"},{"data":"Summon_Lich","floor":15,"key":"SMITH"},{"data":"ReplayUltimateDefense","floor":24,"key":"SMITH"},{"data":"Negative_Energy_Burst","floor":25,"key":"SMITH"},{"data":"Bone_Armor","floor":27,"key":"SMITH"},{"data":"Summon_Undead_Army","floor":32,"key":"SMITH"},{"data":"Summon_Undead_Army","floor":47,"key":"SMITH"},{"data":"Skeleton_Dragon","floor":49,"key":"SMITH"}],"circlet_count":0,"master_deck":["Vampiric_Strike","Bone_Bullets+1","Acid_Javelin+1","Toxic_Smoke_Screen","Bone_Armor+1","Summon_Undead_Army+1","Bones_to_Steel+1","Bone_Armor+1","Bone_Armor+1","Vampiric_Strike","Negative_Energy_Sphere","Hellfire","Summon_Death_Knight","Stop_Heart+1","Toxic_Smoke_Screen+1","Summon_Lich+1","Flesh_Made_Foul","ReplayUltimateDefense+1","Negative_Energy_Burst+1","Summon_Death_Knight","Summon_Lich+1","Summon_Undead_Army+1","Requiem+1","Summon_Undead_Army+1","Summon_Undead","Skeleton_Dragon+1","Bone_Armor","ReplayTheSpireMod:Brewmster","Spectral_Armor","Spectral_Armor","Hellfire+1"],"relics":["Snecko Eye","Ring of Chaos","replay:Trail_Library","Calipers","Vajra","Bag of Marbles","Blood Vial","Akabeko","MerchantsRug","Black Star","Red Mask","Blue Doll","Ornamental Fan","Replay:Rubber Ducky","Molten Egg 2","Happy Flower","Replay:Bandana","PreservedInsect","ReplayTheSpireMod:Ninjato","Replay:Baseball","Orichalcum","Matryoshka","Painkiller Herb","Art of War","ReplayTheSpireMod:TigerMarble","ReplayTheSpireMod:Lightbulb","Bromod:ArcaneVictory","War Paint","Frozen Egg 2","Bromod:ArcaneTrickery","Meat on the Bone","CaptainsWheel","Whetstone","Ancient Tea Set","Omamori","Shuriken","Replay:Towering Pillar of Hats","Anchor"],"acts_visited":["Exordium","TheCity","TheBeyond"],"potions_floor_usage":[11,11,44,44,44,44,50,50,50],"damage_taken":[{"damage":0,"enemies":"2 Louse","floor":1,"turns":2},{"damage":0,"enemies":"Small Slimes","floor":2,"turns":2},{"damage":0,"enemies":"3 Sentries","floor":6,"turns":4},{"damage":0,"enemies":"Lagavulin","floor":7,"turns":4},{"damage":0,"enemies":"Gremlin Nob","floor":8,"turns":2},{"damage":0,"enemies":"3 Sentries","floor":11,"turns":5},{"damage":6,"enemies":"The Guardian","floor":16,"turns":8},{"damage":0,"enemies":"Spheric Guardian","floor":18,"turns":2},{"damage":1,"enemies":"Masked Bandits","floor":19,"turns":3},{"damage":20,"enemies":"Slavers","floor":23,"turns":3},{"damage":2,"enemies":"Gremlin Leader","floor":28,"turns":5},{"damage":0,"enemies":"Book of Stabbing","floor":29,"turns":3},{"damage":2,"enemies":"Gremlin Leader","floor":30,"turns":3},{"damage":0,"enemies":"Slavers","floor":31,"turns":3},{"damage":0,"enemies":"Champ","floor":33,"turns":9},{"damage":0,"enemies":"3 Shapes","floor":35,"turns":2},{"damage":0,"enemies":"Orb Walker","floor":36,"turns":1},{"damage":0,"enemies":"Maw","floor":38,"turns":5},{"damage":0,"enemies":"Writhing Mass","floor":39,"turns":4},{"damage":0,"enemies":"Giant Head","floor":40,"turns":5},{"damage":0,"enemies":"Nemesis","floor":41,"turns":3},{"damage":0,"enemies":"Giant Head","floor":44,"turns":6},{"damage":0,"enemies":"R_Hoarder","floor":45,"turns":4},{"damage":0,"enemies":"Giant Head","floor":46,"turns":3},{"damage":0,"enemies":"Nemesis","floor":48,"turns":3},{"damage":0,"enemies":"Time Eater","floor":50,"turns":7}],"seed_played":"-8114135123167165823","potions_obtained":[{"floor":6,"key":"ColorlessPotion"},{"floor":7,"key":"AttackPotion"},{"floor":8,"key":"Weak Potion"},{"floor":16,"key":"Toxic Potion"},{"floor":29,"key":"LiquidMemories"},{"floor":30,"key":"Flashbang"},{"floor":36,"key":"Energy Potion"}],"is_trial":true,"path_per_floor":["M","M","?","?","$","E","E","E","T","R","E","R","R","$","R","B",null,"M","?","$","?","?","E","R","R","T","R","E","E","E","E","R","B",null,"?","?","T","?","?","E","E","?","T","E","E","E","T","E","T","B",null],"character_chosen":"NECROMANCER","items_purchased":["MerchantsRug","Toxic_Smoke_Screen+1","Summon_Lich","ReplayUltimateDefense","Summon_Undead_Army","Art of War","Summon_Undead"],"campfire_rested":0,"item_purchase_floors":[14,14,14,20,37,37,37],"current_hp_per_floor":[75,75,75,75,75,75,75,75,75,75,75,75,75,75,75,69,75,75,74,74,74,74,55,55,55,55,55,69,75,73,75,75,75,75,75,75,75,75,75,75,75,75,75,75,75,75,75,75,75,75],"gold":318,"neow_bonus":"","is_daily":false,"chose_seed":false,"campfire_upgraded":10,"win_rate":0.0,"timestamp":1614207359,"path_taken":["M","M","?","?","$","E","E","E","T","R","E","R","R","$","R","BOSS","M","?","$","?","?","E","R","R","T","R","E","E","E","E","R","BOSS","?","?","T","?","?","E","E","?","T","E","E","E","T","E","T","BOSS"],"items_purchased_type":["Relic","Card","Card","Card","Card","Relic","Card"],"build_version":"2020-12-22","purchased_purges":1,"victory":true,"max_hp_per_floor":[75,75,75,75,75,75,75,75,75,75,75,75,75,75,75,75,75,75,75,75,75,75,75,75,75,75,75,75,75,75,75,75,75,75,75,75,75,75,75,75,75,75,75,75,75,75,75,75,75,75],"card_choices":[{"not_picked":["Negative_Energy_Javelin","Bone_Spikes"],"picked":"Vampiric_Strike","floor":1},{"not_picked":["Toxic_Smoke_Screen","Violent_Necrosis"],"picked":"Negative_Energy_Sphere","floor":2},{"not_picked":["Bones_to_Steel","Bone_Armor"],"picked":"Hellfire","floor":6},{"not_picked":["Bone_Armory","Blood_Curse","Toxic_Smoke_Screen"],"picked":"SKIP","floor":7},{"not_picked":["Bones_to_Steel","Blood_Shield"],"picked":"Summon_Death_Knight","floor":8},{"not_picked":["Negative_Energy_Mist","Life_Tap","Shade_Step"],"picked":"SKIP","floor":11},{"not_picked":["Scare+1","Negative_Energy_Javelin","Consume_Illness+1"],"picked":"SKIP","floor":18},{"not_picked":["Finger_Of_Death","Scare"],"picked":"Flesh_Made_Foul","floor":19},{"not_picked":["Negative_Energy_Shield+1","Vampiric_Strike","Toxic_Smoke_Screen"],"picked":"SKIP","floor":23},{"not_picked":["Bone_Prison","Epidemic","Scare"],"picked":"SKIP","floor":28},{"not_picked":["Blood_Is_Power","Negative_Energy_Mist","Summon_Lich"],"picked":"SKIP","floor":29},{"not_picked":["Finger_Of_Death+1","Deaths_Shadow+1"],"picked":"Summon_Lich+1","floor":30},{"not_picked":["Consume_Illness","Spectral_Walk"],"picked":"Summon_Undead_Army","floor":31},{"not_picked":["Negative_Energy_Bomb+1","Blood_Wake+1"],"picked":"Requiem+1","floor":33},{"not_picked":["Shade_Step","Death_Knell+1","Consume_Illness+1"],"picked":"SKIP","floor":35},{"not_picked":["Death_Knell+1","Scare+1","Consume_Illness+1"],"picked":"SKIP","floor":36},{"not_picked":["Bones_to_Steel+1","Shackles_Of_Pain+1","Blood_Wake+1"],"picked":"SKIP","floor":38},{"not_picked":["Scare","Pandemic","Negative_Energy_Shield+1"],"picked":"SKIP","floor":39},{"not_picked":["Blood_for_Blood+1","Spectral_Walk"],"picked":"Skeleton_Dragon","floor":40},{"not_picked":["Negative_Energy_Mist","Negative_Energy_Shield"],"picked":"Bone_Armor","floor":41},{"not_picked":["Thinking Ahead","Replay:BasicMightCard"],"picked":"ReplayTheSpireMod:Brewmster","floor":42},{"not_picked":["Negative_Energy_Shield+1","Consume_Illness"],"picked":"Spectral_Armor","floor":44},{"not_picked":["Thousand_Bone_Knives+1","Life_Tap","Negative_Energy_Javelin+1"],"picked":"SKIP","floor":45},{"not_picked":["Life_Drain+1","Negative_Energy_Mist+1","Blood_Whip+1"],"picked":"SKIP","floor":46},{"not_picked":["Bone_Spikes+1","Spectral_Armor"],"picked":"Hellfire+1","floor":48}],"player_experience":569877,"relics_obtained":[{"floor":6,"key":"Bromod:ArcaneGuardian"},{"floor":7,"key":"Bag of Marbles"},{"floor":8,"key":"Blood Vial"},{"floor":9,"key":"Akabeko"},{"floor":11,"key":"Regal Pillow"},{"floor":19,"key":"Red Mask"},{"floor":23,"key":"Blue Doll"},{"floor":23,"key":"Ornamental Fan"},{"floor":26,"key":"Replay:Rubber Ducky"},{"floor":28,"key":"Molten Egg 2"},{"floor":28,"key":"Happy Flower"},{"floor":29,"key":"Replay:Bandana"},{"floor":29,"key":"PreservedInsect"},{"floor":30,"key":"ReplayTheSpireMod:Ninjato"},{"floor":30,"key":"Replay:Baseball"},{"floor":31,"key":"Orichalcum"},{"floor":31,"key":"Matryoshka"},{"floor":40,"key":"ReplayTheSpireMod:TigerMarble"},{"floor":40,"key":"ReplayTheSpireMod:Lightbulb"},{"floor":41,"key":"Bromod:ArcaneVictory"},{"floor":41,"key":"War Paint"},{"floor":43,"key":"Frozen Egg 2"},{"floor":43,"key":"Bromod:ArcaneTrickery"},{"floor":44,"key":"Meat on the Bone"},{"floor":44,"key":"CaptainsWheel"},{"floor":45,"key":"Whetstone"},{"floor":45,"key":"Ancient Tea Set"},{"floor":46,"key":"Omamori"},{"floor":46,"key":"Shuriken"},{"floor":48,"key":"Replay:Towering Pillar of Hats"},{"floor":48,"key":"Anchor"}],"event_choices":[{"cards_removed":["Slay_Living"],"damage_healed":0,"gold_gain":0,"player_choice":"Gave Card","damage_taken":0,"relics_obtained":["Vajra"],"max_hp_gain":0,"max_hp_loss":0,"event_name":"WeMeetAgain","floor":4,"gold_loss":0},{"damage_healed":0,"gold_gain":0,"player_choice":"Fought Bandits","damage_taken":0,"max_hp_gain":0,"max_hp_loss":0,"event_name":"Masked Bandits","floor":19,"gold_loss":0},{"damage_healed":0,"gold_gain":0,"player_choice":"Read","damage_taken":0,"max_hp_gain":0,"max_hp_loss":0,"event_name":"The Library","floor":22,"gold_loss":0,"cards_obtained":["Negative_Energy_Burst"]},{"damage_healed":0,"gold_gain":0,"player_choice":"Memory 1","damage_taken":0,"max_hp_gain":0,"max_hp_loss":0,"event_name":"SensoryStone","floor":42,"gold_loss":0}],"is_beta":false,"boss_relics":[{"not_picked":["Tiny House","Runic Pyramid"],"picked":"Black Star"},{"not_picked":["Busted Crown","Empty Cage"],"picked":"Painkiller Herb"}],"items_purged_floors":[5],"is_endless":false,"potions_floor_spawned":[6,7,8,16,29,30,35,36,41,45],"ascension_level":1}}