{"host":"ow66nzv2xecjoor3","time":1614153220,"event":{"mods":["BaseMod","Bestiary","Block Reminder","Colored Powertips","Curses Come First","Highlight Path","Keyboard Shortcuts","Minty Spire (QoL Compilation)","Permanent Neow","Relic Stats","StSLib","UnlockEverythingMod"],"gold_per_floor":[109,119,138,157,167,167,192,192,217,244,49,69,13,27,27,105,105,121,139,150,150,150],"floor_reached":21,"language":"ENG","playtime":1634,"items_purged":[],"score":390,"play_id":"505ea423-ef9d-4de9-b895-fdf1636a7297","local_time":"20210224015340","is_ascension_mode":true,"campfire_choices":[{"floor":6,"key":"REST"},{"data":"Defragment","floor":8,"key":"SMITH"},{"floor":15,"key":"REST"}],"circlet_count":0,"master_deck":["AscendersBane","Strike_B","Strike_B","Strike_B","Defend_B","Defend_B","Defend_B","Zap","Dualcast","Streamline","Scrape","Sunder","Coolheaded","Coolheaded","Compile Driver","Defragment+1","Seek","Conserve Battery","Defragment","Undo","Amplify","Conserve Battery","Conserve Battery"],"relics":["Cracked Core","Boot","Bronze Scales","DataDisk","Velvet Choker"],"acts_visited":["Exordium","TheCity"],"potions_floor_usage":[7,7,12,16,21],"damage_taken":[{"damage":1,"enemies":"Cultist","floor":1,"turns":3},{"damage":0,"enemies":"2 Louse","floor":2,"turns":1},{"damage":3,"enemies":"Small Slimes","floor":3,"turns":3},{"damage":9,"enemies":"3 Louse","floor":4,"turns":2},{"damage":16,"enemies":"Exordium Thugs","floor":5,"turns":4},{"damage":1,"enemies":"Lagavulin","floor":7,"turns":7},{"damage":32,"enemies":"Gremlin Nob","floor":10,"turns":4},{"damage":0,"enemies":"Blue Slaver","floor":12,"turns":3},{"damage":0,"enemies":"Looter","floor":14,"turns":2},{"damage":17,"enemies":"The Guardian","floor":16,"turns":13},{"damage":20,"enemies":"Chosen","floor":18,"turns":5},{"damage":5,"enemies":"Spheric Guardian","floor":19,"turns":4},{"damage":0,"enemies":"Snecko","floor":20,"turns":6},{"damage":37,"enemies":"Cultist and Chosen","floor":21,"turns":4}],"seed_played":"5318807997553151043","potions_obtained":[{"floor":1,"key":"FearPotion"},{"floor":2,"key":"PowerPotion"},{"floor":4,"key":"LiquidMemories"},{"floor":7,"key":"Swift Potion"},{"floor":12,"key":"Dexterity Potion"},{"floor":18,"key":"Swift Potion"}],"is_trial":false,"path_per_floor":["M","M","M","M","M","R","E","R","T","E","$","M","$","M","R","B",null,"M","M","M","M"],"character_chosen":"DEFECT","items_purchased":["DataDisk","Conserve Battery","FocusPotion"],"campfire_rested":2,"item_purchase_floors":[11,11,13],"current_hp_per_floor":[45,45,42,33,17,38,37,37,37,5,5,5,5,5,26,9,56,36,31,31,0,0],"gold":150,"neow_bonus":"TRANSFORM_TWO_CARDS","is_daily":false,"chose_seed":false,"campfire_upgraded":1,"win_rate":0.0,"timestamp":1614153220,"path_taken":["M","M","M","M","M","R","E","R","T","E","?","?","$","M","R","BOSS","M","M","M","M"],"items_purchased_type":["Relic","Card","Potion"],"build_version":"2020-12-22","purchased_purges":0,"victory":false,"max_hp_per_floor":[71,71,71,71,71,71,71,71,71,71,71,71,71,71,71,71,71,71,71,71,71,71],"relic_stats":{"counters":[14,61],"Bronze Scales":[98],"Boot":[3],"obtain_stats":[{"DataDisk":11,"Bronze Scales":10,"Velvet Choker":17,"Cracked Core":0,"Boot":7},{"DataDisk":7,"Bronze Scales":7,"Velvet Choker":10,"Cracked Core":0,"Boot":6},{"DataDisk":24,"Bronze Scales":24,"Velvet Choker":42,"Cracked Core":0,"Boot":20}]},"card_choices":[{"not_picked":["Streamline","Sweeping Beam"],"picked":"Sunder","floor":1},{"not_picked":["Beam Cell","Cold Snap"],"picked":"Coolheaded","floor":2},{"not_picked":["Blizzard","Streamline","Storm"],"picked":"SKIP","floor":3},{"not_picked":["Stack","Buffer"],"picked":"Coolheaded","floor":4},{"not_picked":["Turbo","Redo"],"picked":"Compile Driver","floor":5},{"not_picked":["Streamline","Heatsinks"],"picked":"Defragment","floor":7},{"not_picked":["Conserve Battery","Compile Driver"],"picked":"Seek","floor":10},{"not_picked":["Storm","Beam Cell"],"picked":"Defragment","floor":12},{"not_picked":["Hologram","Cold Snap"],"picked":"Undo","floor":14},{"not_picked":["Biased Cognition","Multi-Cast"],"picked":"Amplify","floor":16},{"not_picked":["Streamline+1","Gash","Go for the Eyes"],"picked":"SKIP","floor":18},{"not_picked":["Sweeping Beam","Rebound"],"picked":"Conserve Battery","floor":19},{"not_picked":["Streamline","Aggregate"],"picked":"Conserve Battery","floor":20}],"player_experience":2980586,"relics_obtained":[{"floor":7,"key":"Boot"},{"floor":10,"key":"Bronze Scales"}],"event_choices":[],"is_beta":false,"boss_relics":[{"not_picked":["Ectoplasm","Snecko Eye"],"picked":"Velvet Choker"}],"items_purged_floors":[],"is_endless":false,"potions_floor_spawned":[1,2,4,7,12,18,19],"killed_by":"Cultist and Chosen","ascension_level":20}}