{"host":"tlbbab9afexrkdtf","time":1614198264,"event":{"mods":["2.2 Compatiblity","AchievementEnabler","BaseMod","Colored Map","Colored Powertips","Minty Spire (QoL Compilation)","Rare Cards Sparkle","StSLib"],"gold_per_floor":[113,113,15,15,32,48,65,94,117,138,176,176,204,226,226,338,338,357,357,4,31,31,31],"floor_reached":22,"language":"ENG","playtime":660,"items_purged":[],"score":198,"play_id":"01409fdc-9f51-47b0-9c47-38f42a7a0338","local_time":"20210224152424","is_ascension_mode":false,"campfire_choices":[{"floor":12,"key":"REST"},{"floor":15,"key":"REST"}],"circlet_count":0,"master_deck":["Strike_P","Strike_P","Strike_P","Defend_P+1","Defend_P","Defend_P","Defend_P","Eruption","Vigilance","PathToVictory","FlurryOfBlows","PathToVictory","Prostrate","ClearTheMind+1","Consecrate","CrushJoints","Wish","BowlingBash","Worship","Judgement","SignatureMove+1","Crescendo"],"relics":["SacredBark","Nunchaku","CeramicFish","War Paint","Busted Crown","Mummified Hand"],"acts_visited":["Exordium","TheCity"],"potions_floor_usage":[6,7,8,11,16,16,22],"damage_taken":[{"damage":15,"enemies":"Jaw Worm","floor":1,"turns":4},{"damage":2,"enemies":"Cultist","floor":5,"turns":3},{"damage":0,"enemies":"Small Slimes","floor":6,"turns":1},{"damage":0,"enemies":"2 Fungi Beasts","floor":7,"turns":3},{"damage":10,"enemies":"Lagavulin","floor":8,"turns":6},{"damage":22,"enemies":"Lots of Slimes","floor":10,"turns":4},{"damage":3,"enemies":"3 Sentries","floor":11,"turns":12},{"damage":4,"enemies":"Looter","floor":13,"turns":4},{"damage":2,"enemies":"Blue Slaver","floor":14,"turns":3},{"damage":38,"enemies":"The Guardian","floor":16,"turns":9},{"damage":2,"enemies":"Chosen","floor":18,"turns":4},{"damage":7,"enemies":"Shell Parasite","floor":21,"turns":4},{"damage":63,"enemies":"Shelled Parasite and Fungi","floor":22,"turns":6}],"seed_played":"-4682112575243610625","potions_obtained":[{"floor":5,"key":"Block Potion"},{"floor":6,"key":"EssenceOfSteel"},{"floor":11,"key":"BlessingOfTheForge"},{"floor":13,"key":"Dexterity Potion"}],"is_trial":false,"path_per_floor":["M","?","$","?","M","M","M","E","T","M","E","R","M","M","R","B",null,"M","?","$","M","M"],"character_chosen":"WATCHER","items_purchased":["Fire Potion","Explosive Potion","Mummified Hand","SkillPotion","Strength Potion"],"campfire_rested":2,"item_purchase_floors":[3,3,20,20,20],"current_hp_per_floor":[57,57,57,57,55,55,55,45,45,23,20,41,37,35,56,18,72,70,70,70,63,0,0],"gold":31,"neow_bonus":"BOSS_RELIC","is_daily":false,"chose_seed":false,"campfire_upgraded":0,"win_rate":0.0,"timestamp":1614198264,"path_taken":["M","?","?","?","M","M","M","E","T","?","E","R","M","M","R","BOSS","M","?","$","M","M"],"items_purchased_type":["Potion","Potion","Relic","Potion","Potion"],"build_version":"2020-12-22","purchased_purges":0,"victory":false,"max_hp_per_floor":[72,72,72,72,72,72,72,72,72,72,72,72,72,72,72,72,72,72,72,72,72,72,72],"card_choices":[{"not_picked":["FollowUp","CutThroughFate"],"picked":"PathToVictory","floor":1},{"not_picked":["Protect","FollowUp"],"picked":"PathToVictory","floor":5},{"not_picked":["CutThroughFate","PathToVictory"],"picked":"Prostrate","floor":6},{"not_picked":["CarveReality","DeceiveReality"],"picked":"ClearTheMind","floor":7},{"not_picked":["EmptyMind","Evaluate"],"picked":"Consecrate","floor":8},{"not_picked":["ThirdEye","WheelKick"],"picked":"CrushJoints","floor":10},{"not_picked":["Perseverance","Consecrate"],"picked":"Wish","floor":11},{"not_picked":["Adaptation","Study"],"picked":"BowlingBash","floor":13},{"not_picked":["EmptyFist","WreathOfFlame"],"picked":"Worship","floor":14},{"not_picked":["Omniscience","Alpha"],"picked":"Judgement","floor":16},{"not_picked":[],"picked":"SignatureMove+1","floor":18},{"not_picked":[],"picked":"Crescendo","floor":21}],"player_experience":362424,"relics_obtained":[{"floor":8,"key":"Nunchaku"},{"floor":9,"key":"CeramicFish"},{"floor":11,"key":"War Paint"}],"event_choices":[{"damage_healed":0,"gold_gain":0,"cards_transformed":["Strike_P"],"player_choice":"Change","damage_taken":0,"max_hp_gain":0,"max_hp_loss":0,"event_name":"Living Wall","floor":2,"gold_loss":0,"cards_obtained":["FlurryOfBlows"]},{"damage_healed":0,"gold_gain":0,"player_choice":"Ignored","damage_taken":0,"max_hp_gain":0,"max_hp_loss":0,"event_name":"NoteForYourself","floor":4,"gold_loss":0},{"damage_healed":0,"gold_gain":0,"player_choice":"Ignored","damage_taken":0,"max_hp_gain":0,"max_hp_loss":0,"event_name":"Ghosts","floor":19,"gold_loss":0}],"is_beta":false,"boss_relics":[{"not_picked":["Sozu","Runic Dome"],"picked":"Busted Crown"}],"items_purged_floors":[],"is_endless":false,"potions_floor_spawned":[5,6,11,13],"killed_by":"Shelled Parasite and Fungi","ascension_level":0}}