{"host":"ryj1bk6ra0180tiy","time":1614202803,"event":{"mods":["BaseMod","Colored Map","Colored Powertips","Downfall","Highlight Path","Marisa????????","Minty Spire (QoL Compilation)","Remilia??????","StSLib","The Bug Knight"],"gold_per_floor":[0,10,24,124,34,54,131,157,157,185,199,218,250,250,267,364,364,164,182,282,294,294,308,308,326,326,326,337,337,237,237,250,348,348,348,365,415,415,432,432,481,527,539,567,579,579,579],"floor_reached":45,"language":"ENG","playtime":2510,"items_purged":["champ:Strike"],"score":827,"play_id":"6fedab2e-1a15-49a8-9752-1693850f66ff","local_time":"20210225074003","is_ascension_mode":true,"campfire_choices":[{"floor":1.0,"key":"RECALL"},{"data":"champ:GladiatorStyle","floor":18.0,"key":"SMITH"},{"floor":30.0,"key":"REST"},{"data":"champ:HoldFirm","floor":35,"key":"SMITH"},{"floor":40,"key":"REST"},{"floor":43,"key":"REST"}],"circlet_count":0,"master_deck":["champ:Strike+1","champ:Strike+1","champ:Execute+1","champ:Taunt","champ:GladiatorStyle+1","champ:ShieldWall","champ:HoldFirm+1","champ:CrownThrow","champ:GladiatorForm","champ:FalseCounter","champ:ShieldWall"],"relics":["champ:ChampionCrownUpgraded","CloakClasp","Slimebound:PreparedRelic","Bronze Scales","champ:FightingForDummies","Pear","downfall:HeartBlessingRed","downfall:HeartBlessingGreen","downfall:HeartBlessingBlue","Toy Ornithopter","bronze:MakeshiftBattery","Ginger","MawBank","Potion Belt"],"acts_visited":["Exordium","TheCity","TheBeyond"],"potions_floor_usage":[33,39,42,44],"damage_taken":[{"damage":20.0,"enemies":"Jaw Worm","floor":2.0,"turns":3.0},{"damage":27.0,"enemies":"Small Slimes","floor":3.0,"turns":3.0},{"damage":74.0,"enemies":"Small Slimes","floor":4.0,"turns":8.0},{"damage":10.0,"enemies":"downfall:FleeingMerchant","floor":5.0,"turns":4.0},{"damage":0.0,"enemies":"Cultist","floor":6.0,"turns":3.0},{"damage":30.0,"enemies":"3 Sentries","floor":8.0,"turns":8.0},{"damage":31.0,"enemies":"Gremlin Nob","floor":10.0,"turns":4.0},{"damage":11.0,"enemies":"downfall:LooterAlt","floor":11.0,"turns":3.0},{"damage":4.0,"enemies":"3 Louse","floor":12.0,"turns":3.0},{"damage":20.0,"enemies":"HollowMod:MossKnight","floor":13.0,"turns":5.0},{"damage":10.0,"enemies":"Red Slaver","floor":15.0,"turns":3.0},{"damage":10.0,"enemies":"SI_SHIV_ARCHETYPE","floor":16.0,"turns":7.0},{"damage":0.0,"enemies":"Chosen","floor":19.0,"turns":4.0},{"damage":26.0,"enemies":"downfall:LooterAlt2","floor":21.0,"turns":5.0},{"damage":23.0,"enemies":"Cultist and Chosen","floor":23.0,"turns":7.0},{"damage":39.0,"enemies":"Shelled Parasite and Fungi","floor":25.0,"turns":4.0},{"damage":15.0,"enemies":"Snecko","floor":28.0,"turns":4.0},{"damage":31.0,"enemies":"Snecko","floor":29.0,"turns":7.0},{"damage":25.0,"enemies":"Cultist and Chosen","floor":32.0,"turns":5.0},{"damage":60,"enemies":"WA_ARCHETYPE_CALM","floor":33,"turns":12},{"damage":51,"enemies":"3 Darklings","floor":36,"turns":10},{"damage":45,"enemies":"3 Darklings","floor":37,"turns":8},{"damage":58,"enemies":"3 Shapes","floor":39,"turns":4},{"damage":102,"enemies":"HollowMod:StalkingDevout","floor":42,"turns":11},{"damage":62,"enemies":"Transient","floor":44,"turns":5},{"damage":49,"enemies":"Reptomancer","floor":45,"turns":3}],"seed_played":"-8983642588193512791","potions_obtained":[{"floor":4.0,"key":"DuplicationPotion"},{"floor":6.0,"key":"champ:OpenerPotion"},{"floor":11.0,"key":"sneckomod:MuddlingPotion"},{"floor":15.0,"key":"Energy Potion"},{"floor":16.0,"key":"Strength Potion"},{"floor":23.0,"key":"Fire Potion"},{"floor":28.0,"key":"Regen Potion"},{"floor":32.0,"key":"hexamod:SoulburnPotion"},{"floor":33,"key":"DistilledChaos"},{"floor":36,"key":"Block Potion"},{"floor":44,"key":"Fruit Juice"}],"is_trial":false,"path_per_floor":["R","M","M","?","$","M","T","E","?","E","M","M","E","?","M","B",null,"R","M","?","M","?","M","T","M","?","?","M","?","R","T","M","B",null,"R","M","?","?","M","R","T","E","R","M","E"],"character_chosen":"THE_CHAMP","items_purchased":[],"campfire_rested":3,"item_purchase_floors":[],"current_hp_per_floor":[90,90,83,59,59,59,59,49,49,38,37,33,43,43,43,43,100,100,100,100,84,84,71,71,42,22,17,17,17,61,61,61,31,115,115,105,99,99,61,95,95,36,70,35,0,0,0],"gold":579,"neow_bonus":"REMOVE_TWO","is_daily":false,"chose_seed":false,"campfire_upgraded":2,"win_rate":0.0,"timestamp":1614202803,"path_taken":["R","M","M","?","$","M","T","E","?","E","M","M","E","?","M","BOSS","R","M","?","?","?","M","T","M","?","?","?","?","R","?","M","BOSS","R","M","?","?","M","R","T","E","R","?","E"],"items_purchased_type":[],"build_version":"2020-12-22","purchased_purges":1,"victory":false,"max_hp_per_floor":[90,90,90,90,90,90,90,90,90,90,90,90,100,100,100,100,100,100,100,100,100,100,100,100,100,105,105,105,105,115,115,115,115,115,115,115,115,115,115,115,115,115,115,120,120,120,120],"card_choices":[{"not_picked":["champ:PreciseThrust","champ:FocusedDefense","champ:SkillfulDodge"],"picked":"SKIP","floor":2.0},{"not_picked":["champ:EnGarde","champ:Backstep"],"picked":"champ:GladiatorStyle","floor":3.0},{"not_picked":["champ:StanceDance","champ:RecklessLeap"],"picked":"champ:ShieldWall","floor":4.0},{"not_picked":["champ:BringItOn","champ:DefensiveShout"],"picked":"champ:HoldFirm","floor":5.0},{"not_picked":["champ:EnGarde","champ:HeartStrike","champ:Haymaker"],"picked":"SKIP","floor":6.0},{"not_picked":["champ:EnGarde","champ:StanceDance","champ:Backstep"],"picked":"SKIP","floor":8.0},{"not_picked":["champ:CalledShot","champ:Shatter"],"picked":"champ:CrownThrow","floor":10.0},{"not_picked":["champ:PreemptiveStrike","champ:LastStand","champ:DefensiveShout"],"picked":"SKIP","floor":11.0},{"not_picked":["champ:PreemptiveStrike","champ:FancyFootwork","champ:Shatter"],"picked":"SKIP","floor":12.0},{"not_picked":["champ:Backstep","champ:CrownThrow","champ:RapidStrikes"],"picked":"SKIP","floor":13.0},{"not_picked":["champ:EnGarde","champ:BladeFlurry","champ:SkillfulDodge"],"picked":"SKIP","floor":15.0},{"not_picked":["champ:UltimateStance","champ:Devastate"],"picked":"champ:GladiatorForm","floor":16.0},{"not_picked":["champ:FaceSlap","champ:DefensiveShout","champ:EnGarde"],"picked":"SKIP","floor":19.0},{"not_picked":["champ:StanceDance","champ:AdrenalArmor","champ:EnGarde"],"picked":"SKIP","floor":21.0},{"not_picked":["champ:CalledShot","champ:CrownThrow","champ:TornadoPunch"],"picked":"SKIP","floor":23.0},{"not_picked":["champ:EnGarde+1","champ:Endure","champ:Circumvent"],"picked":"SKIP","floor":25.0},{"not_picked":["champ:PreciseThrust","champ:SetATrap+1","champ:CrownThrow"],"picked":"SKIP","floor":28.0},{"not_picked":["champ:RecklessLeap","champ:CrownThrow","champ:Lariat"],"picked":"SKIP","floor":32.0},{"not_picked":["champ:BringItOn","champ:Backstep","champ:FaceSlap+1"],"picked":"SKIP","floor":36},{"not_picked":["champ:Parry+1","champ:FlashCut+1"],"picked":"champ:ShieldWall","floor":39},{"not_picked":["champ:CalledShot+1","champ:Haymaker","champ:DefensiveShout"],"picked":"SKIP","floor":42},{"not_picked":["champ:DefensiveShout","champ:Shatter","champ:AdrenalArmor"],"picked":"SKIP","floor":44}],"player_experience":3213168,"relics_obtained":[{"floor":4.0,"key":"CloakClasp"},{"floor":7.0,"key":"Slimebound:PreparedRelic"},{"floor":8.0,"key":"Bronze Scales"},{"floor":10.0,"key":"champ:FightingForDummies"},{"floor":13.0,"key":"Pear"},{"floor":31.0,"key":"Toy Ornithopter"},{"floor":37,"key":"Ginger"},{"floor":41,"key":"MawBank"},{"floor":42,"key":"Potion Belt"}],"event_choices":[{"cards_removed":["champ:Strike"],"damage_healed":0.0,"max_hp_gain":0.0,"max_hp_loss":0.0,"gold_gain":0.0,"event_name":"The Cleric","player_choice":"Card Removal","floor":9.0,"gold_loss":0.0,"damage_taken":0.0},{"damage_healed":0.0,"max_hp_gain":0.0,"max_hp_loss":0.0,"gold_gain":0.0,"event_name":"Ghosts","player_choice":"Ignored","floor":22.0,"gold_loss":0.0,"damage_taken":0.0}],"is_beta":false,"boss_relics":[{"not_picked":["Calling Bell","Snecko Eye"],"picked":"champ:ChampionCrownUpgraded"},{"not_picked":["Runic Dome","Fusion Hammer"],"picked":"bronze:MakeshiftBattery"}],"items_purged_floors":[5],"is_endless":false,"potions_floor_spawned":[4,6,11,15,16,23,28,32,33,36,44],"killed_by":"Reptomancer","ascension_level":1}}