{"host":"t6r1isv2bex5ovch","time":1614186622,"event":{"mods":["AchievementEnabler","Act Like it!","Aspiration","BaseMod","Better Altar","Better Match","Better Note","Better Sensory Stone","Better Skull","Better Third Choice","Better Vampires","Bossed Relics","Colored Powertips","Displayed Cursed Tome","Evolution","Fox Events","Gremlin Skip","Halation","Highlight Path","Hubris","Infinite Spire","Minty Spire (QoL Compilation)","Reliquary","Ruina","Spire Arcade","StSLib"],"gold_per_floor":[112,112,122,122,122,122,156,156,156,156,184,203,213,138,138,234,234,253,168,168,68,79,104,104,115,140,175,191,202,77,95,95,194,194,208,208,226,245,245,272,0,34,61,61,61,73,73,84,84,84,84,84,9,43,43],"floor_reached":56,"language":"ENG","playtime":4309,"items_purged":["Strike_B","Defend_B","Defend_B","Defend_B","Cold Snap"],"score":1413,"play_id":"a30429fe-02cb-4fe7-91ad-ab796ade26de","local_time":"20210225041022","is_ascension_mode":true,"campfire_choices":[{"floor":6.0,"key":"RECALL"},{"floor":8.0,"key":"REST"},{"data":"Streamline","floor":8.0,"key":"SMITH"},{"floor":15.0,"key":"REST"},{"data":"Zap","floor":15.0,"key":"SMITH"},{"floor":24.0,"key":"REST"},{"data":"Ball Lightning","floor":24.0,"key":"SMITH"},{"floor":32.0,"key":"REST"},{"data":"Reboot","floor":32.0,"key":"SMITH"},{"floor":44.0,"key":"REST"},{"data":"Conserve Battery","floor":44.0,"key":"SMITH"},{"floor":47,"key":"REST"},{"data":"infinitespire:Oblivion","floor":47,"key":"SMITH"},{"data":"infinitespire:Starlight","floor":49,"key":"SMITH"},{"floor":52,"key":"REST"},{"data":"Dualcast","floor":52,"key":"SMITH"}],"circlet_count":0,"master_deck":["Zap+1","Dualcast+1","Conserve Battery+1","Streamline+1","Apotheosis+1","Reboot+1","Conserve Battery","Ball Lightning+1","Storm+1","Fusion+1","Meteor Strike+1","Conserve Battery","infinitespire:Oblivion+1","infinitespire:Starlight+1","White Noise+1","Melter+1"],"relics":["Cracked Core","EVO:Axolotl","aspiration:Nostalgia","infinitespire:DarkRift","infinitespire:Magic Flask","reliquary:BoilingFlask","reliquary:WeakTea","Empty Cage","reliquary:IridiumChain","reliquary:OuijaBoard","hubris:BallOfYels","Omamori","Frozen Egg 2","Runic Pyramid","Cables","HornCleat","Bag of Preparation","halation:PinkAlligatorPlush","hubris:DisguiseKit"],"acts_visited":["Exordium","TheCity","TheBeyond","TheEnding"],"potions_floor_usage":[50,50,50,50,50,54],"damage_taken":[{"damage":0.0,"enemies":"Cultist","floor":1.0,"turns":3.0},{"damage":4.0,"enemies":"2 Louse","floor":3.0,"turns":2.0},{"damage":35.0,"enemies":"Gremlin Nob","floor":7.0,"turns":5.0},{"damage":12.0,"enemies":"3 Sentries","floor":11.0,"turns":5.0},{"damage":2.0,"enemies":"Jaw Worm","floor":12.0,"turns":2.0},{"damage":3.0,"enemies":"Large Slime","floor":13.0,"turns":5.0},{"damage":38.0,"enemies":"Hexaghost","floor":16.0,"turns":10.0},{"damage":0.0,"enemies":"Spheric Guardian","floor":18.0,"turns":3.0},{"damage":14.0,"enemies":"Shell Parasite","floor":22.0,"turns":3.0},{"damage":4.0,"enemies":"Book of Stabbing","floor":23.0,"turns":4.0},{"damage":2.0,"enemies":"3 Cultists","floor":25.0,"turns":5.0},{"damage":34.0,"enemies":"Slavers","floor":27.0,"turns":4.0},{"damage":13.0,"enemies":"Centurion and Healer","floor":28.0,"turns":3.0},{"damage":10.0,"enemies":"Shelled Parasite and Fungi","floor":29.0,"turns":3.0},{"damage":8.0,"enemies":"Snecko","floor":31.0,"turns":4.0},{"damage":37.0,"enemies":"Automaton","floor":33.0,"turns":7.0},{"damage":8.0,"enemies":"3 Shapes","floor":35.0,"turns":4.0},{"damage":0.0,"enemies":"Orb Walker","floor":37.0,"turns":1.0},{"damage":0.0,"enemies":"Writhing Mass","floor":38.0,"turns":2.0},{"damage":38.0,"enemies":"Reptomancer","floor":40.0,"turns":5.0},{"damage":2.0,"enemies":"Nemesis","floor":42.0,"turns":3.0},{"damage":10,"enemies":"Maw","floor":46,"turns":5},{"damage":4,"enemies":"Spire Growth","floor":48,"turns":2},{"damage":50,"enemies":"Awakened One","floor":50,"turns":7},{"damage":22,"enemies":"Shield and Spear","floor":54,"turns":3},{"damage":90,"enemies":"The Heart","floor":55,"turns":3}],"seed_played":"6959350836638778076","potions_obtained":[{"floor":1.0,"key":"Swift Potion"},{"floor":11.0,"key":"Regen Potion"},{"floor":13.0,"key":"BlessingOfTheForge"},{"floor":25.0,"key":"ColorlessPotion"},{"floor":27.0,"key":"Weak Potion"},{"floor":31.0,"key":"Regen Potion"},{"floor":33.0,"key":"SneckoOil"},{"floor":37.0,"key":"ColorlessPotion"},{"floor":46,"key":"EntropicBrew"},{"floor":48,"key":"PotionOfCapacity"}],"is_trial":false,"path_per_floor":["M","?","M","?","?","R","E","R","T","?","E","M","M","$","R","B",null,"M","?","T","$","M","E","R","M","T","E","M","M","$","M","R","B",null,"M","?","M","M","?","E","$","E","T","R","AVR","M","R","M","R","B",null,"R","$","E","B",null],"character_chosen":"DEFECT","items_purchased":["Conserve Battery","Fruit Juice","DuplicationPotion"],"campfire_rested":7,"item_purchase_floors":[41,41,53],"current_hp_per_floor":[75,75,71,71,71,71,36,58,58,58,46,44,56,56,75,52,69,75,75,75,75,61,57,75,73,73,39,26,16,16,8,30,8,58,50,50,50,50,50,12,17,30,30,54,54,54,78,74,74,39,70,80,80,75,80],"gold":43,"neow_bonus":"NOSTALGIA","is_daily":false,"chose_seed":false,"campfire_upgraded":8,"win_rate":0.0,"timestamp":1614186622,"path_taken":["M","?","M","?","?","R","E","R","T","?","E","M","?","$","R","BOSS","M","?","?","$","M","E","R","M","T","E","M","M","$","M","R","BOSS","M","?","M","M","?","E","$","E","T","R","AVR","?","R","M","R","BOSS","R","$","E","BOSS"],"items_purchased_type":["Card","Potion","Potion"],"build_version":"2020-12-22","purchased_purges":5,"victory":true,"max_hp_per_floor":[75,75,75,75,75,75,75,75,75,75,75,75,75,75,75,75,75,75,75,75,75,75,75,75,75,75,75,75,75,75,75,75,75,75,75,75,75,75,75,75,80,80,80,80,80,80,80,80,80,80,80,80,80,80,80],"card_choices":[{"not_picked":["Blizzard","Turbo","Barrage"],"picked":"SKIP","floor":1.0},{"not_picked":["Reprogram","Leap"],"picked":"Conserve Battery","floor":3.0},{"not_picked":["Redo","Skim"],"picked":"Streamline","floor":7.0},{"not_picked":["Coolheaded","Doom and Gloom","Stack"],"picked":"SKIP","floor":11.0},{"not_picked":["Go for the Eyes","Reprogram","Amplify"],"picked":"SKIP","floor":12.0},{"not_picked":["Stack","Steam","Rip and Tear"],"picked":"SKIP","floor":13.0},{"not_picked":["Biased Cognition","Hyperbeam"],"picked":"Reboot","floor":16.0},{"not_picked":["Turbo","FTL"],"picked":"Conserve Battery","floor":18.0},{"not_picked":["Lockon+1","aspiration:Polymerization+1","Reinforced Body"],"picked":"SKIP","floor":22.0},{"not_picked":["Cold Snap","Undo"],"picked":"Ball Lightning","floor":23.0},{"not_picked":["Capacitor+1","All For One"],"picked":"Storm+1","floor":25.0},{"not_picked":["Genetic Algorithm","Hologram","Stack"],"picked":"SKIP","floor":27.0},{"not_picked":["Doom and Gloom","Undo"],"picked":"Fusion+1","floor":28.0},{"not_picked":["Beam Cell+1","Steam+1","Turbo"],"picked":"SKIP","floor":29.0},{"not_picked":["FTL+1","Barrage","Static Discharge+1"],"picked":"SKIP","floor":31.0},{"not_picked":["hubris:DoWhile","Thunder Strike"],"picked":"Meteor Strike","floor":33.0},{"not_picked":["Gash+1","Hologram","Self Repair+1"],"picked":"SKIP","floor":35.0},{"not_picked":["Self Repair+1","Stack","Ball Lightning"],"picked":"SKIP","floor":37.0},{"not_picked":["Beam Cell+1","Doom and Gloom","Scrape"],"picked":"SKIP","floor":38.0},{"not_picked":["Static Discharge+1","Stack+1","Sweeping Beam+1"],"picked":"SKIP","floor":40.0},{"not_picked":["Static Discharge+1","Compile Driver","Reprogram+1"],"picked":"SKIP","floor":42.0},{"not_picked":["Darkness+1","Cold Snap"],"picked":"White Noise+1","floor":46},{"not_picked":["Ball Lightning","Double Energy+1"],"picked":"Melter+1","floor":48},{"not_picked":["Aggregate","Stack+1","Reinforced Body"],"picked":"SKIP","floor":54}],"player_experience":425201,"relics_obtained":[{"floor":7.0,"key":"reliquary:BoilingFlask"},{"floor":11.0,"key":"reliquary:WeakTea"},{"floor":20.0,"key":"reliquary:OuijaBoard"},{"floor":23.0,"key":"hubris:BallOfYels"},{"floor":26.0,"key":"Omamori"},{"floor":27.0,"key":"Frozen Egg 2"},{"floor":40.0,"key":"Cables"},{"floor":42.0,"key":"HornCleat"},{"floor":43.0,"key":"Bag of Preparation"},{"floor":54,"key":"hubris:DisguiseKit"}],"event_choices":[{"cards_removed":["Defend_B"],"damage_healed":0.0,"max_hp_gain":0.0,"max_hp_loss":0.0,"gold_gain":0.0,"event_name":"Living Wall","player_choice":"Forget","floor":4.0,"gold_loss":0.0,"damage_taken":0.0},{"damage_healed":58.0,"max_hp_gain":0.0,"max_hp_loss":75.0,"gold_gain":0.0,"event_name":"betterThird:BetterShining","player_choice":"Embrace","floor":10.0,"gold_loss":0.0,"damage_taken":0.0},{"damage_healed":0.0,"max_hp_gain":0.0,"max_hp_loss":0.0,"gold_gain":0.0,"event_name":"Addict","player_choice":"Obtained Relic","floor":19.0,"gold_loss":85.0,"damage_taken":0.0,"relics_obtained":["reliquary:IridiumChain"]},{"damage_healed":0.0,"max_hp_gain":0.0,"max_hp_loss":0.0,"gold_gain":0.0,"event_name":"Tomb of Lord Red Mask","player_choice":"Ignored","floor":36.0,"gold_loss":0.0,"damage_taken":0.0},{"damage_healed":0.0,"max_hp_gain":0.0,"max_hp_loss":0.0,"gold_gain":0.0,"event_name":"Upgrade Shrine","player_choice":"Upgraded","floor":39.0,"gold_loss":0.0,"damage_taken":0.0,"cards_upgraded":["Meteor Strike"]}],"is_beta":false,"boss_relics":[{"not_picked":["aspiration:RitualDagger","hubris:ScarierMask"],"picked":"Empty Cage"},{"not_picked":["reliquary:KinkedSpring","Black Star"],"picked":"Runic Pyramid"}],"items_purged_floors":[14,21,30,41,45],"is_endless":false,"potions_floor_spawned":[1,11,13,25,27,31,33,37,46,48],"ascension_level":5}}