{"host":"qp7xs8nuzfsyommi","time":1614204868,"event":{"mods":["2.2 Compatiblity","BaseMod","Colored Powertips","DeckTracker","Highlight Path","Minty Spire (QoL Compilation)","Permanent Neow","Quick Restart","StSLib","Weighted Paths"],"gold_per_floor":[109,34,109,109,122,151,151,151,178,195,195,211,240,258,258,332,332,345,345,345,22,22,22,56,56,56],"floor_reached":25,"language":"ENG","playtime":880,"items_purged":["Decay"],"score":504,"play_id":"4e2ed279-7ffa-44aa-9fb1-f50b94f837c4","local_time":"20210224171428","is_ascension_mode":true,"campfire_choices":[{"data":"Darkness","floor":7.0,"key":"SMITH"},{"data":"Defragment","floor":11.0,"key":"SMITH"},{"data":"Recycle","floor":15.0,"key":"SMITH"},{"data":"Biased Cognition","floor":23,"key":"SMITH"}],"circlet_count":0,"master_deck":["AscendersBane","Defend_B","Defend_B+1","Defend_B","Zap","Dualcast+1","Cold Snap","BootSequence","Darkness+1","Self Repair","Force Field","Defragment+1","Recycle+1","Compile Driver","Biased Cognition+1","Ball Lightning","Rip and Tear","White Noise"],"relics":["Cracked Core","NeowsBlessing","Pen Nib","Art of War","Bottled Lightning","Snecko Eye","War Paint","Singing Bowl"],"acts_visited":["Exordium","TheCity"],"potions_floor_usage":[16,16,24,24],"damage_taken":[{"damage":0.0,"enemies":"Small Slimes","floor":1.0,"turns":1.0},{"damage":0.0,"enemies":"2 Louse","floor":5.0,"turns":1.0},{"damage":0.0,"enemies":"Lagavulin","floor":6.0,"turns":1.0},{"damage":0.0,"enemies":"Cultist","floor":10.0,"turns":3.0},{"damage":2.0,"enemies":"3 Louse","floor":12.0,"turns":4.0},{"damage":30.0,"enemies":"3 Sentries","floor":13.0,"turns":8.0},{"damage":19.0,"enemies":"Exordium Wildlife","floor":14.0,"turns":4.0},{"damage":5,"enemies":"Slime Boss","floor":16,"turns":7},{"damage":11,"enemies":"Spheric Guardian","floor":18,"turns":3},{"damage":19,"enemies":"Slavers","floor":24,"turns":4},{"damage":42,"enemies":"3 Byrds","floor":25,"turns":4}],"seed_played":"-1915797644506495945","potions_obtained":[{"floor":5.0,"key":"EssenceOfSteel"},{"floor":13.0,"key":"Swift Potion"},{"floor":14.0,"key":"Fire Potion"},{"floor":16,"key":"EssenceOfSteel"},{"floor":18,"key":"AttackPotion"}],"is_trial":false,"path_per_floor":["M","?","?","?","M","E","R","?","T","M","R","M","E","M","R","B",null,"M","?","?","$","?","R","E","M"],"character_chosen":"DEFECT","items_purchased":["War Paint","White Noise"],"campfire_rested":0,"item_purchase_floors":[21,21],"current_hp_per_floor":[64,64,53,53,53,53,53,53,53,60,60,65,42,30,30,32,61,50,50,50,50,50,50,40,0,0],"gold":56,"neow_bonus":"THREE_ENEMY_KILL","is_daily":false,"chose_seed":false,"campfire_upgraded":4,"win_rate":0.0,"timestamp":1614204868,"path_taken":["M","?","?","?","M","E","R","?","T","M","R","M","E","?","R","BOSS","M","?","?","$","?","R","E","M"],"items_purchased_type":["Relic","Card"],"build_version":"2020-12-22","purchased_purges":1,"victory":false,"max_hp_per_floor":[71,71,71,71,71,71,71,71,71,71,71,71,71,71,71,71,71,71,71,71,71,71,71,73,73,73],"card_choices":[{"not_picked":["Redo","Steam Power"],"picked":"Cold Snap","floor":1.0},{"not_picked":["BootSequence","Cold Snap"],"picked":"Darkness","floor":5.0},{"not_picked":["Electrodynamics","Stack"],"picked":"Self Repair","floor":6.0},{"not_picked":["White Noise","Auto Shields"],"picked":"Defragment","floor":10.0},{"not_picked":["Blizzard","Hello World","Streamline"],"picked":"SKIP","floor":12.0},{"not_picked":["Skim","Conserve Battery"],"picked":"Recycle","floor":13.0},{"not_picked":["Streamline","Barrage"],"picked":"Compile Driver","floor":14.0},{"not_picked":["Creative AI","All For One"],"picked":"Biased Cognition","floor":16},{"not_picked":["Ball Lightning","Sweeping Beam+1","Rebound"],"picked":"SKIP","floor":18},{"not_picked":["Ball Lightning","Compile Driver","Darkness"],"picked":"Singing Bowl","floor":24}],"player_experience":1513444,"relics_obtained":[{"floor":6.0,"key":"Pen Nib"},{"floor":9.0,"key":"Art of War"},{"floor":13.0,"key":"Bottled Lightning"},{"floor":24,"key":"Singing Bowl"}],"event_choices":[{"cards_removed":["Strike_B"],"damage_healed":0.0,"max_hp_gain":0.0,"max_hp_loss":0.0,"gold_gain":0.0,"event_name":"The Cleric","player_choice":"Card Removal","floor":2.0,"gold_loss":75.0,"damage_taken":0.0},{"damage_healed":0.0,"max_hp_gain":0.0,"max_hp_loss":0.0,"gold_gain":75.0,"event_name":"World of Goop","player_choice":"Gather Gold","floor":3.0,"gold_loss":0.0,"damage_taken":11.0},{"damage_healed":0.0,"max_hp_gain":0.0,"max_hp_loss":0.0,"gold_gain":0.0,"cards_transformed":["Strike_B"],"event_name":"Living Wall","player_choice":"Change","floor":4.0,"gold_loss":0.0,"damage_taken":0.0,"cards_obtained":["BootSequence"]},{"damage_healed":0.0,"max_hp_gain":0.0,"max_hp_loss":0.0,"gold_gain":0.0,"cards_transformed":["Strike_B"],"event_name":"Transmorgrifier","player_choice":"Transformed","floor":8.0,"gold_loss":0.0,"damage_taken":0.0,"cards_obtained":["Force Field"]},{"damage_healed":0,"gold_gain":0,"cards_transformed":["Defend_B","Strike_B"],"player_choice":"Became Test Subject","damage_taken":0,"max_hp_gain":0,"max_hp_loss":0,"event_name":"Drug Dealer","floor":19,"gold_loss":0,"cards_obtained":["Ball Lightning","Rip and Tear"]},{"damage_healed":0,"gold_gain":0,"player_choice":"Smashed Altar","damage_taken":0,"max_hp_gain":0,"max_hp_loss":0,"event_name":"Forgotten Altar","floor":20,"gold_loss":0,"cards_obtained":["Decay"]},{"damage_healed":0,"gold_gain":0,"player_choice":"Ignored","damage_taken":0,"max_hp_gain":0,"max_hp_loss":0,"event_name":"Ghosts","floor":22,"gold_loss":0}],"is_beta":false,"boss_relics":[{"not_picked":["Empty Cage","Runic Pyramid"],"picked":"Snecko Eye"}],"items_purged_floors":[21],"is_endless":false,"potions_floor_spawned":[5,13,14,16,18],"killed_by":"3 Byrds","ascension_level":20}}