{"host":"ovcza0gnr2tscsgg","time":1614177971,"event":{"mods":["BaseMod","Colored Powertips","Marisa£®ÏF”Í°°ƒß¿Ì…≥£©","Minty Spire (QoL Compilation)","StSLib","The Bug Knight","UnlockEverythingMod","noobMod"],"gold_per_floor":[112,112,127,127,148,192,206,156,183,226,151,182,194,241,253,394,406,441,378,390,302,356,394,394,394,417,431,239,254,273,313,313,433,496,509,509,525,226,292,330,17,60,112,95,134,148,217,251,251,251],"floor_reached":51,"language":"ZHS","playtime":1620,"items_purged":["Strike_R","Defend_R","Defend_R","True Grit+1","Bite"],"score":1090,"play_id":"60fe00cb-7aba-49c7-b73f-e0e8f86e0fd4","local_time":"20210224224611","is_ascension_mode":true,"campfire_choices":[{"data":"Fire Breathing","floor":13,"key":"SMITH"},{"data":"Infernal Blade","floor":15,"key":"SMITH"},{"data":"Heavy Blade","floor":25,"key":"SMITH"},{"data":"Shockwave","floor":32,"key":"SMITH"},{"data":"Limit Break","floor":49,"key":"SMITH"}],"circlet_count":0,"master_deck":["Bash","Heavy Blade+1","Cleave","Combust+1","Intimidate","Fire Breathing+1","Infernal Blade+1","Shrug It Off","Warcry+1","Offering+1","Disarm+1","Brutality+1","Bite+1","Bite+1","Bite+1","Bite","Infernal Blade","Inflame","Shockwave+1","Reaper","Limit Break+1","Dual Wield","Burning Pact","Rage+1","Sword Boomerang+1","Limit Break+1","Shockwave+1","Whirlwind","Feed","Evolve+1"],"relics":["Burning Blood","ice","Golden Idol","Ancient Tea Set","PreservedInsect","Red Skull","MawBank","Tiny Chest","Astrolabe","War Paint","HollowMod:LifeEnderRelic","Whetstone","Letter Opener","Tiny House","Toxic Egg 2","Bag of Marbles","CatCart","Vajra","Membership Card","Self Forming Clay","HollowMod:PaleOreRelic","Happy Flower","CaptainsWheel","Torii"],"acts_visited":["Exordium","TheCity","TheBeyond"],"potions_floor_usage":[33,33,50,50],"damage_taken":[{"damage":0,"enemies":"Small Slimes","floor":1,"turns":3},{"damage":6,"enemies":"Cultist","floor":3,"turns":3},{"damage":14,"enemies":"2 Louse","floor":5,"turns":2},{"damage":35,"enemies":"Lagavulin","floor":6,"turns":7},{"damage":20,"enemies":"Large Slime","floor":7,"turns":3},{"damage":11,"enemies":"3 Sentries","floor":10,"turns":3},{"damage":14,"enemies":"Lagavulin","floor":12,"turns":3},{"damage":24,"enemies":"3 Sentries","floor":14,"turns":3},{"damage":34,"enemies":"The Guardian","floor":16,"turns":6},{"damage":10,"enemies":"Chosen","floor":18,"turns":3},{"damage":7,"enemies":"Gremlin Leader","floor":23,"turns":2},{"damage":24,"enemies":"2 Thieves","floor":27,"turns":2},{"damage":8,"enemies":"3 Cultists","floor":29,"turns":2},{"damage":13,"enemies":"Chosen and Byrds","floor":30,"turns":2},{"damage":12,"enemies":"Book of Stabbing","floor":31,"turns":2},{"damage":10,"enemies":"Automaton","floor":33,"turns":3},{"damage":1,"enemies":"Orb Walker","floor":35,"turns":2},{"damage":43,"enemies":"3 Darklings","floor":37,"turns":2},{"damage":18,"enemies":"Orin","floor":39,"turns":3},{"damage":33,"enemies":"Nemesis","floor":40,"turns":3},{"damage":3,"enemies":"Reptomancer","floor":42,"turns":3},{"damage":9,"enemies":"Giant Head","floor":45,"turns":2},{"damage":6,"enemies":"Jaw Worm Horde","floor":46,"turns":1},{"damage":6,"enemies":"2 Orb Walkers","floor":47,"turns":1},{"damage":14,"enemies":"Reptomancer","floor":48,"turns":2},{"damage":38,"enemies":"Time Eater","floor":50,"turns":4}],"seed_played":"6495864635743424164","potions_obtained":[{"floor":1,"key":"Weak Potion"},{"floor":3,"key":"Swift Potion"},{"floor":7,"key":"ElixirPotion"},{"floor":14,"key":"Explosive Potion"},{"floor":34,"key":"Dexterity Potion"},{"floor":37,"key":"GamblersBrew"}],"is_trial":false,"path_per_floor":["M","?","M","?","M","E","M","?","T","E","$","E","R","E","R","B",null,"M","?","?","$","T","E","?","R","T","M","$","M","M","E","R","B",null,"M","T","M","$","?","E","$","E","T","$","E","M","?","E","R","B",null],"character_chosen":"IRONCLAD","items_purchased":["Inflame","Bag of Marbles","Membership Card","Limit Break+1","Whirlwind"],"campfire_rested":0,"item_purchase_floors":[28,38,41,41,44],"current_hp_per_floor":[80,60,60,60,52,80,66,66,66,61,61,53,53,35,35,92,92,88,88,88,88,88,87,66,66,66,48,48,56,58,52,52,78,83,84,84,49,49,60,41,41,50,50,50,47,50,99,91,91,62],"gold":251,"neow_bonus":"THREE_CARDS","is_daily":false,"chose_seed":false,"campfire_upgraded":5,"win_rate":0.0,"timestamp":1614177971,"path_taken":["M","?","M","?","?","E","M","?","T","E","$","E","R","E","R","BOSS","M","?","?","?","?","E","?","R","T","M","?","?","M","E","R","BOSS","M","?","M","$","?","E","$","E","T","$","E","M","?","E","R","BOSS"],"items_purchased_type":["Card","Relic","Relic","Card","Card"],"build_version":"2020-12-22","purchased_purges":5,"victory":true,"max_hp_per_floor":[80,80,80,80,80,80,81,81,81,83,83,84,84,86,86,92,92,94,94,94,94,94,95,66,66,66,68,68,68,74,76,76,78,83,84,84,87,87,90,94,94,95,95,95,96,99,99,101,101,103],"card_choices":[{"not_picked":["Infernal Blade","Sword Boomerang"],"picked":"Heavy Blade","floor":0},{"not_picked":["Rampage","Battle Trance"],"picked":"Cleave","floor":1},{"not_picked":["Heavy Blade","Entrench"],"picked":"Combust","floor":3},{"not_picked":["Dark Embrace","Wild Strike"],"picked":"Intimidate","floor":5},{"not_picked":["Perfected Strike","Clash"],"picked":"Fire Breathing","floor":6},{"not_picked":["Cleave","Whirlwind"],"picked":"Infernal Blade","floor":7},{"not_picked":["Reckless Charge","Heavy Blade","Anger"],"picked":"SKIP","floor":10},{"not_picked":["Flex","Wild Strike"],"picked":"Shrug It Off","floor":12},{"not_picked":["Berserk","Perfected Strike"],"picked":"Warcry","floor":14},{"not_picked":["Barricade","Juggernaut"],"picked":"Offering","floor":16},{"not_picked":["True Grit","Clothesline","Wild Strike"],"picked":"SKIP","floor":18},{"not_picked":["Intimidate+1","True Grit+1","Headbutt"],"picked":"SKIP","floor":23},{"not_picked":["Cleave","Pommel Strike"],"picked":"Infernal Blade","floor":27},{"not_picked":["Intimidate","Perfected Strike","Searing Blow"],"picked":"SKIP","floor":29},{"not_picked":["Anger","Warcry+1"],"picked":"Shockwave","floor":30},{"not_picked":["Perfected Strike","Sword Boomerang"],"picked":"Reaper","floor":31},{"not_picked":["Bludgeon","Fiend Fire"],"picked":"Limit Break","floor":33},{"not_picked":["Havoc","Rampage"],"picked":"Dual Wield","floor":34},{"not_picked":["Perfected Strike+1","Body Slam+1"],"picked":"Burning Pact","floor":35},{"not_picked":["Battle Trance+1","Perfected Strike"],"picked":"Rage+1","floor":37},{"not_picked":["Disarm+1","Blood for Blood"],"picked":"Sword Boomerang+1","floor":40},{"not_picked":["Cleave","Feel No Pain"],"picked":"Shockwave+1","floor":42},{"not_picked":["Body Slam+1","Armaments+1"],"picked":"Feed","floor":45},{"not_picked":["Anger+1","Sword Boomerang","Shockwave+1"],"picked":"SKIP","floor":46},{"not_picked":["Body Slam+1","Headbutt+1"],"picked":"Evolve+1","floor":47},{"not_picked":["Wild Strike","Body Slam","Berserk"],"picked":"SKIP","floor":48}],"player_experience":135305,"relics_obtained":[{"floor":6,"key":"Ancient Tea Set"},{"floor":9,"key":"PreservedInsect"},{"floor":10,"key":"Red Skull"},{"floor":12,"key":"MawBank"},{"floor":14,"key":"Tiny Chest"},{"floor":22,"key":"War Paint"},{"floor":23,"key":"HollowMod:LifeEnderRelic"},{"floor":26,"key":"Whetstone"},{"floor":31,"key":"Letter Opener"},{"floor":36,"key":"Toxic Egg 2"},{"floor":39,"key":"CatCart"},{"floor":40,"key":"Vajra"},{"floor":42,"key":"Self Forming Clay"},{"floor":43,"key":"HollowMod:PaleOreRelic"},{"floor":45,"key":"Happy Flower"},{"floor":47,"key":"CaptainsWheel"},{"floor":48,"key":"Torii"}],"event_choices":[{"damage_healed":0,"gold_gain":0,"player_choice":"Take Damage","damage_taken":20,"relics_obtained":["Golden Idol"],"max_hp_gain":0,"max_hp_loss":0,"event_name":"Golden Idol","floor":2,"gold_loss":0},{"damage_healed":0,"gold_gain":0,"player_choice":"Upgraded","damage_taken":0,"max_hp_gain":0,"max_hp_loss":0,"event_name":"Upgrade Shrine","floor":4,"gold_loss":0,"cards_upgraded":["Combust"]},{"cards_removed":["Strike_R"],"damage_healed":0,"gold_gain":0,"player_choice":"Card Removal","damage_taken":0,"max_hp_gain":0,"max_hp_loss":0,"event_name":"The Cleric","floor":8,"gold_loss":50},{"cards_removed":["Defend_R"],"damage_healed":0,"gold_gain":0,"player_choice":"Gave Gold","damage_taken":0,"max_hp_gain":0,"max_hp_loss":0,"event_name":"Beggar","floor":19,"gold_loss":75},{"cards_removed":["Defend_R"],"damage_healed":0,"gold_gain":0,"player_choice":"Elegance","damage_taken":0,"max_hp_gain":0,"max_hp_loss":0,"event_name":"Back to Basics","floor":20,"gold_loss":0},{"damage_healed":0,"gold_gain":0,"player_choice":"Became a vampire","damage_taken":0,"max_hp_gain":0,"max_hp_loss":29,"event_name":"Vampires","floor":24,"gold_loss":0,"cards_obtained":["Bite","Bite","Bite","Bite","Bite"]},{"damage_healed":0,"gold_gain":0,"player_choice":"Fight","damage_taken":0,"max_hp_gain":0,"max_hp_loss":0,"event_name":"OrinTheCat","floor":39,"gold_loss":0},{"damage_healed":0,"gold_gain":0,"player_choice":"Fight","damage_taken":0,"max_hp_gain":0,"max_hp_loss":0,"event_name":"Mysterious Sphere","floor":47,"gold_loss":0}],"is_beta":false,"boss_relics":[{"not_picked":["Fusion Hammer","SlaversCollar"],"picked":"Astrolabe"},{"not_picked":["Mark of Pain","Cursed Key"],"picked":"Tiny House"}],"items_purged_floors":[11,21,28,38,41],"is_endless":false,"potions_floor_spawned":[1,3,7,14,16,23,37,42,45],"ascension_level":2}}