{"host":"61r95uy0hn86b9iu","time":1614138681,"event":{"mods":["AchievementEnabler","BaseMod","Better Vampires","BetterRewards","Colored Powertips","Hubris","Minty Spire (QoL Compilation)","Shop Mod","StSLib"],"gold_per_floor":[119,135,135,30,105,105,105,105,183,108,125,125,152,162,162,235,235,247,75,94,94,94],"floor_reached":21,"language":"ENG","playtime":519,"items_purged":["Strike_B"],"score":540,"play_id":"21fef0d8-bda6-4709-bb73-0fcead06212b","local_time":"20210223215121","is_ascension_mode":true,"campfire_choices":[{"data":"Streamline","floor":6.0,"key":"SMITH"},{"data":"Reinforced Body","floor":8.0,"key":"SMITH"},{"floor":15.0,"key":"REST"}],"circlet_count":0,"master_deck":["AscendersBane","Strike_B","Strike_B","Strike_B","Defend_B","Defend_B","Defend_B","Defend_B","Dualcast","Capacitor","Doom and Gloom","Streamline+1","Reinforced Body+1","Conserve Battery","Melter","Tempest+1","Creative AI","Redo+1","Hologram+1","Fission+1"],"relics":["Cracked Core","Unceasing Top","Singing Bowl","Toxic Egg 2","Symbiotic Virus","hubris:VirtuousBlindfold","MerchantsRug"],"acts_visited":["Exordium","TheCity"],"potions_floor_usage":[20],"damage_taken":[{"damage":7.0,"enemies":"Small Slimes","floor":1.0,"turns":3.0},{"damage":7.0,"enemies":"Cultist","floor":2.0,"turns":5.0},{"damage":0.0,"enemies":"2 Louse","floor":11.0,"turns":3.0},{"damage":18.0,"enemies":"3 Sentries","floor":13.0,"turns":5.0},{"damage":4.0,"enemies":"Blue Slaver","floor":14.0,"turns":3.0},{"damage":25.0,"enemies":"Hexaghost","floor":16.0,"turns":9.0},{"damage":35,"enemies":"2 Thieves","floor":18,"turns":4},{"damage":21,"enemies":"Chosen","floor":20,"turns":5},{"damage":16,"enemies":"Snake Plant","floor":21,"turns":2}],"seed_played":"1805512297402623930","potions_obtained":[{"floor":2.0,"key":"Weak Potion"},{"floor":11.0,"key":"Ancient Potion"},{"floor":18,"key":"Dexterity Potion"},{"floor":20,"key":"Strength Potion"}],"is_trial":false,"path_per_floor":["M","M","?","$","?","R","T","R","T","$","M","?","E","M","R","B",null,"M","$","M","M"],"character_chosen":"DEFECT","items_purchased":["Capacitor","Doom and Gloom","Streamline","Conserve Battery","Melter","MerchantsRug"],"campfire_rested":1,"item_purchase_floors":[0,0,0,4,4,19],"current_hp_per_floor":[38,31,71,71,60,60,60,60,60,60,62,62,44,42,64,39,66,33,33,14,0,0],"gold":94,"neow_bonus":"","is_daily":false,"chose_seed":false,"campfire_upgraded":2,"win_rate":0.0,"timestamp":1614138681,"path_taken":["M","M","?","?","?","R","?","R","T","?","M","?","E","M","R","BOSS","M","$","?","M"],"items_purchased_type":["Card","Card","Card","Card","Card","Relic"],"build_version":"2020-12-22","purchased_purges":1,"victory":false,"max_hp_per_floor":[71,71,71,71,71,71,71,71,71,71,73,73,73,75,75,75,75,77,77,79,79,79],"card_choices":[{"not_picked":["Steam","hubris:Ukulele"],"picked":"Reinforced Body","floor":1.0},{"not_picked":["Turbo","Beam Cell","Hologram"],"picked":"SKIP","floor":2.0},{"not_picked":["Barrage","Cold Snap","Skim+1"],"picked":"Singing Bowl","floor":11.0},{"not_picked":["hubris:PowerSurge","BootSequence+1"],"picked":"Hologram+1","floor":13.0},{"not_picked":["Turbo+1","Reinforced Body+1","Chaos+1"],"picked":"Singing Bowl","floor":14.0},{"not_picked":["Amplify+1","Thunder Strike"],"picked":"Fission+1","floor":16.0},{"not_picked":["Gash","Rip and Tear","Redo+1"],"picked":"Singing Bowl","floor":18},{"not_picked":["Chill+1","Leap+1","Fusion+1"],"picked":"Singing Bowl","floor":20}],"player_experience":3386152,"relics_obtained":[{"floor":7.0,"key":"Singing Bowl"},{"floor":9.0,"key":"Toxic Egg 2"},{"floor":13.0,"key":"Symbiotic Virus"}],"event_choices":[{"cards_removed":["Reprogram"],"damage_healed":40.0,"max_hp_gain":0.0,"max_hp_loss":0.0,"gold_gain":0.0,"event_name":"Bonfire Elementals","player_choice":"Offered Uncommon","floor":3.0,"gold_loss":0.0,"damage_taken":0.0},{"damage_healed":0.0,"max_hp_gain":0.0,"max_hp_loss":0.0,"gold_gain":75.0,"event_name":"World of Goop","player_choice":"Gather Gold","floor":5.0,"gold_loss":0.0,"damage_taken":11.0},{"damage_healed":0.0,"max_hp_gain":0.0,"max_hp_loss":0.0,"gold_gain":0.0,"event_name":"Match and Keep!","player_choice":"3 cards matched","floor":12.0,"gold_loss":0.0,"damage_taken":0.0,"cards_obtained":["Tempest","Creative AI","Redo"]}],"is_beta":false,"boss_relics":[{"not_picked":["hubris:GrandSneckoEye","Runic Dome"],"picked":"hubris:VirtuousBlindfold"}],"items_purged_floors":[10],"is_endless":false,"potions_floor_spawned":[2,11,13,18,20],"killed_by":"Snake Plant","ascension_level":19}}