{"host":"lufzn74xe9ct3rkf","time":1614134804,"event":{"mods":["AchievementEnabler","BaseMod","DNKmod","Evolution","Friendly Minions","Minty Spire (QoL Compilation)","StSLib","Treasure Hunter"],"gold_per_floor":[1249,1249,1262,662,677,705,725,725,725,757,757,787,798,817,817,921,971,991,991,1001,1001,1014,1046,1046,1057,1057,1057,1090,1090,412,412,412,520,520,538,549,77,99,99,129,129,164,164,187,202,218,218,15,15,20],"floor_reached":51,"language":"ENG","playtime":2512,"items_purged":[],"score":1117,"play_id":"c3b5969d-e782-427a-8620-de7ba854dea5","local_time":"20210223184644","is_ascension_mode":false,"campfire_choices":[{"data":"Phantasmal Killer","floor":8,"key":"SMITH"},{"data":"Outmaneuver","floor":15,"key":"SMITH"},{"data":"RitualDagger","floor":24,"key":"SMITH"},{"data":"Trip","floor":29,"key":"SMITH"},{"data":"Apotheosis","floor":32,"key":"SMITH"},{"floor":41,"key":"REST"},{"floor":47,"key":"REST"},{"floor":49,"key":"DIG"}],"circlet_count":0,"master_deck":["Flying Knee","Flying Knee","Flying Knee","Flying Knee","Flying Knee","Dodge and Roll","Dodge and Roll","Dodge and Roll","Dodge and Roll","Dodge and Roll","Survivor","Neutralize+1","Poisoned Stab","Prepared","Infinite Blades","Trip+1","Panache","Riddle With Holes","Outmaneuver+1","TH:ElvenBoots+1","Phantasmal Killer+1","All Out Attack","TH:DeckOfManyThings+1","TH:EnergyPotion+1","Calculated Gamble","Impatience","TH:EnergyPotion+1","Flying Knee","Backstab","Deadly Poison","TH:CursedSword+1","Adrenaline+1","Bane","Dagger Throw","Caltrops+1","RitualDagger+1","Deadly Poison+1","TH:EnergyPotion+1","Flying Knee+1","Prepared+1","TH:EnergyPotion+1","J.A.X.","TH:CopperCoins+1","Dagger Spray+1","Apotheosis+1","Burst+1","Well Laid Plans","TH:TreasureMap+1","Tools of the Trade","Endless Agony+1","Dagger Throw","Terror+1","Heel Hook+1","TH:Mimic+1","Dagger Throw+1","Slice+1","TH:DeckOfManyThings+1","Endless Agony+1","TH:DeckOfManyThings+1","Dagger Spray+1","Heel Hook+1","Underhanded Strike+1","Poisoned Stab+1","Underhanded Strike+1","Dagger Spray+1","Trip+1"],"relics":["Ring of the Snake","EVO:Axolotl","Eternal Feather","Gambling Chip","Toy Ornithopter","Dream Catcher","Art of War","Strawberry","Bag of Marbles","White Beast Statue","StoneCalendar","Omamori","TH:Anvil","Bird Faced Urn","Bottled Flame","Centennial Puzzle","Oddly Smooth Stone","TwistedFunnel","Meat on the Bone","Tingsha","Boot","Potion Belt","Tiny House","Blue Candle","Peace Pipe","Bottled Lightning","Toxic Egg 2","Calling Bell","Blood Vial","Kunai","Torii","Vajra","Molten Egg 2","Orichalcum","Shovel","Ninja Scroll","TH:Strongbox"],"acts_visited":["Exordium","TheCity","TheBeyond"],"potions_floor_usage":[6,12,14,14,16,16,16,16,16,16,18,20,23,28],"damage_taken":[{"damage":0,"enemies":"Jaw Worm","floor":1,"turns":2},{"damage":0,"enemies":"Small Slimes","floor":3,"turns":1},{"damage":0,"enemies":"Cultist","floor":5,"turns":1},{"damage":9,"enemies":"3 Sentries","floor":6,"turns":3},{"damage":4,"enemies":"Gremlin Gang","floor":7,"turns":3},{"damage":10,"enemies":"Gremlin Nob","floor":10,"turns":3},{"damage":2,"enemies":"3 Sentries","floor":12,"turns":3},{"damage":0,"enemies":"Blue Slaver","floor":13,"turns":1},{"damage":0,"enemies":"Large Slime","floor":14,"turns":2},{"damage":0,"enemies":"Slime Boss","floor":16,"turns":4},{"damage":0,"enemies":"2 Thieves","floor":18,"turns":1},{"damage":0,"enemies":"Spheric Guardian","floor":20,"turns":2},{"damage":0,"enemies":"Centurion and Healer","floor":22,"turns":2},{"damage":0,"enemies":"Gremlin Leader","floor":23,"turns":3},{"damage":3,"enemies":"Cultist and Chosen","floor":25,"turns":2},{"damage":2,"enemies":"Book of Stabbing","floor":28,"turns":2},{"damage":76,"enemies":"Automaton","floor":33,"turns":8},{"damage":10,"enemies":"Orb Walker","floor":35,"turns":2},{"damage":13,"enemies":"3 Shapes","floor":36,"turns":2},{"damage":51,"enemies":"Maw","floor":38,"turns":6},{"damage":4,"enemies":"Giant Head","floor":40,"turns":5},{"damage":57,"enemies":"Nemesis","floor":42,"turns":5},{"damage":2,"enemies":"Spire Growth","floor":44,"turns":2},{"damage":6,"enemies":"Jaw Worm Horde","floor":45,"turns":3},{"damage":15,"enemies":"Sphere and 2 Shapes","floor":46,"turns":2},{"damage":11,"enemies":"Donu and Deca","floor":50,"turns":3}],"seed_played":"5397585418220489801","potions_obtained":[{"floor":1,"key":"DistilledChaos"},{"floor":3,"key":"EssenceOfSteel"},{"floor":5,"key":"SpeedPotion"},{"floor":6,"key":"EntropicBrew"},{"floor":12,"key":"Fire Potion"},{"floor":13,"key":"DistilledChaos"},{"floor":14,"key":"Weak Potion"},{"floor":16,"key":"Fire Potion"},{"floor":17,"key":"GhostInAJar"},{"floor":18,"key":"Fruit Juice"},{"floor":20,"key":"GhostInAJar"},{"floor":22,"key":"Energy Potion"},{"floor":23,"key":"FairyPotion"},{"floor":28,"key":"SmokeBomb"},{"floor":40,"key":"ColorlessPotion"}],"is_trial":false,"path_per_floor":["M","?","M","$","M","E","M","R","T","E","?","E","M","M","R","B",null,"M","?","M","?","M","E","R","M","T","?","E","R","$","?","R","B",null,"M","M","$","M","?","E","R","E","T","M","M","M","R","$","R","B",null],"character_chosen":"THE_SILENT","items_purchased":["TwistedFunnel","Infinite Blades","Trip","Panache","Riddle With Holes","Apotheosis","Toxic Egg 2","Burst+1","Well Laid Plans","Vajra","Terror+1","Molten Egg 2","Underhanded Strike+1","Dagger Spray+1","Trip+1"],"campfire_rested":2,"item_purchase_floors":[4,4,4,4,4,30,30,30,30,37,37,37,48,48,48],"current_hp_per_floor":[72,72,72,72,72,72,70,72,72,62,62,67,67,72,72,72,77,77,77,82,76,78,82,82,79,79,79,80,82,82,66,87,29,87,77,66,66,37,87,84,87,48,48,48,48,47,87,87,87,84],"gold":20,"neow_bonus":"UPGRADE_CARD","is_daily":false,"chose_seed":false,"campfire_upgraded":5,"win_rate":0.0,"timestamp":1614134804,"path_taken":["M","?","M","$","M","E","M","R","T","E","?","E","?","?","R","BOSS","M","?","M","?","M","E","R","M","T","?","E","R","$","?","R","BOSS","M","M","$","M","?","E","R","E","T","M","M","?","R","?","R","BOSS"],"items_purchased_type":["Relic","Card","Card","Card","Card","Card","Relic","Card","Card","Relic","Card","Relic","Card","Card","Card"],"build_version":"2020-12-22","purchased_purges":0,"victory":true,"max_hp_per_floor":[72,72,72,72,72,72,72,72,72,72,72,72,72,72,72,72,77,77,77,82,82,82,82,82,82,82,82,82,82,82,87,87,87,87,87,87,87,87,87,87,87,87,87,87,87,87,87,87,87,87],"card_choices":[{"not_picked":["Dodge and Roll","Slice"],"picked":"Poisoned Stab","floor":1},{"not_picked":["Bane","Heel Hook"],"picked":"Prepared","floor":3},{"not_picked":["Reflex","Eviscerate"],"picked":"Outmaneuver","floor":5},{"not_picked":["TH:PixieDust"],"picked":"TH:ElvenBoots","floor":6},{"not_picked":["Backstab","Dodge and Roll"],"picked":"Phantasmal Killer","floor":6},{"not_picked":["Escape Plan","Flechettes"],"picked":"All Out Attack","floor":7},{"not_picked":["TH:TreasureMap"],"picked":"TH:DeckOfManyThings","floor":9},{"not_picked":["TH:DeckOfManyThings"],"picked":"TH:EnergyPotion","floor":10},{"not_picked":["Flying Knee","Underhanded Strike"],"picked":"Calculated Gamble","floor":10},{"not_picked":["TH:TreasureMap"],"picked":"TH:EnergyPotion","floor":12},{"not_picked":["Prepared","Accuracy"],"picked":"Flying Knee","floor":12},{"not_picked":["Riddle With Holes","Leg Sweep"],"picked":"Backstab","floor":13},{"not_picked":["Prepared","Acrobatics"],"picked":"Deadly Poison","floor":14},{"not_picked":["TH:Mimic"],"picked":"TH:CursedSword","floor":16},{"not_picked":["Bullet Time","Envenom"],"picked":"Adrenaline","floor":16},{"not_picked":["PiercingWail","Dodge and Roll"],"picked":"Bane","floor":17},{"not_picked":["Cloak And Dagger+1","Underhanded Strike"],"picked":"Dagger Throw","floor":18},{"not_picked":["Blade Dance+1","Cloak And Dagger"],"picked":"Caltrops+1","floor":20},{"not_picked":["Leg Sweep+1","Acrobatics"],"picked":"Deadly Poison+1","floor":22},{"not_picked":["TH:TreasureMap"],"picked":"TH:EnergyPotion","floor":23},{"not_picked":["Deadly Poison+1","A Thousand Cuts"],"picked":"Flying Knee+1","floor":23},{"not_picked":["Underhanded Strike","Cloak And Dagger"],"picked":"Prepared+1","floor":25},{"not_picked":["TH:DeckOfManyThings"],"picked":"TH:EnergyPotion","floor":26},{"not_picked":["TH:TreasureMap"],"picked":"TH:CopperCoins","floor":28},{"not_picked":["Dodge and Roll","Acrobatics"],"picked":"Dagger Spray+1","floor":28},{"not_picked":["TH:ElvenBoots"],"picked":"TH:TreasureMap","floor":33},{"not_picked":["Wraith Form v2","Storm of Steel+1"],"picked":"Tools of the Trade","floor":33},{"not_picked":["Footwork+1","Deadly Poison+1"],"picked":"Endless Agony+1","floor":35},{"not_picked":["PiercingWail+1","Backflip+1"],"picked":"Dagger Throw","floor":36},{"not_picked":["Infinite Blades+1","Expertise+1"],"picked":"Heel Hook+1","floor":38},{"not_picked":["TH:ArmorSpikes"],"picked":"TH:Mimic","floor":40},{"not_picked":["Accuracy+1","Sucker Punch+1"],"picked":"Dagger Throw+1","floor":40},{"not_picked":["Blade Dance+1","Tools of the Trade"],"picked":"Slice+1","floor":41},{"not_picked":["TH:BikiniMail"],"picked":"TH:DeckOfManyThings","floor":42},{"not_picked":["Expertise+1","Masterful Stab+1"],"picked":"Endless Agony+1","floor":42},{"not_picked":["TH:CopperCoins"],"picked":"TH:DeckOfManyThings","floor":43},{"not_picked":["Heel Hook+1","Dodge and Roll+1"],"picked":"Dagger Spray+1","floor":44},{"not_picked":["Noxious Fumes","Blade Dance+1"],"picked":"Heel Hook+1","floor":45},{"not_picked":["Infinite Blades+1","Quick Slash+1"],"picked":"Underhanded Strike+1","floor":46},{"not_picked":["Burst+1","Cloak And Dagger+1"],"picked":"Poisoned Stab+1","floor":47}],"player_experience":44721,"relics_obtained":[{"floor":6,"key":"Meat on the Bone"},{"floor":9,"key":"Tingsha"},{"floor":10,"key":"Boot"},{"floor":12,"key":"Potion Belt"},{"floor":23,"key":"Blue Candle"},{"floor":26,"key":"Peace Pipe"},{"floor":28,"key":"Bottled Lightning"},{"floor":34,"key":"Blood Vial"},{"floor":34,"key":"Kunai"},{"floor":34,"key":"Torii"},{"floor":40,"key":"Orichalcum"},{"floor":42,"key":"Shovel"},{"floor":43,"key":"Ninja Scroll"},{"floor":49,"key":"TH:Strongbox"}],"event_choices":[{"damage_healed":0,"gold_gain":0,"player_choice":"Leave","damage_taken":0,"max_hp_gain":0,"max_hp_loss":0,"event_name":"The Cleric","floor":2,"gold_loss":0},{"damage_healed":0,"gold_gain":0,"player_choice":"1 cards matched","damage_taken":0,"max_hp_gain":0,"max_hp_loss":0,"event_name":"Match and Keep!","floor":11,"gold_loss":0,"cards_obtained":["Impatience"]},{"damage_healed":0,"gold_gain":0,"player_choice":"Ignored","damage_taken":0,"max_hp_gain":0,"max_hp_loss":0,"event_name":"Ghosts","floor":19,"gold_loss":0},{"damage_healed":0,"gold_gain":0,"player_choice":"Joined the Cult","damage_taken":6,"max_hp_gain":0,"max_hp_loss":0,"event_name":"Nest","floor":21,"gold_loss":0,"cards_obtained":["RitualDagger"]},{"damage_healed":0,"gold_gain":0,"player_choice":"Obtain J.A.X.","damage_taken":0,"max_hp_gain":0,"max_hp_loss":0,"event_name":"Drug Dealer","floor":27,"gold_loss":0,"cards_obtained":["J.A.X."]},{"damage_healed":0,"gold_gain":0,"player_choice":"Shed Blood","damage_taken":21,"max_hp_gain":5,"max_hp_loss":0,"event_name":"Forgotten Altar","floor":31,"gold_loss":0},{"damage_healed":50,"gold_gain":0,"player_choice":"Full Heal","damage_taken":0,"max_hp_gain":0,"max_hp_loss":0,"event_name":"Wheel of Change","floor":39,"gold_loss":0}],"is_beta":false,"boss_relics":[{"not_picked":["Ectoplasm","Philosopher\u0027s Stone"],"picked":"Tiny House"},{"not_picked":["Cursed Key","Fusion Hammer"],"picked":"Calling Bell"}],"items_purged_floors":[],"is_endless":false,"potions_floor_spawned":[1,3,5,6,7,10,12,13,14,16,18,20,22,23,25,28,33,35,36,38,40,42,44,45,46],"ascension_level":0}}