{"host":"nj4msrt0z6tj4wtb","time":1614188816,"event":{"mods":["AchievementEnabler","BaseMod","Colored Map","Colored Powertips","DeckTracker","Highlight Path","Keyboard Shortcuts","Minty Spire (QoL Compilation)","Quick Restart","Random Character Button","StSLib","SuperFastMode"],"gold_per_floor":[112,126,138,150,225,239,239,263,263,280,280,295,295,305,305,379,379,390,315,334,347,347,347],"floor_reached":22,"language":"KOR","playtime":772,"items_purged":[],"score":464,"play_id":"02f20f6c-37e5-4f4a-8bc3-d901abb18cf2","local_time":"20210225024656","is_ascension_mode":true,"campfire_choices":[{"data":"Eruption","floor":7.0,"key":"SMITH"},{"floor":11.0,"key":"REST"},{"data":"Tantrum","floor":13.0,"key":"SMITH"},{"data":"WheelKick","floor":15.0,"key":"SMITH"}],"circlet_count":0,"master_deck":["AscendersBane","Strike_P","Strike_P","Strike_P","Defend_P","Defend_P","Defend_P","Defend_P","Eruption+1","Vigilance","Wallop","WheelKick+1","Tantrum+1","FearNoEvil","EmptyFist","TalkToTheHand","DevaForm","EmptyBody"],"relics":["SacredBark","Odd Mushroom","Bird Faced Urn","Sozu"],"acts_visited":["Exordium","TheCity"],"potions_floor_usage":[22],"damage_taken":[{"damage":7.0,"enemies":"Jaw Worm","floor":1.0,"turns":4.0},{"damage":7.0,"enemies":"2 Louse","floor":2.0,"turns":3.0},{"damage":2.0,"enemies":"Small Slimes","floor":3.0,"turns":5.0},{"damage":3.0,"enemies":"Looter","floor":4.0,"turns":4.0},{"damage":13.0,"enemies":"3 Louse","floor":6.0,"turns":4.0},{"damage":0.0,"enemies":"The Mushroom Lair","floor":8.0,"turns":3.0},{"damage":9.0,"enemies":"Large Slime","floor":10.0,"turns":7.0},{"damage":9.0,"enemies":"Lots of Slimes","floor":12.0,"turns":3.0},{"damage":3.0,"enemies":"3 Louse","floor":14.0,"turns":4.0},{"damage":0.0,"enemies":"Slime Boss","floor":16.0,"turns":5.0},{"damage":13.0,"enemies":"3 Byrds","floor":18.0,"turns":5.0},{"damage":0.0,"enemies":"Chosen","floor":20.0,"turns":3.0},{"damage":44,"enemies":"Snake Plant","floor":21,"turns":6},{"damage":7,"enemies":"Centurion and Healer","floor":22,"turns":2}],"seed_played":"7588415303128697569","potions_obtained":[{"floor":3.0,"key":"LiquidMemories"},{"floor":8.0,"key":"BottledMiracle"},{"floor":10.0,"key":"SneckoOil"},{"floor":12.0,"key":"Energy Potion"}],"is_trial":false,"path_per_floor":["M","M","M","M","?","M","R","?","T","M","R","M","R","M","R","B",null,"M","?","M","M","M"],"character_chosen":"WATCHER","items_purchased":[],"campfire_rested":1,"item_purchase_floors":[],"current_hp_per_floor":[54,47,45,42,31,18,18,18,18,9,29,20,20,17,17,17,55,44,44,46,4,0,0],"gold":347,"neow_bonus":"BOSS_RELIC","is_daily":false,"chose_seed":false,"campfire_upgraded":3,"win_rate":0.0,"timestamp":1614188816,"path_taken":["M","M","M","M","?","M","R","?","T","M","R","M","R","M","R","BOSS","M","?","M","M","M"],"items_purchased_type":[],"build_version":"2020-12-22","purchased_purges":0,"victory":false,"max_hp_per_floor":[68,68,68,68,68,68,68,68,68,68,68,68,68,68,68,68,68,68,68,68,68,68,68],"card_choices":[{"not_picked":["Crescendo","FlyingSleeves"],"picked":"Wallop","floor":1.0},{"not_picked":["EmptyMind","ThirdEye","CutThroughFate"],"picked":"SKIP","floor":2.0},{"not_picked":["Prostrate","Sanctity"],"picked":"WheelKick","floor":3.0},{"not_picked":["CrushJoints","Halt"],"picked":"Tantrum","floor":4.0},{"not_picked":["EmptyBody","Prostrate"],"picked":"FearNoEvil","floor":6.0},{"not_picked":["Halt","SpiritShield"],"picked":"EmptyFist","floor":10.0},{"not_picked":["Fasting2","Evaluate"],"picked":"TalkToTheHand","floor":12.0},{"not_picked":["EmptyBody","LikeWater","FlyingSleeves"],"picked":"SKIP","floor":14.0},{"not_picked":["Alpha","Judgement"],"picked":"DevaForm","floor":16.0},{"not_picked":["ThirdEye","FollowUp","FlurryOfBlows"],"picked":"SKIP","floor":18.0},{"not_picked":["ThirdEye","CutThroughFate","Indignation"],"picked":"SKIP","floor":20.0},{"not_picked":["PathToVictory","SpiritShield"],"picked":"EmptyBody","floor":21}],"player_experience":680608,"relics_obtained":[{"floor":8.0,"key":"Odd Mushroom"},{"floor":9.0,"key":"Bird Faced Urn"}],"event_choices":[{"damage_healed":0.0,"max_hp_gain":0.0,"max_hp_loss":0.0,"gold_gain":75.0,"event_name":"World of Goop","player_choice":"Gather Gold","floor":5.0,"gold_loss":0.0,"damage_taken":11.0},{"damage_healed":0.0,"max_hp_gain":0.0,"max_hp_loss":0.0,"gold_gain":0.0,"event_name":"Mushrooms","player_choice":"Fought Mushrooms","floor":8.0,"gold_loss":0.0,"damage_taken":0.0},{"cards_removed":["Strike_P"],"damage_healed":0.0,"max_hp_gain":0.0,"max_hp_loss":0.0,"gold_gain":0.0,"event_name":"Beggar","player_choice":"Gave Gold","floor":19.0,"gold_loss":75.0,"damage_taken":0.0}],"is_beta":false,"boss_relics":[{"not_picked":["Philosopher\u0027s Stone","Busted Crown"],"picked":"Sozu"}],"items_purged_floors":[],"is_endless":false,"potions_floor_spawned":[3,8,10,12,18,20],"killed_by":"Centurion and Healer","ascension_level":20}}