{"host":"11728qvdvolffudn","time":1614171065,"event":{"mods":["BaseMod","Block Reminder","Colored Powertips","Curses Come First","Custom Start","Displayed Cursed Tome","Highlight Path","Minty Spire (QoL Compilation)","Permanent Neow","Quick Restart","Rare Cards Sparkle","Relic Stats","StSLib","Weighted Paths"],"gold_per_floor":[109,109,119,13,31,31,31,31,102,120,120,45,59,77,77,174,174,190,190,203,103,303,31,31,60,85,102,113,130,130,229,229,327,327,344,358,358,358],"floor_reached":37,"language":"ENG","playtime":1198,"items_purged":["Strike_R","Strike_R","Strike_R"],"score":381,"play_id":"5c00700b-1af4-4e93-b30e-3d6c333ad047","local_time":"20210224125105","is_ascension_mode":false,"campfire_choices":[{"data":"Limit Break","floor":6,"key":"SMITH"},{"data":"Whirlwind","floor":8,"key":"SMITH"},{"data":"Flex","floor":11,"key":"SMITH"},{"data":"Pummel","floor":15,"key":"SMITH"},{"data":"Defend_R","floor":24,"key":"SMITH"},{"floor":30,"key":"REST"},{"data":"Flex","floor":32,"key":"SMITH"}],"circlet_count":0,"master_deck":["Strike_R","Defend_R+1","Defend_R+1","Defend_R+1","Bash","Limit Break+1","Flex+1","Whirlwind+1","Pummel+1","Flex+1","Feed+1","Brutality+1","Searing Blow+1"],"relics":["Burning Blood","Dream Catcher","Darkstone Periapt","Runic Pyramid","War Paint","Nunchaku","Omamori","Astrolabe"],"acts_visited":["Exordium","TheCity","TheBeyond"],"potions_floor_usage":[18,28,35,37,37],"damage_taken":[{"damage":9,"enemies":"2 Louse","floor":1,"turns":3},{"damage":12,"enemies":"Jaw Worm","floor":3,"turns":5},{"damage":1,"enemies":"Cultist","floor":5,"turns":3},{"damage":13,"enemies":"Red Slaver","floor":10,"turns":2},{"damage":8,"enemies":"Exordium Thugs","floor":13,"turns":2},{"damage":0,"enemies":"Gremlin Gang","floor":14,"turns":1},{"damage":24,"enemies":"The Guardian","floor":16,"turns":9},{"damage":6,"enemies":"Chosen","floor":18,"turns":3},{"damage":12,"enemies":"Shell Parasite","floor":20,"turns":3},{"damage":28,"enemies":"Slavers","floor":25,"turns":4},{"damage":17,"enemies":"Shelled Parasite and Fungi","floor":27,"turns":3},{"damage":2,"enemies":"Snecko","floor":28,"turns":4},{"damage":12,"enemies":"Chosen and Byrds","floor":29,"turns":5},{"damage":33,"enemies":"Collector","floor":33,"turns":6},{"damage":20,"enemies":"3 Darklings","floor":35,"turns":2},{"damage":53,"enemies":"3 Shapes","floor":36,"turns":3},{"damage":27,"enemies":"2 Orb Walkers","floor":37,"turns":2}],"seed_played":"-8763475310892899299","potions_obtained":[{"floor":5,"key":"Explosive Potion"},{"floor":10,"key":"Fire Potion"},{"floor":14,"key":"Weak Potion"},{"floor":20,"key":"ColorlessPotion"},{"floor":29,"key":"Ancient Potion"},{"floor":33,"key":"Strength Potion"}],"is_trial":false,"path_per_floor":["M","?","M","$","M","R","?","R","T","M","R","$","M","M","R","B",null,"M","?","M","$","?","$","R","E","T","M","M","M","R","?","R","B",null,"M","M","?"],"character_chosen":"IRONCLAD","items_purchased":["Whirlwind","Inflame","War Paint"],"campfire_rested":1,"item_purchase_floors":[4,4,23],"current_hp_per_floor":[77,77,71,71,76,76,69,69,69,62,62,62,60,66,66,48,80,80,80,74,74,74,74,74,52,52,41,45,39,63,63,63,36,80,70,27,0,0],"gold":358,"neow_bonus":"ONE_RANDOM_RARE_CARD","is_daily":false,"chose_seed":false,"campfire_upgraded":6,"win_rate":0.0,"timestamp":1614171065,"path_taken":["M","?","M","$","M","R","?","R","T","?","R","?","M","M","R","BOSS","M","?","M","$","?","$","R","E","T","M","?","M","R","?","R","BOSS","M","M","?"],"items_purchased_type":["Card","Card","Relic"],"build_version":"2020-12-22","purchased_purges":3,"victory":false,"max_hp_per_floor":[80,80,80,80,80,80,80,80,80,80,80,80,80,80,80,80,80,80,80,80,80,80,80,80,80,80,80,80,80,80,80,80,80,80,84,88,88,88],"relic_stats":{"Darkstone Periapt":0,"Dream Catcher":1,"Nunchaku":[3],"counters":[17,60],"Astrolabe":["Feed","Brutality","Searing Blow"],"War Paint":["Defend_R","Defend_R"],"obtain_stats":[{"Darkstone Periapt":9,"Dream Catcher":2,"Nunchaku":25,"Astrolabe":34,"Omamori":26,"War Paint":23,"Burning Blood":0,"Runic Pyramid":17},{"Darkstone Periapt":3,"Dream Catcher":1,"Nunchaku":10,"Astrolabe":14,"Omamori":10,"War Paint":9,"Burning Blood":0,"Runic Pyramid":7},{"Darkstone Periapt":11,"Dream Catcher":3,"Nunchaku":35,"Astrolabe":53,"Omamori":35,"War Paint":31,"Burning Blood":0,"Runic Pyramid":25}],"Burning Blood":96},"card_choices":[{"not_picked":["Headbutt","Dual Wield"],"picked":"Flex","floor":1},{"not_picked":["Havoc","Flame Barrier","Metallicize"],"picked":"SKIP","floor":3},{"not_picked":["Twin Strike","Sword Boomerang","Anger"],"picked":"SKIP","floor":5},{"not_picked":["Fire Breathing","Shrug It Off"],"picked":"Pummel","floor":10},{"not_picked":["Havoc","Shrug It Off","Body Slam"],"picked":"SKIP","floor":13},{"not_picked":["Iron Wave","Thunderclap","True Grit"],"picked":"SKIP","floor":14},{"not_picked":["Bloodletting","Disarm","Twin Strike+1"],"picked":"SKIP","floor":18},{"not_picked":["Anger+1","Cleave","Headbutt+1"],"picked":"SKIP","floor":20},{"not_picked":["Brutality","Demon Form","Wild Strike+1"],"picked":"SKIP","floor":25},{"not_picked":["Iron Wave+1","Clothesline+1","Thunderclap"],"picked":"SKIP","floor":27},{"not_picked":["Heavy Blade","Shrug It Off+1"],"picked":"Flex","floor":28},{"not_picked":["Perfected Strike","Burning Pact+1","Seeing Red"],"picked":"SKIP","floor":29},{"not_picked":["Cleave+1","Dual Wield+1","Perfected Strike+1"],"picked":"SKIP","floor":35},{"not_picked":["Sever Soul","Pommel Strike+1","Perfected Strike"],"picked":"SKIP","floor":36}],"player_experience":132235,"relics_obtained":[{"floor":9,"key":"Darkstone Periapt"},{"floor":25,"key":"Nunchaku"},{"floor":26,"key":"Omamori"}],"event_choices":[{"damage_healed":0,"gold_gain":0,"player_choice":"Box","damage_taken":0,"relics_obtained":["Dream Catcher"],"max_hp_gain":0,"max_hp_loss":0,"event_name":"Big Fish","floor":2,"gold_loss":0,"cards_obtained":["Regret"]},{"cards_removed":["Regret"],"damage_healed":0,"gold_gain":0,"player_choice":"Card Removal","damage_taken":7,"max_hp_gain":0,"max_hp_loss":0,"event_name":"Golden Wing","floor":7,"gold_loss":0},{"damage_healed":0,"gold_gain":0,"player_choice":"Bought 0 Potions","damage_taken":0,"max_hp_gain":0,"max_hp_loss":0,"event_name":"The Woman in Blue","floor":19,"gold_loss":0},{"damage_healed":0,"gold_gain":200,"player_choice":"Gold","damage_taken":0,"max_hp_gain":0,"max_hp_loss":0,"event_name":"Wheel of Change","floor":22,"gold_loss":0},{"damage_healed":0,"gold_gain":99,"player_choice":"Stole From Cult","damage_taken":0,"max_hp_gain":0,"max_hp_loss":0,"event_name":"Nest","floor":31,"gold_loss":0},{"damage_healed":0,"gold_gain":0,"player_choice":"Fight","damage_taken":0,"max_hp_gain":0,"max_hp_loss":0,"event_name":"Mysterious Sphere","floor":37,"gold_loss":0}],"is_beta":false,"boss_relics":[{"not_picked":["Calling Bell","Tiny House"],"picked":"Runic Pyramid"},{"not_picked":["Pandora\u0027s Box","Coffee Dripper"],"picked":"Astrolabe"}],"items_purged_floors":[12,21,23],"is_endless":false,"potions_floor_spawned":[5,10,14,20,29,33],"killed_by":"2 Orb Walkers","ascension_level":0}}