{"host":"3omna1v4kuj0u9pv","time":1614199453,"event":{"mods":["AchievementEnabler","Act Like it!","Aspiration","BaseMod","Better Altar","Better Match","Better Note","Better Sensory Stone","Better Skull","Better Third Choice","Better Vampires","BetterRewards","CCEM2","CapriCore","Conspire","Curses Come First","Displayed Cursed Tome","Downfall","Fox Events","Halation","Hubris","Infinite Spire","Library of Ruina","Library of Ruina Extra","Minty Spire (QoL Compilation)","Permanent Neow","Poor People Problems","Rare Cards Sparkle","Reliquary","Replay The Spire","Ruina","Shop Mod","Spicy Shops","StSLib","The Animator","Transform Curses"],"gold_per_floor":[116,116,116,132,132,132,150,150,196,208,226,255,255,275,275,377,377,388,405,420,439,41,41,74,74,74,86,117,134,134,205,205,307,407,420,420,430,449,459,459,459,459],"floor_reached":41,"language":"ENG","playtime":4117,"items_purged":["LightAttack"],"score":487,"play_id":"3551eca4-bd55-47be-bec4-4ce608ac1f57","local_time":"20210225064413","is_ascension_mode":false,"campfire_choices":[{"floor":6.0,"key":"REST"},{"data":"SnakesPrey","floor":13.0,"key":"SMITH"},{"floor":15.0,"key":"REST"},{"floor":23.0,"key":"REST"},{"floor":32,"key":"REST"},{"data":"Tttonst","floor":40,"key":"SMITH"}],"circlet_count":0,"master_deck":["Dodge+1","LightDefense","LightAttack","LightDefense","LightDefense","LightDefense","ChargeAndCover","FocusedStrikes","CumulusWall","SnakesPrey+1","PinpointShot","CookingPrep","FleetFootsteps","Track","Punishment","TendonChords+1","Overpower+1","ruina:Mimicry","Crush+1","WillBeTasty+1","Tttonst+1","Concentration+1","Decay","Track+1","Parasite","FrontalAssault+1"],"relics":["PageOfLibrarian","CCEMRelics:CanOfSoda","hubris:Towel","Bronze Scales","CCEMRelics:Apple","hubris:TenFootPole","halation:PromiseList","hubris:TerracottaHorce","Gremlin Food","Smiling Mask","Replay:Bottled Flurry","infinitespire:Golems Mask","CCEMRelics:TechnogenicHelmet","Replay:Wanted Poster"],"acts_visited":["Exordium","ruina:Briah","TheBeyond"],"potions_floor_usage":[33,33,41],"damage_taken":[{"damage":0.0,"enemies":"2 Louse","floor":1.0,"turns":3.0},{"damage":11.0,"enemies":"Jaw Worm","floor":4.0,"turns":2.0},{"damage":0.0,"enemies":"Cultist","floor":7.0,"turns":2.0},{"damage":0.0,"enemies":"Looter","floor":10.0,"turns":4.0},{"damage":5.0,"enemies":"Lots of Slimes","floor":11.0,"turns":4.0},{"damage":9.0,"enemies":"Gremlin Nob","floor":12.0,"turns":4.0},{"damage":3.0,"enemies":"Red Slaver","floor":14.0,"turns":2.0},{"damage":3.0,"enemies":"The Guardian","floor":16.0,"turns":8.0},{"damage":15.0,"enemies":"ruina:Nosferatu","floor":18.0,"turns":4.0},{"damage":4.0,"enemies":"ruina:2_Scarecrows","floor":19.0,"turns":4.0},{"damage":18.0,"enemies":"ruina:QueenOfHate","floor":20.0,"turns":3.0},{"damage":28.0,"enemies":"ruina:KnightOfDespair","floor":21.0,"turns":5.0},{"damage":38.0,"enemies":"ruina:Mountain","floor":24.0,"turns":6.0},{"damage":13.0,"enemies":"ruina:KingOfGreed","floor":27.0,"turns":3.0},{"damage":23.0,"enemies":"ruina:RoadHome","floor":28.0,"turns":2.0},{"damage":13,"enemies":"ruina:3_Scarecrows","floor":29,"turns":4},{"damage":72,"enemies":"ruina:Red_and_Wolf","floor":33,"turns":7},{"damage":33,"enemies":"3 Shapes","floor":35,"turns":4},{"damage":54,"enemies":"3 Darklings","floor":37,"turns":4},{"damage":30,"enemies":"Writhing Mass","floor":38,"turns":5},{"damage":15,"enemies":"Jaw Worm Horde","floor":39,"turns":4},{"damage":106,"enemies":"Reptomancer","floor":41,"turns":2}],"seed_played":"-8938233194879929919","potions_obtained":[{"floor":10.0,"key":"CultistPotion"},{"floor":12.0,"key":"FearPotion"},{"floor":16.0,"key":"Block Potion"},{"floor":18.0,"key":"Fire Potion"},{"floor":24.0,"key":"LiquidMemories"},{"floor":29,"key":"SkillPotion"},{"floor":35,"key":"EntropicBrew"},{"floor":38,"key":"Languid Potion"},{"floor":39,"key":"Energy Potion"}],"is_trial":false,"path_per_floor":["M","?","?","M","$","R","M","?","T","M","M","E","R","M","R","B",null,"M","M","M","M","$","R","E","?","T","M","E","M","?","T","R","B",null,"M","?","M","M","M","R","E"],"character_chosen":"Librarian","items_purchased":["CumulusWall","SnakesPrey","CCEMRelics:CanOfSoda","Bronze Scales","CCEMRelics:Apple","Gremlin Food","ruina:Mimicry"],"campfire_rested":4,"item_purchase_floors":[0,0,0,5,5,22,22],"current_hp_per_floor":[71,71,76,65,39,62,62,62,62,62,57,51,51,51,84,82,105,90,89,75,53,53,87,67,73,73,69,49,61,61,61,96,62,105,93,93,44,56,72,72,0,0],"gold":459,"neow_bonus":"","is_daily":false,"chose_seed":false,"campfire_upgraded":2,"win_rate":0.0,"timestamp":1614199453,"path_taken":["M","?","?","M","?","R","M","?","T","M","?","E","R","M","R","BOSS","M","M","M","M","$","R","E","?","T","M","E","M","?","?","R","BOSS","M","?","M","M","M","R","E"],"items_purchased_type":["Card","Card","Relic","Relic","Relic","Relic","Card"],"build_version":"2020-12-22","purchased_purges":1,"victory":false,"max_hp_per_floor":[73,73,78,87,87,78,78,78,78,107,107,110,110,113,113,113,113,113,113,113,116,116,116,116,116,116,116,119,119,119,119,119,119,119,119,119,122,125,125,125,125,125],"card_choices":[{"not_picked":["RagingStormLove","TendonChords","AbsorbImpact","Struggle","QuickAttack","Bvapour","FrontalAssault","Standoff"],"picked":"PinpointShot","floor":1.0},{"not_picked":["WillOfThePrescript","YouOnlyLiveOnce","WrathOfTorment","SmokingPipe","Leap_lor","BoundaryOfDeath","EnergyShield","IdentifyWeakpoint","PreparedMind"],"picked":"SKIP","floor":4.0},{"not_picked":["SkitterAway","GrazeTheGrass","CoordinatedAssault","MultiBlock","SuppressingShot","Execute_lor","SnakesPrey","Wallop_lor"],"picked":"CookingPrep","floor":7.0},{"not_picked":["MultiHit","EndlessBattle","UnavoidableGaze","QuickSuppression","Guardian_lor","FierceCharge","BiteOff","HandleRequest"],"picked":"FleetFootsteps","floor":10.0},{"not_picked":["Zzzzzap","FlashingStrike","NightInTheBackstreets","Brawl","GreatSerpentsImpact","FrontalAssault","Standoff","Commandeering","BackstreetsDash"],"picked":"SKIP","floor":11.0},{"not_picked":["MindPrepared","Transpierce","ViolentFlame","Thrust","Faith","IllEndYou","TheArtOfRapidSteps","GrazeTheGrass"],"picked":"Track","floor":12.0},{"not_picked":["YouOnlyLiveOnce","Collision","Outburst","Endure","SmokingPipe","MultiHit","SnakesPrey","Diversion","ShrineToMusic"],"picked":"SKIP","floor":14.0},{"not_picked":["MirageStorm","Castigation"],"picked":"Punishment","floor":16.0},{"not_picked":["Quickness+1","ChiWen","ProselytesBlade","NightInTheBackstreets+1","AsThePrescriptOrders","EnergyStrike","Standoff","Riposte"],"picked":"TendonChords+1","floor":18.0},{"not_picked":["GreatSerpentsImpact","BlowItUp","HiddenBlade","WillBeTasty","Standoff","FrontalAssault","WildCard","GuidanceOfTheGears"],"picked":"Overpower","floor":19.0},{"not_picked":["NightInTheBackstreets","UnavoidableGaze","FlashingStrike","QuickAttack","StructuralAnalysis","Parry","GuidanceOfTheGears","GaleKick","SummaryJudgment"],"picked":"SKIP","floor":20.0},{"not_picked":["MultiBlock","SuppressingShot","MultiHit+1","SmokingPipe+1","ViolentFlame","DesperateStruggle","BackAttack","DarkCloud","InnerArdor"],"picked":"SKIP","floor":21.0},{"not_picked":["SkitterAway","EnergyShield+1","WillOfThePrescript","UpbeatPerformance","BiXi","FieryWaltz","PreemptiveStrike","InnerArdor"],"picked":"Crush+1","floor":24.0},{"not_picked":["ViolentFlame","Duel_lor+1","YouOnlyLiveOnce","SerpentSwordTechnique+1","QuickSuppression","BackstreetsDash","SharpSwipe","UnavoidableGaze+1","FierceOnslaught"],"picked":"SKIP","floor":27.0},{"not_picked":["DeepDrag+1","SuppressingShot","CoordinatedAssault","GrazeTheGrass","YoureAHindrance","UnavoidableGaze","TrimTheIngredients","SmokingPipe","StrikeDown"],"picked":"SKIP","floor":28},{"not_picked":["QuickAttack+1","EnergyShield","TrimTheIngredients","StrikeDown","GrazeTheGrass","IronWall","ExtractFuel","MindCrush"],"picked":"WillBeTasty+1","floor":29},{"not_picked":["FlamingDragonFist","BoundaryOfDeath"],"picked":"Tttonst","floor":33},{"not_picked":["QuickAttack","SerpentSwordTechnique+1","MirageStorm","GuardingStance","FrontalAssault+1","Guardian_lor+1","VioletBlade","QuickSuppression+1"],"picked":"Concentration+1","floor":35},{"not_picked":["SharpSwipe","StrikeDown","SunsetBlade","StructuralAnalysis","DaringDecision","LossOfSenses+1","Reload","UnavoidableGaze"],"picked":"Track+1","floor":37},{"not_picked":["SkitterAway","WillOfThePrescript","FlamingDragonFist","Parry","QuickAttack+1","StructuralAnalysis+1","Diversion+1","GrazeTheGrass","LoosenUp+1"],"picked":"SKIP","floor":38},{"not_picked":["FleetEdge","FaintMemories+1","BulkyImpact+1","HiddenBlade+1","GreatSerpentsImpact+1","NightInTheBackstreets+1","Outburst","Quickness"],"picked":"FrontalAssault+1","floor":39}],"player_experience":135463,"relics_obtained":[{"floor":9.0,"key":"hubris:TenFootPole"},{"floor":12.0,"key":"halation:PromiseList"},{"floor":24.0,"key":"Smiling Mask"},{"floor":26.0,"key":"Replay:Bottled Flurry"},{"floor":28,"key":"infinitespire:Golems Mask"},{"floor":31,"key":"CCEMRelics:TechnogenicHelmet"}],"event_choices":[{"damage_healed":0.0,"max_hp_gain":5.0,"max_hp_loss":0.0,"gold_gain":0.0,"event_name":"Big Fish","player_choice":"Donut","floor":3.0,"gold_loss":0.0,"damage_taken":0.0},{"cards_removed":["LightAttack"],"damage_healed":0.0,"max_hp_gain":0.0,"max_hp_loss":0.0,"gold_gain":0.0,"event_name":"Purifier","player_choice":"Purged","floor":8.0,"gold_loss":0.0,"damage_taken":0.0},{"damage_healed":6.0,"max_hp_gain":0.0,"max_hp_loss":0.0,"gold_gain":0.0,"event_name":"betterSkull:BetterSkull","player_choice":"LEAVE ","floor":25.0,"gold_loss":0.0,"damage_taken":0.0,"cards_upgraded":[],"relics_obtained":[]},{"damage_healed":0,"gold_gain":0,"player_choice":"Cursed","damage_taken":0,"max_hp_gain":0,"max_hp_loss":0,"event_name":"Wheel of Change","floor":36,"gold_loss":0,"cards_obtained":["Decay"]}],"is_beta":false,"boss_relics":[{"not_picked":["CCEMRelics:TransientCore","aspiration:SecretTechniqueScroll"],"picked":"hubris:TerracottaHorce"},{"not_picked":["Painkiller Herb","CCEMRelics:GreenEgg"],"picked":"Replay:Wanted Poster"}],"items_purged_floors":[22],"is_endless":false,"potions_floor_spawned":[10,12,16,18,20,24,29,35,38,39],"killed_by":"Reptomancer","ascension_level":0}}