{"host":"nptej036rrbiurf5","time":1614142434,"event":{"mods":["BaseMod","Colored Map","Colored Powertips","DeckTracker","Minty Spire (QoL Compilation)","StSLib","SuperFastMode"],"gold_per_floor":[117,117,129,129,142,174,44,69,69,101,119,119,119,119],"floor_reached":13,"language":"KOR","playtime":290,"items_purged":["Strike_R"],"score":206,"play_id":"dbf5ea26-947e-4fe8-85d7-03a7edd374bb","local_time":"20210224135354","is_ascension_mode":true,"campfire_choices":[{"data":"Barricade","floor":12.0,"key":"SMITH"}],"circlet_count":0,"master_deck":["AscendersBane","Strike_R","Strike_R","Strike_R","Strike_R","Defend_R","Defend_R","Defend_R","Defend_R","Bash","The Bomb","Shrug It Off","Barricade+1","Shrug It Off","Shrug It Off","Feel No Pain","Body Slam","Second Wind","True Grit"],"relics":["Burning Blood","Shuriken","Mango","Letter Opener","Molten Egg 2"],"acts_visited":["Exordium"],"potions_floor_usage":[13],"damage_taken":[{"damage":6.0,"enemies":"2 Louse","floor":1.0,"turns":4.0},{"damage":0.0,"enemies":"Cultist","floor":3.0,"turns":3.0},{"damage":4.0,"enemies":"Jaw Worm","floor":5.0,"turns":5.0},{"damage":15.0,"enemies":"Lagavulin","floor":6.0,"turns":9.0},{"damage":32.0,"enemies":"Gremlin Nob","floor":8.0,"turns":4.0},{"damage":15.0,"enemies":"Lagavulin","floor":10.0,"turns":11.0},{"damage":11.0,"enemies":"3 Louse","floor":11.0,"turns":4.0},{"damage":39,"enemies":"Gremlin Nob","floor":13,"turns":4}],"seed_played":"67106994062205821","potions_obtained":[{"floor":3.0,"key":"Explosive Potion"},{"floor":10.0,"key":"Ancient Potion"}],"is_trial":false,"path_per_floor":["M","?","M","T","M","E","$","E","T","E","M","R","E"],"character_chosen":"IRONCLAD","items_purchased":["Body Slam"],"campfire_rested":0,"item_purchase_floors":[7],"current_hp_per_floor":[68,68,68,68,68,59,59,47,47,38,33,33,0,0],"gold":119,"neow_bonus":"RANDOM_COLORLESS_2","is_daily":false,"chose_seed":false,"campfire_upgraded":1,"win_rate":0.0,"timestamp":1614142434,"path_taken":["M","?","?","?","M","E","$","E","T","E","M","R","E"],"items_purchased_type":["Card"],"build_version":"2020-12-22","purchased_purges":1,"victory":false,"max_hp_per_floor":[68,68,68,68,68,68,68,82,82,82,82,82,82,82],"card_choices":[{"not_picked":["Thinking Ahead","Transmutation"],"picked":"The Bomb","floor":0.0},{"not_picked":["Flex","Pommel Strike"],"picked":"Shrug It Off","floor":1.0},{"not_picked":["Thunderclap","Armaments"],"picked":"Shrug It Off","floor":3.0},{"not_picked":["Sentinel","Dual Wield"],"picked":"Shrug It Off","floor":5.0},{"not_picked":["Cleave","Iron Wave"],"picked":"Feel No Pain","floor":6.0},{"not_picked":["Sword Boomerang","Bloodletting"],"picked":"Second Wind","floor":8.0},{"not_picked":["Clash+1","Warcry"],"picked":"True Grit","floor":10.0},{"not_picked":["Havoc","Heavy Blade+1","Thunderclap+1"],"picked":"SKIP","floor":11.0}],"player_experience":1026401,"relics_obtained":[{"floor":6.0,"key":"Shuriken"},{"floor":8.0,"key":"Mango"},{"floor":9.0,"key":"Letter Opener"},{"floor":10.0,"key":"Molten Egg 2"}],"event_choices":[{"damage_healed":0.0,"max_hp_gain":0.0,"max_hp_loss":0.0,"gold_gain":0.0,"event_name":"Match and Keep!","player_choice":"1 cards matched","floor":2.0,"gold_loss":0.0,"damage_taken":0.0,"cards_obtained":["Barricade"]}],"is_beta":false,"boss_relics":[],"items_purged_floors":[7],"is_endless":false,"potions_floor_spawned":[3,10],"killed_by":"Gremlin Nob","ascension_level":20}}