{"host":"pletss163z7s8pvv","time":1614142245,"event":{"mods":["AchievementEnabler","Act Like it!","AlwaysNeverKeys","BaseMod","Better Altar","Better Match","Better Note","Better Sensory Stone","Better Skull","Better Third Choice","BetterRewards","Bossed Relics","CapriCore","ChefMod","Colored Map","Colored Powertips","Conspire","Dio Mod","Displayed Cursed Tome","Energized Spire","Evolution","Gensokyo","GifTheSpireLib","Hallownest","Hermit","Ironclad Rager","Jedi Mod","Marisa????????","Marked Mod","Minty Spire (QoL Compilation)","Reliquary","Replay The Spire","Retaliation","Ruina","Somnambulant","Spicy Shops","StS++","StSLib","The Administrix","The Alterego","The Animator","The Blue Laboratory","The Bug Knight","The Construct","The Cursed","The Disciple","The Forsaken","The Hierophant","The Necromancer","The Saiyan","The Vixen","The Wild Card","TheVacant","Transform Curses"],"gold_per_floor":[116,135,135,150,165,197,197,197,245,245,7,21,47,47,47,47,47],"floor_reached":16,"language":"ENG","playtime":658,"items_purged":["Pain"],"score":110,"play_id":"eaeae9e2-ed4a-4592-9ba1-63f5083b2ab5","local_time":"20210223225045","is_ascension_mode":false,"campfire_choices":[{"floor":8,"key":"REST"},{"floor":15,"key":"REST"}],"circlet_count":0,"master_deck":["TheVixenMod:Strike_TheVixen","TheVixenMod:Strike_TheVixen","TheVixenMod:Strike_TheVixen","TheVixenMod:Strike_TheVixen","TheVixenMod:Defend_TheVixen","TheVixenMod:Defend_TheVixen","TheVixenMod:Defend_TheVixen","TheVixenMod:Defend_TheVixen","TheVixenMod:SunnyDay","TheVixenMod:Ember","TheVixenMod:CADC","TheVixenMod:ShadowBall","TheVixenMod:HeatWave","TheVixenMod:Psybeam","TheVixenMod:Confusion","Decay","TheVixenMod:CADC","TheVixenMod:ShadowBall","TheVixenMod:FirePunch","TheVixenMod:Facade"],"relics":["TheVixenMod:BurningStick","EVO:Axolotl","NeowsBlessing","Meat on the Bone","Gensokyo:LunaticRedEyes","TheVixenMod:Synchronize","Gensokyo:PortableGap","Oddly Smooth Stone","reliquary:Aerogel"],"acts_visited":["Exordium"],"potions_floor_usage":[13,16],"damage_taken":[{"damage":0,"enemies":"Gensokyo:Gryphon","floor":1,"turns":1},{"damage":0,"enemies":"Gensokyo:Python","floor":2,"turns":1},{"damage":0,"enemies":"Gensokyo:2_Kodama","floor":4,"turns":1},{"damage":11,"enemies":"Gensokyo:Gryphon_and_Rabbit","floor":5,"turns":6},{"damage":34,"enemies":"Gensokyo:Cirno","floor":6,"turns":7},{"damage":0,"enemies":"Gensokyo:2_Rabbits","floor":12,"turns":3},{"damage":26,"enemies":"Gensokyo:Mamizou","floor":13,"turns":9},{"damage":61,"enemies":"Gensokyo:Yukari","floor":16,"turns":5}],"seed_played":"-2893279705560678944","potions_obtained":[{"floor":4,"key":"blueLaboratory:BottleOfRum"},{"floor":6,"key":"jedi:tentaclejuice"}],"is_trial":false,"path_per_floor":["M","M","?","M","M","E","?","R","T","?","$","M","E","$","R","B"],"character_chosen":"THE_VIXEN","items_purchased":["Oddly Smooth Stone","TheVixenMod:CADC","TheVixenMod:ShadowBall"],"campfire_rested":2,"item_purchase_floors":[11,11,11],"current_hp_per_floor":[70,70,70,70,59,25,25,46,46,46,46,46,32,32,50,0,0],"gold":47,"neow_bonus":"THREE_ENEMY_KILL","is_daily":false,"chose_seed":false,"campfire_upgraded":0,"win_rate":0.0,"timestamp":1614142245,"path_taken":["M","M","?","?","?","E","?","R","T","?","$","M","E","?","R","BOSS"],"items_purchased_type":["Relic","Card","Card"],"build_version":"2020-12-22","purchased_purges":1,"victory":false,"max_hp_per_floor":[70,70,70,70,70,70,70,70,70,63,63,63,63,63,63,63,63],"card_choices":[{"not_picked":["TheVixenMod:Overheat","TheVixenMod:CalmMind"],"picked":"TheVixenMod:CADC","floor":1},{"not_picked":["TheVixenMod:Drought","TheVixenMod:Disable"],"picked":"TheVixenMod:ShadowBall","floor":2},{"not_picked":["TheVixenMod:FlameBody","TheVixenMod:MagicCoat"],"picked":"TheVixenMod:HeatWave","floor":4},{"not_picked":["TheVixenMod:ConfuseRay","TheVixenMod:CADC"],"picked":"TheVixenMod:Psybeam","floor":5},{"not_picked":["TheVixenMod:PsychUp","TheVixenMod:FlareBlitz"],"picked":"TheVixenMod:Confusion","floor":6},{"not_picked":["TheVixenMod:Barrier","TheVixenMod:HeatWave"],"picked":"TheVixenMod:FirePunch","floor":12},{"not_picked":["TheVixenMod:NastyPlot","TheVixenMod:CADC"],"picked":"TheVixenMod:Facade","floor":13}],"player_experience":554540,"relics_obtained":[{"floor":6,"key":"Meat on the Bone"},{"floor":9,"key":"TheVixenMod:Synchronize"},{"floor":13,"key":"reliquary:Aerogel"}],"event_choices":[{"damage_healed":4,"gold_gain":0,"player_choice":"LEAVE ","damage_taken":0,"relics_obtained":[],"max_hp_gain":0,"max_hp_loss":0,"event_name":"betterSkull:BetterSkull","floor":3,"gold_loss":0,"cards_upgraded":[]}],"is_beta":false,"boss_relics":[],"items_purged_floors":[11],"is_endless":false,"potions_floor_spawned":[4,6],"killed_by":"Gensokyo:Yukari","ascension_level":0}}