{"host":"3p4eynvdmgjf7qvn","time":1614159258,"event":{"mods":["Aspiration","BaseMod","Better Note","Better Skull","Colored Map","Colored Powertips","Downfall","Hermit","Hubris","Minty Spire (QoL Compilation)","Relic Stats","Robot Space Explorer","StSLib","The Bug Knight","The Disciple","The Forsaken","The Hierophant","The Jungle","The Marked","The Necromancer","TheBandit"],"gold_per_floor":[99,109,109,122,122,222,222,222,19,32,52,86,86,116,133,133,133,133],"floor_reached":16,"language":"ENG","playtime":1644,"items_purged":["downfall:Malfunctioning"],"score":142,"play_id":"31a5bae7-3c0f-4cfe-a00f-e2eca8e0ed2c","local_time":"20210224103418","is_ascension_mode":true,"campfire_choices":[{"data":"Guardian:TwinSlam","floor":1,"key":"SMITH"},{"floor":8,"key":"RECALL"},{"data":"Guardian:SentryBeam","floor":13,"key":"SMITH"}],"circlet_count":0,"master_deck":["Guardian:Strike_Guardian","Guardian:Strike_Guardian","Guardian:Strike_Guardian+1","Guardian:Strike_Guardian+1","Guardian:Defend_Guardian","Guardian:Defend_Guardian+1","Guardian:Defend_Guardian","Guardian:Defend_Guardian","Guardian:CurlUp","Guardian:TwinSlam+1","Guardian:CrystalBeam","Guardian:ChargeCore","Guardian:FloatingOrbs","Guardian:SentryBeam+1"],"relics":["Guardian:ModeShifter","White Beast Statue","Membership Card","Singing Bowl","hubris:DisguiseKit"],"acts_visited":["Exordium"],"potions_floor_usage":[9,12,12,14,15,16],"damage_taken":[{"damage":5,"enemies":"Small Slimes","floor":2,"turns":4},{"damage":0,"enemies":"2 Louse","floor":4,"turns":2},{"damage":10,"enemies":"downfall:FleeingMerchant","floor":9,"turns":4},{"damage":1,"enemies":"Jaw Worm","floor":10,"turns":3},{"damage":8,"enemies":"Red Slaver","floor":11,"turns":3},{"damage":11,"enemies":"3 Sentries","floor":12,"turns":4},{"damage":0,"enemies":"HollowMod:MossKnight","floor":14,"turns":6},{"damage":17,"enemies":"Exordium Thugs","floor":15,"turns":3},{"damage":43,"enemies":"WA_ARCHETYPE_RETAIN","floor":16,"turns":10}],"seed_played":"1533462615272762306","potions_obtained":[{"floor":2,"key":"ColorlessPotion"},{"floor":9,"key":"Ancient Potion"},{"floor":10,"key":"CultistPotion"},{"floor":11,"key":"AttackPotion"},{"floor":12,"key":"EssenceOfSteel"},{"floor":14,"key":"FearPotion"},{"floor":15,"key":"Swift Potion"}],"is_trial":false,"path_per_floor":["R","M","?","M","?","?","T","R","$","M","M","E","R","E","M","B"],"character_chosen":"GUARDIAN","items_purchased":["Membership Card"],"campfire_rested":0,"item_purchase_floors":[9],"current_hp_per_floor":[88,83,83,83,83,83,83,83,73,72,64,55,55,57,42,0,0,0],"gold":133,"neow_bonus":"TEN_PERCENT_HP_BONUS","is_daily":false,"chose_seed":false,"campfire_upgraded":2,"win_rate":0.0,"timestamp":1614159258,"path_taken":["R","M","?","M","?","?","T","R","$","?","M","E","R","E","M","BOSS"],"items_purchased_type":["Relic"],"build_version":"2020-12-22","purchased_purges":1,"victory":false,"max_hp_per_floor":[88,88,88,88,88,88,88,88,88,88,88,90,90,92,94,94,94,94],"relic_stats":{"Singing Bowl":6,"counters":[9,39],"obtain_stats":[{"hubris:DisguiseKit":14,"Singing Bowl":12,"Guardian:ModeShifter":0,"Membership Card":9,"White Beast Statue":7},{"hubris:DisguiseKit":7,"Singing Bowl":6,"Guardian:ModeShifter":0,"Membership Card":3,"White Beast Statue":2},{"hubris:DisguiseKit":26,"Singing Bowl":20,"Guardian:ModeShifter":0,"Membership Card":10,"White Beast Statue":6}]},"card_choices":[{"not_picked":["Guardian:BronzeArmor","Guardian:Gem_Red"],"picked":"Guardian:CrystalBeam","floor":2},{"not_picked":["Guardian:Emergency","Guardian:WalkerClaw","Guardian:PolyBeam"],"picked":"SKIP","floor":4},{"not_picked":["Guardian:GuardianWhirl","Guardian:Suspension"],"picked":"Guardian:ChargeCore","floor":9},{"not_picked":["Guardian:ShieldCharger","Guardian:TemporalStrike"],"picked":"Guardian:FloatingOrbs","floor":10},{"not_picked":["Guardian:DecasProtection","Guardian:GatlingBeam"],"picked":"Guardian:SentryBeam","floor":11},{"not_picked":["Guardian:FierceBash","Guardian:PrismaticBarrier","Guardian:ChargeCore"],"picked":"Singing Bowl","floor":12},{"not_picked":["Guardian:WalkerClaw","Guardian:RevengeProtocol","Guardian:ChargeCore"],"picked":"Singing Bowl","floor":14},{"not_picked":["Guardian:ChargeCore","Guardian:VentSteam","Guardian:PrismaticBeam","theForsaken:Eulogy"],"picked":"Singing Bowl","floor":15}],"player_experience":351754,"relics_obtained":[{"floor":7,"key":"White Beast Statue"},{"floor":12,"key":"Singing Bowl"},{"floor":14,"key":"hubris:DisguiseKit"}],"event_choices":[],"is_beta":false,"boss_relics":[],"items_purged_floors":[9],"is_endless":false,"potions_floor_spawned":[2,9,10,11,12,14,15],"killed_by":"WA_ARCHETYPE_RETAIN","ascension_level":1}}