{"host":"snggrqcauaf0m8fe","time":1614158928,"event":{"mods":["BaseMod","Minty Spire (QoL Compilation)","Quick Restart"],"gold_per_floor":[112,287,61,61,80,111,111,131,158,192,203,232,242,130,130,231,231,242,242,242,242,18,50,50,65,146,10,30,46,46,46],"floor_reached":30,"language":"ENG","playtime":1098,"items_purged":["Doubt","Strike_G"],"score":465,"play_id":"02eefa2c-3f0a-4477-bf8a-aff7e5cacc59","local_time":"20210224102848","is_ascension_mode":true,"campfire_choices":[{"data":"Survivor","floor":7,"key":"SMITH"},{"floor":15,"key":"REST"},{"floor":24,"key":"DIG"}],"circlet_count":0,"master_deck":["AscendersBane","Strike_G+1","Strike_G+1","Strike_G+1","Strike_G+1","Defend_G+1","Defend_G+1","Defend_G+1","Defend_G+1","Defend_G+1","Survivor+1","Neutralize","Footwork","Neutralize","Outmaneuver","Infinite Blades","Footwork","Blur","Venomology","Ghostly","Ghostly","Ghostly","Ghostly","Ghostly","Cloak And Dagger"],"relics":["Ring of the Snake","NeowsBlessing","Membership Card","Omamori","PreservedInsect","Bag of Marbles","Toy Ornithopter","Kunai","Shovel","Sling","Mercury Hourglass","Bag of Preparation","Paper Crane","MealTicket"],"acts_visited":["Exordium","TheCity"],"potions_floor_usage":[10,12,13,16,16,16,18,23,25,28,28,28,29,30,30],"damage_taken":[{"damage":0,"enemies":"Jaw Worm","floor":1,"turns":1},{"damage":0,"enemies":"Cultist","floor":5,"turns":1},{"damage":0,"enemies":"Gremlin Nob","floor":6,"turns":1},{"damage":5,"enemies":"Small Slimes","floor":8,"turns":7},{"damage":14,"enemies":"Lagavulin","floor":10,"turns":5},{"damage":0,"enemies":"Blue Slaver","floor":11,"turns":6},{"damage":12,"enemies":"Gremlin Nob","floor":12,"turns":4},{"damage":32,"enemies":"Exordium Thugs","floor":13,"turns":8},{"damage":21,"enemies":"Hexaghost","floor":16,"turns":11},{"damage":26,"enemies":"Spheric Guardian","floor":18,"turns":10},{"damage":18,"enemies":"Slavers","floor":23,"turns":10},{"damage":10,"enemies":"Chosen","floor":25,"turns":7},{"damage":2,"enemies":"3 Cultists","floor":28,"turns":8},{"damage":15,"enemies":"Snake Plant","floor":29,"turns":8},{"damage":43,"enemies":"Cultist and Chosen","floor":30,"turns":6}],"seed_played":"6519850272635454997","potions_obtained":[{"floor":6,"key":"Fire Potion"},{"floor":8,"key":"CultistPotion"},{"floor":10,"key":"Energy Potion"},{"floor":13,"key":"AttackPotion"},{"floor":23,"key":"PowerPotion"},{"floor":28,"key":"AttackPotion"},{"floor":29,"key":"AttackPotion"}],"is_trial":false,"path_per_floor":["M","?","$","?","M","E","R","M","T","E","M","E","M","$","R","B",null,"M","?","?","?","$","E","R","M","T","$","M","M","M"],"character_chosen":"THE_SILENT","items_purchased":["Membership Card","Footwork","Strength Potion","CunningPotion","Shovel","Sling","Energy Potion","LiquidMemories","MealTicket"],"campfire_rested":1,"item_purchase_floors":[3,3,14,14,22,22,27,27,27],"current_hp_per_floor":[63,63,63,63,63,63,63,58,58,44,44,32,5,5,26,20,58,37,35,35,35,35,20,20,15,15,15,28,18,0,0],"gold":46,"neow_bonus":"THREE_ENEMY_KILL","is_daily":false,"chose_seed":false,"campfire_upgraded":1,"win_rate":0.0,"timestamp":1614158928,"path_taken":["M","?","$","?","?","E","R","M","T","E","?","E","M","$","R","BOSS","M","?","?","?","?","E","R","M","T","$","?","M","M"],"items_purchased_type":["Relic","Card","Potion","Potion","Relic","Relic","Potion","Potion","Relic"],"build_version":"2020-12-22","purchased_purges":2,"victory":false,"max_hp_per_floor":[70,70,70,70,70,70,70,70,70,70,70,70,70,70,70,70,70,70,35,35,35,35,35,35,35,35,35,35,35,35,35],"card_choices":[{"not_picked":["Deadly Poison","Eviscerate","Terror"],"picked":"SKIP","floor":1},{"not_picked":["Underhanded Strike","Reflex","Backflip"],"picked":"SKIP","floor":5},{"not_picked":["Catalyst","Flechettes"],"picked":"Outmaneuver","floor":6},{"not_picked":["Concentrate","Dodge and Roll"],"picked":"Infinite Blades","floor":8},{"not_picked":["Sucker Punch","Deadly Poison","Corpse Explosion"],"picked":"SKIP","floor":10},{"not_picked":["Tactician","Poisoned Stab","Prepared"],"picked":"SKIP","floor":11},{"not_picked":["Deflect","Leg Sweep"],"picked":"Footwork","floor":12},{"not_picked":["Poisoned Stab","Slice"],"picked":"Blur","floor":13},{"not_picked":["Phantasmal Killer","Corpse Explosion"],"picked":"Venomology","floor":16},{"not_picked":["Acrobatics","Deadly Poison","Dash"],"picked":"SKIP","floor":18},{"not_picked":["Skewer+1","Deadly Poison","Dodge and Roll+1"],"picked":"SKIP","floor":23},{"not_picked":["Catalyst+1","Underhanded Strike","Acrobatics+1"],"picked":"SKIP","floor":25},{"not_picked":["Slice+1","Bane"],"picked":"Cloak And Dagger","floor":28},{"not_picked":["Sucker Punch","Dagger Spray","Dagger Throw"],"picked":"SKIP","floor":29}],"player_experience":815730,"relics_obtained":[{"floor":6,"key":"Omamori"},{"floor":9,"key":"PreservedInsect"},{"floor":10,"key":"Bag of Marbles"},{"floor":12,"key":"Toy Ornithopter"},{"floor":23,"key":"Mercury Hourglass"},{"floor":24,"key":"Bag of Preparation"},{"floor":26,"key":"Paper Crane"}],"event_choices":[{"damage_healed":0,"gold_gain":175,"player_choice":"AGREE","damage_taken":0,"max_hp_gain":0,"max_hp_loss":0,"event_name":"Liars Game","floor":2,"gold_loss":0,"cards_obtained":["Doubt"]},{"damage_healed":0,"gold_gain":0,"player_choice":"1 cards matched","damage_taken":0,"max_hp_gain":0,"max_hp_loss":0,"event_name":"Match and Keep!","floor":4,"gold_loss":0,"cards_obtained":["Neutralize"]},{"damage_healed":0,"gold_gain":0,"player_choice":"Became a Ghost","damage_taken":0,"max_hp_gain":0,"max_hp_loss":35,"event_name":"Ghosts","floor":19,"gold_loss":0,"cards_obtained":["Ghostly","Ghostly","Ghostly","Ghostly","Ghostly"]},{"damage_healed":0,"gold_gain":0,"player_choice":"Opened","damage_taken":0,"relics_obtained":["Kunai"],"max_hp_gain":0,"max_hp_loss":0,"event_name":"The Mausoleum","floor":20,"gold_loss":0},{"damage_healed":0,"gold_gain":0,"player_choice":"Simplicity","damage_taken":0,"max_hp_gain":0,"max_hp_loss":0,"event_name":"Back to Basics","floor":21,"gold_loss":0,"cards_upgraded":["Strike_G","Strike_G","Strike_G","Strike_G","Defend_G","Defend_G","Defend_G","Defend_G","Defend_G"]}],"is_beta":false,"boss_relics":[{"not_picked":["Runic Dome","Runic Pyramid","Coffee Dripper"]}],"items_purged_floors":[3,14],"is_endless":false,"potions_floor_spawned":[6,8,10,13,23,28,29],"killed_by":"Cultist and Chosen","ascension_level":10}}