{"host":"ajzb762wgznenkzt","time":1614182383,"event":{"mods":["Act Like it!","Arknights","BaseMod","CapriCore","Gensokyo","Hallownest","HololiveMod","Koishi","Library of Ruina","Library of Ruina Extra","Minty Spire (QoL Compilation)","Quick Restart","Remilia£®¿Ÿ√◊¿Ú—«£©","Replay The Spire","Shop Mod","StSLib","The Bug Knight","The Immortal"],"gold_per_floor":[112,112,112,112,112,112,123,142,219,253,28,60,80,115,115,212,212,230,249,249,267,287,287,301,301,301,47,59,59,89,102,12,108,108,125,137,137,137,179,211,371,371,371,382,382,124,124,134,134,134,134],"floor_reached":52,"language":"ZHS","playtime":2842,"items_purged":["LightDefense","LightAttack"],"score":970,"play_id":"2ad6d73c-3e3a-4411-860a-d4b4648bd0a9","local_time":"20210224235943","is_ascension_mode":false,"campfire_choices":[{"data":"ToWhereThePrescriptPoints","floor":6.0,"key":"SMITH"},{"data":"FlamingDragonFist","floor":15.0,"key":"SMITH"},{"data":"RagingStormLove","floor":23.0,"key":"SMITH"},{"data":"BiXi","floor":25.0,"key":"SMITH"},{"floor":45,"key":"REST"},{"floor":47,"key":"REST"},{"floor":49,"key":"REST"}],"circlet_count":0,"master_deck":["Dodge","ChargeAndCover","FocusedStrikes+1","ToWhereThePrescriptPoints+1","QuickAttack","CleanUp","SuanNi","FlamingDragonFist+1","RagingStormLove+1","SerpentSwordTechnique+1","DimensionalRift+1","SearingSword+1","FlashOfSunup","BiXi+1","SomberProcuration+1","FrontalAssault","SunsetBlade+1","JiaoTu+1","DarkCloud+1","Quickness+1","ShrineToMusic+1","AsThePrescriptOrders+1","CoordinatedAssault+1","Brawl+1","Track+1"],"relics":["PageOfLibrarian","Happy Flower","Hallownest:DreamNailRelic","Replay:Ringing Soul","Gremlin Food","Replay:Bottled Snecko","White Beast Statue","Durian","PageOfQueenBee","Hallownest:StagBellRelic1","PageOfWrath","PageOfTheQueenOfHatred","Hallownest:GodTamersBeastRelic","PageOfTheKnightOfDespair","MerchantsRug","PreservedInsect"],"acts_visited":["Hallownest:Greenpath","Hallownest:CityofTears","Hallownest:KingdomsEdge"],"potions_floor_usage":[40,41,41,51,51,51,51,51],"damage_taken":[{"damage":6.0,"enemies":"Hallownest:monsterHuskGuard","floor":1.0,"turns":6.0},{"damage":1.0,"enemies":"Hallownest:2_Baldur","floor":7.0,"turns":3.0},{"damage":0.0,"enemies":"2_ Uuma","floor":8.0,"turns":5.0},{"damage":0.0,"enemies":"Hallownest:eliteVengeflyKing","floor":10.0,"turns":8.0},{"damage":0.0,"enemies":"Hallownest:eliteMossKnight","floor":12.0,"turns":6.0},{"damage":0.0,"enemies":"Hallownest:2_Tiktiks_1_Baldur_1_Crawlid","floor":13.0,"turns":1.0},{"damage":1.0,"enemies":"Hallownest:eliteVengeflyKing","floor":14.0,"turns":3.0},{"damage":8.0,"enemies":"Hallownest:BossFalseKnight","floor":16.0,"turns":3.0},{"damage":7.0,"enemies":"Hallownest:Guard_and_Sentry","floor":18.0,"turns":2.0},{"damage":10.0,"enemies":"Hallownest:3_Youths","floor":19.0,"turns":3.0},{"damage":0.0,"enemies":"Hallownest:Master_and_Novice","floor":21.0,"turns":1.0},{"damage":0.0,"enemies":"Hallownest:2_Flukemon","floor":22.0,"turns":2.0},{"damage":0.0,"enemies":"Hallownest:2_Husk_Sentries","floor":24.0,"turns":1.0},{"damage":0.0,"enemies":"Hallownest:monsterShrumalOgre","floor":28.0,"turns":1.0},{"damage":0.0,"enemies":"Hallownest:eliteSoulWarrior","floor":30.0,"turns":3.0},{"damage":1.0,"enemies":"Hallownest:Master_and_Novice","floor":31.0,"turns":3.0},{"damage":26.0,"enemies":"Hallownest:BossMantisLord","floor":33.0,"turns":3.0},{"damage":34.0,"enemies":"Hallownest:2_Littles","floor":35.0,"turns":3.0},{"damage":46.0,"enemies":"Hallownest:3_Siblings","floor":36.0,"turns":4.0},{"damage":5,"enemies":"Hallownest:eliteHiveKnight","floor":40,"turns":4},{"damage":10,"enemies":"Hallownest:eliteHiveKnight","floor":41,"turns":3},{"damage":8,"enemies":"Hallownest:eliteHiveKnight","floor":41,"turns":2},{"damage":45,"enemies":"Hallownest:eliteHiveKnight","floor":41,"turns":4},{"damage":0,"enemies":"Hallownest:eliteHiveKnight","floor":41,"turns":2},{"damage":0,"enemies":"Hallownest:2_Wing_and_1_Kings","floor":44,"turns":3},{"damage":27,"enemies":"Hallownest:monsterPrimalAspid","floor":48,"turns":2},{"damage":62,"enemies":"Hallownest:Radiance","floor":50,"turns":4},{"damage":0,"enemies":"Hallownest:Radiance","floor":51,"turns":3}],"seed_played":"-5640487542894923078","potions_obtained":[{"floor":1.0,"key":"Energy Potion"},{"floor":12.0,"key":"DuplicationPotion"},{"floor":14.0,"key":"FairyPotion"},{"floor":16.0,"key":"Strength Potion"},{"floor":18.0,"key":"Explosive Potion"},{"floor":19.0,"key":"BlessingOfTheForge"},{"floor":21.0,"key":"DistilledChaos"},{"floor":28.0,"key":"FearPotion"},{"floor":33.0,"key":"Elixir"},{"floor":35.0,"key":"EssenceOfSteel"},{"floor":36,"key":"Reflective Coating"},{"floor":40,"key":"ColorlessPotion"},{"floor":44,"key":"Dexterity Potion"},{"floor":48,"key":"SkillPotion"}],"is_trial":false,"path_per_floor":["M","?","$","?","?","R","M","M","T","E","$","E","M","E","R","B",null,"M","M","?","M","M","R","M","R","T","$","M","?","E","M","R","B",null,"M","M","$","?","?","E","?","?","T","M","R","$","R","M","R","B",null,null],"character_chosen":"Librarian","items_purchased":["Gremlin Food","PageOfQueenBee","MerchantsRug","PreservedInsect","DuplicationPotion"],"campfire_rested":3,"item_purchase_floors":[11,27,46,46,46],"current_hp_per_floor":[54,54,54,45,45,45,44,49,49,52,52,52,55,54,54,49,89,85,78,74,77,77,77,80,80,85,85,85,88,98,97,97,71,119,88,45,45,45,48,46,22,22,22,25,63,63,101,77,116,55,56],"gold":134,"neow_bonus":"RANDOM_COMMON_RELIC","is_daily":false,"chose_seed":false,"campfire_upgraded":4,"win_rate":0.0,"timestamp":1614182383,"path_taken":["M","?","?","?","?","R","M","M","T","E","$","E","M","E","R","BOSS","M","?","?","M","?","R","M","R","T","$","?","?","E","M","R","BOSS","M","?","$","?","?","E","?","?","T","M","R","$","R","M","R","BOSS"],"items_purchased_type":["Relic","Relic","Relic","Relic","Potion"],"build_version":"2020-12-22","purchased_purges":2,"victory":true,"max_hp_per_floor":[60,60,60,60,60,60,63,62,62,81,81,80,83,83,83,86,89,92,95,95,98,98,98,101,101,106,106,106,109,119,119,119,119,119,123,126,126,126,129,117,117,112,112,128,129,129,129,117,132,132,132],"card_choices":[{"not_picked":["EnergyCycle","HandlingWork","RapidGashes","ChiWen","MindWhip","Clone","Gigigig","Reload"],"picked":"ToWhereThePrescriptPoints","floor":1.0},{"not_picked":["NightInTheBackstreets","Rewind","SharpSwipe","EndlessBattle","BackAttack","ElectricShock","ShrineToMusic","Faith"],"picked":"CleanUp","floor":7.0},{"not_picked":["ReadyUp","HandlingWork","Gamble","HiddenBlade","AbsorbImpact","AlloutWar","ViolentFlame","Ripple","NightInTheBackstreets"],"picked":"SKIP","floor":8.0},{"not_picked":["Crush","SunsetBlade","IngredientHunt","HandlingWork","HiddenBlade","Clone","FrontalAssault","ElectricShock"],"picked":"SuanNi","floor":10.0},{"not_picked":["Thirst","CleanUp","SerpentSwordTechnique","ViolentFlame","VenomousFangs","DesperateStruggle","BiteOff","ShockingBlow","TendonChords"],"picked":"SKIP","floor":12.0},{"not_picked":["MultiBlock","FierceCharge","UnavoidableGaze","Duel_lor","Parry2","PreemptiveStrike","DarkCloud","Quickness"],"picked":"FlamingDragonFist","floor":13.0},{"not_picked":["Cruelty","BiAn","FendThisOffIfYouCan","BulkyImpact","Outburst","NightInTheBackstreets","RulesOfTheBackstreets","CookingPrep","HandleRequest"],"picked":"SKIP","floor":14.0},{"not_picked":["Observe","GroundSmash"],"picked":"RagingStormLove","floor":16.0},{"not_picked":["PreparedMind","Concentration","SinglePointStab+1","YoureTooSlow","FleetEdge","InkOver+1","Bvapour","SnakesPrey+1"],"picked":"FlashOfSunup","floor":18.0},{"not_picked":["SilentMist","EnergyBeam","Parry2","FlyingSword","ExtractFuel+1","StructuralAnalysis","Tailoring","DefenseOrder"],"picked":"BiXi","floor":19.0},{"not_picked":["BlowItUp+1","SunsetBlade","BiteOff","Unlock1","Guardian_lor","Standoff","RushDown+1","DesperateStruggle"],"picked":"SomberProcuration+1","floor":21.0},{"not_picked":["EnergyShield","FleetEdge","FocusFire","Fence","ReadyUp","SmokingPipe","Outburst","BiXi","DesperateStruggle"],"picked":"SKIP","floor":22.0},{"not_picked":["GuidanceOfTheGears","Tailoring+1","BiAn+1","HandleRequest","RhinoRam","IllEndYou","Wallop_lor","GreatSerpentsImpact"],"picked":"FrontalAssault","floor":24.0},{"not_picked":["DefenseOrder","Track","WildCard+1","CombatPreparation","FierceCharge+1","EndlessBattle","HardRehearsal","LossOfSenses+1","Rewind"],"picked":"SKIP","floor":28.0},{"not_picked":["HiddenBlade","UpbeatPerformance","Endure","BurningFlash","Struggle","CrackOfDawn","MultiBlock","Track"],"picked":"SunsetBlade+1","floor":29.0},{"not_picked":["OpportunitySpotted","FormingStorm","SerpentSwordTechnique","SinglePointStab+1","MultiBlock","CookingPrep","Faith+1","ChiWen"],"picked":"JiaoTu","floor":30.0},{"not_picked":["ClassAndRespect","KeepItFresh+1","QuickAttack","EnergyShield","SinglePointStab","Tttonst","GreatSerpentsImpact","Parry2","InkOver+1"],"picked":"SKIP","floor":31.0},{"not_picked":["GuardingStance","HiddenBlade+1","DesperateStruggle+1","ShockRound","FierceCharge+1","WillOfThePrescript","HighKick+1","LoosenUp+1","SomberProcuration"],"picked":"DarkCloud+1","floor":35.0},{"not_picked":["FierceOnslaught","DeepDrag","BiXi","StrongStrike","DefenseOrder","FrontalAssault+1","Feast","UpbeatPerformance","SavageMode"],"picked":"Quickness","floor":36},{"not_picked":["HiddenBlade","PreemptiveStrike","Rewind","BiXi+1","Juggling","Wallop_lor","StructuralAnalysis","SnakeSlit+1","FervidEmotions+1"],"picked":"ShrineToMusic+1","floor":39},{"not_picked":["SharpSwipe","SerpentSwordTechnique+1","StructuralAnalysis","DestructiveImpact","UpbeatPerformance+1","PinpointShot+1","YoureAHindrance","AGoldenOpportunity","GreatSerpentsImpact"],"picked":"AsThePrescriptOrders+1","floor":39},{"not_picked":["RagingStormLove","KeepItFresh","GuardingStance","Parry+1","DaringDecision","EnergyStrike+1","Leap_lor+1","SunsetBlade","DarkCloud+1"],"picked":"CoordinatedAssault+1","floor":40},{"not_picked":["Fence","Diversion","AsThePrescriptOrders","AutomatedMovement","SunsetBlade","FaintMemories+1","ForcefulGesture+1","Faith+1","SteelKnuckles+1"],"picked":"Brawl+1","floor":44},{"not_picked":["DesperateStruggle","GreatSerpentsImpact+1","YoureAHindrance","TimeForALittleTest","AlloutWar","Tttonst","BiteOff+1","Parry2"],"picked":"Track+1","floor":48}],"player_experience":790063,"relics_obtained":[{"floor":9.0,"key":"Replay:Ringing Soul"},{"floor":10.0,"key":"Potion Belt"},{"floor":12.0,"key":"Replay:Bottled Snecko"},{"floor":14.0,"key":"White Beast Statue"},{"floor":26.0,"key":"Durian"},{"floor":30.0,"key":"Strawberry"},{"floor":39,"key":"PageOfWrath"},{"floor":40,"key":"PageOfTheQueenOfHatred"},{"floor":43,"key":"PageOfTheKnightOfDespair"}],"event_choices":[],"is_beta":false,"boss_relics":[{"not_picked":["Ectoplasm","Kintsugi"],"picked":"Astrolabe"},{"not_picked":["Hololive_ChaosS","Calling Bell"],"picked":"Honey Jar"}],"items_purged_floors":[11,46],"is_endless":false,"potions_floor_spawned":[1,12,14,16,18,19,21,22,24,28,30,31,33,35,36,40,41,41,41,41,44,48,51],"ascension_level":0}}