{"host":"m3txpv198clqze8f","time":1614171388,"event":{"mods":["ATMod(°¢èªMod)","Act Like it!","BaseMod","Colored Powertips","Friendly Minions","Library of Ruina","Minty Spire (QoL Compilation)","MostiFishMod","Quick Restart","Relic Filter Mod","StSLib"],"gold_per_floor":[115,215,225,244,260,295,295,322,322,352,77,95,107,127,127,232,232,250,250,43,57,57,87,87,121,121,151,251,269,281,298,298,399,399,417,434,434,479,489,522,522,534,560,585,595,595,606,619,619,619,619,619,261,292,292],"floor_reached":56,"language":"ZHS","playtime":2124,"items_purged":["DegradedFairy","DegradedChain","DegradedFairy"],"score":2010,"play_id":"9b76de7c-00ee-4b5e-a675-e02298732b61","local_time":"20210224205628","is_ascension_mode":true,"campfire_choices":[{"data":"UnavoidableGaze","floor":7.0,"key":"SMITH"},{"data":"Quickness","floor":15.0,"key":"SMITH"},{"data":"Parry2","floor":24.0,"key":"SMITH"},{"data":"Parry2","floor":32.0,"key":"SMITH"},{"floor":41.0,"key":"RECALL"},{"floor":49.0,"key":"REST"},{"floor":52,"key":"REST"}],"circlet_count":0,"master_deck":["DegradedChain","DegradedLock","DegradedPillar","DegradedPillar","DegradedShockwave","AT_KingSlayer","UnavoidableGaze+1","TasteMyFlamingBat","CoordinatedAssault","CoordinatedAssault","Parry2+1","GuidanceOfTheGears","Quickness+1","SilentNight","Parry2+1","Parry2","Parry2","SuanNi","Quickness+1","Apotheosis","SilentMist","ForTheFamily","SilentMist"],"relics":["PageOfLibrarian","AT_ATBox","DaveBox","RhineSuit","NeowsBlessing","SynthV:TestCard","AT_TimeSand","PageOfWayBackHome","PageOfUniverseFragment","PageOfBigBird","AT_BladeRuinedKing","Black Star","Membership Card","Oddly Smooth Stone","Mummified Hand","PreservedInsect","Question Card","PageOfScarecrow","PageOfGreed","PageOfTheQueenOfHatred","PageOfTheQueenOfHatred","Fusion Hammer","PageOfTheKnightOfDespair","StrikeDummy","PageOfWrath","PageOfNihil","Toy Ornithopter","MealTicket","Gremlin Horn","PageOfJudgementBird","Bronze Scales","SynthV","Dead Branch","PageOfNosferatu"],"acts_visited":["Exordium","TheCity","TheBeyond","TheEnding"],"potions_floor_usage":[],"damage_taken":[{"damage":0.0,"enemies":"2 Louse","floor":1.0,"turns":1.0},{"damage":0.0,"enemies":"Cultist","floor":3.0,"turns":1.0},{"damage":0.0,"enemies":"Jaw Worm","floor":4.0,"turns":1.0},{"damage":0.0,"enemies":"Large Slime","floor":5.0,"turns":2.0},{"damage":0.0,"enemies":"Gremlin Nob","floor":6.0,"turns":3.0},{"damage":0.0,"enemies":"3 Sentries","floor":8.0,"turns":1.0},{"damage":0.0,"enemies":"Lagavulin","floor":10.0,"turns":2.0},{"damage":0.0,"enemies":"Exordium Thugs","floor":12.0,"turns":2.0},{"damage":0.0,"enemies":"Blue Slaver","floor":13.0,"turns":1.0},{"damage":0.0,"enemies":"Red Slaver","floor":14.0,"turns":1.0},{"damage":0.0,"enemies":"The Guardian","floor":16.0,"turns":4.0},{"damage":0.0,"enemies":"Shell Parasite","floor":18.0,"turns":4.0},{"damage":0.0,"enemies":"3 Byrds","floor":21.0,"turns":2.0},{"damage":0.0,"enemies":"Book of Stabbing","floor":23.0,"turns":5.0},{"damage":0.0,"enemies":"Slavers","floor":25.0,"turns":2.0},{"damage":0.0,"enemies":"Book of Stabbing","floor":27.0,"turns":2.0},{"damage":0.0,"enemies":"Colosseum Slavers","floor":28.0,"turns":1.0},{"damage":0.0,"enemies":"Colosseum Nobs","floor":28.0,"turns":2.0},{"damage":0.0,"enemies":"Snake Plant","floor":29.0,"turns":1.0},{"damage":0.0,"enemies":"Centurion and Healer","floor":30.0,"turns":3.0},{"damage":0.0,"enemies":"Sentry and Sphere","floor":31.0,"turns":1.0},{"damage":0.0,"enemies":"Automaton","floor":33.0,"turns":3.0},{"damage":0.0,"enemies":"3 Shapes","floor":35.0,"turns":1.0},{"damage":0.0,"enemies":"Orb Walker","floor":36.0,"turns":2.0},{"damage":4.0,"enemies":"Transient","floor":39.0,"turns":5.0},{"damage":0.0,"enemies":"Nemesis","floor":40.0,"turns":3.0},{"damage":0.0,"enemies":"Giant Head","floor":42.0,"turns":4.0},{"damage":0.0,"enemies":"Giant Head","floor":44.0,"turns":3.0},{"damage":0.0,"enemies":"Maw","floor":45.0,"turns":2.0},{"damage":0.0,"enemies":"Sphere and 2 Shapes","floor":47.0,"turns":1.0},{"damage":0.0,"enemies":"Transient","floor":48.0,"turns":4.0},{"damage":0,"enemies":"Donu and Deca","floor":50,"turns":3},{"damage":0,"enemies":"Shield and Spear","floor":54,"turns":2},{"damage":12,"enemies":"The Heart","floor":55,"turns":3}],"seed_played":"-7992723209521700897","potions_obtained":[{"floor":3.0,"key":"Swift Potion"},{"floor":10.0,"key":"Explosive Potion"},{"floor":13.0,"key":"Explosive Potion"},{"floor":23.0,"key":"DuplicationPotion"},{"floor":35.0,"key":"PowerPotion"}],"is_trial":false,"path_per_floor":["M","?","M","M","M","E","R","E","T","E","$","M","M","M","R","B",null,"M","?","$","M","?","E","R","E","T","E","?","M","M","M","R","B",null,"M","M","?","T","M","E","R","E","T","E","M","?","M","M","R","B",null,"R","$","E","B",null],"character_chosen":"Librarian","items_purchased":["AT_BladeRuinedKing","Parry2","Membership Card","PageOfJudgementBird","SilentMist","Bronze Scales","SynthV"],"campfire_rested":2,"item_purchase_floors":[11,11,20,53,53,53,53],"current_hp_per_floor":[60,60,60,60,60,60,60,60,60,60,60,60,60,60,60,60,90,90,90,90,90,90,90,90,90,90,90,90,90,90,90,90,90,90,90,90,90,90,90,90,90,90,90,90,90,90,90,90,90,90,90,90,90,90,81],"gold":292,"neow_bonus":"THREE_ENEMY_KILL","is_daily":false,"chose_seed":false,"campfire_upgraded":4,"win_rate":0.0,"timestamp":1614171388,"path_taken":["M","?","M","?","?","E","R","E","T","E","$","M","M","M","R","BOSS","M","?","$","M","?","E","R","E","T","E","?","M","M","M","R","BOSS","M","M","?","?","M","E","R","E","T","E","?","?","M","M","R","BOSS","R","$","E","BOSS"],"items_purchased_type":["Relic","Card","Relic","Relic","Card","Relic","Relic"],"build_version":"2020-12-22","purchased_purges":3,"victory":true,"max_hp_per_floor":[90,90,90,90,90,90,90,90,90,90,90,90,90,90,90,90,90,90,90,90,90,90,90,90,90,90,90,90,90,90,90,90,90,90,90,90,90,90,90,90,90,90,90,90,90,90,90,90,90,90,90,90,90,90,90],"card_choices":[{"not_picked":["ButterflySlash","SetFire","GreatSerpentsImpact"],"picked":"UnavoidableGaze","floor":1.0},{"not_picked":["StructuralAnalysis","Rewind","UndertakePrescript","Bvapour","Eject","UnavoidableGaze"],"picked":"SKIP","floor":3.0},{"not_picked":["Parry","JiaoTu","DarkCloud","GreatSerpentsImpact","Overcharge"],"picked":"TasteMyFlamingBat","floor":4.0},{"not_picked":["Execute_lor","IdentifyWeakpoint","MindPrepared","SilentNight","DimensionalRift"],"picked":"CoordinatedAssault","floor":5.0},{"not_picked":["FleetFootsteps","BladeWhirl","BiAn","SenseQuarry","Bvapour"],"picked":"CoordinatedAssault","floor":6.0},{"not_picked":["DefenseOrder","HandleRequest","BiXi","ViolentFlame","Wallop_lor","SnakesPrey"],"picked":"SKIP","floor":8.0},{"not_picked":["DefenseOrder","HandleRequest","BiXi","ViolentFlame","Wallop_lor","SnakesPrey"],"picked":"SKIP","floor":8.0},{"not_picked":["ToWhereThePrescriptPoints","Rewind","Leap_lor","UnforgettableMelody","MirageStorm","FierceCharge"],"picked":"SKIP","floor":10.0},{"not_picked":["UnavoidableGaze","ElectricShock","PreparedMind","FierceCharge","PreemptiveStrike"],"picked":"GuidanceOfTheGears","floor":12.0},{"not_picked":["Execute_lor","Guardian_lor","HandleRequest","Parry","Rewind"],"picked":"Quickness","floor":13.0},{"not_picked":["WrathOfTorment","Ripple","GuidanceOfTheGears","ViolentFlame","Rewind","Observe"],"picked":"SKIP","floor":14.0},{"not_picked":["UnforgettableMelody","BlazingStrike","ChargeUp","Observe"],"picked":"SilentNight","floor":16.0},{"not_picked":["FlashOfSunup","SerpentineBarrier","Riposte","WillOfThePrescript","SetFire","UndertakePrescript+1"],"picked":"SKIP","floor":18.0},{"not_picked":["VioletBlade","SearingSword","CoordinatedAssault","Faith","DarkCloud"],"picked":"Parry2","floor":21.0},{"not_picked":["Wallop_lor","HandleRequest","BiAn","PreemptiveStrike+1","BiXi"],"picked":"Parry2","floor":23.0},{"not_picked":["VenomousFangs","StrikeDown","ExtractFuel","DimensionalRift","YoureAHindrance+1","HandleRequest"],"picked":"SKIP","floor":25.0},{"not_picked":["BiXi","Leap_lor+1","BindingArms","ViolentFlame+1","SunsetBlade","BiAn","Deflect_lor"],"picked":"SKIP","floor":27.0},{"not_picked":["BiXi","Leap_lor+1","BindingArms","ViolentFlame+1","SunsetBlade","BiAn","Deflect_lor"],"picked":"SKIP","floor":27.0},{"not_picked":["FierceCharge","SerpentSwordTechnique+1","ShrineToMusic","SetFire+1","ViolentFlame","Leap_lor"],"picked":"Parry2","floor":28.0},{"not_picked":["Quickness","Fence","DimensionalRift","MindPrepared","HandleRequest+1","Wallop_lor","Parry2"],"picked":"SKIP","floor":29.0},{"not_picked":["FleetFootsteps+1","NightInTheBackstreets","SearingSword","Leap_lor+1","SerpentineBarrier","GreatSerpentsImpact","LawAndOrder"],"picked":"SKIP","floor":30.0},{"not_picked":["EnergyCycle+1","StrikeDown+1","WillOfThePrescript+1","Execute_lor","RipSpace","ViolentFlame","Duel_lor"],"picked":"SKIP","floor":31.0},{"not_picked":["SilentNight","Deflect_lor","ChargeUp","BlazingStrike","SenseQuarry"],"picked":"SuanNi","floor":33.0},{"not_picked":["GatherIntel","ElectricShock+1","NightInTheBackstreets+1","DefenseOrder+1","ViolentFlame+1","UnavoidableGaze+1"],"picked":"Quickness+1","floor":35.0},{"not_picked":["FierceCharge+1","YoureAHindrance+1","Thrust","Wallop_lor+1","FleetFootsteps+1","UnavoidableGaze+1","OpportunitySpotted"],"picked":"SKIP","floor":36.0},{"not_picked":["MostiFishMod:ElfcollectionBox","Jack Of All Trades","Deep Breath","Panacea","Thinking Ahead","Good Instincts"],"picked":"Apotheosis","floor":37.0},{"not_picked":["DarkCloud+1","Faith+1","HandleRequest+1","WillOfThePrescript","Wallop_lor","ElectricShock+1"],"picked":"SilentMist","floor":39.0},{"not_picked":["ProselytesBlade","CombatPreparation","SerpentineBarrier+1","UnforgettableMelody","Ripple","UnavoidableGaze","Retaliate+1"],"picked":"SKIP","floor":40.0},{"not_picked":["EnergyCycle+1","SerpentSwordTechnique","SunsetBlade","Rewind","FierceCharge","YoureAHindrance","ViolentFlame"],"picked":"SKIP","floor":42.0},{"not_picked":["Overcharge+1","WrathOfTorment","PreemptiveStrike","GreatSerpentsImpact+1","JiaoTu+1","Ripple+1"],"picked":"ForTheFamily","floor":44.0},{"not_picked":["StrikeDown","SenseQuarry","HandleRequest","Rewind","ViolentFlame","FleetFootsteps+1","Wallop_lor"],"picked":"SKIP","floor":45.0},{"not_picked":["Thrust","FeatherShield","Leap_lor+1","SunsetBlade","DefenseOrder","Rewind","CoordinatedAssault+1"],"picked":"SKIP","floor":47.0},{"not_picked":["FieryDragonSlash","CrackOfDawn","JiaoTu+1","DarkCloud+1","UnavoidableGaze+1","GuidanceOfTheGears+1","Thrust+1"],"picked":"SKIP","floor":48.0},{"not_picked":["YoureAHindrance","ViolentFlame+1","BindingArms","Parry2","EnergyCycle","Retaliate+1","TrashDisposal"],"picked":"SKIP","floor":54}],"player_experience":143059,"relics_obtained":[{"floor":1.0,"key":"SynthV:TestCard"},{"floor":6.0,"key":"AT_TimeSand"},{"floor":8.0,"key":"PageOfWayBackHome"},{"floor":9.0,"key":"PageOfUniverseFragment"},{"floor":10.0,"key":"PageOfBigBird"},{"floor":23.0,"key":"Oddly Smooth Stone"},{"floor":23.0,"key":"Mummified Hand"},{"floor":25.0,"key":"PreservedInsect"},{"floor":25.0,"key":"Question Card"},{"floor":27.0,"key":"PageOfScarecrow"},{"floor":27.0,"key":"PageOfGreed"},{"floor":28.0,"key":"PageOfTheQueenOfHatred"},{"floor":28.0,"key":"PageOfTheQueenOfHatred"},{"floor":38.0,"key":"PageOfTheKnightOfDespair"},{"floor":40.0,"key":"StrikeDummy"},{"floor":40.0,"key":"PageOfWrath"},{"floor":42.0,"key":"PageOfNihil"},{"floor":43.0,"key":"Toy Ornithopter"},{"floor":44.0,"key":"MealTicket"},{"floor":44.0,"key":"Gremlin Horn"},{"floor":54,"key":"Dead Branch"},{"floor":54,"key":"PageOfNosferatu"}],"event_choices":[{"damage_healed":0.0,"max_hp_gain":0.0,"max_hp_loss":0.0,"gold_gain":100.0,"event_name":"Golden Shrine","player_choice":"Pray","floor":2.0,"gold_loss":0.0,"damage_taken":0.0},{"cards_removed":["DegradedFairy"],"damage_healed":0.0,"max_hp_gain":0.0,"max_hp_loss":0.0,"gold_gain":0.0,"event_name":"Back to Basics","player_choice":"Elegance","floor":19.0,"gold_loss":0.0,"damage_taken":0.0},{"damage_healed":0.0,"max_hp_gain":0.0,"max_hp_loss":0.0,"gold_gain":0.0,"event_name":"Vampires","player_choice":"Ignored","floor":22.0,"gold_loss":0.0,"damage_taken":0.0},{"damage_healed":0.0,"max_hp_gain":0.0,"max_hp_loss":0.0,"gold_gain":0.0,"event_name":"Colosseum","player_choice":"Fight","floor":28.0,"gold_loss":0.0,"damage_taken":0.0},{"damage_healed":0.0,"max_hp_gain":0.0,"max_hp_loss":0.0,"gold_gain":0.0,"event_name":"Colosseum","player_choice":"Fought Nobs","floor":28.0,"gold_loss":0.0,"damage_taken":0.0},{"damage_healed":0.0,"max_hp_gain":0.0,"max_hp_loss":0.0,"gold_gain":0.0,"event_name":"SensoryStone","player_choice":"Memory 1","floor":37.0,"gold_loss":0.0,"damage_taken":0.0},{"damage_healed":0.0,"max_hp_gain":0.0,"max_hp_loss":0.0,"gold_gain":0.0,"event_name":"The Woman in Blue","player_choice":"Bought 0 Potions","floor":46.0,"gold_loss":0.0,"damage_taken":0.0}],"is_beta":false,"boss_relics":[{"not_picked":["GuanYuAspect","SlaversCollar"],"picked":"Black Star"},{"not_picked":["PatriotShield","MoonlightInvasionPlan"],"picked":"Fusion Hammer"}],"items_purged_floors":[11,20,53],"is_endless":false,"potions_floor_spawned":[3,10,13,14,16,21,23,27,28,35,36,42,45,47],"ascension_level":2}}