{"host":"fuszjwm6fqgjjp4d","time":1614139476,"event":{"mods":["BaseMod","Colored Map","Minty Spire (QoL Compilation)","Permanent Neow","Relic Sorter","Relic Stats","StSLib"],"gold_per_floor":[210,228,247,247,247,247,278,278,278,290,308,340,287,303,303,303,303],"floor_reached":16,"language":"ENG","playtime":473,"items_purged":[],"score":224,"play_id":"43e63425-49f0-4c17-9d1a-fef88b622e1e","local_time":"20210223220436","is_ascension_mode":true,"campfire_choices":[{"data":"Bash","floor":6,"key":"SMITH"},{"data":"Pummel","floor":8,"key":"SMITH"},{"data":"Disarm","floor":15,"key":"SMITH"}],"circlet_count":0,"master_deck":["AscendersBane","Strike_R","Strike_R","Strike_R","Strike_R","Defend_R","Defend_R","Defend_R","Defend_R","Bash+1","Iron Wave","Thunderclap","Shrug It Off","Pummel+1","Iron Wave","Impervious","Disarm+1","Infernal Blade"],"relics":["Burning Blood","Letter Opener","Shuriken","Vajra"],"acts_visited":["Exordium"],"potions_floor_usage":[3,12],"damage_taken":[{"damage":6,"enemies":"Cultist","floor":1,"turns":3},{"damage":4,"enemies":"Small Slimes","floor":2,"turns":5},{"damage":0,"enemies":"2 Louse","floor":3,"turns":2},{"damage":51,"enemies":"Gremlin Nob","floor":7,"turns":5},{"damage":21,"enemies":"Red Slaver","floor":10,"turns":4},{"damage":0,"enemies":"3 Louse","floor":11,"turns":4},{"damage":13,"enemies":"3 Sentries","floor":12,"turns":10},{"damage":6,"enemies":"Exordium Wildlife","floor":14,"turns":5},{"damage":12,"enemies":"Hexaghost","floor":16,"turns":9}],"seed_played":"-881532235892197457","potions_obtained":[{"floor":1,"key":"Explosive Potion"},{"floor":7,"key":"BlessingOfTheForge"}],"is_trial":false,"path_per_floor":["M","M","M","?","?","R","E","R","T","M","M","E","?","M","R","B"],"character_chosen":"IRONCLAD","items_purchased":[],"campfire_rested":0,"item_purchase_floors":[],"current_hp_per_floor":[68,70,75,68,73,73,28,28,28,13,19,12,12,12,12,0,0],"gold":303,"neow_bonus":"HUNDRED_GOLD","is_daily":false,"chose_seed":false,"campfire_upgraded":3,"win_rate":0.0,"timestamp":1614139476,"path_taken":["M","?","M","?","?","R","E","R","T","M","M","E","?","M","R","BOSS"],"items_purchased_type":[],"build_version":"2020-12-22","purchased_purges":0,"victory":false,"max_hp_per_floor":[75,75,75,75,80,80,80,80,80,80,80,80,80,80,80,80,80],"relic_stats":{"counters":[9,47],"Shuriken":[5],"Letter Opener":[0],"obtain_stats":[{"Shuriken":9,"Vajra":12,"Letter Opener":7,"Burning Blood":0},{"Shuriken":4,"Vajra":7,"Letter Opener":4,"Burning Blood":0},{"Shuriken":15,"Vajra":33,"Letter Opener":15,"Burning Blood":0}],"Burning Blood":47},"card_choices":[{"not_picked":["Anger","Body Slam"],"picked":"Iron Wave","floor":1},{"not_picked":["Wild Strike","Flex"],"picked":"Thunderclap","floor":2},{"not_picked":["Evolve","Body Slam"],"picked":"Shrug It Off","floor":3},{"not_picked":["Heavy Blade","Dark Embrace"],"picked":"Pummel","floor":7},{"not_picked":["Infernal Blade","Warcry"],"picked":"Iron Wave","floor":10},{"not_picked":["Blood for Blood","Havoc"],"picked":"Impervious","floor":11},{"not_picked":["Seeing Red","Infernal Blade"],"picked":"Disarm","floor":12},{"not_picked":["Battle Trance","Rupture"],"picked":"Infernal Blade","floor":14}],"player_experience":1523715,"relics_obtained":[{"floor":7,"key":"Letter Opener"},{"floor":9,"key":"Shuriken"},{"floor":12,"key":"Vajra"}],"event_choices":[{"cards_removed":["Strike_R"],"damage_healed":0,"gold_gain":0,"player_choice":"Card Removal","damage_taken":7,"max_hp_gain":0,"max_hp_loss":0,"event_name":"Golden Wing","floor":4,"gold_loss":0},{"damage_healed":0,"gold_gain":0,"player_choice":"Donut","damage_taken":0,"max_hp_gain":5,"max_hp_loss":0,"event_name":"Big Fish","floor":5,"gold_loss":0},{"damage_healed":0,"gold_gain":0,"player_choice":"Left Gold","damage_taken":0,"max_hp_gain":0,"max_hp_loss":0,"event_name":"World of Goop","floor":13,"gold_loss":53}],"is_beta":false,"boss_relics":[],"items_purged_floors":[],"is_endless":false,"potions_floor_spawned":[1,7],"killed_by":"Hexaghost","ascension_level":20}}