{"host":"x8s7139x96bc3le0","time":1614202518,"event":{"mods":["AchievementEnabler","BaseMod","Bestiary","Minty Spire (QoL Compilation)","Relic Stats","ojb\u0027s Better Paths Mod","ojb\u0027s Info Mod"],"gold_per_floor":[118,128,128,138,155,181,181,196,274,12,31,331,357,0,0,102,102,117,129,54,54,69,104,104,132,156,191,191,36,47,73,73,172,172,187,187,205,224,184,184,216,216,216,244,244,255,101,115,115,115,115,115,2,37,37],"floor_reached":56,"language":"ENG","playtime":3582,"items_purged":["Strike_B","Strike_B","Strike_B","Defend_B"],"score":1420,"play_id":"f8c8178d-9542-4515-b8a5-7bd8b5de2ce2","local_time":"20210224223518","is_ascension_mode":true,"campfire_choices":[{"floor":7,"key":"REST"},{"floor":15,"key":"REST"},{"floor":32,"key":"REST"},{"floor":40,"key":"RECALL"},{"data":"Parasite","floor":42,"key":"PURGE"},{"data":"Defend_B","floor":49,"key":"PURGE"},{"data":"Defend_B","floor":52,"key":"PURGE"}],"circlet_count":0,"master_deck":["Defend_B","Zap","Dualcast","Chill","Sweeping Beam","Barrage","BootSequence","Genetic Algorithm","Loop","Melter","Machine Learning","Beam Cell","Chill","Consume","Electrodynamics+1","Genetic Algorithm+1","Ball Lightning+1","RitualDagger","Cold Snap","Cold Snap+1","Defragment","Core Surge","Ball Lightning+1","Cold Snap+1","Glacier+1"],"relics":["Fusion Hammer","Potion Belt","Incense Burner","Cables","Old Coin","Strawberry","Membership Card","SacredBark","Kunai","Singing Bowl","DataDisk","Bottled Tornado","Peace Pipe","Inserter","Juzu Bracelet","Sundial","Lee\u0027s Waffle","Bronze Scales","Mercury Hourglass"],"acts_visited":["Exordium","TheCity","TheBeyond","TheEnding"],"potions_floor_usage":[16,16,16,18,22,22,23,25,25,27,31,41,41,54,55,55,55,55,55],"damage_taken":[{"damage":3,"enemies":"2 Louse","floor":1,"turns":2},{"damage":0,"enemies":"Cultist","floor":2,"turns":4},{"damage":0,"enemies":"Jaw Worm","floor":4,"turns":4},{"damage":0,"enemies":"3 Louse","floor":5,"turns":3},{"damage":3,"enemies":"3 Sentries","floor":6,"turns":7},{"damage":8,"enemies":"Blue Slaver","floor":8,"turns":3},{"damage":4,"enemies":"Large Slime","floor":11,"turns":7},{"damage":15,"enemies":"Gremlin Nob","floor":13,"turns":4},{"damage":7,"enemies":"Slime Boss","floor":16,"turns":8},{"damage":0,"enemies":"Spheric Guardian","floor":18,"turns":1},{"damage":5,"enemies":"Chosen","floor":19,"turns":5},{"damage":0,"enemies":"Snake Plant","floor":22,"turns":5},{"damage":8,"enemies":"Book of Stabbing","floor":23,"turns":5},{"damage":6,"enemies":"Gremlin Leader","floor":25,"turns":7},{"damage":37,"enemies":"Book of Stabbing","floor":27,"turns":6},{"damage":1,"enemies":"Cultist and Chosen","floor":30,"turns":5},{"damage":10,"enemies":"Slavers","floor":31,"turns":4},{"damage":43,"enemies":"Collector","floor":33,"turns":10},{"damage":1,"enemies":"3 Darklings","floor":35,"turns":5},{"damage":1,"enemies":"Orb Walker","floor":37,"turns":4},{"damage":33,"enemies":"Writhing Mass","floor":38,"turns":8},{"damage":10,"enemies":"Giant Head","floor":41,"turns":8},{"damage":0,"enemies":"Reptomancer","floor":44,"turns":7},{"damage":7,"enemies":"Sphere and 2 Shapes","floor":46,"turns":3},{"damage":22,"enemies":"Spire Growth","floor":48,"turns":6},{"damage":4,"enemies":"Donu and Deca","floor":50,"turns":13},{"damage":36,"enemies":"Shield and Spear","floor":54,"turns":7},{"damage":42,"enemies":"The Heart","floor":55,"turns":12}],"seed_played":"-8880665340740782611","potions_obtained":[{"floor":1,"key":"GamblersBrew"},{"floor":4,"key":"BlessingOfTheForge"},{"floor":5,"key":"Dexterity Potion"},{"floor":13,"key":"EntropicBrew"},{"floor":19,"key":"SkillPotion"},{"floor":22,"key":"Regen Potion"},{"floor":25,"key":"Energy Potion"},{"floor":27,"key":"Regen Potion"},{"floor":33,"key":"AttackPotion"},{"floor":37,"key":"ColorlessPotion"},{"floor":48,"key":"SteroidPotion"},{"floor":54,"key":"EssenceOfSteel"}],"is_trial":false,"path_per_floor":["M","M","?","M","M","E","R","M","T","$","M","T","E","$","R","B",null,"M","M","?","?","M","E","?","E","T","E","$","$","M","E","R","B",null,"M","?","M","M","?","R","E","R","T","E","?","M","$","M","R","B",null,"R","$","E","B",null],"character_chosen":"DEFECT","items_purchased":["Genetic Algorithm","Loop","Melter","Membership Card","Machine Learning","Beam Cell","Chill","Consume","Defragment","AttackPotion","SteroidPotion","Lee\u0027s Waffle","Bronze Scales","DistilledChaos"],"campfire_rested":3,"item_purchase_floors":[10,10,10,14,14,14,14,14,29,29,29,47,53,53],"current_hp_per_floor":[72,72,72,72,72,69,75,67,67,67,63,63,55,55,79,72,82,82,77,77,71,71,63,63,84,84,47,47,47,48,40,66,23,88,89,85,86,53,53,53,89,86,86,88,88,81,95,73,73,69,95,95,95,61,19],"gold":37,"neow_bonus":"BOSS_RELIC","is_daily":false,"chose_seed":false,"campfire_upgraded":0,"win_rate":0.0,"timestamp":1614202518,"path_taken":["M","M","?","M","?","E","R","M","T","$","M","?","E","$","R","BOSS","M","M","?","?","M","E","?","E","T","E","?","$","?","E","R","BOSS","M","?","M","M","?","R","E","R","T","E","?","M","$","M","R","BOSS","R","$","E","BOSS"],"items_purchased_type":["Card","Card","Card","Relic","Card","Card","Card","Card","Card","Potion","Potion","Relic","Relic","Potion"],"build_version":"2020-12-22","purchased_purges":4,"victory":true,"max_hp_per_floor":[75,75,75,75,75,75,75,75,75,75,75,75,82,82,82,82,82,82,82,82,82,82,82,82,84,84,84,84,84,86,88,88,88,88,90,85,87,87,87,87,89,86,86,88,88,88,95,95,95,95,95,95,95,97,97],"relic_stats":{"Peace Pipe":3,"Lee\u0027s Waffle":14,"Inserter":[36],"Singing Bowl":16,"counters":[28,163],"Sundial":[4],"Bronze Scales":[183],"Juzu Bracelet":1,"Kunai":[34],"obtain_stats":[{"Potion Belt":3,"Lee\u0027s Waffle":47,"Inserter":34,"Singing Bowl":25,"SacredBark":17,"Incense Burner":6,"Juzu Bracelet":41,"Bottled Tornado":27,"Cables":9,"Old Coin":12,"Mercury Hourglass":54,"Peace Pipe":31,"DataDisk":26,"Sundial":44,"Strawberry":13,"Bronze Scales":53,"Fusion Hammer":0,"Membership Card":14,"Kunai":23,"Cracked Core":0},{"Potion Belt":2,"Lee\u0027s Waffle":24,"Inserter":18,"Singing Bowl":14,"SacredBark":9,"Incense Burner":5,"Juzu Bracelet":22,"Bottled Tornado":15,"Cables":6,"Old Coin":7,"Mercury Hourglass":27,"Peace Pipe":17,"DataDisk":14,"Sundial":23,"Strawberry":8,"Bronze Scales":26,"Fusion Hammer":0,"Membership Card":8,"Kunai":13,"Cracked Core":0},{"Potion Belt":6,"Lee\u0027s Waffle":125,"Inserter":90,"Singing Bowl":65,"SacredBark":42,"Incense Burner":20,"Juzu Bracelet":115,"Bottled Tornado":71,"Cables":23,"Old Coin":30,"Mercury Hourglass":151,"Peace Pipe":80,"DataDisk":65,"Sundial":122,"Strawberry":34,"Bronze Scales":144,"Fusion Hammer":0,"Membership Card":34,"Kunai":58,"Cracked Core":0}],"Cables":[115,50,65,0,0],"Mercury Hourglass":[36]},"card_choices":[{"not_picked":["Rebound","Redo"],"picked":"Chill","floor":1},{"not_picked":["Steam","Go for the Eyes"],"picked":"Sweeping Beam","floor":2},{"not_picked":["Lockon","Aggregate"],"picked":"Barrage","floor":4},{"not_picked":["Streamline","Tempest"],"picked":"BootSequence","floor":5},{"not_picked":["Sweeping Beam","Recycle"],"picked":"Rip and Tear","floor":6},{"not_picked":["Stack","Aggregate","Scrape"],"picked":"SKIP","floor":8},{"not_picked":["Sunder","Hologram","Storm"],"picked":"SKIP","floor":11},{"not_picked":["Turbo","Stack","Lockon"],"picked":"SKIP","floor":13},{"not_picked":["Reboot","Meteor Strike"],"picked":"Electrodynamics","floor":16},{"not_picked":["Barrage","Redo"],"picked":"Genetic Algorithm","floor":18},{"not_picked":["Barrage","Streamline"],"picked":"Ball Lightning+1","floor":19},{"not_picked":["Conserve Battery","Leap","Sweeping Beam"],"picked":"SKIP","floor":22},{"not_picked":["Consume","Streamline"],"picked":"Cold Snap","floor":23},{"not_picked":["Barrage","Coolheaded","Static Discharge"],"picked":"Singing Bowl","floor":25},{"not_picked":["Sunder","Rebound"],"picked":"Cold Snap+1","floor":27},{"not_picked":["Leap+1","Go for the Eyes","BootSequence"],"picked":"Singing Bowl","floor":30},{"not_picked":["Chaos","Scrape","Streamline"],"picked":"Singing Bowl","floor":31},{"not_picked":["Reboot","Rainbow"],"picked":"Core Surge","floor":33},{"not_picked":["Chaos","Recycle+1","Go for the Eyes"],"picked":"Singing Bowl","floor":35},{"not_picked":["Fusion","Beam Cell","Go for the Eyes"],"picked":"Singing Bowl","floor":37},{"not_picked":["Streamline","Blizzard"],"picked":"Ball Lightning+1","floor":38},{"not_picked":["Thunder Strike","Heatsinks+1","Coolheaded"],"picked":"Singing Bowl","floor":41},{"not_picked":["Go for the Eyes+1","Rebound","Ball Lightning+1"],"picked":"Singing Bowl","floor":44},{"not_picked":["Heatsinks+1","Sweeping Beam"],"picked":"Cold Snap+1","floor":46},{"not_picked":["Force Field","Chill+1"],"picked":"Glacier+1","floor":48},{"not_picked":["Glacier","Rip and Tear","Beam Cell"],"picked":"Singing Bowl","floor":54}],"player_experience":885945,"relics_obtained":[{"floor":6,"key":"Incense Burner"},{"floor":9,"key":"Cables"},{"floor":12,"key":"Old Coin"},{"floor":13,"key":"Strawberry"},{"floor":23,"key":"Kunai"},{"floor":25,"key":"Singing Bowl"},{"floor":26,"key":"DataDisk"},{"floor":27,"key":"Bottled Tornado"},{"floor":31,"key":"Peace Pipe"},{"floor":41,"key":"Juzu Bracelet"},{"floor":44,"key":"Sundial"},{"floor":54,"key":"Mercury Hourglass"}],"event_choices":[{"damage_healed":0,"gold_gain":0,"player_choice":"Gave Potion","damage_taken":0,"relics_obtained":["Potion Belt"],"max_hp_gain":0,"max_hp_loss":0,"event_name":"WeMeetAgain","floor":3,"gold_loss":0},{"cards_removed":["Strike_B"],"damage_healed":0,"gold_gain":0,"player_choice":"Gave Gold","damage_taken":0,"max_hp_gain":0,"max_hp_loss":0,"event_name":"Beggar","floor":20,"gold_loss":75},{"damage_healed":0,"gold_gain":0,"player_choice":"Joined the Cult","damage_taken":6,"max_hp_gain":0,"max_hp_loss":0,"event_name":"Nest","floor":21,"gold_loss":0,"cards_obtained":["RitualDagger"]},{"damage_healed":0,"gold_gain":0,"player_choice":"Ignored","damage_taken":0,"max_hp_gain":0,"max_hp_loss":0,"event_name":"Ghosts","floor":24,"gold_loss":0},{"damage_healed":0,"gold_gain":0,"player_choice":"Max HP","damage_taken":0,"max_hp_gain":0,"max_hp_loss":5,"event_name":"Winding Halls","floor":36,"gold_loss":0},{"damage_healed":0,"gold_gain":0,"player_choice":"Upgraded Two","damage_taken":0,"max_hp_gain":0,"max_hp_loss":0,"event_name":"Designer","floor":39,"gold_loss":40,"cards_upgraded":["Genetic Algorithm","Electrodynamics"]},{"cards_removed":["Rip and Tear"],"damage_healed":0,"gold_gain":0,"player_choice":"Removed Attack","damage_taken":0,"max_hp_gain":0,"max_hp_loss":0,"event_name":"Falling","floor":45,"gold_loss":0}],"is_beta":false,"boss_relics":[{"not_picked":["SlaversCollar","Runic Dome"],"picked":"SacredBark"},{"not_picked":["Pandora\u0027s Box","Astrolabe"],"picked":"Inserter"}],"items_purged_floors":[10,14,29,47],"is_endless":false,"potions_floor_spawned":[1,4,5,13,19,22,25,27,33,37,48,54],"ascension_level":2}}