{"host":"rn3kwqbcoeui7au7","time":1614140910,"event":{"mods":["Act Like it!","BaseMod","Colored Powertips","Downfall","Gensokyo","Minty Spire (QoL Compilation)","Relic Stats","Spicy Shops","StSLib"],"gold_per_floor":[115,15,15,40,2,2,17,17,17,29,29,29,29,42,42,142,142,160,35,54,354,354],"floor_reached":21,"language":"ZHS","playtime":1214,"items_purged":[],"score":177,"play_id":"24f4edaa-e795-4e86-8eee-7bc22702dec4","local_time":"20210224122830","is_ascension_mode":false,"campfire_choices":[{"floor":6.0,"key":"REST"},{"data":"Seeing Red","floor":8.0,"key":"SMITH"},{"data":"Corruption","floor":13.0,"key":"SMITH"},{"data":"Iron Wave","floor":15.0,"key":"SMITH"}],"circlet_count":0,"master_deck":["Strike_R","Strike_R","Strike_R","Strike_R","Strike_R","Defend_R","Defend_R","Defend_R","Defend_R","Bash","Corruption+1","Warcry","Seeing Red+1","Spot Weakness","Dropkick","Iron Wave+1","Double Tap","Havoc+1","Gensokyo:TarnishedGold","Uppercut+1","True Grit"],"relics":["Burning Blood","Darkstone Periapt","Bag of Marbles","Pantograph","Gensokyo:OccultBall","Black Star","Happy Flower"],"acts_visited":["Exordium","Gensokyo:Gensokyo"],"potions_floor_usage":[21],"damage_taken":[{"damage":4.0,"enemies":"Gensokyo:Python","floor":1.0,"turns":4.0},{"damage":71.0,"enemies":"Gensokyo:Cirno","floor":4.0,"turns":8.0},{"damage":0.0,"enemies":"Gensokyo:3_Fairies","floor":7.0,"turns":3.0},{"damage":2.0,"enemies":"Gensokyo:Gryphon","floor":10.0,"turns":4.0},{"damage":11.0,"enemies":"Gensokyo:3_Kodama","floor":14.0,"turns":4.0},{"damage":65.0,"enemies":"Gensokyo:Reimu","floor":16.0,"turns":9.0},{"damage":15.0,"enemies":"Gensokyo:AngelMirror","floor":18.0,"turns":3.0},{"damage":64.0,"enemies":"Gensokyo:3_Dogs","floor":20.0,"turns":8.0},{"damage":21,"enemies":"Gensokyo:3_Gloops","floor":21,"turns":3}],"seed_played":"1455968374976597204","potions_obtained":[{"floor":4.0,"key":"SpeedPotion"},{"floor":7.0,"key":"Guardian:BlockOnCardUsePotion"},{"floor":10.0,"key":"Ancient Potion"},{"floor":20.0,"key":"Slimebound:ThreeZeroPotion"}],"is_trial":false,"path_per_floor":["M","?","COS","?","$","R","M","R","T","M","?","?","R","M","R","B",null,"M","COS","M","M"],"character_chosen":"IRONCLAD","items_purchased":["Seeing Red"],"campfire_rested":1,"item_purchase_floors":[5],"current_hp_per_floor":[80,80,80,15,15,39,45,45,45,49,57,57,57,52,52,18,88,79,79,21,0,0],"gold":354,"neow_bonus":"ONE_RANDOM_RARE_CARD","is_daily":false,"chose_seed":false,"campfire_upgraded":3,"win_rate":0.0,"timestamp":1614140910,"path_taken":["M","?","COS","?","?","R","?","R","T","M","?","?","R","?","R","BOSS","M","COS","M","M"],"items_purchased_type":["Card"],"build_version":"2020-12-22","purchased_purges":0,"victory":false,"max_hp_per_floor":[80,80,80,80,80,80,80,80,80,80,88,88,88,88,88,88,88,88,88,88,88,88],"relic_stats":{"Darkstone Periapt":0,"Happy Flower":[0],"counters":[9,46],"Pantograph":25,"Black Star":0,"obtain_stats":[{"Darkstone Periapt":2,"Happy Flower":21,"Pantograph":9,"Gensokyo:OccultBall":12,"Bag of Marbles":4,"Black Star":17,"Burning Blood":0},{"Darkstone Periapt":1,"Happy Flower":9,"Pantograph":3,"Gensokyo:OccultBall":4,"Bag of Marbles":2,"Black Star":6,"Burning Blood":0},{"Darkstone Periapt":4,"Happy Flower":44,"Pantograph":15,"Gensokyo:OccultBall":19,"Bag of Marbles":12,"Black Star":32,"Burning Blood":0}],"Burning Blood":46},"card_choices":[{"not_picked":["Combust","Clothesline"],"picked":"Warcry","floor":1.0},{"not_picked":["Iron Wave","Sword Boomerang"],"picked":"Impervious","floor":4.0},{"not_picked":["Anger","Twin Strike"],"picked":"Spot Weakness","floor":7.0},{"not_picked":["Cleave","Flame Barrier"],"picked":"Dropkick","floor":10.0},{"not_picked":["Havoc","Sword Boomerang"],"picked":"Iron Wave","floor":14.0},{"not_picked":["Brutality","Impervious"],"picked":"Double Tap","floor":16.0},{"not_picked":["Power Through+1","Cleave+1"],"picked":"Havoc+1","floor":18.0},{"not_picked":["Twin Strike+1","Pummel+1"],"picked":"Uppercut+1","floor":20.0},{"not_picked":["Havoc","Sword Boomerang"],"picked":"True Grit","floor":20.0}],"player_experience":191102,"relics_obtained":[{"floor":4.0,"key":"Bag of Marbles"},{"floor":9.0,"key":"Pantograph"},{"floor":16.0,"key":"Gensokyo:OccultBall"}],"event_choices":[],"is_beta":false,"boss_relics":[{"not_picked":["Runic Cube","Coffee Dripper"],"picked":"Black Star"}],"items_purged_floors":[],"is_endless":false,"potions_floor_spawned":[4,7,10,14,20],"killed_by":"Gensokyo:3_Gloops","ascension_level":0}}