{"host":"2hz3p8f82lqex3pd","time":1614133696,"event":{"mods":["AchievementEnabler","BaseMod","Minty Spire (QoL Compilation)"],"gold_per_floor":[143,143,93,136,136,152,56,102,129,129,162,162,337,356,356,476,476,522,522,522,447,48,48,48],"floor_reached":23,"language":"ENG","playtime":841,"items_purged":[],"score":187,"play_id":"d63989eb-6b60-4a6e-af0e-0da051c7f8df","local_time":"20210223212816","is_ascension_mode":false,"campfire_choices":[{"data":"Wish","floor":12,"key":"SMITH"},{"data":"Eruption","floor":15,"key":"SMITH"}],"circlet_count":0,"master_deck":["Strike_P","Strike_P","Strike_P","Defend_P","Defend_P","Defend_P+1","Defend_P","Eruption+1","Vigilance","Wish+1","FlyingSleeves","Bandage Up","Scrawl+1","FearNoEvil","Halt","DevaForm","FollowUp","Necronomicurse"],"relics":["HolyWater","Golden Idol","Ornamental Fan","Juzu Bracelet","Necronomicon","Nunchaku","Pantograph"],"acts_visited":["Exordium","TheCity"],"potions_floor_usage":[18,23],"damage_taken":[{"damage":1,"enemies":"2 Louse","floor":1,"turns":3},{"damage":5,"enemies":"Jaw Worm","floor":4,"turns":4},{"damage":0,"enemies":"Cultist","floor":6,"turns":2},{"damage":5,"enemies":"Exordium Wildlife","floor":8,"turns":5},{"damage":16,"enemies":"3 Sentries","floor":11,"turns":13},{"damage":7,"enemies":"3 Louse","floor":14,"turns":5},{"damage":31,"enemies":"Slime Boss","floor":16,"turns":5},{"damage":11,"enemies":"3 Byrds","floor":18,"turns":6},{"damage":46,"enemies":"Slavers","floor":23,"turns":4}],"seed_played":"-37325297303399348","potions_obtained":[{"floor":4,"key":"BottledMiracle"},{"floor":11,"key":"BottledMiracle"}],"is_trial":false,"path_per_floor":["M","?","?","M","T","M","$","M","T","?","E","R","?","M","R","B",null,"M","?","?","?","$","E"],"character_chosen":"WATCHER","items_purchased":["Bandage Up","Nunchaku","Pantograph"],"campfire_rested":0,"item_purchase_floors":[7,22,22],"current_hp_per_floor":[64,64,64,59,59,59,59,58,58,45,33,33,33,30,30,3,65,54,38,38,38,38,0,0],"gold":48,"neow_bonus":"THREE_RARE_CARDS","is_daily":false,"chose_seed":false,"campfire_upgraded":2,"win_rate":0.0,"timestamp":1614133696,"path_taken":["M","?","?","M","?","?","$","M","T","?","E","R","?","M","R","BOSS","M","?","?","?","$","E"],"items_purchased_type":["Card","Relic","Relic"],"build_version":"2020-12-22","purchased_purges":0,"victory":false,"max_hp_per_floor":[65,65,65,65,65,65,65,65,65,65,65,65,65,65,65,65,65,65,65,65,65,65,65,65],"card_choices":[{"not_picked":["MasterReality","Scrawl"],"picked":"Wish","floor":0},{"not_picked":["Prostrate","Halt"],"picked":"FlyingSleeves","floor":1},{"not_picked":["Evaluate","SignatureMove","Protect"],"picked":"SKIP","floor":4},{"not_picked":["Protect","PathToVictory","CutThroughFate"],"picked":"SKIP","floor":6},{"not_picked":["Meditate","EmptyFist"],"picked":"Scrawl","floor":8},{"not_picked":["Pray","EmptyMind"],"picked":"FearNoEvil","floor":11},{"not_picked":["EmptyBody","SashWhip"],"picked":"Halt","floor":14},{"not_picked":["Ragnarok","DeusExMachina"],"picked":"DevaForm","floor":16},{"not_picked":["BowlingBash","Evaluate"],"picked":"FollowUp","floor":18}],"player_experience":198315,"relics_obtained":[{"floor":5,"key":"Ornamental Fan"},{"floor":11,"key":"Juzu Bracelet"},{"floor":19,"key":"Necronomicon"}],"event_choices":[{"damage_healed":0,"gold_gain":0,"player_choice":"Take Wound","damage_taken":0,"relics_obtained":["Golden Idol"],"max_hp_gain":0,"max_hp_loss":0,"event_name":"Golden Idol","floor":2,"gold_loss":0,"cards_obtained":["Injury"]},{"cards_removed":["Injury"],"damage_healed":0,"gold_gain":0,"player_choice":"Card Removal","damage_taken":0,"max_hp_gain":0,"max_hp_loss":0,"event_name":"The Cleric","floor":3,"gold_loss":50},{"damage_healed":0,"gold_gain":0,"player_choice":"Entered Light","damage_taken":13,"max_hp_gain":0,"max_hp_loss":0,"event_name":"Shining Light","floor":10,"gold_loss":0,"cards_upgraded":["Defend_P","Scrawl"]},{"damage_healed":0,"gold_gain":175,"player_choice":"AGREE","damage_taken":0,"max_hp_gain":0,"max_hp_loss":0,"event_name":"Liars Game","floor":13,"gold_loss":0,"cards_obtained":["Doubt"]},{"damage_healed":0,"gold_gain":0,"player_choice":"Obtained Book","damage_taken":16,"max_hp_gain":0,"max_hp_loss":0,"event_name":"Cursed Tome","floor":19,"gold_loss":0},{"cards_removed":["Doubt"],"damage_healed":0,"gold_gain":0,"player_choice":"Elegance","damage_taken":0,"max_hp_gain":0,"max_hp_loss":0,"event_name":"Back to Basics","floor":20,"gold_loss":0},{"cards_removed":["Strike_P"],"damage_healed":0,"gold_gain":0,"player_choice":"Gave Gold","damage_taken":0,"max_hp_gain":0,"max_hp_loss":0,"event_name":"Beggar","floor":21,"gold_loss":75}],"is_beta":false,"boss_relics":[{"not_picked":["SacredBark","Philosopher\u0027s Stone"],"picked":"HolyWater"}],"items_purged_floors":[],"is_endless":false,"potions_floor_spawned":[4,11],"killed_by":"Slavers","ascension_level":0}}