{"host":"tzulxga4bfkqqj6q","time":1614160580,"event":{"mods":["BaseMod","Downfall","Minty Spire (QoL Compilation)","StSLib"],"gold_per_floor":[99,117,217,217,229,229,229,140,150,150,183,83,143,155,165,264,264,264,281,301,316,78,98,145,145,145,145],"floor_reached":25,"language":"ENG","playtime":3180,"items_purged":["Regret"],"score":203,"play_id":"c856f5ba-c3e3-4dc5-abba-a86cc6df0f46","local_time":"20210224035620","is_ascension_mode":false,"campfire_choices":[{"data":"sneckomod:TailWhip","floor":1,"key":"SMITH"},{"floor":6,"key":"RECALL"}],"circlet_count":0,"master_deck":["sneckomod:Strike","sneckomod:Strike","sneckomod:Strike","sneckomod:Defend","sneckomod:Defend","sneckomod:Defend","sneckomod:TailWhip+1","sneckomod:SnekBite","sneckomod:Unknown","sneckomod:UnknownBlock","sneckomod:Unknown1Cost","sneckomod:DiceCrush","sneckomod:IronFang","sneckomod:Restock","Slimebound:Nibble","sneckomod:UnendingSupply","sneckomod:UnknownVulnerable","sneckomod:UnknownDraw","sneckomod:MorePower","Noxious Fumes","sneckomod:UnknownRareSkill+1","sneckomod:UnknownUncommonAttack","sneckomod:UnknownClassSLIMEBOUND","sneckomod:Unknown0Cost+1","sneckomod:SoulDraw","sneckomod:UnknownRareSkill+1","sneckomod:DiceBlock","sneckomod:SoulCleanse","sneckomod:UnknownClassGREEN","sneckomod:RainOfDice","sneckomod:Unknown0Cost"],"relics":["sneckomod:SneckoSoul","sneckomod:ConfusingCodex","Regal Pillow","HornCleat","downfall:HeartBlessingRed","Centennial Puzzle","Philosopher\u0027s Stone"],"acts_visited":["Exordium","TheCity"],"potions_floor_usage":[11,13,16,21],"damage_taken":[{"damage":0,"enemies":"2 Louse","floor":2,"turns":2},{"damage":14,"enemies":"Jaw Worm","floor":5,"turns":4},{"damage":0,"enemies":"downfall:FleeingMerchant","floor":8,"turns":4},{"damage":0,"enemies":"Cultist","floor":9,"turns":2},{"damage":11,"enemies":"Gremlin Nob","floor":11,"turns":4},{"damage":27,"enemies":"Lagavulin Event","floor":13,"turns":7},{"damage":12,"enemies":"Blue Slaver","floor":14,"turns":3},{"damage":6,"enemies":"3 Louse","floor":15,"turns":2},{"damage":11,"enemies":"IC_STATUS_ARCHETYPE","floor":16,"turns":6},{"damage":0,"enemies":"Spheric Guardian","floor":19,"turns":3},{"damage":17,"enemies":"Chosen","floor":20,"turns":3},{"damage":27,"enemies":"Centurion and Healer","floor":21,"turns":5},{"damage":8,"enemies":"downfall:FleeingMerchant","floor":22,"turns":4},{"damage":22,"enemies":"Shelled Parasite and Fungi","floor":23,"turns":4},{"damage":35,"enemies":"Chosen and Byrds","floor":25,"turns":4}],"seed_played":"6573282594787496589","potions_obtained":[{"floor":2,"key":"hexamod:SoulburnPotion"},{"floor":11,"key":"sneckomod:DiceRollPotion"},{"floor":15,"key":"Energy Potion"},{"floor":16,"key":"Fire Potion"},{"floor":20,"key":"FearPotion"}],"is_trial":false,"path_per_floor":["R","M","?","?","M","R","T","$","M","?","E","R","?","M","M","B",null,"R","M","M","M","$","M","T","M"],"character_chosen":"THE_SNECKO","items_purchased":["sneckomod:UnknownUncommonPower","sneckomod:SoulCleanse","sneckomod:UnknownClassGREEN","sneckomod:RainOfDice"],"campfire_rested":0,"item_purchase_floors":[8,22,22,22],"current_hp_per_floor":[99,99,99,99,85,85,85,85,85,85,81,81,54,42,36,32,99,99,99,82,55,47,29,29,0,0,0],"gold":145,"neow_bonus":"TEN_PERCENT_HP_BONUS","is_daily":false,"chose_seed":false,"campfire_upgraded":1,"win_rate":0.0,"timestamp":1614160580,"path_taken":["R","M","?","?","M","R","T","$","?","?","E","R","?","M","M","BOSS","R","M","M","M","$","M","T","M"],"items_purchased_type":["Card","Card","Card","Card"],"build_version":"2020-12-22","purchased_purges":1,"victory":false,"max_hp_per_floor":[99,99,99,99,99,99,99,99,99,99,99,99,99,99,99,99,99,99,99,99,99,99,99,99,99,99,99],"card_choices":[{"not_picked":["sneckomod:WideSting","sneckomod:UnknownUncommonSkill"],"picked":"sneckomod:UnknownBlock","floor":2},{"not_picked":["sneckomod:UnknownCommonAttack","sneckomod:IronFang"],"picked":"sneckomod:Unknown1Cost","floor":5},{"not_picked":["sneckomod:UnknownCommonSkill","sneckomod:TrashToTreasure"],"picked":"sneckomod:DiceCrush","floor":8},{"not_picked":["sneckomod:UnknownX","sneckomod:UnknownDraw"],"picked":"sneckomod:IronFang","floor":9},{"not_picked":["sneckomod:DiceBlock","sneckomod:UnknownDraw"],"picked":"sneckomod:Restock","floor":11},{"not_picked":["sneckomod:UnknownDraw","sneckomod:Unknown0Cost"],"picked":"sneckomod:UnendingSupply","floor":13},{"not_picked":["sneckomod:UnendingSupply","sneckomod:CheapStock"],"picked":"sneckomod:UnknownVulnerable","floor":14},{"not_picked":["sneckomod:UnendingSupply","sneckomod:SoulRoll"],"picked":"sneckomod:UnknownDraw","floor":15},{"not_picked":["sneckomod:UnknownRarePower","sneckomod:Unknown3Cost"],"picked":"sneckomod:MorePower","floor":16},{"not_picked":["sneckomod:UnknownVulnerable+1","sneckomod:Unknown1Cost+1"],"picked":"sneckomod:UnknownRareSkill+1","floor":19},{"not_picked":["sneckomod:DiceCrush","sneckomod:UnlimitedRolls"],"picked":"sneckomod:UnknownUncommonAttack","floor":19},{"not_picked":["sneckomod:ImprovisedGuard","sneckomod:WideSting"],"picked":"sneckomod:UnknownClassSLIMEBOUND","floor":20},{"not_picked":["sneckomod:UnknownDraw+1","sneckomod:Unknown2Cost+1"],"picked":"sneckomod:Unknown0Cost+1","floor":21},{"not_picked":["sneckomod:QuickMove","sneckomod:UnendingSupply"],"picked":"sneckomod:SoulDraw","floor":21},{"not_picked":["sneckomod:Unknown3Cost+1","sneckomod:UnknownWeak+1"],"picked":"sneckomod:UnknownRareSkill+1","floor":22},{"not_picked":["sneckomod:ImprovisedGuard","sneckomod:MorePower"],"picked":"sneckomod:DiceBlock","floor":22},{"not_picked":["sneckomod:UnknownWeak","sneckomod:UnknownDraw+1"],"picked":"sneckomod:Unknown0Cost","floor":23}],"player_experience":344758,"relics_obtained":[{"floor":7,"key":"sneckomod:ConfusingCodex"},{"floor":11,"key":"HornCleat"},{"floor":13,"key":"Centennial Puzzle"}],"event_choices":[{"damage_healed":0,"gold_gain":0,"player_choice":"Box","damage_taken":0,"relics_obtained":["Regal Pillow"],"max_hp_gain":0,"max_hp_loss":0,"event_name":"Big Fish","floor":10,"gold_loss":0,"cards_obtained":["Regret"]}],"is_beta":false,"boss_relics":[{"not_picked":["Black Star","Snecko Eye"],"picked":"Philosopher\u0027s Stone"}],"items_purged_floors":[22],"is_endless":false,"potions_floor_spawned":[2,11,15,16,20],"killed_by":"Chosen and Byrds","ascension_level":0}}