{"host":"bvp2uifzy1c463d9","time":1614208433,"event":{"mods":["AchievementEnabler","BaseMod","Better Note","Block Reminder","Bossed Relics","Colored Map","Colored Powertips","Highlight Path","Hubris","Infinite Spire","Minty Spire (QoL Compilation)","Relic Sorter","Relic Stats","Reliquary","Replay The Spire","StSLib","The Blue Laboratory","Wandering Minibosses"],"gold_per_floor":[110,120,131,148,148,148,173,173,200,200,200],"floor_reached":10,"language":"ENG","playtime":366,"items_purged":[],"score":78,"play_id":"ef34f419-2ee9-40e6-9d51-64945ae6c06b","local_time":"20210224171353","is_ascension_mode":true,"campfire_choices":[{"data":"Vigilance","floor":6,"key":"SMITH"},{"data":"Eruption","floor":8,"key":"SMITH"}],"circlet_count":0,"master_deck":["Strike_P","Strike_P","Strike_P","Strike_P","Defend_P","Defend_P","Defend_P","Defend_P","Eruption+1","Vigilance+1","Prostrate","CrushJoints","Vengeance","Prostrate","FlurryOfBlows"],"relics":["SacredBark","Lantern","infinitespire:Lucky Rock"],"acts_visited":["Exordium"],"potions_floor_usage":[7],"damage_taken":[{"damage":9,"enemies":"Small Slimes","floor":1,"turns":4},{"damage":14,"enemies":"2 Louse","floor":2,"turns":2},{"damage":0,"enemies":"Cultist","floor":3,"turns":3},{"damage":13,"enemies":"Blue Slaver","floor":4,"turns":4},{"damage":22,"enemies":"Lagavulin","floor":7,"turns":6},{"damage":51,"enemies":"Replay:BlueRogue","floor":10,"turns":3}],"seed_played":"-6184527694594498112","potions_obtained":[{"floor":1,"key":"blueLaboratory:RememoryPotion"},{"floor":2,"key":"Elixir"},{"floor":4,"key":"blueLaboratory:PhilterOfMotion"}],"is_trial":false,"path_per_floor":["M","M","M","M","?","R","E","R","T","E"],"character_chosen":"WATCHER","items_purchased":[],"campfire_rested":0,"item_purchase_floors":[],"current_hp_per_floor":[63,49,49,36,60,60,38,38,38,0,0],"gold":200,"neow_bonus":"BOSS_RELIC","is_daily":false,"chose_seed":false,"campfire_upgraded":2,"win_rate":0.0,"timestamp":1614208433,"path_taken":["M","M","M","M","?","R","E","R","T","E"],"items_purchased_type":[],"build_version":"2020-12-22","purchased_purges":0,"victory":false,"max_hp_per_floor":[72,72,72,72,72,72,72,72,72,72,72],"relic_stats":{"counters":[6,22],"obtain_stats":[{"Lantern":7,"SacredBark":0,"infinitespire:Lucky Rock":9,"PureWater":0},{"Lantern":5,"SacredBark":0,"infinitespire:Lucky Rock":5,"PureWater":0},{"Lantern":19,"SacredBark":0,"infinitespire:Lucky Rock":19,"PureWater":0}]},"card_choices":[{"not_picked":["InnerPeace","Evaluate"],"picked":"Prostrate","floor":1},{"not_picked":["ThirdEye","Halt"],"picked":"CrushJoints","floor":2},{"not_picked":["Weave","Replay:Hum"],"picked":"Vengeance","floor":3},{"not_picked":["Replay:BluntJabs","Collect"],"picked":"Prostrate","floor":4},{"not_picked":["Conclude","Tantrum"],"picked":"FlurryOfBlows","floor":7}],"player_experience":278888,"relics_obtained":[{"floor":7,"key":"Lantern"},{"floor":9,"key":"infinitespire:Lucky Rock"}],"event_choices":[{"damage_healed":24,"gold_gain":0,"player_choice":"Banana","damage_taken":0,"max_hp_gain":0,"max_hp_loss":0,"event_name":"Big Fish","floor":5,"gold_loss":0}],"is_beta":false,"boss_relics":[],"items_purged_floors":[],"is_endless":false,"potions_floor_spawned":[1,2,4],"killed_by":"Replay:BlueRogue","ascension_level":3}}