{"host":"l4am8ae7vj09bp0g","time":1614188700,"event":{"mods":["ATMod(°¢èªMod)","Act Like it!","BaseMod","Colored Powertips","Conspire","LagranYue(À­¸ñÀÊ¡¤ÔÂ)","Minty Spire (QoL Compilation)","Quick Restart","Relic Filter","Reliquary","Replay The Spire","Shop Mod","StSLib","SuperFastMode","TestMod"],"gold_per_floor":[118,118,118,137,137,169,169,187,187,187,203,222,247,261,261,356,356,368,384,384,396,410,441,441,441,441],"floor_reached":25,"language":"ZHS","playtime":605,"items_purged":[],"score":247,"play_id":"138818f5-a3e4-4c12-8547-c1f53ef86444","local_time":"20210225014500","daily_mods":["Heirloom","DeadlyEvents","Elite Swarm","Uncertain Future"],"is_ascension_mode":true,"campfire_choices":[{"data":"Bash","floor":7,"key":"SMITH"},{"data":"Strike_R","floor":10,"key":"SMITH"},{"floor":15,"key":"REST"},{"data":"Pommel Strike","floor":24,"key":"SMITH"}],"circlet_count":0,"master_deck":["Strike_R","Strike_R+1","Strike_R","Strike_R","Defend_R","Defend_R","Defend_R","Defend_R","Bash+1","Pommel Strike+1","Offering","Clash"],"relics":["Burning Blood","testmod-TestBox","AT_ATBox","LagranYue:RandomDrawCardRelic","Counterbalance","testmod-CrystalShield","ReplayTheSpireMod:Ninjato","AT_EbonyIvory","Centennial Puzzle","Coffee Dripper","Omamori"],"acts_visited":["Exordium","TheCity"],"potions_floor_usage":[6,16,21,23],"damage_taken":[{"damage":0,"enemies":"Small Slimes","floor":1,"turns":3},{"damage":1,"enemies":"Cultist","floor":4,"turns":3},{"damage":22,"enemies":"3 Sentries","floor":6,"turns":11},{"damage":11,"enemies":"Jaw Worm","floor":8,"turns":3},{"damage":5,"enemies":"Exordium Thugs","floor":11,"turns":4},{"damage":19,"enemies":"Exordium Wildlife","floor":12,"turns":4},{"damage":31,"enemies":"Lagavulin","floor":13,"turns":4},{"damage":10,"enemies":"Looter","floor":14,"turns":2},{"damage":36,"enemies":"Hexaghost","floor":16,"turns":9},{"damage":6,"enemies":"Chosen","floor":18,"turns":3},{"damage":36,"enemies":"2 Thieves","floor":19,"turns":3},{"damage":6,"enemies":"Sentry and Sphere","floor":21,"turns":5},{"damage":12,"enemies":"Cultist and Chosen","floor":22,"turns":5},{"damage":66,"enemies":"Gremlin Leader","floor":23,"turns":5},{"damage":18,"enemies":"Slavers","floor":25,"turns":1}],"seed_played":"-8684926609864622279","potions_obtained":[{"floor":1,"key":"LiquidMemories"},{"floor":4,"key":"Fire Potion"},{"floor":12,"key":"SpeedPotion"},{"floor":13,"key":"Venom Potion"},{"floor":19,"key":"Strength Potion"},{"floor":21,"key":"ColorlessPotion"}],"is_trial":true,"path_per_floor":["M","$","?","M","?","E","R","M","T","R","M","M","E","M","R","B",null,"M","M","?","M","M","E","R","E"],"character_chosen":"IRONCLAD","items_purchased":[],"campfire_rested":1,"item_purchase_floors":[],"current_hp_per_floor":[80,80,80,80,80,64,64,59,59,59,60,47,22,18,42,12,80,80,50,50,50,44,18,18,0,0],"gold":441,"neow_bonus":"","is_daily":false,"chose_seed":false,"campfire_upgraded":3,"win_rate":0.0,"timestamp":1614188700,"path_taken":["M","$","?","?","?","E","R","M","T","R","M","M","E","M","R","BOSS","M","M","?","M","?","E","R","E"],"items_purchased_type":[],"build_version":"2020-12-22","purchased_purges":0,"victory":false,"max_hp_per_floor":[80,80,80,80,80,80,80,80,80,80,80,80,80,80,80,80,80,80,80,80,80,80,80,80,80,80],"card_choices":[{"not_picked":["Pummel","Perfected Strike","Dropkick"],"picked":"SKIP","floor":1},{"not_picked":["Rage","True Grit","Wild Strike"],"picked":"SKIP","floor":4},{"not_picked":["conspire:HitWhereItHurts","Immolate","Brutality"],"picked":"SKIP","floor":6},{"not_picked":["Wild Strike","Run Through","Clash"],"picked":"SKIP","floor":8},{"not_picked":["Flex","AT_BodySlamDance"],"picked":"Pommel Strike","floor":11},{"not_picked":["Flex","Perfected Strike","Entrench"],"picked":"SKIP","floor":12},{"not_picked":["AT_Dispersion","Demonic Infusion","Corruption"],"picked":"SKIP","floor":13},{"not_picked":["True Grit","Twin Strike","AT_IchimonjiDouble"],"picked":"SKIP","floor":14},{"not_picked":["Berserk","Barricade"],"picked":"Offering","floor":16},{"not_picked":["Body Slam","Perfected Strike","ReplayTheSpireMod:Limb From Limb"],"picked":"SKIP","floor":18},{"not_picked":["True Grit","Rupture","Inflame"],"picked":"SKIP","floor":19},{"not_picked":["ReplayTheSpireMod:Strike From Hell+1","Warcry"],"picked":"Clash","floor":21},{"not_picked":["AT_ShrugMaster+1","Headbutt","Limit Break"],"picked":"SKIP","floor":22},{"not_picked":["Replay:Many Hands","conspire:HitWhereItHurts","Barricade"],"picked":"SKIP","floor":23}],"player_experience":87533,"relics_obtained":[{"floor":6,"key":"ReplayTheSpireMod:Ninjato"},{"floor":9,"key":"AT_EbonyIvory"},{"floor":13,"key":"Centennial Puzzle"},{"floor":23,"key":"Omamori"}],"event_choices":[{"damage_healed":0,"gold_gain":0,"player_choice":"Gave Potion","damage_taken":0,"relics_obtained":["testmod-CrystalShield"],"max_hp_gain":0,"max_hp_loss":0,"event_name":"WeMeetAgain","floor":3,"gold_loss":0},{"cards_removed":["Strike_R"],"damage_healed":0,"gold_gain":0,"player_choice":"Offered Basic","damage_taken":0,"max_hp_gain":0,"max_hp_loss":0,"event_name":"Bonfire Elementals","floor":5,"gold_loss":0}],"is_beta":false,"boss_relics":[{"not_picked":["testmod-CardMagician","testmod-Prudence"],"picked":"Coffee Dripper"}],"items_purged_floors":[],"is_endless":true,"potions_floor_spawned":[1,4,12,13,19,21],"killed_by":"Slavers","ascension_level":1}}