{"host":"5keo9h2l9byafdqe","time":1614161478,"event":{"mods":["ATMod(阿瑾Mod)","Act Like it!","Aspiration","BaseMod","Bossed Relics","Chen","Conspire","Dota2Spire","Downfall","GifTheSpireLib","Hermit","Jedi Mod","Library of Ruina","Library of Ruina Extra","Lobotomy","Marked Mod","Minty Spire (QoL Compilation)","MostiFishMod","Pale of the Ancients","Quarter Circle Forward PUNCH!","Quick Restart","Reliquary","Replay The Spire","RumiaBox-露米娅的神秘盒子","Ryuuou龙王","SIMod","Shop Mod","Spicy Shops","StSLib","TestMod","The Administrix","The Alterego","The Marked","The Mystic","UnlockEverythingMod","noobMod","【功能Mod】聪明的最终Boss","【遗物卡牌】REMEMod","残留之物","篝火指南"],"gold_per_floor":[-300,-300,-285,-285,-84,-50,-50,-19,7,53,115,1000083,1000162,998712,996818,996818,996818],"floor_reached":16,"language":"ZHS","playtime":1752,"items_purged":["Decay","downfall:Malfunctioning"],"score":279,"play_id":"1b9db9c5-9d15-4ee1-9df9-a97b6bd5097f","local_time":"20210224181118","is_ascension_mode":true,"campfire_choices":[{"data":"PlaceholderMod:HardStrike","floor":7,"key":"SMITH"}],"circlet_count":0,"master_deck":["PlaceholderMod:BaseStrike","PlaceholderMod:BaseStrike","PlaceholderMod:BaseStrike","PlaceholderMod:BaseStrike","PlaceholderMod:BaseStrike","PlaceholderMod:BaseDefend","PlaceholderMod:BaseDefend","PlaceholderMod:BaseDefend","PlaceholderMod:BaseDefend","PlaceholderMod:BaseDefend","PlaceholderMod:Crystal","PlaceholderMod:PoisonWhip","AT_PowerWithin","ParadiseLost+1","WallGazer","Scorched","PlaceholderMod:ReactionCatalyze","PlaceholderMod:HardStrike+1","PlaceholderMod:ComplexForm","PlaceholderMod:TriggerStrike","SilentOrchestra","PlaceholderMod:ComplexForm","PlaceholderMod:CrystallizationStrike","FieryBird","PlaceholderMod:HardStinger","PlaceholderMod:HardStinger","PlaceholderMod:Inner","GalaxyChild","PlaceholderMod:DoublePoint+1","PlaceholderMod:CycleAttack","PlaceholderMod:InnerStable","LongBird","PlaceholderMod:StrongAcid","PlaceholderMod:HardStrike","PlaceholderMod:HardStinger","PlaceholderMod:ComplexForm","Scarecrow","PlaceholderMod:SeverePoisonStrike","PlaceholderMod:CorePoison","PlaceholderMod:Stable","Overencumbered","Languid","ReplayTheSpireMod:IOU","CrumblingArmor","PlaceholderMod:Assimilation","PlaceholderMod:Stable","PlaceholderMod:Polyp","PlaceholderMod:DirectingGroup","PlaceholderMod:DirectingGroup","PlaceholderMod:ConsolidateHit","PlaceholderMod:PoisonExcitation","Replay:Sssssssssstrike","testmod-Dream","ReplayTheSpireMod:IOU","REME_WheelOfFate","testmod-Automaton","PlaceholderMod:EvolutionSpray","PlaceholderMod:Sweep","PlaceholderMod:StressReaction","PlaceholderMod:StrongAcid","PlaceholderMod:UnpureUse"],"relics":["PlaceholderMod:Tancle","ice","REME_ComplimentaryCards","AT_ATBox","testmod-TestBox","DaveBox","CogitoBucket","RhineSuit","testmod-HarvestTotem","Baka","SynthV:TestCard","Pyrelight","aspiration:SneckoTail","PlaceholderMod:DeVermisMysteriis","CeramicFish","reliquary:PurpleTingedLeaf","Counterbalance","Dota2Spire:UrnOfShadows","Guide Book","MerchantsRug","PageOfThreeBirds","ReplayTheSpireMod:CursedCoin","OrangePellets","Iron Hammer","aspiration:FetidBarrel","Replay:Rubber Ducky","reliquary:BoilingFlask","aspiration:Nostalgia","Replay:M_SmolderingBlood"],"acts_visited":["Exordium"],"potions_floor_usage":[6],"damage_taken":[{"damage":2,"enemies":"Small Slimes","floor":1,"turns":3},{"damage":5,"enemies":"2 Louse","floor":3,"turns":2},{"damage":32,"enemies":"Lagavulin","floor":6,"turns":5},{"damage":17,"enemies":"Gremlin Nob","floor":8,"turns":5},{"damage":12,"enemies":"Jaw Worm","floor":10,"turns":2},{"damage":75,"enemies":"Red Slaver","floor":11,"turns":3},{"damage":24,"enemies":"Looter","floor":12,"turns":3},{"damage":0,"enemies":"Lots of Slimes","floor":13,"turns":1},{"damage":0,"enemies":"Hexaghost","floor":16,"turns":1}],"seed_played":"8343563253331668569","potions_obtained":[{"floor":3,"key":"LiquidBronze"},{"floor":6,"key":"REME_GoldPotion"},{"floor":8,"key":"testmod-EscapePotion"},{"floor":12,"key":"EssenceOfSteel"}],"is_trial":false,"path_per_floor":["M","?","M","$","?","E","R","E","T","M","M","M","M","$","R","B"],"character_chosen":"THE_PLACEHOLDER","items_purchased":["reliquary:PurpleTingedLeaf","Counterbalance","Dota2Spire:UrnOfShadows","Guide Book","MerchantsRug","PlaceholderMod:Stable","PlaceholderMod:Polyp","PlaceholderMod:DirectingGroup","PlaceholderMod:ConsolidateHit","PlaceholderMod:PoisonExcitation","Replay:Sssssssssstrike","testmod-Dream","PageOfThreeBirds","ReplayTheSpireMod:CursedCoin","REME_WheelOfFate","testmod-Automaton","PlaceholderMod:EvolutionSpray","PlaceholderMod:Sweep","PlaceholderMod:StressReaction","PlaceholderMod:StrongAcid","PlaceholderMod:UnpureUse","OrangePellets","Iron Hammer","aspiration:FetidBarrel","Replay:Rubber Ducky","reliquary:BoilingFlask","aspiration:Nostalgia"],"campfire_rested":0,"item_purchase_floors":[14,14,14,14,14,14,14,14,14,14,14,14,14,14,15,15,15,15,15,15,15,15,15,15,15,15,15],"current_hp_per_floor":[154,154,149,149,149,117,117,100,100,88,13,138,138,138,138,146,146],"gold":996818,"neow_bonus":"","is_daily":false,"chose_seed":false,"campfire_upgraded":1,"win_rate":0.0,"timestamp":1614161478,"path_taken":["M","?","M","$","?","E","R","E","T","M","M","?","M","$","R","BOSS"],"items_purchased_type":["Relic","Relic","Relic","Relic","Relic","Card","Card","Card","Card","Card","Card","Card","Relic","Relic","Card","Card","Card","Card","Card","Card","Card","Relic","Relic","Relic","Relic","Relic","Relic"],"build_version":"2020-12-22","purchased_purges":2,"victory":false,"max_hp_per_floor":[156,156,156,156,156,156,156,156,156,156,156,156,156,156,156,156,156],"card_choices":[{"not_picked":["MeatLantern","HappyTeddy","UniverseFragment"],"picked":"Singing Bowl","floor":1},{"not_picked":["PunishingBird","Bloodbath"],"picked":"WallGazer","floor":1},{"not_picked":["PlaceholderMod:NearChange","PlaceholderMod:ParasiteChange","PlaceholderMod:SevereHeat"],"picked":"SKIP","floor":1},{"not_picked":["ShyLook","QueenBee","CherryBlossoms"],"picked":"Singing Bowl","floor":3},{"not_picked":["ShyLook","Bloodbath"],"picked":"Scorched","floor":3},{"not_picked":["PlaceholderMod:StrongAcid","PlaceholderMod:Sweep","PlaceholderMod:TriggerStrike","PlaceholderMod:HornyBlast"],"picked":"PlaceholderMod:ComplexForm","floor":3},{"not_picked":["PlaceholderMod:AttackAsDefend","PlaceholderMod:PoisonAbsorb","PlaceholderMod:DirectingGroup","PlaceholderMod:EnergyAbsorb"],"picked":"PlaceholderMod:ReactionCatalyze","floor":3},{"not_picked":["PlaceholderMod:NearChange","PlaceholderMod:DissolvingSpikes","PlaceholderMod:Polyp","PlaceholderMod:ConsolidateHit"],"picked":"PlaceholderMod:HardStrike","floor":3},{"not_picked":["PlaceholderMod:Break","PlaceholderMod:UnpureUse","PlaceholderMod:RadicalHit","PlaceholderMod:DissolvingSpikes"],"picked":"PlaceholderMod:ComplexForm","floor":3},{"not_picked":["PlaceholderMod:HornyBlast","PlaceholderMod:ContinueSpray","PlaceholderMod:PoisonAbsorb","PlaceholderMod:Polyp"],"picked":"PlaceholderMod:TriggerStrike","floor":5},{"not_picked":["CherryBlossoms","MHz","UniverseFragment"],"picked":"Singing Bowl","floor":6},{"not_picked":["BeautyBeast","GreedKing"],"picked":"SilentOrchestra","floor":6},{"not_picked":["PlaceholderMod:HealingAttack","PlaceholderMod:DissolvingSpikes","PlaceholderMod:DirectingGroup","PlaceholderMod:NearChange"],"picked":"PlaceholderMod:ComplexForm","floor":6},{"not_picked":["PlaceholderMod:Colorful","PlaceholderMod:DiffusionChemical","PlaceholderMod:OHStrongAttack","PlaceholderMod:Corrosion"],"picked":"PlaceholderMod:CrystallizationStrike","floor":6},{"not_picked":["PlaceholderMod:SeverePoisonStrike","PlaceholderMod:Polyp","PlaceholderMod:EnergyAbsorb","PlaceholderMod:Break","PlaceholderMod:OHStrongAttack"],"picked":"SKIP","floor":6},{"not_picked":["PlaceholderMod:HealingAttack","PlaceholderMod:ConsolidateHit","PlaceholderMod:Sweep","PlaceholderMod:SpinBlade","PlaceholderMod:Internalization"],"picked":"SKIP","floor":6},{"not_picked":["CherryBlossoms","SpiderBud"],"picked":"FieryBird","floor":8},{"not_picked":["PlaceholderMod:ReactionCatalyze","PlaceholderMod:ParasiteChange","PlaceholderMod:Internalization","PlaceholderMod:DirectingGroup"],"picked":"PlaceholderMod:HardStinger","floor":8},{"not_picked":["PlaceholderMod:Turn","PlaceholderMod:ParasiteChange","PlaceholderMod:OHStrongAttack","PlaceholderMod:Package"],"picked":"PlaceholderMod:HardStinger","floor":8},{"not_picked":["PlaceholderMod:HardStinger","PlaceholderMod:InnerStable","PlaceholderMod:ChainPoly","PlaceholderMod:StrongAcid"],"picked":"PlaceholderMod:Inner","floor":8},{"not_picked":["PlaceholderMod:ParasiteChange","PlaceholderMod:HealingAttack","PlaceholderMod:SpinBlade","PlaceholderMod:Sweep","PlaceholderMod:SubstitutionNucleophilic1"],"picked":"SKIP","floor":8},{"not_picked":["Murderer","Laetitia"],"picked":"GalaxyChild","floor":10},{"not_picked":["PlaceholderMod:DissolvingSpikes","PlaceholderMod:Turn","PlaceholderMod:Polyp","PlaceholderMod:Sweep"],"picked":"PlaceholderMod:DoublePoint","floor":10},{"not_picked":["PlaceholderMod:ParasiteChange","PlaceholderMod:Package","PlaceholderMod:HornyBlast","PlaceholderMod:ChainPoly"],"picked":"PlaceholderMod:CycleAttack","floor":10},{"not_picked":["PlaceholderMod:ComplexForm","PlaceholderMod:SevereHeat","PlaceholderMod:SeverePoisonStrike","PlaceholderMod:NutritionAbsorb"],"picked":"PlaceholderMod:InnerStable","floor":10},{"not_picked":["PlaceholderMod:ProliferateStrike","PlaceholderMod:Stratification","PlaceholderMod:TriggerStrike","PlaceholderMod:AttackAsDefend","PlaceholderMod:NutritionAbsorb"],"picked":"SKIP","floor":10},{"not_picked":["SpiderBud","FairyFestival","Bloodbath"],"picked":"Singing Bowl","floor":11},{"not_picked":["SpiderBud","UniverseFragment"],"picked":"LongBird","floor":11},{"not_picked":["PlaceholderMod:ParasiteChange","PlaceholderMod:Break","PlaceholderMod:Polyp","PlaceholderMod:ProliferateStrike"],"picked":"PlaceholderMod:StrongAcid","floor":11},{"not_picked":["PlaceholderMod:AttackAsDefend","PlaceholderMod:HornyBlast","PlaceholderMod:PoisonBlast","PlaceholderMod:Polyp"],"picked":"PlaceholderMod:HardStrike","floor":11},{"not_picked":["PlaceholderMod:NutritionAbsorb","PlaceholderMod:SpinBlade","PlaceholderMod:SeverePoisonStrike","PlaceholderMod:Sweep"],"picked":"PlaceholderMod:HardStinger","floor":11},{"not_picked":["PlaceholderMod:DissolvingSpikes","PlaceholderMod:ProliferateStrike","PlaceholderMod:StressReaction","PlaceholderMod:Hyperplasia"],"picked":"PlaceholderMod:ComplexForm","floor":11},{"not_picked":["UniverseFragment","Laetitia"],"picked":"Scarecrow","floor":12},{"not_picked":["PlaceholderMod:ConsolidateHit","PlaceholderMod:HornyBlast","PlaceholderMod:Hard","PlaceholderMod:Polyp"],"picked":"PlaceholderMod:SeverePoisonStrike","floor":12},{"not_picked":["PlaceholderMod:HardStrike","PlaceholderMod:ContinueSpray","PlaceholderMod:ProliferateStrike","PlaceholderMod:SprayAttack"],"picked":"PlaceholderMod:CorePoison","floor":12},{"not_picked":["PlaceholderMod:SprayAttack","PlaceholderMod:StressReaction","PlaceholderMod:EvolutionSpray","PlaceholderMod:HornyBlast"],"picked":"PlaceholderMod:Stable","floor":12},{"not_picked":["PlaceholderMod:NearChange","PlaceholderMod:ConsolidateHit","PlaceholderMod:Internalization","PlaceholderMod:ParasiteChange","PlaceholderMod:SpinBlade"],"picked":"SKIP","floor":12},{"not_picked":["HappyTeddy","SpiderBud"],"picked":"CrumblingArmor","floor":13},{"not_picked":["PlaceholderMod:OHStrongAttack","PlaceholderMod:DissolvingSpikes","PlaceholderMod:EvolutionSpray","PlaceholderMod:ParasiteChange"],"picked":"PlaceholderMod:Assimilation","floor":13},{"not_picked":["PlaceholderMod:SubstitutionNucleophilic1","PlaceholderMod:ChainPoly","PlaceholderMod:HealingAttack","PlaceholderMod:CycleAttack","PlaceholderMod:DirectingGroup"],"picked":"SKIP","floor":13},{"not_picked":["PlaceholderMod:Colorful","PlaceholderMod:SelectReaction","PlaceholderMod:SevereHeat","PlaceholderMod:DissolvingSpikes","PlaceholderMod:TriggerStrike"],"picked":"SKIP","floor":13},{"not_picked":["PlaceholderMod:SpinBlade","PlaceholderMod:Sweep","PlaceholderMod:DirectingGroup","PlaceholderMod:ProliferateStrike","PlaceholderMod:Internalization"],"picked":"SKIP","floor":13}],"player_experience":69704,"relics_obtained":[{"floor":1,"key":"Baka"},{"floor":1,"key":"SynthV:TestCard"},{"floor":6,"key":"aspiration:SneckoTail"},{"floor":8,"key":"PlaceholderMod:DeVermisMysteriis"},{"floor":9,"key":"CeramicFish"}],"event_choices":[],"is_beta":false,"boss_relics":[],"items_purged_floors":[14,15],"is_endless":false,"potions_floor_spawned":[3,6,8,12],"killed_by":"Hexaghost","ascension_level":3}}