{"host":"l2dnabsh5e0fsksb","time":1614152132,"event":{"mods":["2.2 Compatiblity","BaseMod","Downfall","Minty Spire (QoL Compilation)","Quick Restart","StSLib"],"gold_per_floor":[99,117,132,142,142,42,42,60,88,73,73,73,84,84,103,176,176,76,91,105,90,106,132,159,144,144,144,144,154,179,194,213,213,213,213],"floor_reached":33,"language":"ENG","playtime":1580,"items_purged":[],"score":491,"play_id":"949d5b88-0168-40bf-9fda-19506fcbfa1d","local_time":"20210224180532","is_ascension_mode":true,"campfire_choices":[{"floor":1.0,"key":"RECALL"},{"data":"hexamod:PhantomCloak","floor":6.0,"key":"SMITH"},{"floor":12.0,"key":"REST"},{"data":"hexamod:SpectersWail","floor":18.0,"key":"SMITH"},{"floor":27.0,"key":"REST"}],"circlet_count":0,"master_deck":["AscendersBane","hexamod:Strike","hexamod:Strike","hexamod:Strike","hexamod:Strike","hexamod:Defend","hexamod:Defend","hexamod:Defend","hexamod:Defend","hexamod:Sear","hexamod:Float","hexamod:FlamesFromBeyond","hexamod:SwordOfDarkness","hexamod:PhantomCloak+1","hexamod:Hexaguard","hexamod:AdvancingGuard+1","hexamod:SpectersWail+1","hexamod:Hexaguard","hexamod:HauntingEcho","hexamod:SearingWound+1","CurseOfTheBell","hexamod:HeatMetal","hexamod:FirstSeal","hexamod:GhostflameBarrier+1","hexamod:InspiringFlames","hexamod:ThermalTransfer","hexamod:StepThrough","Necronomicurse","hexamod:InspiringFlames+1","hexamod:ForkedFlame","hexamod:FlamesFromBeyond","hexamod:FirstSeal"],"relics":["hexamod:SpiritBrand","Ginger","downfall:HeartBlessingRed","Kunai","Turnip","Matryoshka","Calling Bell","Oddly Smooth Stone","Shuriken","Incense Burner","downfall:HeartBlessingGreen","War Paint","bronze:BronzeIdol","Regal Pillow","Necronomicon","Darkstone Periapt","Bronze Scales"],"acts_visited":["Exordium","TheCity"],"potions_floor_usage":[33],"damage_taken":[{"damage":0.0,"enemies":"Jaw Worm","floor":2.0,"turns":4.0},{"damage":0.0,"enemies":"2 Louse","floor":3.0,"turns":3.0},{"damage":0.0,"enemies":"Small Slimes","floor":4.0,"turns":3.0},{"damage":3.0,"enemies":"Blue Slaver","floor":8.0,"turns":3.0},{"damage":20.0,"enemies":"3 Sentries","floor":9.0,"turns":9.0},{"damage":0.0,"enemies":"downfall:FleeingMerchant","floor":10.0,"turns":4.0},{"damage":0.0,"enemies":"2 Fungi Beasts","floor":13.0,"turns":4.0},{"damage":0.0,"enemies":"Large Slime","floor":15.0,"turns":4.0},{"damage":32.0,"enemies":"WA_ARCHETYPE_RETAIN","floor":16.0,"turns":9.0},{"damage":16.0,"enemies":"downfall:LooterAlt2","floor":19.0,"turns":4.0},{"damage":8.0,"enemies":"3 Byrds","floor":20.0,"turns":4.0},{"damage":0.0,"enemies":"downfall:FleeingMerchant","floor":21.0,"turns":4.0},{"damage":23.0,"enemies":"3 Cultists","floor":22.0,"turns":5.0},{"damage":16.0,"enemies":"Gremlin Leader","floor":23.0,"turns":8.0},{"damage":0.0,"enemies":"downfall:FleeingMerchant","floor":25.0,"turns":4.0},{"damage":5.0,"enemies":"Snake Plant","floor":29.0,"turns":4.0},{"damage":24.0,"enemies":"Book of Stabbing","floor":30.0,"turns":7.0},{"damage":0.0,"enemies":"Cultist and Chosen","floor":31.0,"turns":4.0},{"damage":5.0,"enemies":"3 Cultists","floor":32.0,"turns":6.0},{"damage":30,"enemies":"IC_MUSHROOM_ARCHETYPE","floor":33,"turns":7}],"seed_played":"-926318606959469544","potions_obtained":[{"floor":3.0,"key":"Guardian:BlockOnCardUsePotion"},{"floor":4.0,"key":"Block Potion"},{"floor":9.0,"key":"sneckomod:MuddlingPotion"},{"floor":19.0,"key":"Guardian:BlockOnCardUsePotion"},{"floor":29.0,"key":"Explosive Potion"},{"floor":30.0,"key":"LiquidBronze"},{"floor":31.0,"key":"AttackPotion"}],"is_trial":false,"path_per_floor":["R","M","M","M","?","R","T","M","E","$","?","R","M","?","M","B",null,"R","M","M","$","M","E","T","$","?","R","?","M","E","M","M","B"],"character_chosen":"THE_SPIRIT","items_purchased":[],"campfire_rested":2,"item_purchase_floors":[],"current_hp_per_floor":[42,42,42,42,47,47,47,44,24,24,17,37,37,37,37,5,52,52,36,28,35,19,10,10,17,1,36,36,38,21,28,30,0,0,0],"gold":213,"neow_bonus":"ONE_RARE_RELIC","is_daily":false,"chose_seed":false,"campfire_upgraded":2,"win_rate":0.0,"timestamp":1614152132,"path_taken":["R","M","M","M","?","R","T","M","E","$","?","R","M","?","M","BOSS","R","M","M","$","M","E","T","?","?","R","?","M","E","M","M","BOSS"],"items_purchased_type":[],"build_version":"2020-12-22","purchased_purges":0,"victory":false,"max_hp_per_floor":[63,63,63,63,68,68,68,68,68,68,68,68,68,68,68,68,68,68,68,68,68,68,68,68,68,68,68,68,68,68,68,68,68,68,68],"card_choices":[{"not_picked":["hexamod:GhostShield","hexamod:Firestarter"],"picked":"hexamod:FlamesFromBeyond","floor":2.0},{"not_picked":["hexamod:Firestarter","hexamod:GhostOfSpireFuture"],"picked":"hexamod:SwordOfDarkness","floor":3.0},{"not_picked":["hexamod:FastForward","hexamod:Firestarter"],"picked":"hexamod:PhantomCloak","floor":4.0},{"not_picked":["hexamod:AdvancingGuard","hexamod:HeatMetal"],"picked":"hexamod:Hexaguard","floor":8.0},{"not_picked":["hexamod:HeatShield","hexamod:BacktrackSmack"],"picked":"hexamod:AdvancingGuard","floor":9.0},{"not_picked":["hexamod:SoulSteal","hexamod:BacktrackSmack"],"picked":"hexamod:SpectersWail","floor":10.0},{"not_picked":["hexamod:FastForward","hexamod:SpectralSpark"],"picked":"hexamod:Hexaguard","floor":13.0},{"not_picked":["hexamod:NightmareGuise","hexamod:Again"],"picked":"hexamod:HauntingEcho","floor":15.0},{"not_picked":["hexamod:ApocalypticArmor","hexamod:FifthSeal"],"picked":"hexamod:SearingWound","floor":16.0},{"not_picked":["hexamod:Hexaguard","hexamod:AdvancingGuard"],"picked":"hexamod:HeatMetal","floor":19.0},{"not_picked":["hexamod:BurningTouch","hexamod:SwordOfDarkness"],"picked":"hexamod:FirstSeal","floor":20.0},{"not_picked":["hexamod:HeatShield+1","hexamod:GhostShield"],"picked":"hexamod:GhostflameBarrier+1","floor":21.0},{"not_picked":["hexamod:Toasty","hexamod:BurningTouch"],"picked":"hexamod:InspiringFlames","floor":22.0},{"not_picked":["hexamod:BacktrackSmack","hexamod:Firestarter"],"picked":"hexamod:ThermalTransfer","floor":23.0},{"not_picked":["hexamod:ExtraCrispy","hexamod:DynamicBlow"],"picked":"hexamod:StepThrough","floor":25.0},{"not_picked":["hexamod:SecondSeal","hexamod:PhantomFireball"],"picked":"hexamod:InspiringFlames+1","floor":29.0},{"not_picked":["hexamod:Toasty","hexamod:ExtraCrispy"],"picked":"hexamod:ForkedFlame","floor":30.0},{"not_picked":["hexamod:HauntingEcho+1","hexamod:Firestarter"],"picked":"hexamod:FlamesFromBeyond","floor":31.0},{"not_picked":["hexamod:StepThrough","hexamod:Incineration"],"picked":"hexamod:FirstSeal","floor":32.0}],"player_experience":1975031,"relics_obtained":[{"floor":7.0,"key":"Kunai"},{"floor":9.0,"key":"Turnip"},{"floor":17.0,"key":"Oddly Smooth Stone"},{"floor":17.0,"key":"Shuriken"},{"floor":17.0,"key":"Incense Burner"},{"floor":23.0,"key":"War Paint"},{"floor":24.0,"key":"bronze:BronzeIdol"},{"floor":24.0,"key":"Regal Pillow"},{"floor":26.0,"key":"Necronomicon"},{"floor":30.0,"key":"Bronze Scales"}],"event_choices":[{"damage_healed":0.0,"max_hp_gain":5.0,"max_hp_loss":0.0,"gold_gain":0.0,"event_name":"Big Fish","player_choice":"Donut","floor":5.0,"gold_loss":0.0,"damage_taken":0.0},{"damage_healed":0.0,"max_hp_gain":0.0,"max_hp_loss":0.0,"gold_gain":0.0,"event_name":"Scrap Ooze","player_choice":"Success","floor":11.0,"gold_loss":0.0,"damage_taken":7.0,"relics_obtained":["Matryoshka"]}],"is_beta":false,"boss_relics":[{"not_picked":["SacredBark","Fusion Hammer"],"picked":"Calling Bell"}],"items_purged_floors":[],"is_endless":false,"potions_floor_spawned":[3,4,8,9,19,29,30,31],"killed_by":"IC_MUSHROOM_ARCHETYPE","ascension_level":14}}