{"host":"my4gslufyvqsq7r2","time":1614127252,"event":{"mods":["BaseMod","Colored Powertips","Hermit","Hubris","Infinite Spire","Minty Spire (QoL Compilation)","Rare Cards Sparkle","Relic Stats","Reliquary","Replay The Spire","Robot Space Explorer","StSLib"],"gold_per_floor":[119,119,129,144,162,162,178,24,24,24,41,70,86,161,161,262,262,277,277,290,290,303,303,303,323,323,338,350,369,369,369],"floor_reached":30,"language":"ENG","playtime":9066,"items_purged":[],"score":263,"play_id":"cd369544-bf2e-41af-b64b-1436c62384f3","local_time":"20210223194052","is_ascension_mode":false,"campfire_choices":[{"floor":6,"key":"REST"},{"floor":15,"key":"REST"},{"floor":24,"key":"REST"}],"circlet_count":0,"master_deck":["Strike_R","Strike_R","Strike_R","Strike_R","Defend_R","Defend_R","Defend_R","Defend_R","Bash","hubris:ReadiedAction","ReplayTheSpireMod:Strike From Hell","Inflame","hubris:ReadiedAction","True Grit","Rage","Eclipse","Replay:Undeath\u0027s Touch","Brutality","Inflame","Flex","ReplayTheSpireMod:Restless Dread","Sickly","infinitespire:FinalStrike","Battle Trance","Heavy Blade+1","ReplayTheSpireMod:Muscle Training","Replay:Undeath\u0027s Touch","Shrug It Off"],"relics":["Burning Blood","NeowsBlessing","Vajra","Mummified Hand","Mango","Honey Jar","hubris:Icosahedron","Replay:Bottled Snecko"],"acts_visited":["Exordium","TheCity"],"potions_floor_usage":[16,20,20],"damage_taken":[{"damage":0,"enemies":"Small Slimes","floor":1,"turns":1},{"damage":0,"enemies":"2 Louse","floor":3,"turns":1},{"damage":0,"enemies":"Jaw Worm","floor":4,"turns":1},{"damage":21,"enemies":"Large Slime","floor":5,"turns":6},{"damage":2,"enemies":"Exordium Wildlife","floor":7,"turns":3},{"damage":5,"enemies":"2 Fungi Beasts","floor":11,"turns":3},{"damage":26,"enemies":"Gremlin Nob","floor":12,"turns":4},{"damage":0,"enemies":"Large Slime","floor":13,"turns":6},{"damage":36,"enemies":"Hexaghost","floor":16,"turns":9},{"damage":26,"enemies":"2 Thieves","floor":18,"turns":4},{"damage":17,"enemies":"Shell Parasite","floor":20,"turns":4},{"damage":9,"enemies":"3 Cultists","floor":22,"turns":5},{"damage":30,"enemies":"Chosen and Byrds","floor":25,"turns":5},{"damage":0,"enemies":"Snecko","floor":27,"turns":2},{"damage":10,"enemies":"Snake Plant","floor":28,"turns":3},{"damage":21,"enemies":"3 Cultists","floor":29,"turns":5},{"damage":37,"enemies":"Centurion and Healer","floor":30,"turns":3}],"seed_played":"1383459764840005730","potions_obtained":[{"floor":1,"key":"HeartOfIron"},{"floor":3,"key":"FearPotion"},{"floor":12,"key":"AttackPotion"},{"floor":16,"key":"SteroidPotion"},{"floor":18,"key":"EssenceOfSteel"},{"floor":20,"key":"Cursed Concoction"},{"floor":25,"key":"Adrenaline Potion"}],"is_trial":false,"path_per_floor":["M","?","M","M","M","R","M","$","T","$","M","E","M","?","R","B",null,"M","?","M","?","M","?","R","M","T","M","M","M","M"],"character_chosen":"IRONCLAD","items_purchased":["Vajra"],"campfire_rested":3,"item_purchase_floors":[8],"current_hp_per_floor":[80,73,79,80,65,80,80,80,80,80,80,74,80,69,94,64,94,74,55,44,44,41,41,70,46,46,52,48,33,0,0],"gold":369,"neow_bonus":"THREE_ENEMY_KILL","is_daily":false,"chose_seed":false,"campfire_upgraded":0,"win_rate":0.0,"timestamp":1614127252,"path_taken":["M","?","M","M","M","R","M","$","T","$","M","E","M","?","R","BOSS","M","?","M","?","M","?","R","M","T","M","?","M","M"],"items_purchased_type":["Relic"],"build_version":"2020-12-22","purchased_purges":0,"victory":false,"max_hp_per_floor":[80,80,80,80,80,80,80,80,80,80,80,94,94,94,94,94,94,94,99,99,99,99,99,99,99,99,99,99,99,99,99],"relic_stats":{"counters":[17,65],"Mummified Hand":[25],"obtain_stats":[{"hubris:Icosahedron":23,"NeowsBlessing":0,"Mummified Hand":9,"Vajra":8,"Honey Jar":17,"Mango":12,"Replay:Bottled Snecko":26,"Burning Blood":0},{"hubris:Icosahedron":12,"NeowsBlessing":0,"Mummified Hand":5,"Vajra":5,"Honey Jar":9,"Mango":7,"Replay:Bottled Snecko":13,"Burning Blood":0},{"hubris:Icosahedron":47,"NeowsBlessing":0,"Mummified Hand":12,"Vajra":12,"Honey Jar":34,"Mango":19,"Replay:Bottled Snecko":52,"Burning Blood":0}],"Burning Blood":80},"card_choices":[{"not_picked":["Entrench","Warcry"],"picked":"hubris:ReadiedAction","floor":1},{"not_picked":["True Grit","Intimidate"],"picked":"ReplayTheSpireMod:Strike From Hell","floor":3},{"not_picked":["Shrug It Off","Whirlwind"],"picked":"Inflame","floor":4},{"not_picked":["Fire Breathing","Twin Strike"],"picked":"hubris:ReadiedAction","floor":5},{"not_picked":["Flex","Blood for Blood"],"picked":"True Grit","floor":7},{"not_picked":["Thunderclap","Anger"],"picked":"Rage","floor":11},{"not_picked":["Abandon","Run Through"],"picked":"Eclipse","floor":12},{"not_picked":["Thunderclap","Sever Soul"],"picked":"Replay:Undeath\u0027s Touch","floor":13},{"not_picked":["Impervious","Corruption"],"picked":"Brutality","floor":16},{"not_picked":["Perfected Strike+1","ReplayTheSpireMod:Strike From Hell","Run Through"],"picked":"Inflame","floor":18},{"not_picked":["Shockwave","Replay:Undeath\u0027s Touch","Twin Strike"],"picked":"Flex","floor":20},{"not_picked":["Replay:Fractal Strike","ReplayTheSpireMod:Haul"],"picked":"infinitespire:FinalStrike","floor":21},{"not_picked":["Headbutt","Wild Strike","Searing Blow"],"picked":"Battle Trance","floor":22},{"not_picked":["Clothesline","Blood for Blood+1","True Grit+1"],"picked":"Heavy Blade+1","floor":25},{"not_picked":["Armaments+1","Burning Pact","Cleave"],"picked":"ReplayTheSpireMod:Muscle Training","floor":27},{"not_picked":["Warcry+1","Evolve","Cleave"],"picked":"Replay:Undeath\u0027s Touch","floor":28},{"not_picked":["Run Through","Replay:Undeath\u0027s Touch","ReplayTheSpireMod:Strike From Hell"],"picked":"Shrug It Off","floor":29}],"player_experience":577823,"relics_obtained":[{"floor":9,"key":"Mummified Hand"},{"floor":12,"key":"Mango"},{"floor":26,"key":"Replay:Bottled Snecko"}],"event_choices":[{"cards_removed":["Strike_R"],"damage_healed":0,"gold_gain":0,"player_choice":"Card Removal","damage_taken":7,"max_hp_gain":0,"max_hp_loss":0,"event_name":"Golden Wing","floor":2,"gold_loss":0},{"damage_healed":0,"gold_gain":75,"player_choice":"Gather Gold","damage_taken":11,"max_hp_gain":0,"max_hp_loss":0,"event_name":"World of Goop","floor":14,"gold_loss":0},{"damage_healed":0,"gold_gain":0,"player_choice":"Shed Blood","damage_taken":24,"max_hp_gain":5,"max_hp_loss":0,"event_name":"Forgotten Altar","floor":19,"gold_loss":0}],"is_beta":false,"boss_relics":[{"not_picked":["Calling Bell","Sozu"],"picked":"Honey Jar"}],"items_purged_floors":[],"is_endless":false,"potions_floor_spawned":[1,3,12,16,18,20,25],"killed_by":"Centurion and Healer","ascension_level":0}}