{"host":"nn0usk9aafse27ii","time":1614130517,"event":{"mods":["BaseMod","Colored Map","Downfall","Highlight Path","Minty Spire (QoL Compilation)","Shop Mod","StSLib"],"gold_per_floor":[99,117,135,135,145,145,145,41,41,66,66,51,62,75,87,186,186,186,186,196,211,221,253,253,38,38,38,64,74,74,371,383,482,482,482,498,260,260,315,341,341,341,341,341,372,272,286,312,326,326],"floor_reached":51,"language":"ENG","playtime":4144,"items_purged":["Slimebound:Strike_Slimebound"],"score":973,"play_id":"9ec50fd9-7569-44dd-9d42-2b5b3c5cf23e","local_time":"20210223173517","is_ascension_mode":false,"campfire_choices":[{"data":"Slimebound:DuplicatedForm","floor":1.0,"key":"SMITH"},{"data":"Slimebound:HauntingLick","floor":6,"key":"SMITH"},{"data":"Slimebound:GoopSpray","floor":9,"key":"SMITH"},{"data":"Slimebound:Recycling","floor":11,"key":"SMITH"},{"data":"Slimebound:Nibble","floor":18,"key":"SMITH"},{"data":"Sadistic Nature","floor":27,"key":"SMITH"},{"data":"Slimebound:CorrosiveSpit","floor":30,"key":"SMITH"},{"data":"RitualDagger","floor":35,"key":"SMITH"},{"data":"Slimebound:HungryTackle","floor":43,"key":"SMITH"},{"floor":46,"key":"RECALL"}],"circlet_count":0,"master_deck":["Slimebound:Strike_Slimebound","Slimebound:Tackle","Slimebound:Defend_Slimebound","Slimebound:Defend_Slimebound","Slimebound:Defend_Slimebound","Slimebound:Defend_Slimebound","Slimebound:Split","Slimebound:CorrosiveSpit+1","Slimebound:DuplicatedForm+1","Slimebound:HauntingLick+1","Slimebound:GoopSpray+1","Slimebound:HungryTackle+1","Slimebound:GoopSpray+1","Enlightenment+1","Slimebound:Recycling+1","Slimebound:SplitAcid+1","Slimebound:HauntingLick+1","Slimebound:FlameTackle","Slimebound:Nibble+1","Slimebound:Darklings+1","RitualDagger+1","Slimebound:HauntingLick+1","Slimebound:SamplingLick+1","Slimebound:SplitMire+1","Slimebound:Prepare+1","Slimebound:SpikyOuterGoop","Sadistic Nature+1","Slimebound:Recollect+1","Slimebound:GoopSpray+1","Slimebound:SamplingLick+1","Slimebound:GoopSpray+1","Slimebound:HauntingLick+1","Slimebound:Recollect+1","Slimebound:WasteNot+1","Slimebound:SamplingLick+1","Secret Technique+1","Slimebound:HauntingLick+1","Slimebound:SplitAcid+1","expansioncontent:YouAreMine+1","Slimebound:SlimeTap+1"],"relics":["Slimebound:AbsorbEndCombatUpgraded","Toxic Egg 2","HornCleat","Anchor","Vajra","Boot","Bag of Preparation","Busted Crown","Gambling Chip","Ancient Tea Set","Slimebound:AggressiveSlimeRelic","Singing Bowl","downfall:HeartBlessingGreen","sneckomod:BlankCard"],"acts_visited":["Exordium","TheCity","TheBeyond"],"potions_floor_usage":[16,16,25,32,33,48,50,50,50],"damage_taken":[{"damage":17.0,"enemies":"Jaw Worm","floor":2.0,"turns":4.0},{"damage":0.0,"enemies":"Small Slimes","floor":3.0,"turns":3.0},{"damage":1.0,"enemies":"2 Louse","floor":5.0,"turns":2.0},{"damage":16,"enemies":"downfall:FleeingMerchant","floor":8,"turns":4},{"damage":31,"enemies":"3 Sentries","floor":10,"turns":6},{"damage":18,"enemies":"downfall:FleeingMerchant","floor":12,"turns":4},{"damage":15,"enemies":"Blue Slaver","floor":13,"turns":4},{"damage":16,"enemies":"2 Fungi Beasts","floor":14,"turns":3},{"damage":20,"enemies":"3 Louse","floor":15,"turns":4},{"damage":32,"enemies":"WA_ARCHETYPE_RETAIN","floor":16,"turns":5},{"damage":0,"enemies":"Shell Parasite","floor":20,"turns":3},{"damage":18,"enemies":"3 Byrds","floor":21,"turns":3},{"damage":5,"enemies":"Shelled Parasite and Fungi","floor":22,"turns":4},{"damage":39,"enemies":"Book of Stabbing","floor":23,"turns":4},{"damage":0,"enemies":"downfall:FleeingMerchant","floor":25,"turns":4},{"damage":18,"enemies":"Gremlin Leader","floor":28,"turns":3},{"damage":15,"enemies":"Snake Plant","floor":29,"turns":3},{"damage":0,"enemies":"downfall:FleeingMerchant","floor":31,"turns":1},{"damage":15,"enemies":"Snecko","floor":32,"turns":3},{"damage":15,"enemies":"DF_ARCHETYPE_CLAW","floor":33,"turns":4},{"damage":0,"enemies":"3 Darklings","floor":36,"turns":3},{"damage":15,"enemies":"2 Orb Walkers","floor":39,"turns":3},{"damage":18,"enemies":"Nemesis","floor":40,"turns":5},{"damage":15,"enemies":"Reptomancer","floor":45,"turns":3},{"damage":0,"enemies":"Orb Walker","floor":47,"turns":3},{"damage":18,"enemies":"Giant Head","floor":48,"turns":3},{"damage":15,"enemies":"3 Darklings","floor":49,"turns":3},{"damage":15,"enemies":"IC_BLOCK_ARCHETYPE","floor":50,"turns":4}],"seed_played":"1178379040879139582","potions_obtained":[{"floor":3.0,"key":"Ancient Potion"},{"floor":10,"key":"Dexterity Potion"},{"floor":14,"key":"champ:CounterPotion"},{"floor":15,"key":"EssenceOfSteel"},{"floor":23,"key":"hexamod:SoulburnPotion"},{"floor":28,"key":"Explosive Potion"},{"floor":32,"key":"hexamod:SoulburnPotion"},{"floor":33,"key":"SkillPotion"},{"floor":47,"key":"champ:CounterPotion"},{"floor":48,"key":"hexamod:SoulburnPotion"}],"is_trial":false,"path_per_floor":["R","M","M","?","M","R","T","$","R","E","R","$","M","M","M","B",null,"R","?","M","M","M","E","T","$","?","R","E","M","R","$","M","B",null,"R","M","?","?","?","E","T","?","R","?","E","R","M","E","M","B",null],"character_chosen":"SLIMEBOUND","items_purchased":["Enlightenment+1","Sadistic Nature","Slimebound:Recollect+1","Slimebound:HauntingLick+1","Secret Technique+1"],"campfire_rested":0,"item_purchase_floors":[8,25,25,31,37],"current_hp_per_floor":[65,64,65,62,65,65,65,64,64,56,56,59,61,64,65,48,65,65,59,65,65,65,53,53,65,65,65,65,65,65,65,65,65,65,65,65,65,65,65,65,65,65,65,65,67,67,69,71,71,71],"gold":326,"neow_bonus":"ONE_RANDOM_RARE_CARD","is_daily":false,"chose_seed":false,"campfire_upgraded":9,"win_rate":0.0,"timestamp":1614130517,"path_taken":["R","M","M","?","M","R","T","$","R","E","R","$","M","M","M","BOSS","R","?","M","M","M","E","T","$","?","R","E","M","R","$","M","BOSS","R","M","?","?","?","E","T","?","R","?","E","R","M","E","M","BOSS"],"items_purchased_type":["Card","Card","Card","Card","Card"],"build_version":"2020-12-22","purchased_purges":1,"victory":true,"max_hp_per_floor":[65,65,65,65,65,65,65,65,65,65,65,65,65,65,65,65,65,65,65,65,65,65,65,65,65,65,65,65,65,65,65,65,65,65,65,65,65,65,65,65,65,65,65,65,67,67,69,71,71,71],"card_choices":[{"not_picked":["Slimebound:SplitAcid","Slimebound:SplitBruiser"],"picked":"Slimebound:HauntingLick","floor":2.0},{"not_picked":["Slimebound:RainOfGoop","Slimebound:SamplingLick"],"picked":"Slimebound:GoopSpray","floor":3.0},{"not_picked":["Slimebound:DivideAndConquer","Slimebound:LeechEnergy"],"picked":"Slimebound:HungryTackle","floor":5.0},{"not_picked":["Slimebound:LeadByExample","Slimebound:HauntingLick+1"],"picked":"Slimebound:GoopSpray+1","floor":8},{"not_picked":["Slimebound:GoopSpray+1","Slimebound:SplitAcid+1"],"picked":"Slimebound:Recycling","floor":10},{"not_picked":["Slimebound:LivingWall+1","Slimebound:SplitBruiser+1"],"picked":"Slimebound:SplitAcid+1","floor":12},{"not_picked":["Slimebound:GoopTackle","Slimebound:PressTheAttack"],"picked":"Slimebound:HauntingLick+1","floor":13},{"not_picked":["Slimebound:ComboTackle","Slimebound:LeechEnergy"],"picked":"Slimebound:FlameTackle","floor":14},{"not_picked":["Slimebound:GoopTackle","Slimebound:ComboTackle"],"picked":"Slimebound:Nibble","floor":15},{"not_picked":["Slimebound:CheckThePlaybook+1","Slimebound:RallyTheTroops"],"picked":"Slimebound:Darklings+1","floor":16},{"not_picked":["Slimebound:RollThrough","Slimebound:GoopSpray+1"],"picked":"Slimebound:HauntingLick+1","floor":20},{"not_picked":["Slimebound:FinishingTackle","Slimebound:GoopSpray+1"],"picked":"Slimebound:SamplingLick+1","floor":21},{"not_picked":["Slimebound:LivingWall+1","Slimebound:ForwardTackle+1"],"picked":"Slimebound:SplitMire+1","floor":22},{"not_picked":["Slimebound:ServeAndProtect+1","Slimebound:DivideAndConquer"],"picked":"Slimebound:Prepare+1","floor":23},{"not_picked":["Slimebound:Recollect+1","Slimebound:Grow"],"picked":"Slimebound:SpikyOuterGoop","floor":25},{"not_picked":["Slimebound:ComboTackle","Slimebound:DuplicatedForm"],"picked":"Slimebound:GoopSpray+1","floor":28},{"not_picked":["Slimebound:GoopTackle","Slimebound:ComboTackle"],"picked":"Slimebound:SamplingLick+1","floor":29},{"not_picked":["Slimebound:FinishingTackle","Slimebound:TongueLash"],"picked":"Slimebound:GoopSpray+1","floor":31},{"not_picked":["Slimebound:Schlurp+1","Slimebound:LeechEnergy"],"picked":"Slimebound:Recollect+1","floor":32},{"not_picked":["Slimebound:PrepareCrush+1","Slimebound:Recycling"],"picked":"Slimebound:WasteNot+1","floor":33},{"not_picked":[],"picked":"Slimebound:SamplingLick+1","floor":36},{"not_picked":[],"picked":"Slimebound:HauntingLick+1","floor":39},{"not_picked":[],"picked":"Slimebound:SplitAcid+1","floor":40},{"not_picked":["expansioncontent:GuardianWhirl","expansioncontent:HyperBeam"],"picked":"expansioncontent:YouAreMine","floor":44},{"not_picked":["Slimebound:SplitLeeching+1"],"picked":"Singing Bowl","floor":45},{"not_picked":["Slimebound:PressTheAttack"],"picked":"Singing Bowl","floor":47},{"not_picked":["Slimebound:Repurpose+1"],"picked":"Singing Bowl","floor":48},{"not_picked":[],"picked":"Slimebound:SlimeTap+1","floor":49}],"player_experience":805011,"relics_obtained":[{"floor":7,"key":"HornCleat"},{"floor":10,"key":"Anchor"},{"floor":23,"key":"Vajra"},{"floor":24,"key":"Boot"},{"floor":28,"key":"Bag of Preparation"},{"floor":39,"key":"Gambling Chip"},{"floor":40,"key":"Ancient Tea Set"},{"floor":41,"key":"Slimebound:AggressiveSlimeRelic"},{"floor":45,"key":"Singing Bowl"},{"floor":48,"key":"sneckomod:BlankCard"}],"event_choices":[{"damage_healed":0.0,"max_hp_gain":0.0,"max_hp_loss":0.0,"gold_gain":0.0,"event_name":"Scrap Ooze","player_choice":"Success","floor":4.0,"gold_loss":0.0,"damage_taken":3.0,"relics_obtained":["Toxic Egg 2"]},{"damage_healed":0,"gold_gain":0,"player_choice":"Ignored","damage_taken":0,"max_hp_gain":0,"max_hp_loss":0,"event_name":"Ghosts","floor":26,"gold_loss":0},{"damage_healed":0,"gold_gain":0,"player_choice":"Fight","damage_taken":0,"max_hp_gain":0,"max_hp_loss":0,"event_name":"Mysterious Sphere","floor":39,"gold_loss":0},{"cards_removed":["Slimebound:Strike_Slimebound"],"damage_healed":0,"gold_gain":0,"player_choice":"Removed Attack","damage_taken":0,"max_hp_gain":0,"max_hp_loss":0,"event_name":"Falling","floor":42,"gold_loss":0}],"is_beta":false,"boss_relics":[{"not_picked":["Calling Bell","Sozu"],"picked":"Slimebound:AbsorbEndCombatUpgraded"},{"not_picked":["SacredBark","Philosopher\u0027s Stone"],"picked":"Busted Crown"}],"items_purged_floors":[37],"is_endless":false,"potions_floor_spawned":[3,10,14,15,23,28,32,33,47,48,49],"ascension_level":0}}