{"host":"z2o61o1qvcmvhuul","time":1614181346,"event":{"mods":["Act Like it!","BaseMod","Downfall","Gensokyo","Minty Spire (QoL Compilation)","Quick Restart","StSLib","SuperFastMode"],"gold_per_floor":[151,151,151,2,2,2,44,44,44,44,107,32,90,90,90,205,205,222,70,70,70,137,137,153,153,153,185,185,238,250,162,162,265,265,283,341,375,454,467,467,498,498,524,64,64,64,80,99,99,115],"floor_reached":51,"language":"ZHS","playtime":1898,"items_purged":["sneckomod:Strike","sneckomod:Defend","sneckomod:Defend"],"score":814,"play_id":"94fda227-74cc-413f-9835-0cf7edd2f693","local_time":"20210224234226","is_ascension_mode":false,"campfire_choices":[{"data":"sneckomod:GlitteringGambit","floor":10.0,"key":"SMITH"},{"data":"MasterReality","floor":15.0,"key":"SMITH"},{"data":"Wraith Form v2","floor":23.0,"key":"SMITH"},{"data":"sneckomod:UnendingSupply","floor":28.0,"key":"SMITH"},{"data":"Wraith Form v2","floor":30.0,"key":"SMITH"},{"data":"Enlightenment","floor":32.0,"key":"SMITH"},{"data":"Wraith Form v2","floor":40.0,"key":"SMITH"},{"data":"Wraith Form v2","floor":42.0,"key":"SMITH"},{"floor":49,"key":"REST"}],"circlet_count":0,"master_deck":["sneckomod:TailWhip","sneckomod:SnekBite","sneckomod:GlitteringGambit+1","sneckomod:SoulDraw","Enlightenment+1","sneckomod:UnknownDraw","MasterReality+1","Indignation","sneckomod:UnknownStrength","sneckomod:ImprovisedGuard","sneckomod:UnknownBoss","Dark Shackles","sneckomod:RainOfDice+1","sneckomod:UnendingSupply+1","Wraith Form v2+1","sneckomod:DiceBoulder+1","Adrenaline+1","Wraith Form v2+1","Wraith Form v2+1","sneckomod:UnknownClassPURPLE","sneckomod:UnknownClassPURPLE","sneckomod:UnknownClassPURPLE","sneckomod:UnknownClassPURPLE","sneckomod:UnknownClassPURPLE","TalkToTheHand+1","sneckomod:MasterEye+1","DevaForm+1","sneckomod:UnknownStrength","LessonLearned+1","TalkToTheHand+1","sneckomod:UnknownX+1","Wireheading","sneckomod:UnknownClassUrban Legend+1","Wraith Form v2+1","LessonLearned+1","sneckomod:UnendingSupply","sneckomod:UnknownUncommonPower","Master of Strategy","Flash of Steel+1","Dramatic Entrance+1","Apotheosis","sneckomod:SoulDraw","sneckomod:ImprovisedAttack+1","DevaForm"],"relics":["sneckomod:SuperSneckoSoul","Molten Egg 2","Toy Ornithopter","Lantern","MutagenicStrength","HornCleat","MawBank","sneckomod:SneckoBoss","Du-Vu Doll","Gambling Chip","Pen Nib","Regal Pillow","Membership Card","Mummified Hand"],"acts_visited":["Exordium","TheCity","TheBeyond"],"potions_floor_usage":[50,50],"damage_taken":[{"damage":8.0,"enemies":"Small Slimes","floor":1.0,"turns":3.0},{"damage":44.0,"enemies":"3 Sentries","floor":7.0,"turns":9.0},{"damage":11.0,"enemies":"Jaw Worm","floor":11.0,"turns":4.0},{"damage":0.0,"enemies":"2 Louse","floor":13.0,"turns":1.0},{"damage":0.0,"enemies":"Slime Boss","floor":16.0,"turns":4.0},{"damage":23.0,"enemies":"Spheric Guardian","floor":18.0,"turns":6.0},{"damage":13.0,"enemies":"Shell Parasite","floor":22.0,"turns":6.0},{"damage":0.0,"enemies":"Snecko","floor":24.0,"turns":3.0},{"damage":5.0,"enemies":"Shelled Parasite and Fungi","floor":27.0,"turns":4.0},{"damage":17.0,"enemies":"Slavers","floor":29.0,"turns":5.0},{"damage":11.0,"enemies":"Automaton","floor":33.0,"turns":9.0},{"damage":4.0,"enemies":"3 Shapes","floor":35.0,"turns":7.0},{"damage":22.0,"enemies":"2 Orb Walkers","floor":36.0,"turns":10.0},{"damage":3.0,"enemies":"Orb Walker","floor":37.0,"turns":7.0},{"damage":2.0,"enemies":"Mind Bloom Boss Battle","floor":38.0,"turns":8.0},{"damage":2.0,"enemies":"Jaw Worm Horde","floor":39.0,"turns":4.0},{"damage":4.0,"enemies":"Nemesis","floor":41.0,"turns":9.0},{"damage":29.0,"enemies":"4 Shapes","floor":47.0,"turns":5.0},{"damage":2.0,"enemies":"Transient","floor":48.0,"turns":5.0},{"damage":4,"enemies":"Donu and Deca","floor":50,"turns":6}],"seed_played":"-5852577580366647828","potions_obtained":[{"floor":16.0,"key":"CultistPotion"},{"floor":18.0,"key":"AttackPotion"},{"floor":33.0,"key":"Fire Potion"},{"floor":37.0,"key":"Fire Potion"},{"floor":39.0,"key":"LiquidBronze"},{"floor":41.0,"key":"CultistPotion"}],"is_trial":false,"path_per_floor":["M","?","?","$","?","R","E","R","T","R","M","$","M","?","R","B",null,"M","$","?","?","M","R","M","?","T","M","R","E","R","$","R","B",null,"M","?","M","?","M","R","E","R","T","$","?","?","M","M","R","B",null],"character_chosen":"THE_SNECKO","items_purchased":["Enlightenment","sneckomod:UnknownDraw","Lantern","Membership Card","Mummified Hand","sneckomod:UnknownUncommonPower","Master of Strategy"],"campfire_rested":1,"item_purchase_floors":[4,4,19,44,44,44,44],"current_hp_per_floor":[82,82,75,75,75,75,31,31,31,31,20,20,20,20,20,20,90,67,67,67,49,36,36,36,36,36,31,31,24,24,24,24,13,95,91,73,70,68,66,66,67,67,67,67,67,57,28,26,69,75],"gold":115,"neow_bonus":"ONE_RANDOM_RARE_CARD","is_daily":false,"chose_seed":false,"campfire_upgraded":8,"win_rate":0.0,"timestamp":1614181346,"path_taken":["M","?","?","?","?","R","E","R","T","R","M","$","?","?","R","BOSS","M","$","?","?","M","R","M","?","T","M","R","E","R","$","R","BOSS","M","?","M","?","M","R","E","R","T","$","?","?","M","?","R","BOSS"],"items_purchased_type":["Card","Card","Relic","Relic","Relic","Card","Card"],"build_version":"2020-12-22","purchased_purges":3,"victory":true,"max_hp_per_floor":[90,90,90,90,90,90,90,90,90,90,90,90,90,90,90,90,90,90,90,90,95,95,95,95,95,95,95,95,95,95,95,95,95,95,95,95,95,95,95,95,95,95,95,95,95,95,95,95,95,95],"card_choices":[{"not_picked":["sneckomod:IronFang","sneckomod:WideSting"],"picked":"sneckomod:SoulDraw","floor":1.0},{"not_picked":["sneckomod:DefensiveFlair","sneckomod:WideSting+1"],"picked":"sneckomod:UnknownVulnerable","floor":7.0},{"not_picked":["sneckomod:UnknownClassGREEN","sneckomod:UnknownDraw"],"picked":"sneckomod:UnknownStrength","floor":11.0},{"not_picked":["sneckomod:SoulRoll","sneckomod:SoulDraw"],"picked":"sneckomod:ImprovisedGuard","floor":13.0},{"not_picked":["sneckomod:Transmogrify","sneckomod:Cheat"],"picked":"sneckomod:UnknownRarePower","floor":16.0},{"not_picked":["sneckomod:Unknown1Cost","sneckomod:QuickMove"],"picked":"sneckomod:RainOfDice+1","floor":18.0},{"not_picked":["sneckomod:DiceCrush+1","sneckomod:UnknownClassGREEN"],"picked":"sneckomod:UnendingSupply","floor":22.0},{"not_picked":["sneckomod:DefensiveFlair","sneckomod:SoulDraw"],"picked":"sneckomod:DiceBoulder+1","floor":24.0},{"not_picked":["sneckomod:Memorize","sneckomod:Rotation"],"picked":"sneckomod:UnknownDexterity","floor":27.0},{"not_picked":["sneckomod:SoulCleanse","sneckomod:UnknownCommonAttack+1"],"picked":"sneckomod:UnknownDexterity","floor":29.0},{"not_picked":["sneckomod:Mudshield","sneckomod:DangerNoodle+1"],"picked":"sneckomod:UnknownRarePower","floor":33.0},{"not_picked":["Swivel","Study"],"picked":"TalkToTheHand","floor":35.0},{"not_picked":["sneckomod:SnekBeam+1","sneckomod:UnknownCommonSkill"],"picked":"sneckomod:MasterEye+1","floor":35.0},{"not_picked":["MasterReality","BowlingBash"],"picked":"DevaForm","floor":36.0},{"not_picked":["sneckomod:UnknownClassPURPLE+1","sneckomod:UnknownClassGREEN+1"],"picked":"sneckomod:UnknownStrength","floor":36.0},{"not_picked":["FearNoEvil","ForeignInfluence"],"picked":"LessonLearned","floor":37.0},{"not_picked":["sneckomod:Unknown1Cost","sneckomod:UnknownBlock+1","sneckomod:IronFang+1"],"picked":"SKIP","floor":37.0},{"not_picked":["ForeignInfluence","Nirvana"],"picked":"TalkToTheHand","floor":38.0},{"not_picked":["sneckomod:UnknownStrike+1","sneckomod:UnknownClassGREEN+1"],"picked":"sneckomod:UnknownX+1","floor":38.0},{"not_picked":["Weave","PathToVictory"],"picked":"Wireheading","floor":39.0},{"not_picked":["sneckomod:Unknown1Cost","sneckomod:QuickBite+1"],"picked":"sneckomod:UnknownClassUrban Legend+1","floor":39.0},{"not_picked":["FearNoEvil","Consecrate"],"picked":"LessonLearned","floor":41.0},{"not_picked":["sneckomod:UnknownStrike+1","sneckomod:UnknownClassPURPLE"],"picked":"sneckomod:UnendingSupply","floor":41.0},{"not_picked":["Bandage Up","Mind Blast+1"],"picked":"Flash of Steel+1","floor":46.0},{"not_picked":["Good Instincts","PanicButton"],"picked":"Dramatic Entrance+1","floor":46.0},{"not_picked":["Panache","HandOfGreed+1"],"picked":"Apotheosis","floor":46.0},{"not_picked":["sneckomod:SerpentIdol","sneckomod:UnknownBlock"],"picked":"sneckomod:SoulDraw","floor":47.0},{"not_picked":["sneckomod:SlitherStrike+1","sneckomod:SnekBeam+1"],"picked":"sneckomod:ImprovisedAttack+1","floor":48.0}],"player_experience":105289,"relics_obtained":[{"floor":7.0,"key":"Molten Egg 2"},{"floor":9.0,"key":"Toy Ornithopter"},{"floor":26.0,"key":"HornCleat"},{"floor":29.0,"key":"MawBank"},{"floor":36.0,"key":"Du-Vu Doll"},{"floor":38.0,"key":"Gambling Chip"},{"floor":41.0,"key":"Pen Nib"},{"floor":43.0,"key":"Regal Pillow"}],"event_choices":[{"damage_healed":0.0,"max_hp_gain":0.0,"max_hp_loss":0.0,"gold_gain":0.0,"cards_transformed":["sneckomod:Strike"],"event_name":"Living Wall","player_choice":"Change","floor":2.0,"gold_loss":0.0,"damage_taken":0.0,"cards_obtained":["sneckomod:DiceBoulder"]},{"cards_removed":["sneckomod:Strike"],"damage_healed":0.0,"max_hp_gain":0.0,"max_hp_loss":0.0,"gold_gain":0.0,"event_name":"Golden Wing","player_choice":"Card Removal","floor":3.0,"gold_loss":0.0,"damage_taken":7.0},{"damage_healed":0.0,"max_hp_gain":0.0,"max_hp_loss":0.0,"gold_gain":0.0,"cards_transformed":["sneckomod:Defend"],"event_name":"Transmorgrifier","player_choice":"Transformed","floor":5.0,"gold_loss":0.0,"damage_taken":0.0,"cards_obtained":["sneckomod:Unknown3Cost"]},{"damage_healed":0.0,"max_hp_gain":0.0,"max_hp_loss":0.0,"gold_gain":0.0,"event_name":"Match and Keep!","player_choice":"2 cards matched","floor":14.0,"gold_loss":0.0,"damage_taken":0.0,"cards_obtained":["sneckomod:UnknownBoss","Dark Shackles"]},{"damage_healed":0.0,"max_hp_gain":0.0,"max_hp_loss":0.0,"gold_gain":0.0,"event_name":"Drug Dealer","player_choice":"Inject Mutagens","floor":20.0,"gold_loss":0.0,"damage_taken":0.0,"relics_obtained":["MutagenicStrength"]},{"damage_healed":0.0,"max_hp_gain":5.0,"max_hp_loss":0.0,"gold_gain":0.0,"event_name":"Forgotten Altar","player_choice":"Shed Blood","floor":21.0,"gold_loss":0.0,"damage_taken":23.0},{"damage_healed":0.0,"max_hp_gain":0.0,"max_hp_loss":0.0,"gold_gain":0.0,"event_name":"Mysterious Sphere","player_choice":"Fight","floor":36.0,"gold_loss":0.0,"damage_taken":0.0},{"damage_healed":0.0,"max_hp_gain":0.0,"max_hp_loss":0.0,"gold_gain":0.0,"event_name":"MindBloom","player_choice":"Fight","floor":38.0,"gold_loss":0.0,"damage_taken":0.0},{"cards_removed":["sneckomod:DiceBoulder"],"damage_healed":0.0,"max_hp_gain":0.0,"max_hp_loss":0.0,"gold_gain":0.0,"event_name":"Falling","player_choice":"Removed Attack","floor":45.0,"gold_loss":0.0,"damage_taken":0.0},{"damage_healed":0.0,"max_hp_gain":0.0,"max_hp_loss":0.0,"gold_gain":0.0,"event_name":"SensoryStone","player_choice":"Memory 3","floor":46.0,"gold_loss":0.0,"damage_taken":10.0}],"is_beta":false,"boss_relics":[{"not_picked":["Busted Crown","Snecko Eye"],"picked":"sneckomod:SuperSneckoSoul"},{"not_picked":["SlaversCollar","Velvet Choker"],"picked":"sneckomod:SneckoBoss"}],"items_purged_floors":[12,31,44],"is_endless":false,"potions_floor_spawned":[16,18,33,37,39,41],"ascension_level":0}}