{"host":"zmtwm7g9txw073d3","time":1614163124,"event":{"mods":["BaseMod","Downfall","Hermit","Minty Spire (QoL Compilation)","StSLib","The Cursed","The Servant 0.9.4"],"gold_per_floor":[109,109,109,127,147,179,189,189,213,213,65,92,92,112,112,207,207,217,85,105,105,115,142,142,67,67,67,83,115,115,128,128,230,230,246,296,76,76,76,99,99,99,99],"floor_reached":42,"language":"ZHS","playtime":3877,"items_purged":["hermit:Enervate"],"score":442,"play_id":"ae0c455f-3249-40e7-9e42-a03b9be55fcc","local_time":"20210224183844","is_ascension_mode":false,"campfire_choices":[{"data":"hermit:Determination","floor":8.0,"key":"SMITH"},{"floor":10.0,"key":"REST"},{"floor":15.0,"key":"REST"},{"floor":24.0,"key":"REST"},{"data":"hermit:Quickdraw","floor":27.0,"key":"SMITH"},{"floor":32.0,"key":"REST"}],"circlet_count":0,"master_deck":["hermit:Strike_Hermit","hermit:Strike_Hermit","hermit:Strike_Hermit","hermit:Defend_Hermit","hermit:Defend_Hermit","hermit:Snapshot","hermit:Covet","hermit:Vantage","hermit:Malice","hermit:Shortfuse","hermit:CursedWeapon","hermit:Determination+1","hermit:SprayPray","hermit:Reprieve+1","hermit:Cheat+1","hermit:Quickdraw+1","hermit:Gestalt","downfall:Haunted","downfall:Haunted","hermit:ShadowCloak+1","hermit:Gambit","Impatience"],"relics":["hermit:Momento","NeowsBlessing","hermit:RyeStalk","Tiny Chest","Oddly Smooth Stone","Juzu Bracelet","Runic Pyramid","Darkstone Periapt","War Paint","HornCleat","Boot","hermit:Spyglass","bronze:MakeshiftBattery","Torii","Sling","Dream Catcher"],"acts_visited":["Exordium","TheCity","TheBeyond"],"potions_floor_usage":[],"damage_taken":[{"damage":0.0,"enemies":"Small Slimes","floor":1.0,"turns":1.0},{"damage":0.0,"enemies":"Cultist","floor":4.0,"turns":1.0},{"damage":0.0,"enemies":"2 Louse","floor":5.0,"turns":1.0},{"damage":28.0,"enemies":"Gremlin Nob","floor":6.0,"turns":4.0},{"damage":9.0,"enemies":"Blue Slaver","floor":7.0,"turns":3.0},{"damage":20.0,"enemies":"Lagavulin","floor":12.0,"turns":6.0},{"damage":12.0,"enemies":"Exordium Wildlife","floor":14.0,"turns":3.0},{"damage":36.0,"enemies":"Hexaghost","floor":16.0,"turns":12.0},{"damage":4.0,"enemies":"Chosen","floor":18.0,"turns":3.0},{"damage":17.0,"enemies":"Spheric Guardian","floor":20.0,"turns":4.0},{"damage":38.0,"enemies":"Snake Plant","floor":22.0,"turns":5.0},{"damage":39.0,"enemies":"Slavers","floor":23.0,"turns":4.0},{"damage":8.0,"enemies":"Cultist and Chosen","floor":28.0,"turns":5.0},{"damage":17.0,"enemies":"Gremlin Leader","floor":29.0,"turns":5.0},{"damage":28.0,"enemies":"Centurion and Healer","floor":31.0,"turns":7.0},{"damage":12.0,"enemies":"Automaton","floor":33.0,"turns":12.0},{"damage":9.0,"enemies":"Orb Walker","floor":35.0,"turns":4.0},{"damage":22.0,"enemies":"Mind Bloom Boss Battle","floor":36.0,"turns":10.0},{"damage":7,"enemies":"Reptomancer","floor":42,"turns":2}],"seed_played":"1314164425319390872","potions_obtained":[{"floor":12.0,"key":"Weak Potion"},{"floor":14.0,"key":"Regen Potion"},{"floor":16.0,"key":"Ancient Potion"},{"floor":20.0,"key":"Fire Potion"},{"floor":28.0,"key":"GamblersBrew"},{"floor":29.0,"key":"Dexterity Potion"},{"floor":31.0,"key":"DuplicationPotion"},{"floor":35.0,"key":"Energy Potion"},{"floor":36.0,"key":"SneckoOil"}],"is_trial":false,"path_per_floor":["M","?","?","M","M","E","M","R","T","R","$","E","?","M","R","B",null,"M","$","M","?","M","E","R","?","T","R","M","E","T","M","R","B",null,"M","?","$","?","?","T","?","E"],"character_chosen":"HERMIT","items_purchased":["Oddly Smooth Stone","hermit:Cheat","hermit:Quickdraw","Sling"],"campfire_rested":4,"item_purchase_floors":[11,19,19,37],"current_hp_per_floor":[75,68,68,68,68,40,31,31,31,53,53,33,33,21,43,22,75,75,75,62,74,44,5,31,31,31,31,31,26,26,10,36,24,87,80,66,66,66,61,61,61,66,66],"gold":99,"neow_bonus":"THREE_ENEMY_KILL","is_daily":false,"chose_seed":false,"campfire_upgraded":2,"win_rate":0.0,"timestamp":1614163124,"path_taken":["M","?","?","M","M","E","M","R","T","R","$","E","?","M","R","BOSS","M","$","M","?","M","E","R","?","T","R","M","E","?","M","R","BOSS","M","?","$","?","?","?","?","E"],"items_purchased_type":["Relic","Card","Card","Relic"],"build_version":"2020-12-22","purchased_purges":1,"victory":false,"max_hp_per_floor":[75,75,75,75,75,75,75,75,75,75,75,75,75,75,75,75,75,75,75,75,87,87,87,87,87,87,87,87,87,87,87,87,87,87,87,87,87,87,87,87,87,87,87],"card_choices":[{"not_picked":["hermit:Dive","hermit:HighCaliber"],"picked":"hermit:Vantage","floor":1.0},{"not_picked":["hermit:CalledShot","hermit:BodyArmor"],"picked":"hermit:BigShot","floor":4.0},{"not_picked":["hermit:Coalescence","hermit:LoneWolf"],"picked":"hermit:Shortfuse","floor":5.0},{"not_picked":["hermit:TrackingShot","hermit:BodyArmor"],"picked":"hermit:CursedWeapon","floor":6.0},{"not_picked":["hermit:Manifest","hermit:Gestalt"],"picked":"hermit:Determination","floor":7.0},{"not_picked":["hermit:Snipe","hermit:Manifest","hermit:Dive"],"picked":"SKIP","floor":12.0},{"not_picked":["hermit:ShadowCloak","hermit:Malice"],"picked":"hermit:SprayPray","floor":14.0},{"not_picked":["hermit:RoundhouseKick","hermit:BlackWind"],"picked":"hermit:Reprieve","floor":16.0},{"not_picked":["hermit:LowProfile","hermit:Snipe"],"picked":"hermit:HoleUp","floor":18.0},{"not_picked":["hermit:HighCaliber+1","hermit:TrackingShot"],"picked":"hermit:Gestalt","floor":20.0},{"not_picked":["hermit:TrackingShot","hermit:Adapt","hermit:FlashPowder"],"picked":"SKIP","floor":22.0},{"not_picked":["hermit:HoleUp","hermit:BodyArmor","hermit:SprayPray"],"picked":"SKIP","floor":23.0},{"not_picked":["hermit:Snipe","hermit:LoneWolf+1"],"picked":"hermit:ShadowCloak+1","floor":28.0},{"not_picked":["hermit:Enervate","hermit:Dive","hermit:TrackingShot"],"picked":"SKIP","floor":29.0},{"not_picked":["hermit:LowProfile","hermit:GhostlyPresence"],"picked":"hermit:Enervate","floor":31.0},{"not_picked":["hermit:HighNoon","hermit:Reprieve"],"picked":"hermit:Gambit","floor":33.0},{"not_picked":["hermit:Coalescence+1","hermit:Ricochet+1","hermit:Desperado+1"],"picked":"SKIP","floor":35.0},{"not_picked":["Trip","Magnetism"],"picked":"Impatience","floor":39}],"player_experience":124222,"relics_obtained":[{"floor":6.0,"key":"hermit:RyeStalk"},{"floor":9.0,"key":"Tiny Chest"},{"floor":12.0,"key":"Juzu Bracelet"},{"floor":23.0,"key":"War Paint"},{"floor":26.0,"key":"HornCleat"},{"floor":29.0,"key":"Boot"},{"floor":30.0,"key":"hermit:Spyglass"},{"floor":36.0,"key":"Torii"},{"floor":40,"key":"Dream Catcher"}],"event_choices":[{"cards_removed":["hermit:Defend_Hermit"],"damage_healed":0.0,"max_hp_gain":0.0,"max_hp_loss":0.0,"gold_gain":0.0,"event_name":"Golden Wing","player_choice":"Card Removal","floor":2.0,"gold_loss":0.0,"damage_taken":7.0},{"damage_healed":0.0,"max_hp_gain":0.0,"max_hp_loss":0.0,"gold_gain":0.0,"cards_transformed":["hermit:Strike_Hermit"],"event_name":"Transmorgrifier","player_choice":"Transformed","floor":3.0,"gold_loss":0.0,"damage_taken":0.0,"cards_obtained":["hermit:Malice"]},{"cards_removed":["hermit:Defend_Hermit"],"damage_healed":0.0,"max_hp_gain":0.0,"max_hp_loss":0.0,"gold_gain":0.0,"event_name":"Living Wall","player_choice":"Forget","floor":13.0,"gold_loss":0.0,"damage_taken":0.0},{"cards_removed":["hermit:BigShot"],"damage_healed":0.0,"max_hp_gain":0.0,"max_hp_loss":0.0,"gold_gain":0.0,"event_name":"Beggar","player_choice":"Gave Gold","floor":25.0,"gold_loss":75.0,"damage_taken":0.0},{"damage_healed":0.0,"max_hp_gain":0.0,"max_hp_loss":0.0,"gold_gain":0.0,"event_name":"MindBloom","player_choice":"Fight","floor":36.0,"gold_loss":0.0,"damage_taken":0.0},{"damage_healed":0,"gold_gain":0,"player_choice":"Ignored","damage_taken":0,"max_hp_gain":0,"max_hp_loss":0,"event_name":"Mysterious Sphere","floor":38,"gold_loss":0},{"damage_healed":0,"gold_gain":0,"player_choice":"Memory 2","damage_taken":5,"max_hp_gain":0,"max_hp_loss":0,"event_name":"SensoryStone","floor":39,"gold_loss":0},{"cards_removed":["hermit:HoleUp"],"damage_healed":0,"gold_gain":0,"player_choice":"Removed Skill","damage_taken":0,"max_hp_gain":0,"max_hp_loss":0,"event_name":"Falling","floor":41,"gold_loss":0}],"is_beta":false,"boss_relics":[{"not_picked":["Runic Dome","hermit:DentedPlate"],"picked":"Runic Pyramid"},{"not_picked":["Tiny House","Fusion Hammer"],"picked":"bronze:MakeshiftBattery"}],"items_purged_floors":[37],"is_endless":false,"potions_floor_spawned":[12,14,16,20,28,29,31,35,36],"killed_by":"Reptomancer","ascension_level":0}}