{"host":"8vqkh0x3c7vpgzzm","time":1614202530,"event":{"mods":["AchievementEnabler","BaseMod","Colored Map","Colored Powertips","Curses Come First","DeckTracker","Highlight Path","Minty Spire (QoL Compilation)","Permanent Neow","Quick Restart","Random Character Mod","Rare Cards Sparkle","Relic Sorter","Relic Stats","StSLib","SuperFastMode","Unceasing Turn Reminder","egg","everything is the same but u backflip on backflip"],"gold_per_floor":[114,114,114,130,55,81,81,81,108,125,125,155,155,186,186,264,264,274,284,303,317,53,53,53,53,53,70,70,99,99,99,99,174,224,244,86,99,109,109,109,109,109],"floor_reached":41,"language":"ENG","playtime":1684,"items_purged":["Defend_B","Strike_B"],"score":906,"play_id":"bec3a048-fff6-4edc-a242-3cd5491a9f3e","local_time":"20210224223530","is_ascension_mode":true,"campfire_choices":[{"data":"Zap","floor":8,"key":"SMITH"},{"data":"Dualcast","floor":11,"key":"SMITH"},{"data":"Streamline","floor":13,"key":"SMITH"},{"data":"Beam Cell","floor":15,"key":"SMITH"},{"floor":23,"key":"REST"},{"data":"Defragment","floor":25,"key":"SMITH"},{"data":"Coolheaded","floor":28,"key":"SMITH"},{"data":"Steam Power","floor":30,"key":"SMITH"},{"data":"Zap","floor":32,"key":"SMITH"},{"data":"Hologram","floor":40,"key":"SMITH"}],"circlet_count":0,"master_deck":["AscendersBane","Strike_B","Defend_B","Defend_B","Defend_B","Zap+1","Dualcast+1","Go for the Eyes","Seek","Beam Cell+1","Defragment+1","Steam Power+1","Streamline+1","All For One","Machine Learning","Chaos+1","Skim","Coolheaded+1","Good Instincts","Ghostly+1","Ghostly","Ghostly","Steam","Zap+1","Seek","Turbo","Hologram+1","Coolheaded+1","Conserve Battery+1"],"relics":["Cracked Core","NeowsBlessing","Ancient Tea Set","Toy Ornithopter","PreservedInsect","Centennial Puzzle","Philosopher\u0027s Stone","Oddly Smooth Stone","Tiny Chest","Boot","Tiny House"],"acts_visited":["Exordium","TheCity","TheBeyond"],"potions_floor_usage":[12,16,29,41],"damage_taken":[{"damage":0,"enemies":"Jaw Worm","floor":1,"turns":1},{"damage":0,"enemies":"2 Louse","floor":4,"turns":1},{"damage":0,"enemies":"3 Sentries","floor":6,"turns":1},{"damage":0,"enemies":"Cultist","floor":10,"turns":3},{"damage":18,"enemies":"Lagavulin","floor":12,"turns":6},{"damage":8,"enemies":"Gremlin Nob","floor":14,"turns":3},{"damage":16,"enemies":"Hexaghost","floor":16,"turns":5},{"damage":2,"enemies":"Spheric Guardian","floor":18,"turns":3},{"damage":17,"enemies":"Shell Parasite","floor":19,"turns":2},{"damage":33,"enemies":"Snecko","floor":20,"turns":4},{"damage":5,"enemies":"3 Cultists","floor":21,"turns":4},{"damage":0,"enemies":"Centurion and Healer","floor":27,"turns":5},{"damage":0,"enemies":"Book of Stabbing","floor":29,"turns":4},{"damage":10,"enemies":"Champ","floor":33,"turns":7},{"damage":13,"enemies":"3 Darklings","floor":35,"turns":5},{"damage":5,"enemies":"Orb Walker","floor":37,"turns":4},{"damage":0,"enemies":"Writhing Mass","floor":38,"turns":6},{"damage":39,"enemies":"Giant Head","floor":41,"turns":6}],"seed_played":"-2087943471584996985","potions_obtained":[{"floor":4,"key":"SpeedPotion"},{"floor":10,"key":"BlessingOfTheForge"},{"floor":14,"key":"PowerPotion"},{"floor":18,"key":"Energy Potion"},{"floor":21,"key":"Swift Potion"},{"floor":34,"key":"GamblersBrew"}],"is_trial":false,"path_per_floor":["M","?","?","M","$","E","?","R","T","M","R","E","R","E","R","B",null,"M","M","M","M","$","R","?","R","T","M","R","E","R","?","R","B",null,"M","$","M","M","?","R","E"],"character_chosen":"DEFECT","items_purchased":["Oddly Smooth Stone","Good Instincts","Hologram"],"campfire_rested":1,"item_purchase_floors":[22,22,36],"current_hp_per_floor":[64,57,57,57,57,57,57,57,57,57,57,44,44,36,36,25,60,58,41,8,3,3,24,24,24,24,24,24,29,29,29,29,19,36,23,23,18,18,18,18,0,0],"gold":109,"neow_bonus":"THREE_ENEMY_KILL","is_daily":false,"chose_seed":false,"campfire_upgraded":9,"win_rate":0.0,"timestamp":1614202530,"path_taken":["M","?","?","?","$","E","?","R","T","M","R","E","R","E","R","BOSS","M","M","M","?","$","R","?","R","T","M","R","E","R","?","R","BOSS","M","$","?","M","?","R","E"],"items_purchased_type":["Relic","Card","Card"],"build_version":"2020-12-22","purchased_purges":2,"victory":false,"max_hp_per_floor":[71,71,71,71,71,71,71,71,71,71,71,71,71,71,71,71,71,71,71,71,71,71,71,35,35,35,35,35,35,35,35,35,35,40,40,40,40,40,40,40,40,40],"relic_stats":{"Centennial Puzzle":[27],"counters":[18,70],"Tiny Chest":0,"PreservedInsect":195,"Boot":[38],"obtain_stats":[{"Centennial Puzzle":14,"Tiny House":34,"NeowsBlessing":0,"Oddly Smooth Stone":22,"Philosopher\u0027s Stone":17,"Tiny Chest":26,"PreservedInsect":12,"Cracked Core":0,"Ancient Tea Set":6,"Boot":29,"Toy Ornithopter":9},{"Centennial Puzzle":6,"Tiny House":14,"NeowsBlessing":0,"Oddly Smooth Stone":11,"Philosopher\u0027s Stone":7,"Tiny Chest":11,"PreservedInsect":5,"Cracked Core":0,"Ancient Tea Set":3,"Boot":13,"Toy Ornithopter":3},{"Centennial Puzzle":15,"Tiny House":49,"NeowsBlessing":0,"Oddly Smooth Stone":33,"Philosopher\u0027s Stone":20,"Tiny Chest":33,"PreservedInsect":12,"Cracked Core":0,"Ancient Tea Set":3,"Boot":42,"Toy Ornithopter":3}],"Toy Ornithopter":20},"card_choices":[{"not_picked":["Barrage","Fusion"],"picked":"Go for the Eyes","floor":1},{"not_picked":["Loop","Gash"],"picked":"Beam Cell","floor":4},{"not_picked":["Rip and Tear","Go for the Eyes"],"picked":"Defragment","floor":6},{"not_picked":["Compile Driver","Turbo"],"picked":"Steam Power","floor":10},{"not_picked":["Rebound","Reprogram"],"picked":"Streamline","floor":12},{"not_picked":["Redo","Auto Shields"],"picked":"All For One","floor":14},{"not_picked":["Creative AI","Amplify"],"picked":"Machine Learning","floor":16},{"not_picked":["Blizzard","Streamline"],"picked":"Chaos+1","floor":18},{"not_picked":["Static Discharge","Leap","Streamline+1"],"picked":"SKIP","floor":19},{"not_picked":["Cold Snap","Rebound"],"picked":"Skim","floor":20},{"not_picked":["Reprogram","Sweeping Beam"],"picked":"Coolheaded","floor":21},{"not_picked":["Auto Shields","Streamline+1"],"picked":"Steam","floor":27},{"not_picked":["Go for the Eyes","Stack","Ball Lightning"],"picked":"SKIP","floor":29},{"not_picked":["Buffer","Meteor Strike"],"picked":"Seek","floor":33},{"not_picked":["Gash","Stack"],"picked":"Turbo","floor":34},{"not_picked":["Redo","Recycle","Sweeping Beam"],"picked":"SKIP","floor":35},{"not_picked":["Hologram","Chill"],"picked":"Coolheaded+1","floor":37},{"not_picked":["Genetic Algorithm","Coolheaded"],"picked":"Conserve Battery+1","floor":38}],"player_experience":654893,"relics_obtained":[{"floor":6,"key":"Ancient Tea Set"},{"floor":9,"key":"Toy Ornithopter"},{"floor":12,"key":"PreservedInsect"},{"floor":14,"key":"Centennial Puzzle"},{"floor":26,"key":"Tiny Chest"},{"floor":29,"key":"Boot"}],"event_choices":[{"cards_removed":["Strike_B"],"damage_healed":0,"gold_gain":0,"player_choice":"Card Removal","damage_taken":7,"max_hp_gain":0,"max_hp_loss":0,"event_name":"Golden Wing","floor":2,"gold_loss":0},{"damage_healed":0,"gold_gain":0,"player_choice":"1 cards matched","damage_taken":0,"max_hp_gain":0,"max_hp_loss":0,"event_name":"Match and Keep!","floor":3,"gold_loss":0,"cards_obtained":["Seek"]},{"cards_removed":["Strike_B"],"damage_healed":0,"gold_gain":0,"player_choice":"Purged","damage_taken":0,"max_hp_gain":0,"max_hp_loss":0,"event_name":"Purifier","floor":7,"gold_loss":0},{"damage_healed":0,"gold_gain":0,"player_choice":"Became a Ghost","damage_taken":0,"max_hp_gain":0,"max_hp_loss":36,"event_name":"Ghosts","floor":24,"gold_loss":0,"cards_obtained":["Ghostly","Ghostly","Ghostly"]},{"damage_healed":0,"gold_gain":0,"player_choice":"1 cards matched","damage_taken":0,"max_hp_gain":0,"max_hp_loss":0,"event_name":"Match and Keep!","floor":31,"gold_loss":0,"cards_obtained":["Zap"]},{"damage_healed":0,"gold_gain":0,"player_choice":"Ignored","damage_taken":0,"max_hp_gain":0,"max_hp_loss":0,"event_name":"Tomb of Lord Red Mask","floor":39,"gold_loss":0}],"is_beta":false,"boss_relics":[{"not_picked":["Cursed Key","SacredBark"],"picked":"Philosopher\u0027s Stone"},{"not_picked":["FrozenCore","Busted Crown"],"picked":"Tiny House"}],"items_purged_floors":[5,36],"is_endless":false,"potions_floor_spawned":[4,10,14,18,20,21,35,37],"killed_by":"Giant Head","ascension_level":18}}