{"host":"xnjcin1g6gswdgtt","time":1614193523,"event":{"mods":["2.2 Compatiblity","Act Like it!","Arknights","Aspiration","Astrologer","BaseMod","Beaked The Cultist","Better Altar","Better Match","Better Note","Better Sensory Stone","Better Skull","Better Third Choice","Better Vampires","BetterRewards","Bossed Relics","Card Forge","CatGirl Mod","ChefMod","Colored Map","Colored Powertips","Conspire","Dota2Spire","Downfall","Duelist Mod","Elementarium","Energized Spire","Friendly Minions","Gold Saver","Gremlin Mod","GungeonMod","Hero for Fun","Highlight Path","Hubris","Jedi Mod","JesterMod","Marisa????????","Marked Mod","Menagerie","Minty Spire (QoL Compilation)","Pale of the Ancients","QueenMod","Quick Restart","Rare Cards Sparkle","Relic Stats","Reliquary","Replay The Spire","Robot Space Explorer","Ruina","Shade Mod","Shapeshifter Mod","Shop Mod","Small Relic Pack","Smile Girya","Spicy Shops","StSLib","The Alterego","The Animator","The Blue Laboratory","The Clintock","The Construct","The Cursed","The Death Knight","The Disciple","The Dragon Tamer","The Forsaken","The Hierophant","The Marked","The Mystic","The Necromancer","The Poker Player","The Runesmith","The Saiyan","The Servant 0.9.4","The Showman","The Wild Card","TheBandit","TheSwordswoman","TheVacant","Trackpad","Yuri Mod","??????REMEMod"],"gold_per_floor":[124,152,181,90,103,103,103,103,103,28,44,70,75,91,91,158,158,196,205,205,155,6,48,75,83,95,95,130,140,140,153,153,227,227,259,259,259],"floor_reached":36,"language":"ENG","playtime":6782,"items_purged":[],"score":438,"play_id":"1fbaf918-7c98-4064-948d-5ef539296b9c","local_time":"20210224130523","is_ascension_mode":false,"campfire_choices":[{"floor":6,"key":"RECALL"},{"floor":15,"key":"REST"},{"floor":27,"key":"REST"},{"floor":32,"key":"REST"}],"circlet_count":0,"master_deck":["animator:Aqua+1","animator:Sebas+1","animator:Chris+1","animator:Mitsurugi+1","animator:PinaCoLada+1","animator:Demiurge+1","animator:Spearman+1","animator:TukaLunaMarceau+1","animator:Togame+1","animator:Hans+1","animator:RoyMustang+1","animator:CowGirl+1","animator:Tyuule+1","animator:Tyuule+1","animator:Tyuule+1","animator:Vesta+1","relicPack:StarPlatinum","animator:Fredrika"],"relics":["animator:LivingPicture","animator:TheMissingPiece","Hammer of Thor","Seething Fire","Anvil of the Gods","REME_ComplimentaryCards","animator:PurgingStone","Menagerie:Aurumvore","relicPack:OneForAll","Dream Catcher","relicPack:KazumaCape","ruina:FalsePresent","Dota2Spire:PowerTreads","reliquary:TuningFork","Dota2Spire:RefresherOrb","relicPack:StarArrow","Philosopher\u0027s Stone"],"acts_visited":["Menagerie:Menagerie","ruina:Briah","TheBeyond"],"potions_floor_usage":[16],"damage_taken":[{"damage":0,"enemies":"Menagerie:2_RABBITS","floor":1,"turns":3},{"damage":0,"enemies":"Menagerie:MonstrousExperiment","floor":2,"turns":3},{"damage":0,"enemies":"Menagerie:WhisperingWraith","floor":3,"turns":4},{"damage":0,"enemies":"Menagerie:KEEPER_AND_YOUNG_SUNEATER","floor":5,"turns":5},{"damage":4,"enemies":"Menagerie:DREAD_MOTH_AND_GRAFTED_WORMS","floor":11,"turns":3},{"damage":0,"enemies":"Menagerie:Hydra","floor":12,"turns":4},{"damage":0,"enemies":"Menagerie:STYGIAN_BOAR_AND_RABBIT","floor":13,"turns":2},{"damage":0,"enemies":"Menagerie:MeltingSalamander","floor":14,"turns":2},{"damage":12,"enemies":"Menagerie:AVATARS","floor":16,"turns":4},{"damage":15,"enemies":"ruina:BadWolf","floor":18,"turns":4},{"damage":4,"enemies":"ruina:Nosferatu","floor":19,"turns":3},{"damage":0,"enemies":"ruina:RoadHome","floor":23,"turns":2},{"damage":15,"enemies":"ruina:KnightOfDespair","floor":25,"turns":4},{"damage":4,"enemies":"ruina:KingOfGreed","floor":28,"turns":3},{"damage":13,"enemies":"ruina:3_Scarecrows","floor":29,"turns":4},{"damage":0,"enemies":"ruina:QueenOfHate","floor":31,"turns":3},{"damage":35,"enemies":"ruina:JesterOfNihil","floor":33,"turns":6},{"damage":11,"enemies":"3 Darklings","floor":35,"turns":2}],"seed_played":"-5525147367550276480","potions_obtained":[{"floor":1,"key":"blueLaboratory:PhilterOfMotion"},{"floor":2,"key":"Reflective Coating"},{"floor":5,"key":"blueLaboratory:FruitPreserves"},{"floor":16,"key":"REME_GoldPotion"},{"floor":29,"key":"CultistPotion"}],"is_trial":false,"path_per_floor":["M","M","M","?","M","R","?","?","T","?","M","E","M","M","R","B",null,"M","M","?","?","$","E","T","M","T","R","M","M","?","M","R","B",null,"M","?"],"character_chosen":"THE_ANIMATOR","items_purchased":["animator:RoyMustang","animator:CowGirl"],"campfire_rested":3,"item_purchase_floors":[22,22],"current_hp_per_floor":[72,72,72,72,73,73,73,73,73,73,73,74,74,74,74,65,74,62,64,50,46,46,49,49,38,38,59,58,45,45,51,53,18,53,18,0,0],"gold":259,"neow_bonus":"TEN_PERCENT_HP_BONUS","is_daily":false,"chose_seed":false,"campfire_upgraded":0,"win_rate":0.0,"timestamp":1614193523,"path_taken":["M","M","M","?","?","R","?","?","T","?","M","E","M","?","R","BOSS","M","M","?","?","$","E","?","M","T","R","M","?","?","?","R","BOSS","M","?"],"items_purchased_type":["Card","Card"],"build_version":"2020-12-22","purchased_purges":0,"victory":false,"max_hp_per_floor":[72,72,72,72,73,73,73,73,73,73,74,74,74,74,74,74,74,74,74,74,69,69,69,69,70,70,70,70,70,53,53,53,53,53,26,26,26],"relic_stats":{"Dream Catcher":3,"counters":[18,61],"obtain_stats":[{"ruina:FalsePresent":21,"Dota2Spire:PowerTreads":23,"animator:TheMissingPiece":0,"relicPack:StarArrow":34,"Hammer of Thor":0,"DemoMod:GlassGuonStoneRelic":1,"Dota2Spire:RefresherOrb":30,"jedi:command_boss":30,"Seething Fire":0,"relicPack:OneForAll":8,"Frozen Eye":29,"Dream Catcher":12,"animator:PurgingStone":0,"relicPack:KazumaCape":17,"Anvil of the Gods":0,"Menagerie:Aurumvore":4,"Philosopher\u0027s Stone":35,"animator:LivingPicture":0,"reliquary:TuningFork":26,"REME_ComplimentaryCards":0},{"ruina:FalsePresent":11,"Dota2Spire:PowerTreads":12,"animator:TheMissingPiece":0,"relicPack:StarArrow":17,"Hammer of Thor":0,"DemoMod:GlassGuonStoneRelic":1,"Dota2Spire:RefresherOrb":15,"jedi:command_boss":15,"Seething Fire":0,"relicPack:OneForAll":4,"Frozen Eye":14,"Dream Catcher":6,"animator:PurgingStone":0,"relicPack:KazumaCape":9,"Anvil of the Gods":0,"Menagerie:Aurumvore":3,"Philosopher\u0027s Stone":18,"animator:LivingPicture":0,"reliquary:TuningFork":13,"REME_ComplimentaryCards":0},{"ruina:FalsePresent":37,"Dota2Spire:PowerTreads":39,"animator:TheMissingPiece":0,"relicPack:StarArrow":59,"Hammer of Thor":0,"DemoMod:GlassGuonStoneRelic":3,"Dota2Spire:RefresherOrb":50,"jedi:command_boss":50,"Seething Fire":0,"relicPack:OneForAll":15,"Frozen Eye":46,"Dream Catcher":22,"animator:PurgingStone":0,"relicPack:KazumaCape":30,"Anvil of the Gods":0,"Menagerie:Aurumvore":10,"Philosopher\u0027s Stone":60,"animator:LivingPicture":0,"reliquary:TuningFork":43,"REME_ComplimentaryCards":0}]},"card_choices":[{"not_picked":["animator:ChlammyZell","animator:Tyuule"],"picked":"animator:Sebas","floor":1},{"not_picked":["animator:Mikaela","animator:Mitsurugi"],"picked":"animator:Chris","floor":2},{"not_picked":["animator:OrikoMikuni","animator:Chris"],"picked":"animator:Elsword","floor":3},{"not_picked":["animator:Vanir","animator:Chris"],"picked":"animator:Mitsurugi","floor":5},{"not_picked":["animator:DolaRiku","animator:Togame"],"picked":"animator:PinaCoLada","floor":10},{"not_picked":["animator:MetalKnight","animator:Tyuule"],"picked":"animator:MamiTomoe","floor":10},{"not_picked":["animator:GazelDwargon","animator:ZankiKiguchi"],"picked":"animator:Demiurge","floor":11},{"not_picked":["animator:Sloth","animator:DolaStephanie"],"picked":"animator:Spearman","floor":12},{"not_picked":["animator:Hakurou","animator:Kazuma"],"picked":"animator:TukaLunaMarceau","floor":13},{"not_picked":["animator:Evileye","animator:Demiurge"],"picked":"animator:Shalltear","floor":14},{"not_picked":["animator:Sonic","animator:Tatsumaki"],"picked":"animator:Togame","floor":15},{"not_picked":["animator:Kyubey","animator:Wiz"],"picked":"animator:Hans","floor":16},{"not_picked":["animator:Tatsumaki","animator:Bozes"],"picked":"animator:Berserker","floor":18},{"not_picked":["animator:Guy","animator:AcuraTooru+1"],"picked":"animator:CrowleyEusford","floor":19},{"not_picked":["animator:Kuribayashi","animator:Shion"],"picked":"animator:Tyuule","floor":23},{"not_picked":["animator:YunYun","animator:Vanir"],"picked":"animator:Verdia","floor":25},{"not_picked":["animator:Aisha","animator:HiiragiShinya+1"],"picked":"animator:Lancer","floor":27},{"not_picked":["animator:CowGirl","animator:Biyorigo"],"picked":"animator:Tyuule","floor":28},{"not_picked":["animator:DolaCouronne+1","animator:DwarfShaman+1"],"picked":"animator:Tyuule","floor":29},{"not_picked":["animator:Yoichi","animator:Togame"],"picked":"animator:Vesta","floor":31},{"not_picked":["animator:Shizu","animator:PinaCoLada"],"picked":"animator:Father","floor":33},{"not_picked":["animator:Layla","animator:Gillette"],"picked":"animator:Fredrika","floor":35}],"player_experience":253885,"relics_obtained":[{"floor":12,"key":"Dream Catcher"},{"floor":23,"key":"Dota2Spire:PowerTreads"},{"floor":26,"key":"reliquary:TuningFork"}],"event_choices":[{"damage_healed":0,"gold_gain":0,"player_choice":"Pacify","damage_taken":0,"relics_obtained":["Menagerie:Aurumvore"],"max_hp_gain":0,"max_hp_loss":0,"event_name":"Menagerie:ScentOfGold","floor":4,"gold_loss":0},{"damage_healed":0,"gold_gain":0,"player_choice":"Ignored","damage_taken":0,"max_hp_gain":0,"max_hp_loss":0,"event_name":"Menagerie:Silence","floor":7,"gold_loss":0},{"damage_healed":0,"gold_gain":0,"player_choice":"1","damage_taken":0,"max_hp_gain":0,"max_hp_loss":0,"event_name":"betterMatch:BetterMatch","floor":10,"gold_loss":0,"cards_obtained":["betterMatch:ColorlessUncommonCard","betterMatch:UncommonCard","betterMatch:RareCard"]},{"damage_healed":0,"gold_gain":2,"player_choice":"2","damage_taken":0,"max_hp_gain":0,"max_hp_loss":14,"event_name":"betterStone:BetterStone","floor":20,"gold_loss":0}],"is_beta":false,"boss_relics":[{"not_picked":["hubris:GrandSneckoEye","ChewingGum"],"picked":"relicPack:KazumaCape"},{"not_picked":["Replay:Drink Me","beaked:SacredDeck"],"picked":"relicPack:StarArrow"}],"items_purged_floors":[],"is_endless":false,"potions_floor_spawned":[1,2,5,16,19,23,29,35],"ascension_level":0}}