{"host":"lg1piimdyocafd6j","time":1614178238,"event":{"mods":["AchievementEnabler","BaseMod","Better Third Choice","BetterRewards","Colored Map","Colored Powertips","Downfall","Minty Spire (QoL Compilation)","Quick Restart","Rare Cards Sparkle","Remove Card Discount Mod","Shop Mod","StSLib","SuperFastMode"],"gold_per_floor":[117,117,132,132,146,178,178,203,203,215,235,250,275,293,293,392,392,332,332,349,349,384,384,415,415,415,415,411,411,411,429,429,533,533,551,551,624,624,640,672,682,528,528,547,559,578,578,595,595,595,595,595,518,518,518],"floor_reached":54,"language":"ENG","playtime":3715,"items_purged":["Defend_B","Defend_B","Dualcast","Strike_B","Strike_B","Defend_B","Defend_B","Strike_B","Strike_B","Thunder Strike"],"score":672,"play_id":"d3d1e21f-f86f-41db-bdbb-0c5fee0526a0","local_time":"20210224155038","is_ascension_mode":false,"campfire_choices":[{"floor":7,"key":"REST"},{"floor":15,"key":"RECALL"},{"floor":23,"key":"REST"},{"data":"Static Discharge","floor":27,"key":"SMITH"},{"data":"Leap","floor":29,"key":"SMITH"},{"data":"Leap","floor":32,"key":"SMITH"},{"data":"Conserve Battery","floor":47,"key":"SMITH"},{"data":"Double Energy","floor":49,"key":"SMITH"},{"data":"Thunder Strike","floor":52,"key":"SMITH"}],"circlet_count":0,"master_deck":["Zap+1","Double Energy+1","Thunder Strike","Static Discharge+1","Leap+1","Leap+1","Leap+1","Conserve Battery+1","Self Repair","Double Energy+1","Self Repair","Thunder Strike+1","Reinforced Body+1","Conserve Battery","Ball Lightning+1","Conserve Battery+1"],"relics":["Cracked Core","Membership Card","War Paint","Calipers","Odd Mushroom","Runic Pyramid","Red Mask","Nunchaku","DataDisk","Inserter","Singing Bowl","Blood Vial","Happy Flower","Kunai"],"acts_visited":["Exordium","TheCity","TheBeyond","TheEnding"],"potions_floor_usage":[40,50,50,50,54,54],"damage_taken":[{"damage":0,"enemies":"Cultist","floor":1,"turns":4},{"damage":0,"enemies":"Jaw Worm","floor":3,"turns":4},{"damage":0,"enemies":"Small Slimes","floor":5,"turns":4},{"damage":24,"enemies":"3 Sentries","floor":6,"turns":6},{"damage":41,"enemies":"Gremlin Nob","floor":8,"turns":5},{"damage":0,"enemies":"2 Fungi Beasts","floor":10,"turns":5},{"damage":6,"enemies":"Exordium Thugs","floor":11,"turns":5},{"damage":4,"enemies":"Looter","floor":12,"turns":3},{"damage":4,"enemies":"The Mushroom Lair","floor":13,"turns":5},{"damage":2,"enemies":"2 Fungi Beasts","floor":14,"turns":5},{"damage":38,"enemies":"Slime Boss","floor":16,"turns":11},{"damage":24,"enemies":"2 Thieves","floor":18,"turns":4},{"damage":3,"enemies":"Chosen","floor":20,"turns":5},{"damage":44,"enemies":"Masked Bandits","floor":22,"turns":6},{"damage":17,"enemies":"Slavers","floor":24,"turns":7},{"damage":1,"enemies":"Snake Plant","floor":31,"turns":5},{"damage":4,"enemies":"Automaton","floor":33,"turns":9},{"damage":40,"enemies":"3 Shapes","floor":35,"turns":6},{"damage":11,"enemies":"3 Darklings","floor":39,"turns":8},{"damage":16,"enemies":"Nemesis","floor":40,"turns":6},{"damage":2,"enemies":"Spire Growth","floor":41,"turns":6},{"damage":26,"enemies":"Sphere and 2 Shapes","floor":44,"turns":6},{"damage":6,"enemies":"Transient","floor":45,"turns":5},{"damage":26,"enemies":"Writhing Mass","floor":46,"turns":7},{"damage":8,"enemies":"Spire Growth","floor":48,"turns":5},{"damage":38,"enemies":"Awakened One","floor":50,"turns":6},{"damage":8,"enemies":"Shield and Spear","floor":54,"turns":3}],"seed_played":"-7767359463587901184","potions_obtained":[{"floor":5,"key":"FocusPotion"},{"floor":6,"key":"FocusPotion"},{"floor":10,"key":"Block Potion"},{"floor":45,"key":"PowerPotion"}],"is_trial":false,"path_per_floor":["M","?","M","?","M","E","R","E","T","M","M","M","?","M","R","B",null,"M","?","M","?","?","R","E","?","T","R","$","R","$","M","R","B",null,"M","?","T","$","M","E","M","$","T","M","M","M","R","M","R","B",null,"R","$","E"],"character_chosen":"DEFECT","items_purchased":["Double Energy","Membership Card","Thunder Strike","Static Discharge","Leap","Leap","Leap","Conserve Battery","Thunder Strike","Happy Flower","LiquidMemories","DistilledChaos"],"campfire_rested":2,"item_purchase_floors":[0,0,0,0,0,0,0,0,42,42,53,53],"current_hp_per_floor":[75,75,75,75,75,58,75,41,41,48,49,52,55,60,60,36,75,65,75,75,75,38,60,57,51,51,51,51,51,51,64,64,74,75,49,49,49,49,52,52,68,68,68,60,72,64,64,72,72,50,85,85,85,77,77],"gold":518,"neow_bonus":"","is_daily":false,"chose_seed":false,"campfire_upgraded":6,"win_rate":0.0,"timestamp":1614178238,"path_taken":["M","?","M","?","M","E","R","E","T","M","M","M","?","M","R","BOSS","M","?","?","?","?","R","E","?","T","R","$","R","$","?","R","BOSS","M","?","?","$","M","E","M","$","T","M","M","M","R","M","R","BOSS","R","$","E"],"items_purchased_type":["Card","Relic","Card","Card","Card","Card","Card","Card","Card","Relic","Potion","Potion"],"build_version":"2020-12-22","purchased_purges":10,"victory":false,"max_hp_per_floor":[75,75,75,75,75,75,75,75,75,75,75,75,75,75,75,75,75,75,75,75,75,75,75,75,75,75,75,75,75,75,75,75,75,75,75,75,75,75,75,77,79,79,79,81,83,85,85,85,85,85,85,85,85,85,85],"card_choices":[{"not_picked":["Streamline","Reinforced Body","Stack"],"picked":"SKIP","floor":1},{"not_picked":["Reprogram","Force Field"],"picked":"Self Repair","floor":3},{"not_picked":["Go for the Eyes","Steam"],"picked":"Double Energy","floor":5},{"not_picked":["Stack","Ball Lightning","Gash"],"picked":"SKIP","floor":6},{"not_picked":["Rebound","FTL","Cold Snap"],"picked":"SKIP","floor":8},{"not_picked":["Rainbow","Stack","Coolheaded"],"picked":"SKIP","floor":10},{"not_picked":["Coolheaded","Compile Driver","Gash"],"picked":"SKIP","floor":11},{"not_picked":["Go for the Eyes","Fusion"],"picked":"Reinforced Body","floor":12},{"not_picked":["Recycle","Streamline"],"picked":"Self Repair","floor":14},{"not_picked":["Echo Form","Hyperbeam"],"picked":"Thunder Strike","floor":16},{"not_picked":["Beam Cell","Reinforced Body","Rip and Tear"],"picked":"SKIP","floor":18},{"not_picked":["Recycle","Streamline+1"],"picked":"Reinforced Body+1","floor":20},{"not_picked":["Genetic Algorithm","Loop"],"picked":"Conserve Battery","floor":22},{"not_picked":["Melter+1","Steam","Redo"],"picked":"SKIP","floor":24},{"not_picked":["Steam","Go for the Eyes","Hologram"],"picked":"SKIP","floor":31},{"not_picked":["Beam Cell+1","FTL+1","Barrage"],"picked":"SKIP","floor":35},{"not_picked":["Turbo+1","Cold Snap+1"],"picked":"Ball Lightning+1","floor":39},{"not_picked":["Compile Driver+1","Rebound+1","Reinforced Body"],"picked":"Singing Bowl","floor":40},{"not_picked":["Sunder+1","Hologram+1","Doom and Gloom+1"],"picked":"Singing Bowl","floor":41},{"not_picked":["Cold Snap+1","Redo+1","Darkness"],"picked":"Singing Bowl","floor":44},{"not_picked":["Go for the Eyes+1","Auto Shields+1","Steam+1"],"picked":"Singing Bowl","floor":45},{"not_picked":["Meteor Strike","Rebound+1","Barrage"],"picked":"Singing Bowl","floor":46},{"not_picked":["Capacitor","Reprogram"],"picked":"Conserve Battery+1","floor":48}],"player_experience":207528,"relics_obtained":[{"floor":6,"key":"War Paint"},{"floor":8,"key":"Calipers"},{"floor":13,"key":"Odd Mushroom"},{"floor":22,"key":"Red Mask"},{"floor":24,"key":"Nunchaku"},{"floor":26,"key":"DataDisk"},{"floor":37,"key":"Singing Bowl"},{"floor":40,"key":"Blood Vial"},{"floor":43,"key":"Kunai"}],"event_choices":[{"damage_healed":0,"gold_gain":0,"player_choice":"Grow","damage_taken":0,"max_hp_gain":0,"max_hp_loss":0,"event_name":"Living Wall","floor":2,"gold_loss":0,"cards_upgraded":["Zap"]},{"damage_healed":0,"gold_gain":0,"player_choice":"Ignored","damage_taken":0,"max_hp_gain":0,"max_hp_loss":0,"event_name":"Golden Idol","floor":4,"gold_loss":0},{"damage_healed":0,"gold_gain":0,"player_choice":"Fought Mushrooms","damage_taken":0,"max_hp_gain":0,"max_hp_loss":0,"event_name":"Mushrooms","floor":13,"gold_loss":0},{"cards_removed":["Reinforced Body"],"damage_healed":10,"gold_gain":0,"player_choice":"Offered Uncommon","damage_taken":0,"max_hp_gain":0,"max_hp_loss":0,"event_name":"Bonfire Elementals","floor":19,"gold_loss":0},{"damage_healed":0,"gold_gain":0,"player_choice":"Read","damage_taken":0,"max_hp_gain":0,"max_hp_loss":0,"event_name":"The Library","floor":21,"gold_loss":0,"cards_obtained":["Ball Lightning"]},{"damage_healed":0,"gold_gain":0,"player_choice":"Fought Bandits","damage_taken":0,"max_hp_gain":0,"max_hp_loss":0,"event_name":"Masked Bandits","floor":22,"gold_loss":0},{"damage_healed":0,"gold_gain":0,"player_choice":"","damage_taken":6,"max_hp_gain":0,"max_hp_loss":0,"event_name":"Knowing Skull","floor":25,"potions_obtained":[],"gold_loss":0,"cards_obtained":[]},{"cards_removed":["Ball Lightning"],"damage_healed":0,"gold_gain":0,"player_choice":"Removed Attack","damage_taken":0,"max_hp_gain":0,"max_hp_loss":0,"event_name":"Falling","floor":36,"gold_loss":0}],"is_beta":false,"boss_relics":[{"not_picked":["Tiny House","Nuclear Battery"],"picked":"Runic Pyramid"},{"not_picked":["Astrolabe","bronze:MakeshiftBattery"],"picked":"Inserter"}],"items_purged_floors":[0,0,0,0,0,0,0,28,28,53],"is_endless":false,"potions_floor_spawned":[5,6,10,11,12,14,20,24,31,33,39,45,48],"killed_by":"Shield and Spear","ascension_level":0}}