{"host":"w97dq1whmpm6b2tc","time":1614201939,"event":{"mods":["BaseMod","Challenge The Spire","Downfall","Minty Spire (QoL Compilation)","StSLib"],"gold_per_floor":[99,119,129,142,142,48,48,48,33,58,69,69,94,110,124,226,226,226,246,260,260,260,182,182,202,202,202,202],"floor_reached":26,"language":"ENG","playtime":1435,"items_purged":["hexamod:Strike"],"score":240,"play_id":"cf5c061c-afca-4bfd-bb7b-85b1624725c5","local_time":"20210224232539","is_ascension_mode":true,"campfire_choices":[{"data":"hexamod:Float","floor":1,"key":"SMITH"},{"data":"hexamod:SoulSteal","floor":8,"key":"SMITH"},{"floor":12,"key":"REST"},{"data":"hexamod:SearingWound","floor":18,"key":"SMITH"}],"circlet_count":0,"master_deck":["hexamod:Strike","hexamod:Strike","hexamod:Defend","hexamod:Defend","hexamod:Defend","hexamod:Sear","hexamod:Float+1","hexamod:WildfireWeapon","hexamod:SuperheatedStrike","hexamod:BurningTouch","hexamod:SoulSteal+1","hexamod:ThermalTransfer","hexamod:ExtraCrispy","hexamod:GhostflameBarrier","hexamod:SearingWound+1","hexamod:SearingWound","hexamod:Hexaguard+1","hexamod:FirstSeal","hexamod:PhantomCloak+1"],"relics":["hexamod:SpiritBrand","Matryoshka","Ancient Tea Set","Bottled Tornado","Mango","Lantern","Empty Cage","MawBank","InkBottle"],"acts_visited":["Exordium","TheCity"],"potions_floor_usage":[13,16,19],"damage_taken":[{"damage":0,"enemies":"Cultist","floor":2,"turns":3},{"damage":2,"enemies":"Small Slimes","floor":3,"turns":4},{"damage":7,"enemies":"Jaw Worm","floor":4,"turns":3},{"damage":0,"enemies":"downfall:FleeingMerchant","floor":6,"turns":4},{"damage":5,"enemies":"downfall:FleeingMerchant","floor":9,"turns":4},{"damage":21,"enemies":"Lagavulin","floor":10,"turns":5},{"damage":7,"enemies":"Exordium Wildlife","floor":11,"turns":3},{"damage":9,"enemies":"Gremlin Nob","floor":13,"turns":3},{"damage":0,"enemies":"2 Fungi Beasts","floor":14,"turns":3},{"damage":3,"enemies":"3 Louse","floor":15,"turns":2},{"damage":17,"enemies":"IC_STATUS_ARCHETYPE","floor":16,"turns":5},{"damage":13,"enemies":"3 Byrds","floor":19,"turns":5},{"damage":32,"enemies":"Shell Parasite","floor":20,"turns":6},{"damage":0,"enemies":"downfall:FleeingMerchant","floor":23,"turns":4},{"damage":0,"enemies":"Snecko","floor":25,"turns":4},{"damage":35,"enemies":"Gremlin Leader","floor":26,"turns":6}],"seed_played":"6832113832304791120","potions_obtained":[{"floor":10,"key":"Slimebound:ThreeZeroPotion"},{"floor":11,"key":"Energy Potion"},{"floor":13,"key":"DistilledChaos"},{"floor":14,"key":"SkillPotion"},{"floor":20,"key":"hexamod:SoulburnPotion"}],"is_trial":false,"path_per_floor":["R","M","M","M","T","$","T","R","$","E","M","R","E","M","M","B",null,"R","M","M","?","T","$","T","M","E"],"character_chosen":"THE_SPIRIT","items_purchased":["hexamod:SoulSteal"],"campfire_rested":1,"item_purchase_floors":[6],"current_hp_per_floor":[49,49,47,40,40,40,40,40,35,28,21,46,37,37,34,17,84,84,71,39,32,32,39,39,39,4,4,4],"gold":202,"neow_bonus":"THREE_RARE_CARDS","is_daily":false,"chose_seed":false,"campfire_upgraded":3,"win_rate":0.0,"timestamp":1614201939,"path_taken":["R","M","M","?","?","?","T","R","$","E","M","R","E","M","M","BOSS","R","M","M","?","?","?","T","M","E"],"items_purchased_type":["Card"],"build_version":"2020-12-22","purchased_purges":1,"victory":false,"max_hp_per_floor":[70,70,70,70,70,70,70,70,70,84,84,84,84,84,84,84,84,84,84,84,84,84,84,84,84,84,84,84],"card_choices":[{"not_picked":["hexamod:UnlimitedPower","hexamod:GhostflameInferno"],"picked":"hexamod:WildfireWeapon","floor":0},{"not_picked":["hexamod:FastForward","hexamod:Firestarter"],"picked":"hexamod:SuperheatedStrike","floor":2},{"not_picked":["hexamod:NightmareGuise","hexamod:Firestarter","hexamod:Again"],"picked":"SKIP","floor":3},{"not_picked":["hexamod:InspiringFlames","hexamod:ShieldOfDarkness"],"picked":"hexamod:BurningTouch","floor":4},{"not_picked":["hexamod:ShieldOfDarkness","hexamod:AdvancingGuard","hexamod:TimeWarp"],"picked":"SKIP","floor":6},{"not_picked":["hexamod:GhostOfSpirePast","hexamod:SpectersWail"],"picked":"hexamod:ThermalTransfer","floor":9},{"not_picked":["hexamod:HauntingEcho","hexamod:NightmareGuise","hexamod:Again"],"picked":"SKIP","floor":10},{"not_picked":["hexamod:GhostOfSpirePast","hexamod:BacktrackSmack"],"picked":"hexamod:ExtraCrispy","floor":11},{"not_picked":["hexamod:ChargedBarrage","hexamod:CatchUp"],"picked":"hexamod:GhostflameBarrier","floor":13},{"not_picked":["hexamod:SpectersWail","hexamod:AdvancingGuard"],"picked":"hexamod:SearingWound","floor":14},{"not_picked":["hexamod:ChargedBarrage","hexamod:EmpoweredFlame","hexamod:InspiringFlames"],"picked":"SKIP","floor":15},{"not_picked":["hexamod:Toasty","hexamod:TimeOfNeed"],"picked":"hexamod:SearingWound","floor":16},{"not_picked":["hexamod:GhostShield+1","hexamod:HauntingEcho","hexamod:BacktrackSmack"],"picked":"SKIP","floor":19},{"not_picked":["hexamod:Haunt","hexamod:BacktrackSmack"],"picked":"hexamod:Hexaguard+1","floor":20},{"not_picked":["hexamod:PhantomFireball+1","hexamod:NightmareStrike"],"picked":"hexamod:PhantomCloak+1","floor":23},{"not_picked":["hexamod:SpectersWail","hexamod:Firestarter","hexamod:SuperheatedStrike+1"],"picked":"SKIP","floor":25}],"player_experience":3844482,"relics_obtained":[{"floor":5,"key":"Matryoshka"},{"floor":7,"key":"Ancient Tea Set"},{"floor":7,"key":"Bottled Tornado"},{"floor":10,"key":"Mango"},{"floor":13,"key":"Lantern"},{"floor":22,"key":"MawBank"},{"floor":24,"key":"InkBottle"}],"event_choices":[],"is_beta":false,"boss_relics":[{"not_picked":["SlaversCollar","Fusion Hammer"],"picked":"Empty Cage"}],"items_purged_floors":[23],"is_endless":false,"potions_floor_spawned":[10,11,13,14,15,20],"killed_by":"Gremlin Leader","ascension_level":2}}