{"host":"nbofzmb1hl9rnais","time":1614189066,"event":{"mods":["BaseMod","Colored Map","Minty Spire (QoL Compilation)","StSLib","The Bug Knight"],"gold_per_floor":[111,111,121,39,39,66,66,76,76,93,119,119,138,63,63,164,214,224,75,109,109,128,154,154,154,154,154,189,224,247,277,277,374,374,388,388,388,36,36,36,52,52,52,52,52,52,85,104,104,104],"floor_reached":51,"language":"ENG","playtime":3251,"items_purged":["Hologram","HollowMod:BaldurShell+1"],"score":902,"play_id":"5e580d31-78e5-4275-b301-0eec27b8f64a","local_time":"20210224095106","daily_mods":["SealedDeck","Blue Cards"],"is_ascension_mode":true,"campfire_choices":[{"data":"Fusion","floor":7,"key":"SMITH"},{"data":"HollowMod:SoulEater","floor":12,"key":"SMITH"},{"data":"HollowMod:BaldurShell","floor":15,"key":"SMITH"},{"data":"HollowMod:GoodIntentions","floor":24,"key":"SMITH"},{"data":"HollowMod:SiblingsSouls","floor":27,"key":"SMITH"},{"floor":32,"key":"REST"},{"data":"Echo Form","floor":40,"key":"SMITH"},{"data":"HollowMod:CornifersMapStart","floor":44,"key":"SMITH"},{"data":"Gash","floor":46,"key":"SMITH"},{"data":"Gash","floor":49,"key":"SMITH"}],"circlet_count":0,"master_deck":["BootSequence","HollowMod:GoodIntentions+1","HollowMod:CornifersMapStart+1","HollowMod:SiblingsSouls+1","Gash+1","Gash","Gash+1","Fusion+1","Bandage Up","HollowMod:CornifersMapStart+1","Reinforced Body","HollowMod:SoulEater+1","HollowMod:SoulVessel","HollowMod:LifebloodCocoon+1","Echo Form+1"],"relics":["HollowMod:VesselMask","Bottled Lightning","Mercury Hourglass","Pantograph","Sundial","Tiny House","Blood Vial","Red Mask","HollowMod:LumaflyLanternRelic","Bottled Flame","Vajra","HollowMod:GreatKnightMask","Toy Ornithopter","Akabeko","Runic Pyramid","Juzu Bracelet","Letter Opener","Smiling Mask","Gremlin Horn","HornCleat"],"acts_visited":["Exordium","TheCity","TheBeyond"],"potions_floor_usage":[28,29,50],"damage_taken":[{"damage":0,"enemies":"2 Louse","floor":1,"turns":2},{"damage":0,"enemies":"Cultist","floor":3,"turns":2},{"damage":0,"enemies":"Lagavulin","floor":6,"turns":4},{"damage":0,"enemies":"Jaw Worm","floor":8,"turns":2},{"damage":0,"enemies":"Looter","floor":10,"turns":2},{"damage":2,"enemies":"3 Sentries","floor":11,"turns":4},{"damage":3,"enemies":"Lots of Slimes","floor":13,"turns":3},{"damage":0,"enemies":"Slime Boss","floor":16,"turns":5},{"damage":10,"enemies":"2 Thieves","floor":18,"turns":3},{"damage":23,"enemies":"Masked Bandits","floor":20,"turns":4},{"damage":0,"enemies":"Spheric Guardian","floor":22,"turns":3},{"damage":5,"enemies":"Book of Stabbing","floor":23,"turns":4},{"damage":33,"enemies":"Gremlin Leader","floor":28,"turns":4},{"damage":0,"enemies":"HollowMod:Zote","floor":29,"turns":2},{"damage":35,"enemies":"Slavers","floor":31,"turns":6},{"damage":4,"enemies":"Collector","floor":33,"turns":5},{"damage":0,"enemies":"3 Darklings","floor":35,"turns":4},{"damage":0,"enemies":"3 Shapes","floor":41,"turns":4},{"damage":0,"enemies":"HollowMod:StalkingDevout","floor":47,"turns":4},{"damage":15,"enemies":"HollowMod:SlobberingHusk","floor":48,"turns":4},{"damage":6,"enemies":"Awakened One","floor":50,"turns":5}],"seed_played":"3408381482965496241","potions_obtained":[{"floor":6,"key":"Ancient Potion"},{"floor":10,"key":"Strength Potion"},{"floor":16,"key":"SteroidPotion"},{"floor":17,"key":"CultistPotion"},{"floor":29,"key":"CultistPotion"},{"floor":35,"key":"DistilledChaos"}],"is_trial":true,"path_per_floor":["M","?","M","$","T","E","R","M","T","M","E","R","M","$","R","B",null,"M","$","?","$","M","E","R","?","T","R","E","?","T","E","R","B",null,"M","T","?","$","T","R","M","?","T","R","$","R","E","M","R","B",null],"character_chosen":"THE_BUGKNIGHT","items_purchased":["Bandage Up","Blood Vial","Letter Opener"],"campfire_rested":1,"item_purchase_floors":[4,19,38],"current_hp_per_floor":[75,75,75,75,75,75,75,75,75,75,73,73,74,74,74,75,80,74,74,57,57,63,64,64,64,64,64,37,39,39,10,34,61,80,80,80,76,76,76,76,76,69,69,69,69,69,75,65,65,74],"gold":104,"neow_bonus":"","is_daily":false,"chose_seed":false,"campfire_upgraded":9,"win_rate":0.0,"timestamp":1614189066,"path_taken":["M","?","?","?","?","E","R","?","T","M","E","R","M","?","R","BOSS","M","$","?","$","M","E","R","?","T","R","E","?","?","E","R","BOSS","M","?","?","$","?","R","M","?","T","R","$","R","E","M","R","BOSS"],"items_purchased_type":["Card","Relic","Relic"],"build_version":"2020-12-22","purchased_purges":2,"victory":true,"max_hp_per_floor":[75,75,75,75,75,75,75,75,75,75,75,75,75,75,75,75,80,80,80,80,80,80,80,80,80,80,80,80,80,80,80,80,80,80,80,80,76,76,76,76,76,76,76,76,76,76,76,76,76,76],"card_choices":[{"not_picked":["HollowMod:DescendingDark","HollowMod:HeavyBlow","HollowMod:InfectedCysts"],"picked":"SKIP","floor":1},{"not_picked":["Ball Lightning","HollowMod:SiblingsSouls","Double Energy"],"picked":"SKIP","floor":3},{"not_picked":["HollowMod:SiblingsSouls","HollowMod:CycloneSlash"],"picked":"HollowMod:CornifersMapStart","floor":6},{"not_picked":["Gash","HollowMod:CrystalDash"],"picked":"Reinforced Body","floor":8},{"not_picked":["HollowMod:InfectedCysts","Ball Lightning"],"picked":"HollowMod:SoulEater","floor":10},{"not_picked":["HollowMod:ShapeofUnn","Steam Power"],"picked":"HollowMod:SoulVessel","floor":11},{"not_picked":["Redo","HollowMod:SoulMaster"],"picked":"HollowMod:BaldurShell","floor":13},{"not_picked":["Doom and Gloom","Coolheaded","HollowMod:HowlingWraiths"],"picked":"SKIP","floor":18},{"not_picked":["HollowMod:ChannelNail","Doom and Gloom","HollowMod:ZotesMagnificence"],"picked":"SKIP","floor":22},{"not_picked":["HollowMod:ShapeofUnn+1","HollowMod:HornetsHelp"],"picked":"HollowMod:LifebloodCocoon+1","floor":23},{"not_picked":["HollowMod:SharpenedNail","HollowMod:DashSlash"],"picked":"Echo Form","floor":28},{"not_picked":["White Noise","Streamline+1","HollowMod:ChannelNail"],"picked":"SKIP","floor":31},{"not_picked":["HollowMod:CloakDash","Streamline+1","Hologram"],"picked":"SKIP","floor":35},{"not_picked":["HollowMod:NewJinnsSoul+1","Cold Snap+1","Sweeping Beam+1"],"picked":"SKIP","floor":41},{"not_picked":["HollowMod:GreatSlash+1","Leap+1","HollowMod:DescendingDark+1"],"picked":"SKIP","floor":47},{"not_picked":["HollowMod:DungDefenderAura","Hello World","HollowMod:SoulSplash+1"],"picked":"SKIP","floor":48}],"player_experience":194271,"relics_obtained":[{"floor":5,"key":"Bottled Lightning"},{"floor":6,"key":"Mercury Hourglass"},{"floor":9,"key":"Pantograph"},{"floor":11,"key":"Sundial"},{"floor":20,"key":"Red Mask"},{"floor":23,"key":"HollowMod:LumaflyLanternRelic"},{"floor":26,"key":"Bottled Flame"},{"floor":28,"key":"Vajra"},{"floor":29,"key":"HollowMod:GreatKnightMask"},{"floor":30,"key":"Toy Ornithopter"},{"floor":31,"key":"Akabeko"},{"floor":36,"key":"Juzu Bracelet"},{"floor":39,"key":"Smiling Mask"},{"floor":43,"key":"Gremlin Horn"},{"floor":47,"key":"HornCleat"}],"event_choices":[{"cards_removed":["HollowMod:DoubleDash"],"damage_healed":5,"gold_gain":0,"player_choice":"Offered Common","damage_taken":0,"max_hp_gain":0,"max_hp_loss":0,"event_name":"Bonfire Elementals","floor":2,"gold_loss":0},{"cards_removed":["HollowMod:DoubleDash"],"damage_healed":5,"gold_gain":0,"player_choice":"Offered Special","damage_taken":0,"max_hp_gain":0,"max_hp_loss":0,"event_name":"Bonfire Elementals","floor":2,"gold_loss":0},{"damage_healed":0,"gold_gain":0,"player_choice":"Fought Bandits","damage_taken":0,"max_hp_gain":0,"max_hp_loss":0,"event_name":"Masked Bandits","floor":20,"gold_loss":0},{"damage_healed":0,"gold_gain":0,"player_choice":"Ignored","damage_taken":0,"max_hp_gain":0,"max_hp_loss":0,"event_name":"Vampires","floor":25,"gold_loss":0},{"damage_healed":0,"gold_gain":0,"player_choice":"Max HP","damage_taken":0,"max_hp_gain":0,"max_hp_loss":4,"event_name":"Winding Halls","floor":37,"gold_loss":0},{"damage_healed":0,"gold_gain":0,"player_choice":"Damaged","damage_taken":7,"max_hp_gain":0,"max_hp_loss":0,"event_name":"Wheel of Change","floor":42,"gold_loss":0}],"is_beta":false,"boss_relics":[{"not_picked":["Astrolabe","Ectoplasm"],"picked":"Tiny House"},{"not_picked":["Calling Bell","Black Star"],"picked":"Runic Pyramid"}],"items_purged_floors":[14,38],"is_endless":false,"potions_floor_spawned":[6,10,16,18,23,29,35,47],"ascension_level":1}}