{"host":"8vqkh0x3c7vpgzzm","time":1614194664,"event":{"mods":["AchievementEnabler","BaseMod","Colored Map","Colored Powertips","Curses Come First","DeckTracker","Highlight Path","Minty Spire (QoL Compilation)","Permanent Neow","Quick Restart","Random Character Mod","Rare Cards Sparkle","Relic Sorter","Relic Stats","StSLib","SuperFastMode","Unceasing Turn Reminder","egg","everything is the same but u backflip on backflip"],"gold_per_floor":[118,118,130,205,21,34,67,81,81,81,91,121,131,147,147,218,218,235,235,15,33,33,66,83,93,93,93,125,125,135,152,152,228,228,247,264,264,264,25,25,53,53,104,104,115,127,127,154,154,154],"floor_reached":51,"language":"ENG","playtime":2269,"items_purged":["Strike_B"],"score":1291,"play_id":"e3370765-6efd-401f-b664-dd3bc9e3ecc8","local_time":"20210224202424","is_ascension_mode":true,"campfire_choices":[{"floor":10,"key":"REST"},{"floor":15,"key":"REST"},{"floor":27,"key":"REST"},{"floor":29,"key":"REST"},{"floor":32,"key":"RECALL"},{"floor":40,"key":"REST"},{"floor":44,"key":"REST"},{"floor":47,"key":"REST"},{"floor":49,"key":"REST"}],"circlet_count":0,"master_deck":["AscendersBane","Strike_B","Strike_B","Strike_B","Defend_B+1","Defend_B+1","Defend_B","Defend_B","Zap","Dualcast","Gash","Apotheosis","Cold Snap","Sweeping Beam","Beam Cell","Skim","Self Repair","Compile Driver","Electrodynamics","Go for the Eyes+1","RitualDagger","Ball Lightning","Hologram","Fission","Undo","Fission","Turbo","Glacier","Reboot"],"relics":["Fusion Hammer","Centennial Puzzle","Darkstone Periapt","Letter Opener","Sozu","ClockworkSouvenir","Turnip","Mercury Hourglass","Orichalcum","Snecko Eye","Bottled Lightning","Bronze Scales","Ancient Tea Set","War Paint"],"acts_visited":["Exordium","TheCity","TheBeyond"],"potions_floor_usage":[16,28,50],"damage_taken":[{"damage":3,"enemies":"Jaw Worm","floor":1,"turns":4},{"damage":2,"enemies":"2 Louse","floor":3,"turns":3},{"damage":0,"enemies":"Small Slimes","floor":6,"turns":3},{"damage":6,"enemies":"Gremlin Nob","floor":7,"turns":4},{"damage":3,"enemies":"Blue Slaver","floor":8,"turns":3},{"damage":0,"enemies":"Large Slime","floor":11,"turns":5},{"damage":2,"enemies":"Lagavulin","floor":12,"turns":6},{"damage":1,"enemies":"Looter","floor":13,"turns":3},{"damage":6,"enemies":"Lots of Slimes","floor":14,"turns":3},{"damage":22,"enemies":"Hexaghost","floor":16,"turns":7},{"damage":8,"enemies":"Chosen","floor":18,"turns":5},{"damage":8,"enemies":"Spheric Guardian","floor":21,"turns":4},{"damage":13,"enemies":"Gremlin Leader","floor":23,"turns":6},{"damage":6,"enemies":"Snake Plant","floor":24,"turns":3},{"damage":17,"enemies":"Shelled Parasite and Fungi","floor":25,"turns":4},{"damage":12,"enemies":"Slavers","floor":28,"turns":2},{"damage":2,"enemies":"Cultist and Chosen","floor":30,"turns":4},{"damage":2,"enemies":"Chosen and Byrds","floor":31,"turns":4},{"damage":27,"enemies":"Champ","floor":33,"turns":10},{"damage":0,"enemies":"3 Shapes","floor":35,"turns":4},{"damage":10,"enemies":"Orb Walker","floor":36,"turns":4},{"damage":43,"enemies":"Nemesis","floor":41,"turns":7},{"damage":9,"enemies":"4 Shapes","floor":45,"turns":4},{"damage":20,"enemies":"Transient","floor":46,"turns":5},{"damage":16,"enemies":"Reptomancer","floor":48,"turns":7},{"damage":70,"enemies":"Donu and Deca","floor":50,"turns":13}],"seed_played":"-7743709661907814533","potions_obtained":[{"floor":3,"key":"Energy Potion"},{"floor":8,"key":"SneckoOil"},{"floor":16,"key":"Energy Potion"}],"is_trial":false,"path_per_floor":["M","?","M","?","$","M","E","M","T","R","M","E","M","M","R","B",null,"M","?","$","M","?","E","M","M","T","R","E","R","M","M","R","B",null,"M","M","?","?","$","R","E","?","T","R","M","M","R","E","R","B",null],"character_chosen":"DEFECT","items_purchased":["Apotheosis","ClockworkSouvenir","Bottled Lightning"],"campfire_rested":8,"item_purchase_floors":[5,20,39],"current_hp_per_floor":[61,66,64,53,53,53,47,44,44,66,66,64,63,57,76,64,73,72,66,66,65,65,62,56,49,49,71,59,76,76,76,76,59,72,76,66,66,66,66,72,39,35,35,56,57,47,68,62,72,12],"gold":154,"neow_bonus":"BOSS_RELIC","is_daily":false,"chose_seed":false,"campfire_upgraded":0,"win_rate":0.0,"timestamp":1614194664,"path_taken":["M","?","M","?","$","M","E","M","T","R","M","E","M","M","R","BOSS","M","?","$","M","?","E","M","M","T","R","E","R","M","M","R","BOSS","M","M","?","?","$","R","E","?","T","R","?","?","R","E","R","BOSS"],"items_purchased_type":["Card","Relic","Relic"],"build_version":"2020-12-22","purchased_purges":1,"victory":true,"max_hp_per_floor":[71,76,76,76,76,76,76,76,76,76,76,76,76,76,76,76,76,76,76,76,76,76,76,76,76,76,76,76,76,76,76,76,76,76,76,76,72,72,72,72,72,72,72,72,72,72,72,72,72,72],"relic_stats":{"Darkstone Periapt":0,"Sozu":5,"Centennial Puzzle":[60],"counters":[26,127],"Bronze Scales":[75],"Snecko Eye":[85,92,87,100],"Turnip":[6],"Letter Opener":[259],"Orichalcum":[78],"War Paint":["Defend_B","Defend_B"],"obtain_stats":[{"Darkstone Periapt":9,"Letter Opener":12,"Orichalcum":28,"War Paint":48,"Ancient Tea Set":43,"ClockworkSouvenir":20,"Mercury Hourglass":26,"Sozu":17,"Centennial Puzzle":7,"Bronze Scales":41,"Snecko Eye":34,"Fusion Hammer":0,"Turnip":23,"Bottled Lightning":39,"Cracked Core":0},{"Darkstone Periapt":5,"Letter Opener":7,"Orichalcum":16,"War Paint":25,"Ancient Tea Set":22,"ClockworkSouvenir":11,"Mercury Hourglass":15,"Sozu":10,"Centennial Puzzle":4,"Bronze Scales":22,"Snecko Eye":19,"Fusion Hammer":0,"Turnip":13,"Bottled Lightning":21,"Cracked Core":0},{"Darkstone Periapt":17,"Letter Opener":28,"Orichalcum":65,"War Paint":114,"Ancient Tea Set":98,"ClockworkSouvenir":46,"Mercury Hourglass":63,"Sozu":41,"Centennial Puzzle":14,"Bronze Scales":98,"Snecko Eye":83,"Fusion Hammer":0,"Turnip":56,"Bottled Lightning":91,"Cracked Core":0}],"Mercury Hourglass":[234]},"card_choices":[{"not_picked":["Redo","Gash","Heatsinks"],"picked":"SKIP","floor":1},{"not_picked":["Redo","Gash","Heatsinks"],"picked":"SKIP","floor":1},{"not_picked":["Reinforced Body","Force Field"],"picked":"Gash","floor":3},{"not_picked":["Blizzard","White Noise","Aggregate"],"picked":"SKIP","floor":6},{"not_picked":["Blizzard","White Noise","Aggregate"],"picked":"SKIP","floor":6},{"not_picked":["Compile Driver","Leap"],"picked":"Cold Snap","floor":7},{"not_picked":["Go for the Eyes","Turbo"],"picked":"Sweeping Beam","floor":8},{"not_picked":["Sweeping Beam","Compile Driver"],"picked":"Beam Cell","floor":11},{"not_picked":["Aggregate","Recycle"],"picked":"Skim","floor":12},{"not_picked":["Go for the Eyes","Sweeping Beam"],"picked":"Self Repair","floor":13},{"not_picked":["Sunder","Rebound"],"picked":"Compile Driver","floor":14},{"not_picked":["Multi-Cast","Echo Form"],"picked":"Electrodynamics","floor":16},{"not_picked":["Cold Snap","FTL+1"],"picked":"Go for the Eyes+1","floor":18},{"not_picked":["Darkness","Go for the Eyes","Gash"],"picked":"SKIP","floor":21},{"not_picked":["Darkness","Go for the Eyes","Gash"],"picked":"SKIP","floor":21},{"not_picked":["Steam","Genetic Algorithm"],"picked":"Ball Lightning","floor":23},{"not_picked":["Go for the Eyes","Recycle"],"picked":"Hologram","floor":24},{"not_picked":["Recycle","Leap"],"picked":"Capacitor","floor":25},{"not_picked":["Hologram","Turbo"],"picked":"Fission","floor":28},{"not_picked":["Undo","Compile Driver+1","Blizzard"],"picked":"SKIP","floor":30},{"not_picked":["Compile Driver+1","Blizzard"],"picked":"Undo","floor":30},{"not_picked":["Leap","Gash","Hologram"],"picked":"SKIP","floor":31},{"not_picked":["Creative AI","Buffer"],"picked":"Fission","floor":33},{"not_picked":["Cold Snap","Scrape+1","Go for the Eyes"],"picked":"SKIP","floor":35},{"not_picked":["Sweeping Beam","Heatsinks","Barrage"],"picked":"SKIP","floor":36},{"not_picked":["Auto Shields","Rebound"],"picked":"Turbo","floor":41},{"not_picked":["Compile Driver","White Noise+1","Genetic Algorithm"],"picked":"SKIP","floor":45},{"not_picked":["Streamline","Storm+1"],"picked":"Glacier","floor":46},{"not_picked":["Leap","Melter"],"picked":"Reboot","floor":48}],"player_experience":646214,"relics_obtained":[{"floor":7,"key":"Centennial Puzzle"},{"floor":9,"key":"Darkstone Periapt"},{"floor":12,"key":"Letter Opener"},{"floor":23,"key":"Turnip"},{"floor":26,"key":"Mercury Hourglass"},{"floor":28,"key":"Orichalcum"},{"floor":41,"key":"Bronze Scales"},{"floor":43,"key":"Ancient Tea Set"},{"floor":48,"key":"War Paint"}],"event_choices":[{"damage_healed":0,"gold_gain":0,"player_choice":"Donut","damage_taken":0,"max_hp_gain":5,"max_hp_loss":0,"event_name":"Big Fish","floor":2,"gold_loss":0},{"damage_healed":0,"gold_gain":75,"player_choice":"Gather Gold","damage_taken":11,"max_hp_gain":0,"max_hp_loss":0,"event_name":"World of Goop","floor":4,"gold_loss":0},{"damage_healed":0,"gold_gain":0,"player_choice":"Joined the Cult","damage_taken":6,"max_hp_gain":0,"max_hp_loss":0,"event_name":"Nest","floor":19,"gold_loss":0,"cards_obtained":["RitualDagger"]},{"damage_healed":0,"gold_gain":0,"player_choice":"Ignored","damage_taken":0,"max_hp_gain":0,"max_hp_loss":0,"event_name":"Ghosts","floor":22,"gold_loss":0},{"damage_healed":0,"gold_gain":0,"player_choice":"Max HP","damage_taken":0,"max_hp_gain":0,"max_hp_loss":4,"event_name":"Winding Halls","floor":37,"gold_loss":0},{"cards_removed":["Capacitor"],"damage_healed":0,"gold_gain":0,"player_choice":"Removed Power","damage_taken":0,"max_hp_gain":0,"max_hp_loss":0,"event_name":"Falling","floor":38,"gold_loss":0},{"damage_healed":0,"gold_gain":0,"player_choice":"Bought 0 Potions","damage_taken":0,"max_hp_gain":0,"max_hp_loss":0,"event_name":"The Woman in Blue","floor":42,"gold_loss":0}],"is_beta":false,"boss_relics":[{"not_picked":["Cursed Key","Ectoplasm"],"picked":"Sozu"},{"not_picked":["SlaversCollar","Calling Bell"],"picked":"Snecko Eye"}],"items_purged_floors":[20],"is_endless":false,"potions_floor_spawned":[3,8,13,14,16,18,23,28,30,33,36,41],"ascension_level":15}}