{"host":"gobyjzz6xbwq9f9i","time":1614157276,"event":{"mods":["AchievementEnabler","BaseMod","Bestiary","Colored Map","Minty Spire (QoL Compilation)","Relic Stats","ojb\u0027s Info Mod"],"gold_per_floor":[116,43,61,74,88,88,88,88,88,3,41,41,56,90,90,214,214,237,45,45,62,80,80,93,119,119,154,154,183,183,183],"floor_reached":30,"language":"ENG","playtime":1443,"items_purged":[],"score":485,"play_id":"b8e0949e-831a-48aa-a356-9597a66658b5","local_time":"20210224010116","is_ascension_mode":true,"campfire_choices":[{"data":"Lockon","floor":6,"key":"SMITH"},{"data":"Consume","floor":15,"key":"SMITH"},{"data":"Doom and Gloom","floor":23,"key":"SMITH"},{"data":"Defragment","floor":28,"key":"SMITH"}],"circlet_count":0,"master_deck":["AscendersBane","Zap","Dualcast","Dark Shackles","Conserve Battery","Lockon+1","Ball Lightning","Ball Lightning","Steam","Doom and Gloom+1","Self Repair","Bandage Up","Multi-Cast","Consume+1","Echo Form","Reboot","Rebound","Machine Learning","Multi-Cast","Beam Cell","Self Repair","Cold Snap","Steam Power","Turbo","Reinforced Body","Turbo+1","Coolheaded","Defragment+1","Undo","Coolheaded+1","Core Surge"],"relics":["Cracked Core","Bloody Idol","Thread and Needle","Incense Burner","Darkstone Periapt","Pandora\u0027s Box","Potion Belt","Shovel","Anchor","Matryoshka"],"acts_visited":["Exordium","TheCity"],"potions_floor_usage":[11,11,21,25,29,29,29],"damage_taken":[{"damage":0,"enemies":"Jaw Worm","floor":1,"turns":3},{"damage":2,"enemies":"2 Louse","floor":3,"turns":2},{"damage":0,"enemies":"Small Slimes","floor":4,"turns":3},{"damage":2,"enemies":"Red Slaver","floor":5,"turns":2},{"damage":0,"enemies":"Gremlin Nob","floor":11,"turns":2},{"damage":0,"enemies":"Large Slime","floor":13,"turns":4},{"damage":6,"enemies":"Lagavulin","floor":14,"turns":5},{"damage":22,"enemies":"The Guardian","floor":16,"turns":8},{"damage":9,"enemies":"2 Thieves","floor":18,"turns":5},{"damage":4,"enemies":"3 Byrds","floor":21,"turns":3},{"damage":16,"enemies":"Snecko","floor":22,"turns":6},{"damage":13,"enemies":"Snake Plant","floor":24,"turns":4},{"damage":37,"enemies":"Book of Stabbing","floor":25,"turns":6},{"damage":15,"enemies":"Gremlin Leader","floor":27,"turns":8},{"damage":27,"enemies":"Slavers","floor":29,"turns":4},{"damage":47,"enemies":"3 Cultists","floor":30,"turns":6}],"seed_played":"-7940788533217104099","potions_obtained":[{"floor":1,"key":"PowerPotion"},{"floor":3,"key":"Energy Potion"},{"floor":11,"key":"SteroidPotion"},{"floor":13,"key":"Fire Potion"},{"floor":18,"key":"Explosive Potion"},{"floor":22,"key":"FocusPotion"},{"floor":24,"key":"GamblersBrew"},{"floor":27,"key":"Fire Potion"},{"floor":29,"key":"FocusPotion"}],"is_trial":false,"path_per_floor":["M","$","M","M","M","R","?","?","T","$","E","?","M","E","R","B",null,"M","$","?","M","M","R","M","E","T","E","R","E","M"],"character_chosen":"DEFECT","items_purchased":["Lockon","Doom and Gloom","Strength Potion","Potion Belt","Reinforced Body"],"campfire_rested":0,"item_purchase_floors":[2,10,10,19,19],"current_hp_per_floor":[68,68,66,66,64,64,46,31,31,31,31,31,42,47,47,36,65,67,67,67,75,75,75,75,50,50,58,58,36,0,0],"gold":183,"neow_bonus":"RANDOM_COLORLESS","is_daily":false,"chose_seed":false,"campfire_upgraded":4,"win_rate":0.0,"timestamp":1614157276,"path_taken":["M","$","M","M","M","R","?","?","T","$","E","?","M","E","R","BOSS","M","$","?","M","M","R","M","E","T","E","R","E","M"],"items_purchased_type":["Card","Card","Potion","Relic","Card"],"build_version":"2020-12-22","purchased_purges":0,"victory":false,"max_hp_per_floor":[75,75,75,75,75,75,75,75,75,75,75,75,75,75,75,75,75,75,75,75,75,75,75,75,75,75,75,75,75,75,75],"relic_stats":{"Darkstone Periapt":0,"Shovel":0,"counters":[16,71],"Bloody Idol":16,"Pandora\u0027s Box":["Reboot","Rebound","Machine Learning","Multi-Cast","Beam Cell","Self Repair","Cold Snap","Steam Power"],"obtain_stats":[{"Darkstone Periapt":14,"Potion Belt":19,"Anchor":27,"Shovel":25,"Matryoshka":29,"Golden Idol":7,"Bloody Idol":20,"Thread and Needle":9,"Pandora\u0027s Box":17,"Incense Burner":11,"Cracked Core":0},{"Darkstone Periapt":7,"Potion Belt":9,"Anchor":14,"Shovel":13,"Matryoshka":15,"Golden Idol":4,"Bloody Idol":9,"Thread and Needle":4,"Pandora\u0027s Box":8,"Incense Burner":5,"Cracked Core":0},{"Darkstone Periapt":21,"Potion Belt":34,"Anchor":61,"Shovel":53,"Matryoshka":65,"Golden Idol":10,"Bloody Idol":34,"Thread and Needle":10,"Pandora\u0027s Box":29,"Incense Burner":12,"Cracked Core":0}]},"card_choices":[{"not_picked":["Purity","Bandage Up"],"picked":"Dark Shackles","floor":0},{"not_picked":["Stack","Gash"],"picked":"Conserve Battery","floor":1},{"not_picked":["Gash","Beam Cell"],"picked":"Ball Lightning","floor":3},{"not_picked":["Recycle","All For One"],"picked":"Ball Lightning","floor":4},{"not_picked":["Heatsinks","Rebound"],"picked":"Steam","floor":5},{"not_picked":["Fusion","Blizzard"],"picked":"Self Repair","floor":11},{"not_picked":["Ball Lightning","Beam Cell"],"picked":"Multi-Cast","floor":13},{"not_picked":["Cold Snap","Stack"],"picked":"Consume","floor":14},{"not_picked":["Multi-Cast","Reboot"],"picked":"Echo Form","floor":16},{"not_picked":["Ball Lightning","Compile Driver"],"picked":"Turbo","floor":18},{"not_picked":["Lockon","Streamline"],"picked":"Turbo+1","floor":21},{"not_picked":["Redo+1","Barrage"],"picked":"Coolheaded","floor":22},{"not_picked":["Blizzard","Self Repair"],"picked":"Defragment","floor":24},{"not_picked":["Hyperbeam","Rip and Tear"],"picked":"Undo","floor":25},{"not_picked":["Darkness+1","Recycle+1"],"picked":"Coolheaded+1","floor":27},{"not_picked":["Barrage","Streamline"],"picked":"Core Surge","floor":29}],"player_experience":1386272,"relics_obtained":[{"floor":9,"key":"Thread and Needle"},{"floor":11,"key":"Incense Burner"},{"floor":14,"key":"Darkstone Periapt"},{"floor":25,"key":"Shovel"},{"floor":27,"key":"Anchor"},{"floor":29,"key":"Matryoshka"}],"event_choices":[{"damage_healed":0,"gold_gain":0,"player_choice":"Take Damage","damage_taken":18,"relics_obtained":["Golden Idol"],"max_hp_gain":0,"max_hp_loss":0,"event_name":"Golden Idol","floor":7,"gold_loss":0},{"damage_healed":0,"gold_gain":0,"player_choice":"Entered Light","damage_taken":15,"max_hp_gain":0,"max_hp_loss":0,"event_name":"Shining Light","floor":8,"gold_loss":0,"cards_upgraded":["Defend_B","Strike_B"]},{"damage_healed":0,"gold_gain":0,"player_choice":"1 cards matched","damage_taken":0,"max_hp_gain":0,"max_hp_loss":0,"event_name":"Match and Keep!","floor":12,"gold_loss":0,"cards_obtained":["Bandage Up"]},{"damage_healed":0,"gold_gain":0,"player_choice":"Gave Idol","damage_taken":0,"relics_obtained":["Bloody Idol"],"max_hp_gain":0,"max_hp_loss":0,"event_name":"Forgotten Altar","floor":20,"relics_lost":["Golden Idol"],"gold_loss":0}],"is_beta":false,"boss_relics":[{"not_picked":["Sozu","SacredBark"],"picked":"Pandora\u0027s Box"}],"items_purged_floors":[],"is_endless":false,"potions_floor_spawned":[1,3,11,13,18,22,24,27,29],"killed_by":"3 Cultists","ascension_level":10}}