{"host":"13o02hya6v6rzuva","time":1614192014,"event":{"mods":["BaseMod","Minty Spire (QoL Compilation)","Relic Stats"],"gold_per_floor":[116,129,129,129,129,129,156,156,181,208,208,208,224,236,236,332,332,348,95,95,95,115,115,144,144,213,213,213,213,65,76,76,181,181,200,200,214,67,87,87,112,112,112,124,124,124,124,140,140,140,140,140,13,39,39,39],"floor_reached":55,"language":"ENG","playtime":1701,"items_purged":["Pain"],"score":1070,"play_id":"8bdacb7e-2137-4c50-8e76-4d196a439d08","local_time":"20210224194014","is_ascension_mode":true,"campfire_choices":[{"data":"A Thousand Cuts","floor":6.0,"key":"SMITH"},{"floor":8.0,"key":"REST"},{"floor":12.0,"key":"REST"},{"floor":15.0,"key":"REST"},{"data":"Caltrops","floor":23.0,"key":"SMITH"},{"data":"PiercingWail","floor":25.0,"key":"SMITH"},{"data":"Dagger Spray","floor":28.0,"key":"SMITH"},{"floor":32.0,"key":"REST"},{"floor":40.0,"key":"RECALL"},{"floor":42,"key":"REST"},{"data":"Venomology","floor":45,"key":"SMITH"},{"data":"Panacea","floor":47,"key":"SMITH"},{"floor":49,"key":"REST"},{"floor":52,"key":"REST"}],"circlet_count":0,"master_deck":["AscendersBane","Strike_G","Strike_G","Strike_G","Strike_G","Defend_G","Defend_G","Defend_G","Defend_G","Defend_G+1","Survivor","Neutralize","Deadly Poison+1","Backstab","A Thousand Cuts+1","Caltrops+1","Escape Plan","Quick Slash","Dagger Spray+1","Doppelganger","Riddle With Holes+1","PiercingWail+1","Deflect+1","Corpse Explosion","Die Die Die","Backstab","Venomology+1","Noxious Fumes+1","Footwork+1","Envenom+1","Backflip+1","Panacea+1","Poisoned Stab+1","Poisoned Stab+1","Escape Plan","Backflip+1","Leg Sweep","Footwork+1","Deadly Poison","Catalyst"],"relics":["Ring of the Snake","Strawberry","Centennial Puzzle","Lantern","Frozen Egg 2","WarpedTongs","Runic Dome","Bronze Scales","Red Mask","Orrery","Runic Pyramid","War Paint","Potion Belt","Mummified Hand","Kunai"],"acts_visited":["Exordium","TheCity","TheBeyond","TheEnding"],"potions_floor_usage":[44,48,50,50,50,54,55],"damage_taken":[{"damage":16.0,"enemies":"Jaw Worm","floor":1.0,"turns":10.0},{"damage":0.0,"enemies":"Small Slimes","floor":2.0,"turns":4.0},{"damage":39.0,"enemies":"3 Sentries","floor":7.0,"turns":13.0},{"damage":30.0,"enemies":"Gremlin Nob","floor":10.0,"turns":5.0},{"damage":0.0,"enemies":"2 Louse","floor":13.0,"turns":1.0},{"damage":3.0,"enemies":"Exordium Thugs","floor":14.0,"turns":3.0},{"damage":29.0,"enemies":"The Guardian","floor":16.0,"turns":9.0},{"damage":10.0,"enemies":"Chosen","floor":18.0,"turns":4.0},{"damage":6.0,"enemies":"3 Byrds","floor":22.0,"turns":2.0},{"damage":23.0,"enemies":"Masked Bandits","floor":24.0,"turns":3.0},{"damage":4.0,"enemies":"Snake Plant","floor":31.0,"turns":4.0},{"damage":75.0,"enemies":"Collector","floor":33.0,"turns":8.0},{"damage":0.0,"enemies":"Orb Walker","floor":35.0,"turns":3.0},{"damage":0.0,"enemies":"3 Darklings","floor":37.0,"turns":3.0},{"damage":0.0,"enemies":"Sphere and 2 Shapes","floor":39.0,"turns":4.0},{"damage":45.0,"enemies":"Reptomancer","floor":41.0,"turns":6.0},{"damage":1,"enemies":"Jaw Worm Horde","floor":44,"turns":2},{"damage":27,"enemies":"Spire Growth","floor":48,"turns":5},{"damage":21,"enemies":"Donu and Deca","floor":50,"turns":7},{"damage":27,"enemies":"Shield and Spear","floor":54,"turns":6},{"damage":69,"enemies":"The Heart","floor":55,"turns":5}],"seed_played":"-5876585298194698764","potions_obtained":[{"floor":1.0,"key":"SteroidPotion"},{"floor":7.0,"key":"Dexterity Potion"},{"floor":18.0,"key":"PowerPotion"},{"floor":22.0,"key":"Regen Potion"},{"floor":31.0,"key":"SkillPotion"},{"floor":35.0,"key":"Swift Potion"},{"floor":44,"key":"GamblersBrew"},{"floor":48,"key":"GhostInAJar"}],"is_trial":false,"path_per_floor":["M","M","$","?","?","R","E","R","T","E","?","R","M","M","R","B",null,"M","$","?","?","M","R","?","R","T","?","R","?","$","M","R","B",null,"M","?","M","$","M","R","E","R","T","M","R","?","R","M","R","B",null,"R","$","E","B"],"character_chosen":"THE_SILENT","items_purchased":["Bronze Scales","PiercingWail","Orrery","War Paint","Footwork+1","Deadly Poison"],"campfire_rested":7,"item_purchase_floors":[19,19,30,38,53,53],"current_hp_per_floor":[54,54,54,54,59,59,20,44,44,14,14,38,38,35,59,30,69,59,59,59,59,53,53,42,42,42,42,42,69,69,65,82,7,63,63,63,63,63,63,63,18,42,42,41,41,41,41,14,38,17,66,82,82,55,0,0],"gold":39,"neow_bonus":"RANDOM_COMMON_RELIC","is_daily":false,"chose_seed":false,"campfire_upgraded":6,"win_rate":0.0,"timestamp":1614192014,"path_taken":["M","M","$","?","?","R","E","R","T","E","?","R","M","?","R","BOSS","M","$","?","?","?","R","?","R","T","?","R","?","?","M","R","BOSS","M","?","M","$","M","R","E","R","T","M","R","?","R","M","R","BOSS","R","$","E","BOSS"],"items_purchased_type":["Relic","Card","Relic","Relic","Card","Card"],"build_version":"2020-12-22","purchased_purges":1,"victory":false,"max_hp_per_floor":[77,77,77,77,82,82,82,82,82,82,82,82,82,82,82,82,82,82,82,82,82,82,82,82,82,82,82,82,82,82,82,82,82,82,82,82,82,82,82,82,82,82,82,82,82,82,82,82,82,82,82,82,82,82,82,82],"relic_stats":{"Centennial Puzzle":[42],"counters":[21,107],"Mummified Hand":[26],"Bronze Scales":[209],"Kunai":[2],"War Paint":["Deadly Poison","Defend_G"],"obtain_stats":[{"Potion Belt":41,"Lantern":9,"Frozen Egg 2":10,"War Paint":38,"WarpedTongs":11,"Runic Dome":17,"Centennial Puzzle":7,"Mummified Hand":43,"Strawberry":0,"Bronze Scales":19,"Orrery":30,"Red Mask":24,"Kunai":54,"Ring of the Snake":0,"Runic Pyramid":34},{"Potion Belt":16,"Lantern":3,"Frozen Egg 2":4,"War Paint":14,"WarpedTongs":4,"Runic Dome":7,"Centennial Puzzle":3,"Mummified Hand":16,"Strawberry":0,"Bronze Scales":8,"Orrery":10,"Red Mask":10,"Kunai":20,"Ring of the Snake":0,"Runic Pyramid":12},{"Potion Belt":82,"Lantern":27,"Frozen Egg 2":32,"War Paint":72,"WarpedTongs":32,"Runic Dome":45,"Centennial Puzzle":27,"Mummified Hand":82,"Strawberry":0,"Bronze Scales":49,"Orrery":54,"Red Mask":54,"Kunai":102,"Ring of the Snake":0,"Runic Pyramid":66}],"Ring of the Snake":[42],"WarpedTongs":[75]},"card_choices":[{"not_picked":["Finisher","Quick Slash"],"picked":"Deadly Poison","floor":1.0},{"not_picked":["Flying Knee","Dodge and Roll"],"picked":"Backstab","floor":2.0},{"not_picked":["Underhanded Strike","Flying Knee"],"picked":"Caltrops","floor":7.0},{"not_picked":["Endless Agony","Bane"],"picked":"Escape Plan","floor":10.0},{"not_picked":["Outmaneuver","Dagger Throw"],"picked":"Quick Slash","floor":13.0},{"not_picked":["Prepared","Concentrate"],"picked":"Dagger Spray","floor":14.0},{"not_picked":["Bullet Time","Grand Finale"],"picked":"Doppelganger","floor":16.0},{"not_picked":["Prepared+1","Dodge and Roll"],"picked":"Riddle With Holes+1","floor":18.0},{"not_picked":["Blade Dance","Tactician"],"picked":"Deflect+1","floor":22.0},{"not_picked":["Prepared+1","Backflip+1"],"picked":"Corpse Explosion","floor":30.0},{"not_picked":["Blade Dance","Dagger Throw"],"picked":"Die Die Die","floor":30.0},{"not_picked":["Riddle With Holes","Flying Knee"],"picked":"Backstab","floor":30.0},{"not_picked":["Backflip","Slice"],"picked":"Venomology","floor":30.0},{"not_picked":["Outmaneuver","Glass Knife"],"picked":"Noxious Fumes+1","floor":30.0},{"not_picked":["Flechettes","Calculated Gamble"],"picked":"Footwork+1","floor":31.0},{"not_picked":["Bullet Time","After Image+1"],"picked":"Envenom+1","floor":33.0},{"not_picked":["Poisoned Stab","Heel Hook"],"picked":"Backflip+1","floor":35.0},{"not_picked":["Enlightenment","PanicButton"],"picked":"Panacea","floor":36.0},{"not_picked":["Choke+1","Dodge and Roll"],"picked":"Poisoned Stab+1","floor":37.0},{"not_picked":["Bane","Tools of the Trade+1"],"picked":"Poisoned Stab+1","floor":39.0},{"not_picked":["Underhanded Strike+1","Well Laid Plans+1"],"picked":"Escape Plan","floor":41},{"not_picked":["Slice","Choke+1"],"picked":"Backflip+1","floor":44},{"not_picked":["Cloak And Dagger","Outmaneuver+1"],"picked":"Leg Sweep","floor":48},{"not_picked":["Deadly Poison","Finisher"],"picked":"Catalyst","floor":54}],"player_experience":1262587,"relics_obtained":[{"floor":7.0,"key":"Centennial Puzzle"},{"floor":9.0,"key":"Lantern"},{"floor":10.0,"key":"Frozen Egg 2"},{"floor":24.0,"key":"Red Mask"},{"floor":41,"key":"Potion Belt"},{"floor":43,"key":"Mummified Hand"},{"floor":54,"key":"Kunai"}],"event_choices":[{"damage_healed":0.0,"max_hp_gain":0.0,"max_hp_loss":0.0,"gold_gain":0.0,"cards_transformed":["Strike_G"],"event_name":"Living Wall","player_choice":"Change","floor":4.0,"gold_loss":0.0,"damage_taken":0.0,"cards_obtained":["A Thousand Cuts"]},{"damage_healed":0.0,"max_hp_gain":5.0,"max_hp_loss":0.0,"gold_gain":0.0,"event_name":"Big Fish","player_choice":"Donut","floor":5.0,"gold_loss":0.0,"damage_taken":0.0},{"damage_healed":0.0,"max_hp_gain":0.0,"max_hp_loss":0.0,"gold_gain":0.0,"event_name":"Accursed Blacksmith","player_choice":"Rummage","floor":11.0,"gold_loss":0.0,"damage_taken":0.0,"relics_obtained":["WarpedTongs"],"cards_obtained":["Pain"]},{"damage_healed":0.0,"max_hp_gain":0.0,"max_hp_loss":0.0,"gold_gain":0.0,"event_name":"Forgotten Altar","player_choice":"Smashed Altar","floor":20.0,"gold_loss":0.0,"damage_taken":0.0,"cards_obtained":["Decay"]},{"cards_removed":["Decay"],"damage_healed":0.0,"max_hp_gain":0.0,"max_hp_loss":0.0,"gold_gain":0.0,"event_name":"Fountain of Cleansing","player_choice":"Removed Curses","floor":21.0,"gold_loss":0.0,"damage_taken":0.0},{"damage_healed":0.0,"max_hp_gain":0.0,"max_hp_loss":0.0,"gold_gain":0.0,"event_name":"Masked Bandits","player_choice":"Fought Bandits","floor":24.0,"gold_loss":0.0,"damage_taken":0.0},{"damage_healed":0.0,"max_hp_gain":0.0,"max_hp_loss":0.0,"gold_gain":0.0,"event_name":"Vampires","player_choice":"Ignored","floor":27.0,"gold_loss":0.0,"damage_taken":0.0},{"damage_healed":27.0,"max_hp_gain":0.0,"max_hp_loss":0.0,"gold_gain":0.0,"event_name":"The Library","player_choice":"Heal","floor":29.0,"gold_loss":0.0,"damage_taken":0.0},{"damage_healed":0.0,"max_hp_gain":0.0,"max_hp_loss":0.0,"gold_gain":0.0,"event_name":"SensoryStone","player_choice":"Memory 1","floor":36.0,"gold_loss":0.0,"damage_taken":0.0},{"damage_healed":0,"gold_gain":0,"player_choice":"Ignored","damage_taken":0,"max_hp_gain":0,"max_hp_loss":0,"event_name":"SecretPortal","floor":46,"gold_loss":0}],"is_beta":false,"boss_relics":[{"not_picked":["Ring of the Serpent","HoveringKite"],"picked":"Runic Dome"},{"not_picked":["Empty Cage","Velvet Choker"],"picked":"Runic Pyramid"}],"items_purged_floors":[19],"is_endless":false,"potions_floor_spawned":[1,7,18,22,31,35,44,48],"killed_by":"The Heart","ascension_level":11}}