{"host":"Aytumious","time":1614145543,"event":{"mods":["AchievementEnabler","BaseMod","Bestiary","Colored Map","Curses Come First","Highlight Path","Minty Spire (QoL Compilation)","Relic Stats","StSLib"],"gold_per_floor":[115,133,151,170,17,17,42,62,86,111,111,11,338,351,351,450,450,470,480,497,97,153,153,178,178],"floor_reached":24,"language":"ENG","playtime":2337,"items_purged":["Strike_P","Strike_P"],"score":253,"play_id":"5ffb0716-3af2-49ef-bc7c-3a424ff175aa","local_time":"20210223234543","is_ascension_mode":true,"campfire_choices":[{"data":"Eruption","floor":6,"key":"SMITH"},{"data":"ThirdEye","floor":11,"key":"SMITH"},{"data":"ReachHeaven","floor":15,"key":"SMITH"},{"floor":23,"key":"REST"}],"circlet_count":0,"master_deck":["Strike_P","Strike_P","Defend_P","Defend_P","Defend_P","Defend_P","Eruption+1","Vigilance","EmptyBody","CutThroughFate","ThirdEye+1","FollowUp","Indignation","FlurryOfBlows","Crescendo","BowlingBash","Conclude","ReachHeaven+1","Wish","WindmillStrike","Protect","Evaluate","WaveOfTheHand+1"],"relics":["PureWater","Potion Belt","Bronze Scales","Odd Mushroom","Anchor","Lantern","Old Coin","VioletLotus","Membership Card","TeardropLocket","Centennial Puzzle","Red Mask"],"acts_visited":["Exordium","TheCity"],"potions_floor_usage":[19,21],"damage_taken":[{"damage":0,"enemies":"Cultist","floor":1,"turns":2},{"damage":0,"enemies":"Small Slimes","floor":2,"turns":4},{"damage":3,"enemies":"Jaw Worm","floor":3,"turns":5},{"damage":0,"enemies":"Exordium Wildlife","floor":4,"turns":2},{"damage":19,"enemies":"Gremlin Nob","floor":7,"turns":5},{"damage":0,"enemies":"The Mushroom Lair","floor":8,"turns":2},{"damage":12,"enemies":"Lagavulin","floor":10,"turns":5},{"damage":0,"enemies":"3 Sentries","floor":13,"turns":6},{"damage":0,"enemies":"Red Slaver","floor":14,"turns":2},{"damage":26,"enemies":"The Guardian","floor":16,"turns":7},{"damage":5,"enemies":"3 Byrds","floor":18,"turns":3},{"damage":4,"enemies":"Spheric Guardian","floor":19,"turns":5},{"damage":22,"enemies":"Shelled Parasite and Fungi","floor":20,"turns":4},{"damage":20,"enemies":"Masked Bandits","floor":22,"turns":3},{"damage":69,"enemies":"Gremlin Leader","floor":24,"turns":6}],"seed_played":"-3183859130487998115","potions_obtained":[{"floor":4,"key":"Block Potion"},{"floor":7,"key":"BottledMiracle"},{"floor":10,"key":"BlessingOfTheForge"},{"floor":14,"key":"FearPotion"},{"floor":16,"key":"Fruit Juice"},{"floor":20,"key":"Strength Potion"}],"is_trial":false,"path_per_floor":["M","M","M","M","$","R","E","?","T","E","R","$","E","M","R","B",null,"M","M","M","$","?","R","E"],"character_chosen":"WATCHER","items_purchased":["Potion Belt","BowlingBash","Membership Card","TeardropLocket","Centennial Puzzle"],"campfire_rested":1,"item_purchase_floors":[5,12,21,21,21],"current_hp_per_floor":[79,79,76,76,76,76,57,57,57,45,45,45,45,45,45,19,79,74,70,48,53,33,58,0,0],"gold":178,"neow_bonus":"TEN_PERCENT_HP_BONUS","is_daily":false,"chose_seed":false,"campfire_upgraded":3,"win_rate":0.0,"timestamp":1614145543,"path_taken":["M","M","M","M","$","R","E","?","T","E","R","$","E","M","R","BOSS","M","M","M","$","?","R","E"],"items_purchased_type":["Relic","Card","Relic","Relic","Relic"],"build_version":"2020-12-18","purchased_purges":2,"victory":false,"max_hp_per_floor":[79,79,79,79,79,79,79,79,79,79,79,79,79,79,79,79,79,79,79,79,84,84,84,84,84],"relic_stats":{"Centennial Puzzle":[6],"counters":[15,61],"Bronze Scales":[142],"VioletLotus":[6],"obtain_stats":[{"Potion Belt":5,"Anchor":9,"Lantern":10,"Centennial Puzzle":21,"Bronze Scales":7,"VioletLotus":17,"Red Mask":22,"Membership Card":21,"TeardropLocket":21,"PureWater":0,"Odd Mushroom":8,"Old Coin":13},{"Potion Belt":4,"Anchor":6,"Lantern":7,"Centennial Puzzle":13,"Bronze Scales":5,"VioletLotus":10,"Red Mask":14,"Membership Card":13,"TeardropLocket":13,"PureWater":0,"Odd Mushroom":6,"Old Coin":8},{"Potion Belt":13,"Anchor":20,"Lantern":25,"Centennial Puzzle":52,"Bronze Scales":18,"VioletLotus":40,"Red Mask":55,"Membership Card":52,"TeardropLocket":52,"PureWater":0,"Odd Mushroom":20,"Old Coin":31}]},"card_choices":[{"not_picked":["EmptyFist","Protect"],"picked":"EmptyBody","floor":1},{"not_picked":["CarveReality","FollowUp"],"picked":"CutThroughFate","floor":2},{"not_picked":["FlyingSleeves","JustLucky"],"picked":"ThirdEye","floor":3},{"not_picked":["JustLucky","ThirdEye"],"picked":"FollowUp","floor":4},{"not_picked":["Wireheading","WreathOfFlame"],"picked":"Indignation","floor":7},{"not_picked":["EmptyMind","Study"],"picked":"FlurryOfBlows","floor":8},{"not_picked":["Pray","FlyingSleeves"],"picked":"Crescendo","floor":10},{"not_picked":["JustLucky","Vengeance"],"picked":"Conclude","floor":13},{"not_picked":["EmptyBody","SpiritShield"],"picked":"ReachHeaven","floor":14},{"not_picked":["Scrawl","Judgement"],"picked":"Wish","floor":16},{"not_picked":["ThirdEye","Evaluate"],"picked":"WindmillStrike","floor":18},{"not_picked":["Halt","Conclude"],"picked":"Protect","floor":19},{"not_picked":["BowlingBash","JustLucky"],"picked":"Evaluate","floor":20},{"not_picked":["FlyingSleeves","MentalFortress"],"picked":"WaveOfTheHand+1","floor":22}],"player_experience":582204,"relics_obtained":[{"floor":7,"key":"Bronze Scales"},{"floor":8,"key":"Odd Mushroom"},{"floor":9,"key":"Anchor"},{"floor":10,"key":"Lantern"},{"floor":13,"key":"Old Coin"},{"floor":22,"key":"Red Mask"}],"event_choices":[{"damage_healed":0,"gold_gain":0,"player_choice":"Fought Mushrooms","damage_taken":0,"max_hp_gain":0,"max_hp_loss":0,"event_name":"Mushrooms","floor":8,"gold_loss":0},{"damage_healed":0,"gold_gain":0,"player_choice":"Fought Bandits","damage_taken":0,"max_hp_gain":0,"max_hp_loss":0,"event_name":"Masked Bandits","floor":22,"gold_loss":0}],"is_beta":true,"boss_relics":[{"not_picked":["SlaversCollar","Pandora\u0027s Box"],"picked":"VioletLotus"}],"items_purged_floors":[12,21],"is_endless":false,"potions_floor_spawned":[4,7,10,14,16,20],"killed_by":"Gremlin Leader","ascension_level":1}}