{"host":"tgqjap25jvjx3f06","time":1614174208,"event":{"mods":["BaseMod","DeckTracker","Dota2Spire","Minty Spire (QoL Compilation)","Quick Restart","Relic Filter Mod","Replay The Spire","Shop Mod","StSLib","óô»ðÖ¸ÄÏ"],"gold_per_floor":[109,109,34,49,324,354,354,382,382,415,433,496,507,507,16,111,111,124,574,594,614,626,661,677,677,677,705,705,130,155,155,5,108,108,121,81,81,81,436,461,461,496,521,551,94,125,125,145,145,145,145,145,47,76,76],"floor_reached":56,"language":"ZHS","playtime":2590,"items_purged":["Strike_G","Regret","Strike_G","ReplayTheSpireMod:Restless Dread","Defend_G+1"],"score":1829,"play_id":"4a976da1-b9a8-415c-b8df-3fc87781bd88","local_time":"20210224214328","is_ascension_mode":true,"campfire_choices":[{"data":"Neutralize","floor":7.0,"key":"SMITH"},{"data":"Envenom","floor":25.0,"key":"SMITH"},{"data":"Blade Dance","floor":47.0,"key":"SMITH"},{"floor":49.0,"key":"RECALL"},{"data":"ReplayTheSpireMod:Necrosis","floor":52.0,"key":"SMITH"}],"circlet_count":0,"master_deck":["Strike_G","Strike_G","Defend_G+1","Defend_G+1","Defend_G+1","Defend_G+1","Survivor","Neutralize+1","Noxious Fumes+1","Phantasmal Killer+1","Blade Dance+1","Blade Dance+1","Prepared+1","Envenom+1","Bane+1","ReplayTheSpireMod:Necrosis+1","Toxin Wave+1","Toxin Wave+1","Poison Darts","Accuracy","Discovery","Specialist","Thinking Ahead","A Thousand Cuts","Concentrate","ReplayTheSpireMod:Speed Training","ReplayTheSpireMod:Speed Training+1","Catalyst+1","ReplayTheSpireMod:Uncanny Aura","Noxious Fumes+1"],"relics":["Ring of the Snake","NeowsBlessing","Dota2Spire:Desolator","Basket Of Snakes","Snack Pack","Turnip","Mirror","ReplayTheSpireMod:Lightbulb","Coffee Dripper","SlaversCollar","ReplayTheSpireMod:TigerMarble","InkBottle","Dota2Spire:Mjollnir","Potion Belt","Onion Ring","MerchantsRug","Kunai","Snake Skull","ReplayTheSpireMod:Ninjato","Dota2Spire:RefresherOrb","Anchor","Dota2Spire:OctarineCore","ReplayFunnel","Durian","Dota2Spire:LotusOrb"],"acts_visited":["Exordium","TheCity","TheBeyond","TheEnding"],"potions_floor_usage":[54,55,55,55,55],"damage_taken":[{"damage":0.0,"enemies":"Jaw Worm","floor":1.0,"turns":1.0},{"damage":0.0,"enemies":"Cultist","floor":4.0,"turns":1.0},{"damage":0.0,"enemies":"Lagavulin","floor":6.0,"turns":1.0},{"damage":20.0,"enemies":"Gremlin Nob","floor":8.0,"turns":5.0},{"damage":19.0,"enemies":"Lagavulin","floor":10.0,"turns":7.0},{"damage":0.0,"enemies":"2 Louse","floor":11.0,"turns":1.0},{"damage":3.0,"enemies":"Gremlin Nob","floor":12.0,"turns":3.0},{"damage":2.0,"enemies":"Gremlin Gang","floor":13.0,"turns":5.0},{"damage":21.0,"enemies":"Fading Forest","floor":16.0,"turns":11.0},{"damage":0.0,"enemies":"Shell Parasite","floor":18.0,"turns":2.0},{"damage":2.0,"enemies":"Chosen","floor":20.0,"turns":2.0},{"damage":0.0,"enemies":"Snake Plant","floor":21.0,"turns":2.0},{"damage":0.0,"enemies":"3 Cultists","floor":22.0,"turns":2.0},{"damage":4.0,"enemies":"Book of Stabbing","floor":23.0,"turns":3.0},{"damage":15.0,"enemies":"Snecko","floor":24.0,"turns":4.0},{"damage":7.0,"enemies":"Slavers","floor":27.0,"turns":3.0},{"damage":0.0,"enemies":"Replay:Snechameleon","floor":30.0,"turns":3.0},{"damage":0.0,"enemies":"Pondfish","floor":33.0,"turns":4.0},{"damage":0.0,"enemies":"Orb Walker","floor":35.0,"turns":1.0},{"damage":0.0,"enemies":"2 Orb Walkers","floor":39.0,"turns":1.0},{"damage":0.0,"enemies":"R_Hoarder","floor":40.0,"turns":3.0},{"damage":0.0,"enemies":"Nemesis","floor":42.0,"turns":1.0},{"damage":0.0,"enemies":"R_Hoarder","floor":44.0,"turns":2.0},{"damage":0.0,"enemies":"Reptomancer","floor":46.0,"turns":1.0},{"damage":0.0,"enemies":"3 Shapes","floor":48.0,"turns":3.0},{"damage":0.0,"enemies":"Time Eater","floor":50.0,"turns":6.0},{"damage":0,"enemies":"Shield and Spear","floor":54,"turns":3},{"damage":20,"enemies":"The Heart","floor":55,"turns":4}],"seed_played":"4585239557998875072","potions_obtained":[{"floor":6.0,"key":"EssenceOfSteel"},{"floor":10.0,"key":"Strength Potion"},{"floor":12.0,"key":"SteroidPotion"},{"floor":21.0,"key":"Ancient Potion"},{"floor":23.0,"key":"LiquidBronze"},{"floor":27.0,"key":"Explosive Potion"},{"floor":35.0,"key":"ColorlessPotion"},{"floor":42.0,"key":"Swift Potion"}],"is_trial":false,"path_per_floor":["M","?","$","M","?","E","R","E","T","E","M","?","M","?","R","B",null,"M","?","M","M","M","E","M","R","T","E","?","$","E","?","R","B",null,"M","$","?","?","?","E","?","E","T","E","$","E","R","M","R","B",null,"R","$","E","B",null],"character_chosen":"THE_SILENT","items_purchased":["Guide Book","ReplayTheSpireMod:Lightbulb","Prepared+1","MerchantsRug","Prayer Wheel","Kunai","Accuracy","Dota2Spire:OctarineCore","ReplayFunnel","ReplayTheSpireMod:Uncanny Aura"],"campfire_rested":0,"item_purchase_floors":[15,15,15,29,29,29,36,45,45,53],"current_hp_per_floor":[70,70,70,70,70,70,70,50,50,33,35,34,34,39,39,56,75,75,29,33,41,47,49,36,36,36,35,35,35,41,41,41,53,75,75,75,71,61,67,71,71,71,71,71,71,76,76,76,76,76,76,76,76,76,58],"gold":76,"neow_bonus":"THREE_ENEMY_KILL","is_daily":false,"chose_seed":false,"campfire_upgraded":4,"win_rate":0.0,"timestamp":1614174208,"path_taken":["M","?","?","M","?","E","R","E","T","E","?","?","M","?","R","BOSS","M","?","?","M","M","E","M","R","T","E","?","$","E","?","R","BOSS","M","$","?","?","?","E","?","E","T","E","?","E","R","M","R","BOSS","R","$","E","BOSS"],"items_purchased_type":["Relic","Relic","Card","Relic","Relic","Relic","Card","Relic","Relic","Card"],"build_version":"2020-12-22","purchased_purges":5,"victory":true,"max_hp_per_floor":[70,70,70,70,70,70,70,70,70,70,70,70,70,75,75,75,75,75,75,75,75,75,75,75,75,75,75,75,75,75,75,75,75,75,75,75,71,71,71,71,71,71,71,71,71,76,76,76,76,76,76,76,76,76,76],"card_choices":[{"not_picked":["Prepared","Outmaneuver"],"picked":"Noxious Fumes","floor":1.0},{"not_picked":["Outmaneuver","Terror","Prepared"],"picked":"SKIP","floor":4.0},{"not_picked":["Leg Sweep","Dagger Throw","Heel Hook"],"picked":"SKIP","floor":6.0},{"not_picked":["Footwork","Expertise"],"picked":"Phantasmal Killer","floor":8.0},{"not_picked":["Dodge and Roll","Caltrops"],"picked":"Blade Dance","floor":10.0},{"not_picked":["Dash","Deflect","Acrobatics"],"picked":"SKIP","floor":11.0},{"not_picked":["Quick Slash","PiercingWail"],"picked":"Blade Dance","floor":13.0},{"not_picked":["Die Die Die","Unload"],"picked":"Envenom","floor":16.0},{"not_picked":["Blur","Blade Dance"],"picked":"Bane+1","floor":18.0},{"not_picked":["Calculated Gamble","Hidden Blade","Endless Agony"],"picked":"SKIP","floor":20.0},{"not_picked":["Predator","Dodge and Roll+1","Reflex"],"picked":"SKIP","floor":21.0},{"not_picked":["Flechettes","Slice+1","Outmaneuver+1"],"picked":"SKIP","floor":22.0},{"not_picked":["Poisoned Stab","Dagger Throw"],"picked":"ReplayTheSpireMod:Necrosis","floor":23.0},{"not_picked":["Slice","Quick Slash"],"picked":"Toxin Wave+1","floor":24.0},{"not_picked":["Backstab","Bullet Time"],"picked":"Toxin Wave+1","floor":27.0},{"not_picked":["Quick Slash","Toxin Wave","Poisoned Stab"],"picked":"SKIP","floor":30.0},{"not_picked":["Tools of the Trade","Phantasmal Killer"],"picked":"Poison Darts","floor":33.0},{"not_picked":["Outmaneuver","ReplayTheSpireMod:Speed Training","Flying Knee+1"],"picked":"SKIP","floor":35.0},{"not_picked":["Reflex","Outmaneuver+1","Infinite Blades"],"picked":"SKIP","floor":35.0},{"not_picked":["HandOfGreed","Blind"],"picked":"Discovery","floor":38.0},{"not_picked":["Swift Strike","Trip"],"picked":"Specialist","floor":38.0},{"not_picked":["Bandage Up","Finesse"],"picked":"Thinking Ahead","floor":38.0},{"not_picked":["Bane+1","Quick Slash","Terror+1"],"picked":"SKIP","floor":40.0},{"not_picked":["Concentrate","Bane"],"picked":"A Thousand Cuts","floor":42.0},{"not_picked":["Outmaneuver","Escape Plan"],"picked":"Concentrate","floor":44.0},{"not_picked":["Expertise","All Out Attack+1"],"picked":"ReplayTheSpireMod:Speed Training","floor":46.0},{"not_picked":["Outmaneuver","Acrobatics+1"],"picked":"ReplayTheSpireMod:Speed Training+1","floor":48.0},{"not_picked":["Dagger Throw","Accuracy"],"picked":"Catalyst+1","floor":48.0},{"not_picked":["Corpse Explosion","Predator+1"],"picked":"Noxious Fumes+1","floor":54}],"player_experience":364980,"relics_obtained":[{"floor":6.0,"key":"Dota2Spire:Desolator"},{"floor":8.0,"key":"Basket Of Snakes"},{"floor":9.0,"key":"Snack Pack"},{"floor":10.0,"key":"Turnip"},{"floor":12.0,"key":"Mirror"},{"floor":17.0,"key":"ReplayTheSpireMod:TigerMarble"},{"floor":17.0,"key":"InkBottle"},{"floor":17.0,"key":"Dota2Spire:Mjollnir"},{"floor":23.0,"key":"Potion Belt"},{"floor":26.0,"key":"Replay:Bottled Eggs"},{"floor":27.0,"key":"Onion Ring"},{"floor":30.0,"key":"Snake Skull"},{"floor":39.0,"key":"Old Coin"},{"floor":40.0,"key":"Akabeko"},{"floor":42.0,"key":"Anchor"},{"floor":44.0,"key":"Dota2Spire:ShadowBlade"},{"floor":46.0,"key":"Durian"},{"floor":54,"key":"Dota2Spire:LotusOrb"}],"event_choices":[{"damage_healed":0.0,"max_hp_gain":0.0,"max_hp_loss":0.0,"gold_gain":0.0,"event_name":"Upgrade Shrine","player_choice":"Upgraded","floor":2.0,"gold_loss":0.0,"damage_taken":0.0,"cards_upgraded":["Noxious Fumes"]},{"damage_healed":0.0,"max_hp_gain":0.0,"max_hp_loss":0.0,"gold_gain":275.0,"event_name":"Golden Shrine","player_choice":"Desecrate","floor":5.0,"gold_loss":0.0,"damage_taken":0.0,"cards_obtained":["Regret"]},{"damage_healed":0.0,"max_hp_gain":0.0,"max_hp_loss":0.0,"gold_gain":30.0,"event_name":"Dead Adventurer","player_choice":"Searched \u00273\u0027 times","floor":12.0,"gold_loss":0.0,"damage_taken":0.0},{"damage_healed":0.0,"max_hp_gain":5.0,"max_hp_loss":0.0,"gold_gain":0.0,"event_name":"Big Fish","player_choice":"Donut","floor":14.0,"gold_loss":0.0,"damage_taken":0.0},{"damage_healed":0.0,"max_hp_gain":0.0,"max_hp_loss":0.0,"gold_gain":450.0,"event_name":"Knowing Skull","player_choice":"GOLD GOLD GOLD GOLD GOLD ","floor":19.0,"potions_obtained":[],"gold_loss":0.0,"damage_taken":46.0,"cards_obtained":[]},{"cards_removed":["Strike_G"],"damage_healed":0.0,"max_hp_gain":0.0,"max_hp_loss":0.0,"gold_gain":0.0,"event_name":"Back to Basics","player_choice":"Elegance","floor":28.0,"gold_loss":0.0,"damage_taken":0.0},{"damage_healed":0.0,"max_hp_gain":0.0,"max_hp_loss":4.0,"gold_gain":0.0,"event_name":"Winding Halls","player_choice":"Max HP","floor":37.0,"gold_loss":0.0,"damage_taken":0.0},{"damage_healed":0.0,"max_hp_gain":0.0,"max_hp_loss":0.0,"gold_gain":0.0,"event_name":"SensoryStone","player_choice":"Memory 3","floor":38.0,"gold_loss":0.0,"damage_taken":10.0},{"damage_healed":0.0,"max_hp_gain":0.0,"max_hp_loss":0.0,"gold_gain":0.0,"event_name":"Mysterious Sphere","player_choice":"Fight","floor":39.0,"gold_loss":0.0,"damage_taken":0.0},{"damage_healed":0.0,"max_hp_gain":0.0,"max_hp_loss":0.0,"gold_gain":0.0,"event_name":"Tomb of Lord Red Mask","player_choice":"Ignored","floor":41.0,"gold_loss":0.0,"damage_taken":0.0}],"is_beta":false,"boss_relics":[{"not_picked":["Fusion Hammer","Replay:Ancient Bell"],"picked":"Replay:Grab Bag"},{"not_picked":["Busted Crown","Philosopher\u0027s Stone"],"picked":"Coffee Dripper"},{"not_picked":["Velvet Choker","ChewingGum"],"picked":"SlaversCollar"},{"not_picked":["Ring of the Serpent","Snecko Heart"],"picked":"Calling Bell"},{"not_picked":["Dota2Spire:Bloodstone","Tiny House"],"picked":"Dota2Spire:RefresherOrb"}],"items_purged_floors":[3,15,29,32,53],"is_endless":false,"potions_floor_spawned":[6,10,12,13,18,21,23,27,35,42,44],"ascension_level":1}}