{"host":"x4954lblgztusody","time":1614149450,"event":{"mods":["BaseMod","Colored Map","Curses Come First","Minty Spire (QoL Compilation)","Rare Cards Sparkle","StSLib"],"gold_per_floor":[119,131,141,141,121,153,166,193,193,213,241,252,96,96,96,193,193,204,216,226,74,86,86,86,114,114,127,127,127,127,127,127,229,229,242,242,92,109,128,128,147,24,75,75,106,106,131,148,148,148,148],"floor_reached":50,"language":"ENG","playtime":6925,"items_purged":["Strike_P","Strike_P+1"],"score":597,"play_id":"941061ad-af33-4dd0-90bd-3a2b634f8d18","local_time":"20210223225050","is_ascension_mode":true,"campfire_choices":[{"floor":15.0,"key":"REST"},{"floor":23.0,"key":"REST"},{"data":"ThirdEye","floor":28.0,"key":"SMITH"},{"floor":30.0,"key":"REST"},{"floor":32.0,"key":"REST"},{"data":"Blasphemy","floor":40.0,"key":"SMITH"},{"data":"BowlingBash","floor":44.0,"key":"SMITH"},{"floor":49,"key":"RECALL"}],"circlet_count":0,"master_deck":["Defend_P","Defend_P","Defend_P+1","Eruption+1","Vigilance+1","CrushJoints+1","CutThroughFate+1","FlurryOfBlows+1","ThirdEye+1","EmptyBody+1","FearNoEvil+1","FlurryOfBlows+1","CutThroughFate+1","Adaptation+1","DevaForm+1","ThirdEye+1","Protect+1","Nirvana+1","Blasphemy+1","BowlingBash+1","EmptyMind+1","Omniscience","Conclude","Regret","LikeWater+1"],"relics":["Empty Cage","Damaru","Centennial Puzzle","Frozen Egg 2","Unceasing Top","Snecko Eye","Pocketwatch","Letter Opener","Cursed Key","Happy Flower","Gambling Chip","Whetstone"],"acts_visited":["Exordium","TheCity","TheBeyond"],"potions_floor_usage":[50],"damage_taken":[{"damage":3.0,"enemies":"Jaw Worm","floor":1.0,"turns":3.0},{"damage":3.0,"enemies":"2 Louse","floor":2.0,"turns":3.0},{"damage":1.0,"enemies":"Cultist","floor":3.0,"turns":3.0},{"damage":0.0,"enemies":"Gremlin Nob","floor":6.0,"turns":2.0},{"damage":4.0,"enemies":"2 Fungi Beasts","floor":7.0,"turns":4.0},{"damage":24.0,"enemies":"3 Sentries","floor":8.0,"turns":10.0},{"damage":0.0,"enemies":"3 Louse","floor":10.0,"turns":5.0},{"damage":15.0,"enemies":"Gremlin Nob","floor":11.0,"turns":4.0},{"damage":2.0,"enemies":"Looter","floor":12.0,"turns":2.0},{"damage":0.0,"enemies":"Exordium Thugs","floor":14.0,"turns":1.0},{"damage":12.0,"enemies":"The Guardian","floor":16.0,"turns":10.0},{"damage":12.0,"enemies":"3 Byrds","floor":18.0,"turns":6.0},{"damage":18.0,"enemies":"Shell Parasite","floor":19.0,"turns":4.0},{"damage":36.0,"enemies":"Snake Plant","floor":20.0,"turns":7.0},{"damage":2.0,"enemies":"3 Cultists","floor":22.0,"turns":5.0},{"damage":7.0,"enemies":"Slavers","floor":25.0,"turns":6.0},{"damage":2.0,"enemies":"Centurion and Healer","floor":27.0,"turns":5.0},{"damage":26.0,"enemies":"Automaton","floor":33.0,"turns":10.0},{"damage":0.0,"enemies":"Orb Walker","floor":35.0,"turns":3.0},{"damage":1.0,"enemies":"3 Darklings","floor":38.0,"turns":6.0},{"damage":0.0,"enemies":"Jaw Worm Horde","floor":39.0,"turns":4.0},{"damage":6.0,"enemies":"Writhing Mass","floor":41.0,"turns":6.0},{"damage":5,"enemies":"Giant Head","floor":45,"turns":9},{"damage":16,"enemies":"Reptomancer","floor":47,"turns":5},{"damage":4,"enemies":"Sphere and 2 Shapes","floor":48,"turns":4},{"damage":53,"enemies":"Time Eater","floor":50,"turns":9}],"seed_played":"7746802838122858391","potions_obtained":[{"floor":1.0,"key":"BottledMiracle"},{"floor":3.0,"key":"SpeedPotion"},{"floor":5.0,"key":"LiquidBronze"},{"floor":12.0,"key":"SmokeBomb"},{"floor":18.0,"key":"EssenceOfSteel"},{"floor":20.0,"key":"StancePotion"},{"floor":35.0,"key":"SneckoOil"},{"floor":45,"key":"SpeedPotion"}],"is_trial":false,"path_per_floor":["M","M","M","?","?","E","M","E","T","M","E","M","$","M","R","B",null,"M","M","M","$","M","R","?","E","T","M","R","?","R","?","R","B",null,"M","?","$","M","M","R","M","$","T","R","E","?","E","M","R","B"],"character_chosen":"WATCHER","items_purchased":["Adaptation+1","ThirdEye","Happy Flower","Conclude","ColorlessPotion"],"campfire_rested":4,"item_purchase_floors":[13,21,37,42,42],"current_hp_per_floor":[69,66,65,58,58,58,54,30,30,30,15,13,13,13,34,22,72,60,42,6,6,4,25,49,42,42,40,40,40,61,48,71,45,77,77,77,77,76,76,76,70,70,70,70,65,65,49,45,45,0,0],"gold":148,"neow_bonus":"BOSS_RELIC","is_daily":false,"chose_seed":false,"campfire_upgraded":3,"win_rate":0.0,"timestamp":1614149450,"path_taken":["M","M","M","?","?","E","M","E","T","M","E","?","$","M","R","BOSS","M","M","M","$","M","R","?","E","T","M","R","?","R","?","R","BOSS","M","?","$","M","M","R","M","$","T","R","E","?","E","M","R","BOSS"],"items_purchased_type":["Card","Card","Relic","Card","Potion"],"build_version":"2020-12-22","purchased_purges":2,"victory":false,"max_hp_per_floor":[72,72,72,72,72,72,72,72,72,72,72,72,72,72,72,72,72,72,72,72,72,72,72,72,72,72,72,72,72,72,77,77,77,77,77,77,77,77,77,77,77,77,77,77,77,73,73,73,73,73,73],"card_choices":[{"not_picked":["Sanctity","Pray"],"picked":"CrushJoints","floor":1.0},{"not_picked":["ClearTheMind","Crescendo"],"picked":"CutThroughFate","floor":2.0},{"not_picked":["Halt","Protect"],"picked":"FlurryOfBlows","floor":3.0},{"not_picked":["WindmillStrike","SashWhip"],"picked":"ThirdEye","floor":6.0},{"not_picked":["ClearTheMind","Vengeance"],"picked":"LessonLearned","floor":7.0},{"not_picked":["Fasting2","Weave"],"picked":"EmptyBody","floor":8.0},{"not_picked":["WaveOfTheHand","ClearTheMind"],"picked":"FearNoEvil","floor":10.0},{"not_picked":["ClearTheMind","Brilliance"],"picked":"FlurryOfBlows","floor":11.0},{"not_picked":["Prostrate","Collect"],"picked":"CutThroughFate","floor":12.0},{"not_picked":["Alpha","Ragnarok"],"picked":"DevaForm+1","floor":16.0},{"not_picked":["Halt+1","FlyingSleeves","ThirdEye"],"picked":"SKIP","floor":18.0},{"not_picked":["SashWhip","EmptyFist","Adaptation+1"],"picked":"SKIP","floor":19.0},{"not_picked":["Collect","Perseverance+1","WheelKick+1"],"picked":"SKIP","floor":20.0},{"not_picked":["Consecrate+1","Worship"],"picked":"Protect","floor":22.0},{"not_picked":["Collect","Vengeance"],"picked":"Nirvana+1","floor":25.0},{"not_picked":["CrushJoints","BowlingBash","Study+1"],"picked":"SKIP","floor":27.0},{"not_picked":["ConjureBlade","Alpha"],"picked":"Blasphemy","floor":33.0},{"not_picked":["Prostrate","FollowUp+1","ThirdEye"],"picked":"SKIP","floor":35.0},{"not_picked":["ThirdEye","BattleHymn+1"],"picked":"BowlingBash","floor":38.0},{"not_picked":["WreathOfFlame+1","ClearTheMind+1"],"picked":"EmptyMind+1","floor":39.0},{"not_picked":["PathToVictory","Crescendo+1"],"picked":"Omniscience","floor":41.0},{"not_picked":["Perseverance+1","ConjureBlade"],"picked":"LikeWater+1","floor":45},{"not_picked":["ForeignInfluence+1","CrushJoints","SashWhip"],"picked":"SKIP","floor":47},{"not_picked":["ForeignInfluence+1","SashWhip+1","Study+1"],"picked":"SKIP","floor":48}],"player_experience":48838,"relics_obtained":[{"floor":6.0,"key":"Damaru"},{"floor":8.0,"key":"Centennial Puzzle"},{"floor":9.0,"key":"Frozen Egg 2"},{"floor":11.0,"key":"Unceasing Top"},{"floor":25.0,"key":"Pocketwatch"},{"floor":26.0,"key":"Letter Opener"},{"floor":45,"key":"Gambling Chip"},{"floor":47,"key":"Whetstone"}],"event_choices":[{"cards_removed":["Strike_P"],"damage_healed":0.0,"max_hp_gain":0.0,"max_hp_loss":0.0,"gold_gain":0.0,"event_name":"Golden Wing","player_choice":"Card Removal","floor":4.0,"gold_loss":0.0,"damage_taken":7.0},{"damage_healed":0.0,"max_hp_gain":0.0,"max_hp_loss":0.0,"gold_gain":0.0,"event_name":"The Woman in Blue","player_choice":"Bought 1 Potion","floor":5.0,"gold_loss":0.0,"damage_taken":0.0},{"damage_healed":24.0,"max_hp_gain":0.0,"max_hp_loss":0.0,"gold_gain":0.0,"event_name":"The Library","player_choice":"Heal","floor":24.0,"gold_loss":0.0,"damage_taken":0.0},{"damage_healed":0.0,"max_hp_gain":0.0,"max_hp_loss":0.0,"gold_gain":0.0,"event_name":"Vampires","player_choice":"Ignored","floor":29.0,"gold_loss":0.0,"damage_taken":0.0},{"damage_healed":0.0,"max_hp_gain":5.0,"max_hp_loss":0.0,"gold_gain":0.0,"event_name":"Forgotten Altar","player_choice":"Shed Blood","floor":31.0,"gold_loss":0.0,"damage_taken":18.0},{"cards_removed":["LessonLearned"],"damage_healed":0.0,"max_hp_gain":0.0,"max_hp_loss":0.0,"gold_gain":0.0,"event_name":"Falling","player_choice":"Removed Attack","floor":36.0,"gold_loss":0.0,"damage_taken":0.0},{"damage_healed":0,"gold_gain":0,"player_choice":"Max HP","damage_taken":0,"max_hp_gain":0,"max_hp_loss":4,"event_name":"Winding Halls","floor":46,"gold_loss":0}],"is_beta":false,"boss_relics":[{"not_picked":["Runic Dome","Ectoplasm"],"picked":"Snecko Eye"},{"not_picked":["Velvet Choker","Black Star"],"picked":"Cursed Key"}],"items_purged_floors":[13,21],"is_endless":false,"potions_floor_spawned":[1,3,12,14,18,20,35,45],"killed_by":"Time Eater","ascension_level":1}}