{"host":"dm3der2z84gf27js","time":1614209718,"event":{"mods":["AchievementEnabler","BaseMod","Bestiary","Better Note","Better Third Choice","Colored Map","Colored Powertips","Marisa????????","Minty Spire (QoL Compilation)","StSLib","The Marked"],"gold_per_floor":[215,215,234,234,254,282,282,316,339,339,355,390,390,182,182,298,298,324,344,344,344,370,370,370,370],"floor_reached":24,"language":"ENG","playtime":1606,"items_purged":[],"score":235,"play_id":"be24e8fe-20a3-4a33-8c1e-5479698d79e7","local_time":"20210224183518","is_ascension_mode":true,"campfire_choices":[{"floor":10,"key":"RECALL"},{"floor":15,"key":"REST"},{"floor":23,"key":"REST"}],"circlet_count":0,"master_deck":["Strike_MRS","Strike_MRS","Strike_MRS","Strike_MRS","Defend_MRS","Defend_MRS","Defend_MRS","MasterSpark","UpSweep+1","AsteroidBelt","GravityBeat","ChargeUpSpray","IllusionStar","Parasite","IllusionStar","FairyDestructionRay","IllusionStar","DeepEcoloBomb","WitchOfGreed","MillisecondPulsars","OortCloud+1","SporeBomb","ChargeUpSpray","MilkyWay+1"],"relics":["MiniHakkero","Nunchaku","Oddly Smooth Stone","Pear","Black Star"],"acts_visited":["Exordium","TheCity"],"potions_floor_usage":[6,8,12,22,22],"damage_taken":[{"damage":12,"enemies":"Jaw Worm","floor":1,"turns":3},{"damage":5,"enemies":"Small Slimes","floor":3,"turns":3},{"damage":0,"enemies":"Cultist","floor":5,"turns":3},{"damage":5,"enemies":"Gremlin Nob","floor":6,"turns":4},{"damage":28,"enemies":"3 Sentries","floor":8,"turns":10},{"damage":6,"enemies":"Blue Slaver","floor":11,"turns":3},{"damage":15,"enemies":"Lagavulin","floor":12,"turns":5},{"damage":34,"enemies":"Hexaghost","floor":16,"turns":9},{"damage":32,"enemies":"Shell Parasite","floor":18,"turns":6},{"damage":10,"enemies":"3 Byrds","floor":19,"turns":5},{"damage":62,"enemies":"Centurion and Healer","floor":22,"turns":10},{"damage":57,"enemies":"Gremlin Leader","floor":24,"turns":7}],"seed_played":"8626814667328132715","potions_obtained":[{"floor":3,"key":"Dexterity Potion"},{"floor":5,"key":"DuplicationPotion"},{"floor":11,"key":"Swift Potion"},{"floor":16,"key":"FairyPotion"},{"floor":18,"key":"LiquidBronze"},{"floor":19,"key":"Block Potion"}],"is_trial":false,"path_per_floor":["M","?","M","?","M","E","?","E","T","R","M","E","?","$","R","B",null,"M","M","?","?","M","R","E"],"character_chosen":"MARISA","items_purchased":["DeepEcoloBomb","WitchOfGreed","Regen Potion"],"campfire_rested":2,"item_purchase_floors":[14,14,14],"current_hp_per_floor":[63,56,51,51,51,46,64,36,36,36,30,25,53,53,78,44,85,53,43,43,43,25,50,0,0],"gold":370,"neow_bonus":"HUNDRED_GOLD","is_daily":false,"chose_seed":false,"campfire_upgraded":0,"win_rate":0.0,"timestamp":1614209718,"path_taken":["M","?","M","?","?","E","?","E","T","R","M","E","?","$","R","BOSS","M","M","?","?","M","R","E"],"items_purchased_type":["Card","Card","Potion"],"build_version":"2020-12-22","purchased_purges":0,"victory":false,"max_hp_per_floor":[75,75,75,75,75,75,75,75,75,75,75,85,85,85,85,85,85,85,85,85,85,85,85,85,85],"card_choices":[{"not_picked":["GalacticHalo","MachineGunSpark"],"picked":"AsteroidBelt","floor":1},{"not_picked":["WitchLeyline","BlazeAway"],"picked":"GravityBeat","floor":3},{"not_picked":["ShootingEcho","SuperPerseids"],"picked":"ChargeUpSpray","floor":5},{"not_picked":["OrrerysSun","WitchLeyline"],"picked":"IllusionStar","floor":6},{"not_picked":["UnstableBomb","WitchLeyline"],"picked":"IllusionStar","floor":8},{"not_picked":["ManaConvection","WitchLeyline"],"picked":"FairyDestructionRay","floor":11},{"not_picked":["Acceleration","FairyDestructionRay"],"picked":"IllusionStar","floor":12},{"not_picked":["EscapeVelocity","FinalSpark"],"picked":"MillisecondPulsars","floor":16},{"not_picked":["OneTimeOff+1","WitchOfGreed"],"picked":"OortCloud+1","floor":18},{"not_picked":["DragonMeteor","StarlightTyphoon"],"picked":"SporeBomb","floor":19},{"not_picked":["DarkMatter","GravityBeat"],"picked":"MilkyWay+1","floor":22}],"player_experience":249022,"relics_obtained":[{"floor":6,"key":"Nunchaku"},{"floor":8,"key":"Oddly Smooth Stone"},{"floor":12,"key":"Pear"}],"event_choices":[{"cards_removed":["Defend_MRS"],"damage_healed":0,"gold_gain":0,"player_choice":"Card Removal","damage_taken":7,"max_hp_gain":0,"max_hp_loss":0,"event_name":"Golden Wing","floor":2,"gold_loss":0},{"damage_healed":0,"gold_gain":0,"player_choice":"Upgraded","damage_taken":0,"max_hp_gain":0,"max_hp_loss":0,"event_name":"Upgrade Shrine","floor":4,"gold_loss":0,"cards_upgraded":["UpSweep"]},{"damage_healed":18,"gold_gain":0,"player_choice":"Healed and dodged fight","damage_taken":0,"max_hp_gain":0,"max_hp_loss":0,"event_name":"Mushrooms_MRS","floor":7,"gold_loss":0,"cards_obtained":["Parasite"]},{"damage_healed":28,"gold_gain":0,"player_choice":"Banana","damage_taken":0,"max_hp_gain":0,"max_hp_loss":0,"event_name":"Big Fish","floor":13,"gold_loss":0},{"damage_healed":0,"gold_gain":0,"player_choice":"Ignored","damage_taken":0,"max_hp_gain":0,"max_hp_loss":0,"event_name":"Ghosts","floor":20,"gold_loss":0},{"damage_healed":0,"gold_gain":0,"player_choice":"Copied","damage_taken":0,"max_hp_gain":0,"max_hp_loss":0,"event_name":"Duplicator","floor":21,"gold_loss":0,"cards_obtained":["ChargeUpSpray"]}],"is_beta":false,"boss_relics":[{"not_picked":["Pandora\u0027s Box","Ectoplasm"],"picked":"Black Star"}],"items_purged_floors":[],"is_endless":false,"potions_floor_spawned":[3,5,11,19],"killed_by":"Gremlin Leader","ascension_level":2}}