{"host":"i0asdmq0kdsv7cgz","time":1614167330,"event":{"mods":["BaseMod","Colored Map","Downfall","Gold Saver","Hubris","Minty Spire (QoL Compilation)","Replay The Spire","StSLib"],"gold_per_floor":[330,18,28,42,58,71,71,71,71,89,89,102,102,12,32,133,133,33,50,60,70,70,70,87,97,108,108,128,128,162,173,186,186,186,186,186],"floor_reached":34,"language":"ENG","playtime":3389,"items_purged":["bronze:Strike"],"score":297,"play_id":"ae718480-43ba-4ca4-8cef-f0ee558d62a8","local_time":"20210224124850","is_ascension_mode":false,"campfire_choices":[{"data":"bronze:Goto","floor":1,"key":"SMITH"},{"data":"Pot Of Greed","floor":9,"key":"SMITH"},{"data":"bronze:Optimize","floor":11,"key":"SMITH"},{"floor":13,"key":"RECALL"},{"data":"bronze:CutThrough","floor":18,"key":"SMITH"},{"data":"Pot Of Greed","floor":29,"key":"SMITH"},{"floor":33,"key":"REST"}],"circlet_count":0,"master_deck":["bronze:Strike","bronze:Strike","bronze:Strike","bronze:Defend","bronze:Defend","bronze:Defend","bronze:Defend","bronze:Replicate","bronze:Goto+1","bronze:Optimize+1","bronze:Deprecate","bronze:Repair","bronze:FineTuning","Pot Of Greed+1","Pot Of Greed+1","bronze:CutThrough+1","bronze:FineTuning","bronze:CleanCode","bronze:Philosophize","bronze:FineTuning","bronze:DelayedSlice","bronze:DarkDash+1","bronze:BuggyMess+1","bronze:Iterate","bronze:BronzeOrb+1","Pot Of Greed","bronze:ChosenStrike+1","bronze:Safeguard"],"relics":["bronze:BronzeCore","Blue Doll","hubris:EmptyBottle","Grinning Jar","Bottled Lightning","hubris:TerracottaHorce","downfall:HeartBlessingRed","White Beast Statue","Singing Bowl"],"acts_visited":["Exordium","TheCity"],"potions_floor_usage":[6,6,6,6,14,16,24,24,28,28,32,32,34,34,34],"damage_taken":[{"damage":0,"enemies":"downfall:FleeingMerchant","floor":2,"turns":4},{"damage":1,"enemies":"Cultist","floor":3,"turns":3},{"damage":0,"enemies":"2 Louse","floor":4,"turns":3},{"damage":3,"enemies":"Jaw Worm","floor":5,"turns":4},{"damage":8,"enemies":"Lots of Slimes","floor":6,"turns":6},{"damage":6,"enemies":"Exordium Thugs","floor":10,"turns":5},{"damage":2,"enemies":"Large Slime","floor":12,"turns":6},{"damage":0,"enemies":"downfall:FleeingMerchant","floor":14,"turns":4},{"damage":1,"enemies":"downfall:LooterAlt","floor":15,"turns":3},{"damage":38,"enemies":"IC_STATUS_ARCHETYPE","floor":16,"turns":12},{"damage":6,"enemies":"Shell Parasite","floor":19,"turns":5},{"damage":12,"enemies":"Chosen","floor":20,"turns":4},{"damage":17,"enemies":"Sentry and Sphere","floor":21,"turns":4},{"damage":6,"enemies":"Snake Plant","floor":24,"turns":4},{"damage":19,"enemies":"Snecko","floor":25,"turns":5},{"damage":16,"enemies":"Shelled Parasite and Fungi","floor":26,"turns":3},{"damage":30,"enemies":"Cultist and Chosen","floor":28,"turns":7},{"damage":24,"enemies":"Replay:Snechameleon","floor":30,"turns":4},{"damage":0,"enemies":"Centurion and Healer","floor":31,"turns":3},{"damage":19,"enemies":"Shelled Parasite and Fungi","floor":32,"turns":3},{"damage":40,"enemies":"Shelled Parasite and Fungi","floor":34,"turns":3}],"seed_played":"-9030459572415200714","potions_obtained":[{"floor":3,"key":"bronze:CleanCodePotion"},{"floor":5,"key":"SkillPotion"},{"floor":6,"key":"Fruit Juice"},{"floor":15,"key":"SmokeBomb"},{"floor":16,"key":"SkillPotion"},{"floor":21,"key":"bronze:FreeFunctionsPotion"},{"floor":24,"key":"SpeedPotion"},{"floor":28,"key":"BlessingOfTheForge"},{"floor":30,"key":"Explosive Potion"},{"floor":32,"key":"Strength Potion"}],"is_trial":false,"path_per_floor":["R","$","M","M","M","M","T","T","R","M","R","M","R","$","M","B",null,"R","M","M","M","PTL","PTL","M","M","M","T","M","R","E","M","M","R","?"],"character_chosen":"THE_AUTOMATON","items_purchased":["Blue Doll","hubris:EmptyBottle"],"campfire_rested":1,"item_purchase_floors":[2,2],"current_hp_per_floor":[77,77,76,76,73,79,79,79,79,81,81,87,87,87,87,49,78,78,83,81,70,70,70,72,53,47,47,27,27,10,20,11,37,0,0,0],"gold":186,"neow_bonus":"TEN_PERCENT_HP_BONUS","is_daily":false,"chose_seed":false,"campfire_upgraded":5,"win_rate":0.0,"timestamp":1614167330,"path_taken":["R","?","M","M","M","M","T","?","R","M","R","M","R","$","M","BOSS","R","M","M","M","PTL","PTL","M","M","M","T","?","R","E","M","M","R","?"],"items_purchased_type":["Relic","Relic"],"build_version":"2020-12-22","purchased_purges":1,"victory":false,"max_hp_per_floor":[77,77,77,77,77,87,87,87,87,87,87,87,87,87,87,87,87,87,87,87,87,87,87,87,87,87,87,87,87,87,87,87,87,87,87,87],"card_choices":[{"not_picked":["bronze:BuggyMess","bronze:Deprecate"],"picked":"bronze:Optimize","floor":2},{"not_picked":["bronze:DelayedGuard","bronze:FollowUp","bronze:BronzeArmor"],"picked":"SKIP","floor":3},{"not_picked":["bronze:Frontload","bronze:BuggyMess"],"picked":"bronze:Deprecate","floor":4},{"not_picked":["bronze:Deprecate","bronze:BugBarrage"],"picked":"bronze:Repair","floor":5},{"not_picked":["bronze:Invalidate","bronze:DigitalCarnage"],"picked":"bronze:FineTuning","floor":6},{"not_picked":["bronze:ShipIt","bronze:Repair","bronze:NullPointer"],"picked":"SKIP","floor":10},{"not_picked":["bronze:CloningBeam","bronze:Invalidate","bronze:Repulsor"],"picked":"SKIP","floor":12},{"not_picked":["bronze:Frontload","bronze:FindAndReplace"],"picked":"bronze:CutThrough","floor":14},{"not_picked":["bronze:Shell","bronze:FollowUp"],"picked":"bronze:FineTuning","floor":15},{"not_picked":["bronze:HyperBeam","bronze:BurnOut"],"picked":"bronze:CleanCode","floor":16},{"not_picked":["bronze:Shield","bronze:Invalidate","bronze:CloningBeam"],"picked":"SKIP","floor":19},{"not_picked":["bronze:Overheat","bronze:BronzeOrb"],"picked":"bronze:Philosophize","floor":20},{"not_picked":["bronze:Shield","bronze:BugBarrage"],"picked":"bronze:FineTuning","floor":21},{"not_picked":["bronze:Invalidate","bronze:Boost"],"picked":"bronze:DelayedSlice","floor":24},{"not_picked":["bronze:Frontload","bronze:Branch"],"picked":"bronze:DarkDash+1","floor":25},{"not_picked":["bronze:BurnOut","bronze:CutThrough"],"picked":"bronze:BuggyMess+1","floor":26},{"not_picked":["bronze:ForLoop","bronze:Overheat"],"picked":"bronze:Iterate","floor":28},{"not_picked":["bronze:FollowUp+1","bronze:Fortify"],"picked":"bronze:BronzeOrb+1","floor":30},{"not_picked":["bronze:Overheat","bronze:BugBarrage+1"],"picked":"bronze:ChosenStrike+1","floor":31},{"not_picked":["bronze:Overheat","bronze:WildBeam"],"picked":"bronze:Safeguard","floor":32}],"player_experience":588351,"relics_obtained":[{"floor":7,"key":"Grinning Jar"},{"floor":8,"key":"Bottled Lightning"},{"floor":27,"key":"White Beast Statue"},{"floor":30,"key":"Singing Bowl"}],"event_choices":[],"is_beta":false,"boss_relics":[{"not_picked":["Kintsugi","hubris:HollowSoul"],"picked":"hubris:TerracottaHorce"}],"items_purged_floors":[14],"is_endless":false,"potions_floor_spawned":[3,5,6,15,16,21,24,26,28,30,31,32],"killed_by":"Shelled Parasite and Fungi","ascension_level":0}}