{"host":"bun66rhxl4zngnso","time":1614147949,"event":{"mods":["2.2 Compatiblity","AchievementEnabler","Act Like it!","Arknights","BaseMod","KOR Keyword Fix","KinomotoSakuraMod(ÙÊñýÜâ?)","Koishi","Marisa£¨Ùöéë¡¡Øª×âÞÞ£©","Minty Spire (QoL Compilation)","Permanent Neow","Reimu£¨ÚÏ???£©","Remilia£¨?Ú·×é?£©","StSLib","SuperFastMode","The Runesmith","The Servant 0.9.4","Youmu£¨ûëÛÞèí?£©"],"gold_per_floor":[111,111,126,126,5,32,50,82,82,98,128,145,145,175,175,277,277,292,292,292,41,43,43,54,31,100,100,130,141,141,141],"floor_reached":30,"language":"KOR","playtime":2003,"items_purged":[],"score":318,"play_id":"7f7f271a-ac87-449f-9e30-b9066c566e09","local_time":"20210224152548","is_ascension_mode":false,"campfire_choices":[{"floor":13,"key":"REST"},{"floor":15,"key":"REST"},{"floor":27,"key":"REST"}],"circlet_count":0,"master_deck":["Strike_RM+1","Strike_RM","Strike_RM","Strike_RM","Defend_RM","Defend_RM","Defend_RM","Defend_RM","RedMoon+1","ScarletShoot","HeartBreak","ScarletImprint","EternalNight","VampireSweep","TwelveNightmare","DevilSight","ForbiddenFruit","QueenOfMidnight","CharismaGuard","Septette","BadLadyScramble","MiserableFate","VampireKiss","DemonKingCradle","ScarletGensokyo+1","Ghostly","Ghostly","Ghostly","Ghostly","Ghostly","StarOfDavid","Jack Of All Trades","ScarletImprint+1","Gluttony_TH","BloodyTrap+1","CharismaGuard","EmergencyRegeneration","NightDance","ChainGang"],"relics":["ScarletHat","Runesmith:Nanobots","Blood Vial","Juzu Bracelet","Dream Catcher","Bag of Marbles","Gremlin Horn","Velvet Choker","Happy Flower","Eternal Feather","ScarletDevilRocket"],"acts_visited":["Exordium","TheCity"],"potions_floor_usage":[10,10,10,10,12,14,16,18,22,24,30],"damage_taken":[{"damage":0.0,"enemies":"Cultist","floor":1.0,"turns":5.0},{"damage":0.0,"enemies":"Small Slimes","floor":3.0,"turns":5.0},{"damage":21.0,"enemies":"Lagavulin","floor":6.0,"turns":6.0},{"damage":0.0,"enemies":"2 Louse","floor":7.0,"turns":4.0},{"damage":16.0,"enemies":"Gremlin Nob","floor":8.0,"turns":4.0},{"damage":11,"enemies":"2 Fungi Beasts","floor":10,"turns":4},{"damage":5,"enemies":"Large Slime","floor":12,"turns":6},{"damage":14,"enemies":"3 Sentries","floor":14,"turns":5},{"damage":50,"enemies":"Hexaghost","floor":16,"turns":14},{"damage":10,"enemies":"Chosen","floor":18,"turns":4},{"damage":18,"enemies":"2 Thieves","floor":22,"turns":5},{"damage":28,"enemies":"Snecko","floor":24,"turns":4},{"damage":40,"enemies":"Gremlin Leader","floor":28,"turns":11},{"damage":19,"enemies":"Shelled Parasite and Fungi","floor":29,"turns":7},{"damage":62,"enemies":"Slavers","floor":30,"turns":6}],"seed_played":"-5622723426488041372","potions_obtained":[{"floor":7.0,"key":"CultistPotion"},{"floor":8.0,"key":"EntropicBrew"},{"floor":10,"key":"Explosive Potion"},{"floor":12,"key":"Explosive Potion"},{"floor":14,"key":"DistilledChaos"},{"floor":16,"key":"Fire Potion"},{"floor":18,"key":"LiquidBronze"},{"floor":22,"key":"DistilledChaos"},{"floor":29,"key":"ColorlessPotion"}],"is_trial":false,"path_per_floor":["M","T","M","?","$","E","M","E","T","M","?","M","R","E","R","B",null,"M","?","?","$","M","?","M","$","T","R","E","M","E"],"character_chosen":"REMILIA","items_purchased":["VampireSweep","TwelveNightmare","Happy Flower","StarOfDavid","Jack Of All Trades","CharismaGuard"],"campfire_rested":3,"item_purchase_floors":[5,5,21,21,21,25],"current_hp_per_floor":[75,75,75,60,60,43,45,35,35,43,43,45,67,59,75,66,75,73,37,47,47,34,49,25,25,25,62,62,56,0,0],"gold":141,"neow_bonus":"ONE_RANDOM_RARE_CARD","is_daily":false,"chose_seed":false,"campfire_upgraded":0,"win_rate":0.0,"timestamp":1614147948,"path_taken":["M","?","M","?","$","E","M","E","T","M","?","M","R","E","R","BOSS","M","?","?","$","M","?","M","$","T","R","E","M","E"],"items_purchased_type":["Card","Card","Relic","Card","Card","Card"],"build_version":"2020-12-22","purchased_purges":0,"victory":false,"max_hp_per_floor":[75,75,75,75,75,75,75,75,75,75,75,75,75,75,75,75,75,75,37,47,47,47,62,62,62,62,62,62,62,62,62],"card_choices":[{"not_picked":["MastersStateliness","RedRainbow"],"picked":"ScarletImprint","floor":1.0},{"not_picked":["EmergencyRegeneration","HunterOfTheNight"],"picked":"EternalNight","floor":3.0},{"not_picked":["StarOfDavid","EndlessAdversity"],"picked":"DevilSight","floor":6.0},{"not_picked":["ReincarnationDial","EmergencyRegeneration"],"picked":"ForbiddenFruit","floor":7.0},{"not_picked":["UnstableMagic","Ultimatum"],"picked":"QueenOfMidnight","floor":8.0},{"not_picked":["ReincarnationDial","ScarletNetherworld"],"picked":"CharismaGuard","floor":10},{"not_picked":["BloodHunter","FitfulNightmare"],"picked":"Septette","floor":12},{"not_picked":["UnderTheZenith","NightDance"],"picked":"BadLadyScramble","floor":13},{"not_picked":["ReincarnationDial","FavorOfDestiny"],"picked":"MiserableFate","floor":14},{"not_picked":["MastersStateliness","UnstableMagic"],"picked":"VampireKiss","floor":15},{"not_picked":["BatForm","BloodRain"],"picked":"DemonKingCradle","floor":16},{"not_picked":["EmergencyRegeneration","ScarletDevil"],"picked":"ScarletGensokyo+1","floor":18},{"not_picked":["TwelveNightmare","VampireKiss"],"picked":"ScarletImprint+1","floor":22},{"not_picked":["NightLord","StarOfDavid"],"picked":"BloodyTrap+1","floor":24},{"not_picked":["KillingBlow","EternalNight"],"picked":"EmergencyRegeneration","floor":27},{"not_picked":["CharismaGuard","DiffusionOfMisfortune"],"picked":"NightDance","floor":28},{"not_picked":["MiserableFate","EndlessAdversity"],"picked":"ChainGang","floor":29}],"player_experience":12979,"relics_obtained":[{"floor":2.0,"key":"Runesmith:Nanobots"},{"floor":6.0,"key":"Blood Vial"},{"floor":8.0,"key":"Juzu Bracelet"},{"floor":9.0,"key":"Dream Catcher"},{"floor":14,"key":"Gremlin Horn"},{"floor":26,"key":"Eternal Feather"},{"floor":28,"key":"ScarletDevilRocket"}],"event_choices":[{"damage_healed":0.0,"max_hp_gain":0.0,"max_hp_loss":0.0,"gold_gain":0.0,"event_name":"Shining Light","player_choice":"Entered Light","floor":4.0,"gold_loss":0.0,"damage_taken":15.0,"cards_upgraded":["Strike_RM","RedMoon"]},{"damage_healed":0,"gold_gain":30,"player_choice":"Searched \u00273\u0027 times","damage_taken":0,"relics_obtained":["Bag of Marbles"],"max_hp_gain":0,"max_hp_loss":0,"event_name":"Dead Adventurer","floor":11,"gold_loss":0},{"damage_healed":0,"gold_gain":0,"player_choice":"Became a Ghost","damage_taken":0,"max_hp_gain":0,"max_hp_loss":38,"event_name":"Ghosts","floor":19,"gold_loss":0,"cards_obtained":["Ghostly","Ghostly","Ghostly","Ghostly","Ghostly"]}],"is_beta":false,"boss_relics":[{"not_picked":["Empty Cage","Coffee Dripper"],"picked":"Velvet Choker"}],"items_purged_floors":[],"is_endless":false,"potions_floor_spawned":[7,8,10,12,14,16,18,22,29],"killed_by":"Slavers","ascension_level":0}}