{"host":"ly3xxjo8nz2ssae4","time":1614136132,"event":{"mods":["BaseMod","Colored Map","DeckTracker","Highlight Path","Minty Spire (QoL Compilation)","Quick Restart"],"gold_per_floor":[216,14,27,46,46,73,73,84,84,84,95,107,123,155,155,250,250,264,276,293,306,317,317,317,317,341,372,18,36,36,47,47,145,195,215,215,215,230,67,93,93,110,134,167,167,194,194,208,208,208,208,208,6,40,40,40],"floor_reached":55,"language":"ENG","playtime":10776,"items_purged":["Strike_B","Strike_B","Defend_B"],"score":741,"play_id":"375174f5-b427-46aa-a7c4-ba1513739102","local_time":"20210223220852","is_ascension_mode":false,"campfire_choices":[{"data":"Defragment","floor":7.0,"key":"SMITH"},{"data":"Loop","floor":10.0,"key":"SMITH"},{"floor":15.0,"key":"REST"},{"data":"White Noise","floor":23.0,"key":"SMITH"},{"data":"Hologram","floor":25.0,"key":"SMITH"},{"floor":32.0,"key":"REST"},{"floor":41.0,"key":"RECALL"},{"data":"Defragment","floor":45.0,"key":"SMITH"},{"data":"Steam Power","floor":47.0,"key":"SMITH"},{"data":"Aggregate","floor":49.0,"key":"SMITH"},{"data":"Sunder","floor":52,"key":"SMITH"}],"circlet_count":0,"master_deck":["Defend_B","Zap","Dualcast","Reinforced Body","Defragment+1","Conserve Battery","Aggregate+1","Streamline","Compile Driver","Loop+1","White Noise+1","Hologram+1","Leap+1","Electrodynamics","Amplify","Redo+1","Consume","Ball Lightning","Steam Power+1","Sunder+1","Fusion","Redo","Conserve Battery","Hello World+1","Meteor Strike","Cold Snap","Defragment+1","Hologram+1","Undo+1","Defragment","Coolheaded"],"relics":["Cracked Core","HornCleat","Shuriken","White Beast Statue","Darkstone Periapt","Nuclear Battery","Centennial Puzzle","Ornamental Fan","InkBottle","Tiny House","Eternal Feather","Vajra","Anchor","Gambling Chip"],"acts_visited":["Exordium","TheCity","TheBeyond","TheEnding"],"potions_floor_usage":[50,50,50,50,55,55],"damage_taken":[{"damage":1.0,"enemies":"Jaw Worm","floor":1.0,"turns":3.0},{"damage":0.0,"enemies":"Small Slimes","floor":3.0,"turns":4.0},{"damage":0.0,"enemies":"2 Louse","floor":4.0,"turns":2.0},{"damage":28.0,"enemies":"Lagavulin","floor":6.0,"turns":9.0},{"damage":0.0,"enemies":"Large Slime","floor":8.0,"turns":4.0},{"damage":5.0,"enemies":"Looter","floor":11.0,"turns":3.0},{"damage":0.0,"enemies":"3 Louse","floor":12.0,"turns":4.0},{"damage":14.0,"enemies":"Exordium Wildlife","floor":13.0,"turns":4.0},{"damage":1.0,"enemies":"3 Sentries","floor":14.0,"turns":7.0},{"damage":7.0,"enemies":"Hexaghost","floor":16.0,"turns":9.0},{"damage":0.0,"enemies":"3 Byrds","floor":18.0,"turns":1.0},{"damage":14.0,"enemies":"Chosen","floor":19.0,"turns":5.0},{"damage":7.0,"enemies":"Centurion and Healer","floor":20.0,"turns":4.0},{"damage":4.0,"enemies":"3 Cultists","floor":21.0,"turns":3.0},{"damage":14.0,"enemies":"Sentry and Sphere","floor":22.0,"turns":4.0},{"damage":10.0,"enemies":"Slavers","floor":27.0,"turns":2.0},{"damage":0.0,"enemies":"Snake Plant","floor":29.0,"turns":3.0},{"damage":5.0,"enemies":"Cultist and Chosen","floor":31.0,"turns":3.0},{"damage":18.0,"enemies":"Automaton","floor":33.0,"turns":9.0},{"damage":0.0,"enemies":"Orb Walker","floor":35.0,"turns":4.0},{"damage":6.0,"enemies":"3 Darklings","floor":38.0,"turns":3.0},{"damage":12.0,"enemies":"Reptomancer","floor":40.0,"turns":5.0},{"damage":9.0,"enemies":"Sphere and 2 Shapes","floor":42.0,"turns":4.0},{"damage":27.0,"enemies":"Giant Head","floor":44.0,"turns":10.0},{"damage":18.0,"enemies":"Reptomancer","floor":46.0,"turns":7.0},{"damage":0.0,"enemies":"4 Shapes","floor":48.0,"turns":5.0},{"damage":68,"enemies":"Awakened One","floor":50,"turns":15},{"damage":28,"enemies":"Shield and Spear","floor":54,"turns":8},{"damage":58,"enemies":"The Heart","floor":55,"turns":3}],"seed_played":"-1070592828736766414","potions_obtained":[{"floor":1.0,"key":"EssenceOfSteel"},{"floor":11.0,"key":"BlessingOfTheForge"},{"floor":12.0,"key":"SpeedPotion"},{"floor":13.0,"key":"SmokeBomb"},{"floor":14.0,"key":"SteroidPotion"},{"floor":16.0,"key":"BlessingOfTheForge"},{"floor":18.0,"key":"Fire Potion"},{"floor":19.0,"key":"Energy Potion"},{"floor":20.0,"key":"FearPotion"},{"floor":21.0,"key":"Fruit Juice"},{"floor":22.0,"key":"Swift Potion"},{"floor":27.0,"key":"LiquidBronze"},{"floor":29.0,"key":"GamblersBrew"},{"floor":33.0,"key":"EntropicBrew"},{"floor":34.0,"key":"DistilledChaos"},{"floor":35.0,"key":"DuplicationPotion"},{"floor":44.0,"key":"CultistPotion"},{"floor":46.0,"key":"Energy Potion"}],"is_trial":false,"path_per_floor":["M","$","M","M","?","E","R","M","T","R","M","M","M","E","R","B",null,"M","M","M","M","M","R","?","R","T","E","$","M","?","M","R","B",null,"M","?","$","M","$","E","R","M","T","E","R","E","R","M","R","B",null,"R","$","E","B"],"character_chosen":"DEFECT","items_purchased":["Defragment","Conserve Battery","InkBottle","Defragment","Defragment","Coolheaded","DistilledChaos"],"campfire_rested":2,"item_purchase_floors":[2,2,28,39,53,53,53],"current_hp_per_floor":[74,74,74,74,71,43,43,43,43,43,38,38,24,23,45,38,75,75,61,54,50,41,41,41,41,41,31,31,31,31,26,50,32,85,85,85,85,79,79,67,82,73,73,46,61,43,58,58,73,5,85,85,85,57,0,0],"gold":40,"neow_bonus":"HUNDRED_GOLD","is_daily":false,"chose_seed":false,"campfire_upgraded":8,"win_rate":0.0,"timestamp":1614136132,"path_taken":["M","$","M","M","?","E","R","M","T","R","M","M","M","E","R","BOSS","M","M","M","M","M","R","?","R","T","E","$","M","?","M","R","BOSS","M","?","$","M","$","E","R","M","T","E","R","E","R","M","R","BOSS","R","$","E","BOSS"],"items_purchased_type":["Card","Card","Relic","Card","Card","Card","Potion"],"build_version":"2020-12-22","purchased_purges":3,"victory":false,"max_hp_per_floor":[75,75,75,75,75,75,75,75,75,75,75,75,75,75,75,75,75,75,75,75,75,80,80,80,80,80,80,80,80,80,80,80,80,85,85,85,85,85,85,85,85,85,85,85,85,85,85,85,85,85,85,85,85,85,85,85],"card_choices":[{"not_picked":["Turbo","Conserve Battery"],"picked":"Reinforced Body","floor":1.0},{"not_picked":["Ball Lightning","Sweeping Beam"],"picked":"Aggregate","floor":3.0},{"not_picked":["Stack","Meteor Strike"],"picked":"Streamline","floor":4.0},{"not_picked":["Scrape","Redo"],"picked":"Compile Driver","floor":6.0},{"not_picked":["Sweeping Beam","Cold Snap"],"picked":"Loop","floor":8.0},{"not_picked":["Self Repair","Barrage"],"picked":"White Noise","floor":11.0},{"not_picked":["Turbo","Hyperbeam"],"picked":"Hologram","floor":12.0},{"not_picked":["Stack","Auto Shields"],"picked":"Leap","floor":13.0},{"not_picked":["Fusion","Ball Lightning"],"picked":"Electrodynamics","floor":14.0},{"not_picked":["Fission","Echo Form"],"picked":"Amplify","floor":16.0},{"not_picked":["Gash","Sweeping Beam+1"],"picked":"Redo+1","floor":18.0},{"not_picked":["Beam Cell+1","Redo"],"picked":"Consume","floor":19.0},{"not_picked":["Leap","Barrage"],"picked":"Ball Lightning","floor":20.0},{"not_picked":["Reprogram","Conserve Battery"],"picked":"Steam Power","floor":21.0},{"not_picked":["Streamline","Go for the Eyes"],"picked":"Sunder","floor":22.0},{"not_picked":["Leap","Streamline"],"picked":"Conserve Battery","floor":27.0},{"not_picked":["Beam Cell","Compile Driver","Force Field"],"picked":"SKIP","floor":29.0},{"not_picked":["Stack","Creative AI"],"picked":"Hello World+1","floor":31.0},{"not_picked":["Fission","Multi-Cast"],"picked":"Meteor Strike","floor":33.0},{"not_picked":["Reprogram+1","Leap+1"],"picked":"Cold Snap","floor":34.0},{"not_picked":["Coolheaded","Stack","Ball Lightning"],"picked":"SKIP","floor":35.0},{"not_picked":["Streamline","Rip and Tear+1","Gash+1"],"picked":"SKIP","floor":38.0},{"not_picked":["Recycle+1","Ball Lightning+1","Rainbow"],"picked":"SKIP","floor":40.0},{"not_picked":["Heatsinks+1","Fusion"],"picked":"Hologram+1","floor":42.0},{"not_picked":["Skim","Cold Snap","Conserve Battery"],"picked":"SKIP","floor":44.0},{"not_picked":["Scrape","Turbo+1"],"picked":"Undo+1","floor":46.0},{"not_picked":["Chaos","Stack","Sweeping Beam"],"picked":"SKIP","floor":48.0},{"not_picked":["Fusion","Streamline+1","Lockon"],"picked":"SKIP","floor":54}],"player_experience":254517,"relics_obtained":[{"floor":6.0,"key":"Shuriken"},{"floor":9.0,"key":"White Beast Statue"},{"floor":14.0,"key":"Darkstone Periapt"},{"floor":26.0,"key":"Centennial Puzzle"},{"floor":27.0,"key":"Ornamental Fan"},{"floor":40.0,"key":"Eternal Feather"},{"floor":44.0,"key":"Vajra"},{"floor":46.0,"key":"Anchor"},{"floor":54,"key":"Gambling Chip"}],"event_choices":[{"damage_healed":0.0,"max_hp_gain":0.0,"max_hp_loss":0.0,"gold_gain":0.0,"event_name":"Scrap Ooze","player_choice":"Success","floor":5.0,"gold_loss":0.0,"damage_taken":3.0,"relics_obtained":["HornCleat"]},{"damage_healed":0.0,"max_hp_gain":0.0,"max_hp_loss":0.0,"gold_gain":0.0,"cards_transformed":["Strike_B","Strike_B"],"event_name":"Drug Dealer","player_choice":"Became Test Subject","floor":24.0,"gold_loss":0.0,"damage_taken":0.0,"cards_obtained":["Fusion","Redo"]},{"cards_removed":["Defend_B"],"damage_healed":0.0,"max_hp_gain":0.0,"max_hp_loss":0.0,"gold_gain":0.0,"event_name":"Back to Basics","player_choice":"Elegance","floor":30.0,"gold_loss":0.0,"damage_taken":0.0},{"cards_removed":["Defend_B"],"damage_healed":0.0,"max_hp_gain":0.0,"max_hp_loss":0.0,"gold_gain":0.0,"event_name":"Falling","player_choice":"Removed Skill","floor":36.0,"gold_loss":0.0,"damage_taken":0.0}],"is_beta":false,"boss_relics":[{"not_picked":["Philosopher\u0027s Stone","Black Star"],"picked":"Nuclear Battery"},{"not_picked":["Snecko Eye","SacredBark"],"picked":"Tiny House"}],"items_purged_floors":[2,28,39],"is_endless":false,"potions_floor_spawned":[1,11,12,13,14,16,18,19,20,21,22,27,29,31,33,35,38,40,42,44,46,48,54],"killed_by":"The Heart","ascension_level":0}}