{"host":"pmmuxs046gii331m","time":1614193467,"event":{"mods":["AchievementEnabler","BaseMod","Colored Powertips","Custom Start","Downfall","Gold Saver","Infinite Spire","Minty Spire (QoL Compilation)","Permanent Neow","Quick Restart","StSLib"],"gold_per_floor":[798,798,345,362,362,362,387,387,387,387,132,186,186,206,206,310,310,329,329,239,259,279,279,310,310,335,335,352,382,393,492,492,593,593,604,604,622,672,672,672,699,699,722,738,738,738,738,758,758,758],"floor_reached":51,"language":"ENG","playtime":3517,"items_purged":["Strike_R","Strike_R","Writhe","Strike_R"],"score":1048,"play_id":"01c8393b-b362-4bfe-9c3b-dd39d8b5f82b","local_time":"20210224140427","is_ascension_mode":true,"campfire_choices":[{"data":"Armaments","floor":6,"key":"SMITH"},{"data":"Berserk","floor":8,"key":"SMITH"},{"data":"Inflame","floor":13,"key":"SMITH"},{"data":"Pummel","floor":15,"key":"SMITH"},{"data":"Juggernaut","floor":23,"key":"SMITH"},{"data":"Metallicize","floor":25,"key":"SMITH"},{"data":"Bash","floor":27,"key":"SMITH"},{"data":"Flame Barrier","floor":32,"key":"SMITH"},{"data":"Iron Wave","floor":40,"key":"SMITH"},{"data":"1","floor":42,"key":"LIFT"},{"data":"2","floor":46,"key":"LIFT"},{"data":"3","floor":49,"key":"LIFT"}],"circlet_count":0,"master_deck":["Defend_R","Defend_R","Defend_R","Defend_R","Bash+1","Berserk+1","Twin Strike+1","Armaments+1","Inflame+1","Pummel+1","Juggernaut+1","Shrug It Off+1","Metallicize+1","Body Slam+1","Reaper","Flame Barrier+1","Impervious","Iron Wave+1","Evolve+1"],"relics":["Burning Blood","Shuriken","HornCleat","infinitespire:CheckeredPen","Bag of Marbles","Vajra","infinitespire:Cupcake","Smiling Mask","White Beast Statue","Toy Ornithopter","Girya","Mark of Pain","Brimstone","Gambling Chip","Paper Frog","Potion Belt"],"acts_visited":["Exordium","TheCity","TheBeyond"],"potions_floor_usage":[7,22,24,28,30,33,33,35,41,41,41,50,50,50],"damage_taken":[{"damage":4,"enemies":"Jaw Worm","floor":1,"turns":4},{"damage":5,"enemies":"Cultist","floor":4,"turns":4},{"damage":14,"enemies":"Lagavulin","floor":7,"turns":6},{"damage":0,"enemies":"Small Slimes","floor":14,"turns":1},{"damage":9,"enemies":"The Guardian","floor":16,"turns":6},{"damage":0,"enemies":"Spheric Guardian","floor":18,"turns":2},{"damage":7,"enemies":"3 Byrds","floor":21,"turns":4},{"damage":5,"enemies":"Snake Plant","floor":22,"turns":4},{"damage":18,"enemies":"Gremlin Leader","floor":24,"turns":5},{"damage":7,"enemies":"Cultist and Chosen","floor":28,"turns":3},{"damage":26,"enemies":"Book of Stabbing","floor":29,"turns":5},{"damage":20,"enemies":"Shelled Parasite and Fungi","floor":30,"turns":4},{"damage":77,"enemies":"Automaton","floor":33,"turns":10},{"damage":43,"enemies":"3 Darklings","floor":35,"turns":6},{"damage":18,"enemies":"3 Shapes","floor":37,"turns":3},{"damage":0,"enemies":"Mind Bloom Boss Battle","floor":38,"turns":4},{"damage":13,"enemies":"Reptomancer","floor":41,"turns":4},{"damage":0,"enemies":"Sphere and 2 Shapes","floor":44,"turns":3},{"damage":22,"enemies":"Jaw Worm Horde","floor":48,"turns":3},{"damage":36,"enemies":"Time Eater","floor":50,"turns":7}],"seed_played":"-5246475174909950118","potions_obtained":[{"floor":1,"key":"Regen Potion"},{"floor":4,"key":"BloodPotion"},{"floor":7,"key":"sneckomod:MuddlingPotion"},{"floor":21,"key":"Weak Potion"},{"floor":22,"key":"Energy Potion"},{"floor":28,"key":"Explosive Potion"},{"floor":29,"key":"bronze:BurnAndBuffPotion"},{"floor":30,"key":"Explosive Potion"},{"floor":33,"key":"Strength Potion"},{"floor":35,"key":"Guardian:BlockOnCardUsePotion"},{"floor":37,"key":"PowerPotion"},{"floor":41,"key":"BlessingOfTheForge"},{"floor":44,"key":"hexamod:SoulburnPotion"},{"floor":48,"key":"Regen Potion"}],"is_trial":false,"path_per_floor":["M","?","$","M","?","R","E","R","T","?","$","T","R","M","R","B",null,"M","?","$","M","M","R","E","R","T","R","M","E","M","?","R","B",null,"M","AVR","M","?","?","R","E","R","T","M","?","R","?","M","R","B",null],"character_chosen":"IRONCLAD","items_purchased":["Shuriken","Armaments","Inflame","Bag of Marbles","Metallicize"],"campfire_rested":0,"item_purchase_floors":[3,3,3,11,20],"current_hp_per_floor":[53,46,46,47,52,52,58,58,58,58,58,58,58,64,64,61,79,85,85,85,84,85,85,73,73,73,73,77,57,57,57,57,14,67,70,70,79,85,85,85,78,78,78,85,85,85,85,85,85,85],"gold":758,"neow_bonus":"THREE_RARE_CARDS","is_daily":false,"chose_seed":false,"campfire_upgraded":9,"win_rate":0.0,"timestamp":1614193467,"path_taken":["M","?","?","?","?","R","E","R","T","?","$","?","R","M","R","BOSS","M","?","$","M","M","R","E","R","T","R","M","E","M","?","R","BOSS","M","AVR","M","?","?","R","E","R","T","?","?","R","?","M","R","BOSS"],"items_purchased_type":["Relic","Card","Card","Relic","Card"],"build_version":"2020-12-22","purchased_purges":4,"victory":true,"max_hp_per_floor":[80,80,80,80,85,85,85,85,85,85,85,85,85,85,85,85,85,85,85,85,85,85,85,85,85,85,85,85,85,85,85,85,85,85,85,85,85,85,85,85,85,85,85,85,85,85,85,85,85,85],"card_choices":[{"not_picked":["Demon Form","Exhume"],"picked":"Berserk","floor":0},{"not_picked":["Reckless Charge","Clothesline"],"picked":"Twin Strike","floor":1},{"not_picked":["Clothesline","Flex","Clash"],"picked":"SKIP","floor":4},{"not_picked":["Sword Boomerang","Armaments"],"picked":"Pummel","floor":7},{"not_picked":["Anger","Perfected Strike","Second Wind"],"picked":"SKIP","floor":14},{"not_picked":["Fiend Fire","Limit Break"],"picked":"Juggernaut","floor":16},{"not_picked":["Second Wind","Pommel Strike"],"picked":"Shrug It Off+1","floor":18},{"not_picked":["Warcry","Twin Strike","Bloodletting"],"picked":"SKIP","floor":21},{"not_picked":["Wild Strike","Heavy Blade","Flex"],"picked":"SKIP","floor":22},{"not_picked":["Wild Strike","Inflame"],"picked":"Body Slam+1","floor":24},{"not_picked":["Anger+1","Pommel Strike","Clash"],"picked":"SKIP","floor":28},{"not_picked":["infinitespire:OneForAll","Evolve"],"picked":"Reaper","floor":29},{"not_picked":["Pommel Strike+1","Clothesline+1"],"picked":"Flame Barrier","floor":30},{"not_picked":["Double Tap","Reaper"],"picked":"Impervious","floor":33},{"not_picked":["Rampage","Second Wind","Havoc"],"picked":"SKIP","floor":35},{"not_picked":["infinitespire:OneForAll+1","Shrug It Off+1","Disarm"],"picked":"SKIP","floor":37},{"not_picked":["Havoc","Headbutt+1"],"picked":"Iron Wave","floor":38},{"not_picked":["Twin Strike","Warcry+1"],"picked":"Evolve+1","floor":41},{"not_picked":["Cleave","Pommel Strike","Shockwave"],"picked":"SKIP","floor":44},{"not_picked":["Inflame","True Grit","Warcry"],"picked":"SKIP","floor":48}],"player_experience":611273,"relics_obtained":[{"floor":7,"key":"HornCleat"},{"floor":9,"key":"infinitespire:CheckeredPen"},{"floor":12,"key":"Vajra"},{"floor":24,"key":"White Beast Statue"},{"floor":26,"key":"Toy Ornithopter"},{"floor":29,"key":"Girya"},{"floor":38,"key":"Gambling Chip"},{"floor":41,"key":"Paper Frog"},{"floor":43,"key":"Potion Belt"}],"event_choices":[{"cards_removed":["Strike_R"],"damage_healed":0,"gold_gain":0,"player_choice":"Card Removal","damage_taken":7,"max_hp_gain":0,"max_hp_loss":0,"event_name":"Golden Wing","floor":2,"gold_loss":0},{"damage_healed":0,"gold_gain":0,"player_choice":"Donut","damage_taken":0,"max_hp_gain":5,"max_hp_loss":0,"event_name":"Big Fish","floor":5,"gold_loss":0},{"damage_healed":0,"gold_gain":0,"player_choice":"Grow","damage_taken":0,"max_hp_gain":0,"max_hp_loss":0,"event_name":"Living Wall","floor":10,"gold_loss":0,"cards_upgraded":["Twin Strike"]},{"damage_healed":0,"gold_gain":0,"player_choice":"Opened","damage_taken":0,"relics_obtained":["Smiling Mask"],"max_hp_gain":0,"max_hp_loss":0,"event_name":"The Mausoleum","floor":19,"gold_loss":0,"cards_obtained":["Writhe"]},{"damage_healed":0,"gold_gain":99,"player_choice":"Stole From Cult","damage_taken":0,"max_hp_gain":0,"max_hp_loss":0,"event_name":"Nest","floor":31,"gold_loss":0},{"damage_healed":0,"gold_gain":0,"player_choice":"Fight","damage_taken":0,"max_hp_gain":0,"max_hp_loss":0,"event_name":"MindBloom","floor":38,"gold_loss":0},{"cards_removed":["Strike_R"],"damage_healed":0,"gold_gain":0,"player_choice":"Purged","damage_taken":0,"max_hp_gain":0,"max_hp_loss":0,"event_name":"Purifier","floor":39,"gold_loss":0},{"damage_healed":0,"gold_gain":0,"player_choice":"Ignored","damage_taken":0,"max_hp_gain":0,"max_hp_loss":0,"event_name":"Tomb of Lord Red Mask","floor":47,"gold_loss":0}],"is_beta":false,"boss_relics":[{"not_picked":["Tiny House","infinitespire:Burning Sword"],"picked":"infinitespire:Cupcake"},{"not_picked":["Runic Pyramid","Coffee Dripper"],"picked":"Mark of Pain"}],"items_purged_floors":[3,11,20,36],"is_endless":false,"potions_floor_spawned":[1,4,7,21,22,28,29,30,33,35,37,38,41,44,48],"ascension_level":8}}