{"host":"5tzvto3beate6p8b","time":1614175082,"event":{"mods":["BaseMod","Colored Map","DeckTracker","Minty Spire (QoL Compilation)","Relic Stats","StSLib","SuperFastMode"],"gold_per_floor":[113,125,139,139,150,150,164,164,164],"floor_reached":8,"language":"JPN","playtime":347,"items_purged":[],"score":100,"play_id":"cb505dd2-8d65-4c84-bebe-0e7b99566cc0","local_time":"20210224225802","is_ascension_mode":true,"campfire_choices":[{"data":"Die Die Die","floor":6.0,"key":"SMITH"}],"circlet_count":0,"master_deck":["AscendersBane","Strike_G","Strike_G","Strike_G","Strike_G","Strike_G","Defend_G","Defend_G","Defend_G","Defend_G","Defend_G","Survivor","Neutralize","Dagger Throw","Slice","Heel Hook","Catalyst","Crippling Poison","Bouncing Flask","Catalyst","Die Die Die+1","Bouncing Flask","PiercingWail"],"relics":["Ring of the Snake","Prayer Wheel","FaceOfCleric"],"acts_visited":["Exordium"],"potions_floor_usage":[8],"damage_taken":[{"damage":9.0,"enemies":"Jaw Worm","floor":1.0,"turns":6.0},{"damage":1.0,"enemies":"Cultist","floor":2.0,"turns":3.0},{"damage":0.0,"enemies":"2 Louse","floor":3.0,"turns":2.0},{"damage":12.0,"enemies":"2 Fungi Beasts","floor":5.0,"turns":3.0},{"damage":9.0,"enemies":"3 Louse","floor":7.0,"turns":4.0},{"damage":74,"enemies":"Gremlin Nob","floor":8,"turns":4}],"seed_played":"8280631341163428724","potions_obtained":[{"floor":2.0,"key":"EssenceOfSteel"},{"floor":7.0,"key":"Swift Potion"}],"is_trial":false,"path_per_floor":["M","M","M","?","M","R","M","E"],"character_chosen":"THE_SILENT","items_purchased":[],"campfire_rested":0,"item_purchase_floors":[],"current_hp_per_floor":[50,49,49,49,38,38,30,0,0],"gold":164,"neow_bonus":"ONE_RARE_RELIC","is_daily":false,"chose_seed":false,"campfire_upgraded":1,"win_rate":0.0,"timestamp":1614175082,"path_taken":["M","M","M","?","M","R","M","E"],"items_purchased_type":[],"build_version":"2020-12-22","purchased_purges":0,"victory":false,"max_hp_per_floor":[60,60,60,60,61,61,62,62,62],"relic_stats":{"FaceOfCleric":2,"counters":[6,22],"Prayer Wheel":5,"obtain_stats":[{"FaceOfCleric":4,"Prayer Wheel":0,"Ring of the Snake":0},{"FaceOfCleric":3,"Prayer Wheel":0,"Ring of the Snake":0},{"FaceOfCleric":11,"Prayer Wheel":0,"Ring of the Snake":0}],"Ring of the Snake":[12]},"card_choices":[{"not_picked":["Deflect","Flying Knee"],"picked":"Dagger Throw","floor":1.0},{"not_picked":["Outmaneuver","Flying Knee"],"picked":"Slice","floor":1.0},{"not_picked":["Underhanded Strike","Dagger Throw"],"picked":"Heel Hook","floor":2.0},{"not_picked":["Caltrops","Cloak And Dagger"],"picked":"Catalyst","floor":2.0},{"not_picked":["Dagger Throw","Deflect"],"picked":"Crippling Poison","floor":3.0},{"not_picked":["All Out Attack","Expertise"],"picked":"Bouncing Flask","floor":3.0},{"not_picked":["Flying Knee","Backflip"],"picked":"Catalyst","floor":5.0},{"not_picked":["Poisoned Stab","Blade Dance"],"picked":"Die Die Die","floor":5.0},{"not_picked":["Flying Knee","Sucker Punch"],"picked":"Bouncing Flask","floor":7.0},{"not_picked":["Acrobatics","Deflect"],"picked":"PiercingWail","floor":7.0}],"player_experience":867441,"relics_obtained":[],"event_choices":[{"damage_healed":0.0,"max_hp_gain":0.0,"max_hp_loss":0.0,"gold_gain":0.0,"event_name":"FaceTrader","player_choice":"Trade","floor":4.0,"gold_loss":0.0,"damage_taken":0.0,"relics_obtained":["FaceOfCleric"]}],"is_beta":false,"boss_relics":[],"items_purged_floors":[],"is_endless":false,"potions_floor_spawned":[2,7],"killed_by":"Gremlin Nob","ascension_level":20}}