{"host":"7jxhn92mkgyil7o5","time":1614156641,"event":{"mods":["BaseMod","Colored Map","Colored Powertips","Friendly Minions","Hermit","Kiyohime????","Marisa????????","Minty Spire (QoL Compilation)","Permanent Neow","StSLib","The Cursed","The Disciple","The Hierophant","The Poker Player","The Runesmith"],"gold_per_floor":[114,264,277,277,295,295,295,322,322,348,40,101,134,152,152,223,223,238,253,253,278,278,304,320,354,400,414,414,445,290,323,323,401,401,415,433,448,473,490,490,522,522,522,535,549,549,549,581,581,581,581,581],"floor_reached":51,"language":"ENG","playtime":2830,"items_purged":["Strike_G"],"score":1806,"play_id":"62abcb53-e520-4f54-a9af-134891c6e09b","local_time":"20210224095041","is_ascension_mode":true,"campfire_choices":[{"data":"Glass Knife","floor":6.0,"key":"SMITH"},{"data":"Storm of Steel","floor":15.0,"key":"SMITH"},{"data":"RitualDagger","floor":28.0,"key":"SMITH"},{"floor":32.0,"key":"RECALL"},{"data":"Neutralize","floor":40.0,"key":"SMITH"},{"data":"A Thousand Cuts","floor":42.0,"key":"SMITH"},{"data":"Acrobatics","floor":49.0,"key":"SMITH"}],"circlet_count":0,"master_deck":["AscendersBane","Strike_G","Strike_G","Strike_G","Defend_G","Defend_G","Defend_G","Defend_G","Defend_G","Survivor","Neutralize+1","Glass Knife+1","Blade Dance","Blade Dance","Malaise","Acrobatics+1","Storm of Steel+1","PiercingWail+1","Blade Dance+1","Cloak And Dagger+1","Cloak And Dagger+1","A Thousand Cuts","Prepared+1","Acrobatics+1","RitualDagger+1","Outmaneuver+1","Noxious Fumes","Flechettes","Footwork","Finisher","Phantasmal Killer+1","Blade Dance+1","Deflect+1","Dodge and Roll+1","A Thousand Cuts+1","Dodge and Roll+1","Outmaneuver+1","PiercingWail+1","Phantasmal Killer+1","Madness+1","Madness+1","Acrobatics+1"],"relics":["Ring of the Snake","Runesmith:Nanobots","Ninja Scroll","Tiny Chest","Toxic Egg 2","Blue Candle","Eternal Feather","Runic Pyramid","Shuriken","Red Mask","Bag of Marbles","Snake Skull","Ornamental Fan","Mummified Hand","HoveringKite","Prayer Wheel","Bronze Scales","Gremlin Horn","Molten Egg 2","Unceasing Top"],"acts_visited":["Exordium","TheCity","TheBeyond"],"potions_floor_usage":[51,51],"damage_taken":[{"damage":0.0,"enemies":"2 Louse","floor":1.0,"turns":2.0},{"damage":0.0,"enemies":"Cultist","floor":3.0,"turns":3.0},{"damage":0.0,"enemies":"Small Slimes","floor":5.0,"turns":2.0},{"damage":4.0,"enemies":"Gremlin Nob","floor":8.0,"turns":3.0},{"damage":2.0,"enemies":"Lagavulin","floor":10.0,"turns":4.0},{"damage":10.0,"enemies":"3 Sentries","floor":12.0,"turns":6.0},{"damage":1.0,"enemies":"Gremlin Nob","floor":13.0,"turns":2.0},{"damage":0.0,"enemies":"Exordium Thugs","floor":14.0,"turns":2.0},{"damage":18.0,"enemies":"The Guardian","floor":16.0,"turns":13.0},{"damage":3.0,"enemies":"Shell Parasite","floor":18.0,"turns":3.0},{"damage":0.0,"enemies":"Spheric Guardian","floor":19.0,"turns":3.0},{"damage":5.0,"enemies":"Masked Bandits","floor":21.0,"turns":4.0},{"damage":0.0,"enemies":"Book of Stabbing","floor":23.0,"turns":4.0},{"damage":0.0,"enemies":"Centurion and Healer","floor":24.0,"turns":4.0},{"damage":8.0,"enemies":"Slavers","floor":25.0,"turns":3.0},{"damage":3.0,"enemies":"Snake Plant","floor":27.0,"turns":4.0},{"damage":1.0,"enemies":"Book of Stabbing","floor":29.0,"turns":3.0},{"damage":0.0,"enemies":"Gremlin Leader","floor":31.0,"turns":3.0},{"damage":34.0,"enemies":"Automaton","floor":33.0,"turns":7.0},{"damage":5.0,"enemies":"3 Darklings","floor":35.0,"turns":4.0},{"damage":0.0,"enemies":"Orb Walker","floor":36.0,"turns":2.0},{"damage":0.0,"enemies":"Sphere and 2 Shapes","floor":37.0,"turns":2.0},{"damage":0.0,"enemies":"Mind Bloom Boss Battle","floor":38.0,"turns":3.0},{"damage":3.0,"enemies":"Transient","floor":39.0,"turns":6.0},{"damage":12.0,"enemies":"Reptomancer","floor":41.0,"turns":4.0},{"damage":0.0,"enemies":"Spire Growth","floor":44.0,"turns":3.0},{"damage":0.0,"enemies":"3 Darklings","floor":45.0,"turns":1.0},{"damage":0.0,"enemies":"Giant Head","floor":48.0,"turns":3.0},{"damage":41.0,"enemies":"Donu and Deca","floor":50.0,"turns":6.0},{"damage":32,"enemies":"Time Eater","floor":51,"turns":3}],"seed_played":"3383573172591645431","potions_obtained":[{"floor":1.0,"key":"Strength Potion"},{"floor":3.0,"key":"Strength Potion"},{"floor":8.0,"key":"BlessingOfTheForge"},{"floor":21.0,"key":"EssenceOfSteel"},{"floor":27.0,"key":"LiquidMemories"},{"floor":29.0,"key":"Dexterity Potion"},{"floor":37.0,"key":"BlessingOfTheForge"},{"floor":44.0,"key":"LiquidBronze"}],"is_trial":false,"path_per_floor":["M","?","M","?","M","R","?","E","T","E","$","?","E","M","R","B",null,"M","M","T","?","?","E","M","E","T","M","R","E","$","E","R","B",null,"M","M","M","?","M","R","E","R","T","M","M","T","?","E","R","B","B"],"character_chosen":"THE_SILENT","items_purchased":["Toxic Egg 2","PiercingWail+1","Footwork"],"campfire_rested":0,"item_purchase_floors":[11,11,30],"current_hp_per_floor":[59,59,59,59,59,59,59,55,55,53,53,43,42,42,54,36,54,51,51,51,46,40,40,40,32,32,29,44,43,43,43,60,26,52,47,47,47,47,44,60,48,60,60,60,60,60,49,49,60,19,0,0],"gold":581,"neow_bonus":"THREE_RARE_CARDS","is_daily":false,"chose_seed":false,"campfire_upgraded":6,"win_rate":0.0,"timestamp":1614156641,"path_taken":["M","?","M","?","?","R","?","E","T","E","?","?","E","?","R","BOSS","M","M","?","?","?","E","M","E","T","M","R","E","$","E","R","BOSS","M","M","M","?","M","R","E","R","T","M","M","?","?","E","R","BOSS","BOSS"],"items_purchased_type":["Relic","Card","Card"],"build_version":"2020-12-22","purchased_purges":1,"victory":false,"max_hp_per_floor":[60,60,60,60,60,60,60,60,60,60,60,60,60,60,60,60,60,60,60,60,60,60,60,60,60,60,60,60,60,60,60,60,60,60,60,60,60,60,60,60,60,60,60,60,60,60,60,60,60,60,60,60],"card_choices":[{"not_picked":["Burst","Bullet Time"],"picked":"Glass Knife","floor":0.0},{"not_picked":["Quick Slash","Cloak And Dagger"],"picked":"Blade Dance","floor":1.0},{"not_picked":["Terror","Riddle With Holes"],"picked":"Blade Dance","floor":3.0},{"not_picked":["Dagger Throw","Bane"],"picked":"Malaise","floor":5.0},{"not_picked":["Quick Slash","PiercingWail"],"picked":"Acrobatics","floor":8.0},{"not_picked":["Catalyst","Prepared"],"picked":"Storm of Steel","floor":10.0},{"not_picked":["Deflect+1","Slice"],"picked":"Blade Dance+1","floor":12.0},{"not_picked":["Setup+1","Bouncing Flask+1"],"picked":"Cloak And Dagger+1","floor":13.0},{"not_picked":["Bane","Deflect+1"],"picked":"Cloak And Dagger+1","floor":14.0},{"not_picked":["Grand Finale","Storm of Steel+1"],"picked":"A Thousand Cuts","floor":16.0},{"not_picked":["Infinite Blades","Dagger Throw"],"picked":"Prepared+1","floor":18.0},{"not_picked":["Blade Dance+1","Setup+1"],"picked":"Acrobatics+1","floor":19.0},{"not_picked":["Caltrops","Predator"],"picked":"Outmaneuver+1","floor":23.0},{"not_picked":["Deflect+1","Reflex+1"],"picked":"Noxious Fumes","floor":24.0},{"not_picked":["Masterful Stab","Dash","Sucker Punch"],"picked":"SKIP","floor":25.0},{"not_picked":["Heel Hook","Noxious Fumes"],"picked":"Flechettes","floor":27.0},{"not_picked":["A Thousand Cuts","Endless Agony","Flechettes"],"picked":"SKIP","floor":29.0},{"not_picked":["Blade Dance+1","Grand Finale"],"picked":"Finisher","floor":31.0},{"not_picked":["Malaise+1","Bullet Time+1"],"picked":"Phantasmal Killer+1","floor":33.0},{"not_picked":["Quick Slash","Dodge and Roll+1"],"picked":"Blade Dance+1","floor":35.0},{"not_picked":["Infinite Blades+1","Well Laid Plans"],"picked":"Deflect+1","floor":36.0},{"not_picked":["Dash","Slice"],"picked":"Dodge and Roll+1","floor":37.0},{"not_picked":["Slice","Deflect+1"],"picked":"A Thousand Cuts","floor":39.0},{"not_picked":["Deadly Poison+1","Bane","Choke"],"picked":"SKIP","floor":39.0},{"not_picked":["Deadly Poison+1","Bane"],"picked":"Dodge and Roll+1","floor":41.0},{"not_picked":["Escape Plan+1","PiercingWail+1"],"picked":"Outmaneuver+1","floor":44.0},{"not_picked":["Cloak And Dagger+1","Predator"],"picked":"PiercingWail+1","floor":44.0},{"not_picked":["Bane","Poisoned Stab+1"],"picked":"Phantasmal Killer+1","floor":45.0},{"not_picked":["Distraction+1","Dagger Spray+1","Underhanded Strike+1"],"picked":"SKIP","floor":45.0},{"not_picked":["Corpse Explosion+1","Accuracy"],"picked":"Acrobatics+1","floor":48.0}],"player_experience":2039548,"relics_obtained":[{"floor":8.0,"key":"Runesmith:Nanobots"},{"floor":9.0,"key":"Ninja Scroll"},{"floor":10.0,"key":"Tiny Chest"},{"floor":12.0,"key":"Blue Candle"},{"floor":13.0,"key":"Eternal Feather"},{"floor":20.0,"key":"Shuriken"},{"floor":21.0,"key":"Red Mask"},{"floor":23.0,"key":"Bag of Marbles"},{"floor":25.0,"key":"Snake Skull"},{"floor":29.0,"key":"Ornamental Fan"},{"floor":31.0,"key":"Mummified Hand"},{"floor":38.0,"key":"Prayer Wheel"},{"floor":41.0,"key":"Bronze Scales"},{"floor":43.0,"key":"Gremlin Horn"},{"floor":46.0,"key":"Molten Egg 2"},{"floor":48.0,"key":"Unceasing Top"}],"event_choices":[{"damage_healed":0.0,"max_hp_gain":0.0,"max_hp_loss":0.0,"gold_gain":150.0,"event_name":"Liars Game","player_choice":"AGREE","floor":2.0,"gold_loss":0.0,"damage_taken":0.0,"cards_obtained":["Doubt"]},{"cards_removed":["Doubt"],"damage_healed":0.0,"max_hp_gain":0.0,"max_hp_loss":0.0,"gold_gain":0.0,"event_name":"Fountain of Cleansing","player_choice":"Removed Curses","floor":4.0,"gold_loss":0.0,"damage_taken":0.0},{"cards_removed":["Strike_G"],"damage_healed":0.0,"max_hp_gain":0.0,"max_hp_loss":0.0,"gold_gain":0.0,"event_name":"Bonfire Elementals","player_choice":"Offered Basic","floor":7.0,"gold_loss":0.0,"damage_taken":0.0},{"damage_healed":0.0,"max_hp_gain":0.0,"max_hp_loss":0.0,"gold_gain":30.0,"event_name":"Dead Adventurer","player_choice":"Searched \u00273\u0027 times","floor":12.0,"gold_loss":0.0,"damage_taken":0.0},{"damage_healed":0.0,"max_hp_gain":0.0,"max_hp_loss":0.0,"gold_gain":0.0,"event_name":"Masked Bandits","player_choice":"Fought Bandits","floor":21.0,"gold_loss":0.0,"damage_taken":0.0},{"damage_healed":0.0,"max_hp_gain":0.0,"max_hp_loss":0.0,"gold_gain":0.0,"event_name":"Nest","player_choice":"Joined the Cult","floor":22.0,"gold_loss":0.0,"damage_taken":6.0,"cards_obtained":["RitualDagger"]},{"damage_healed":0.0,"max_hp_gain":0.0,"max_hp_loss":0.0,"gold_gain":0.0,"event_name":"MindBloom","player_choice":"Fight","floor":38.0,"gold_loss":0.0,"damage_taken":0.0},{"damage_healed":0.0,"max_hp_gain":0.0,"max_hp_loss":0.0,"gold_gain":0.0,"event_name":"Winding Halls","player_choice":"Embrace Madness","floor":47.0,"gold_loss":0.0,"damage_taken":11.0,"cards_obtained":["Madness","Madness"]}],"is_beta":false,"boss_relics":[{"not_picked":["Ectoplasm","Runic Dome"],"picked":"Runic Pyramid"},{"not_picked":["Velvet Choker","Empty Cage"],"picked":"HoveringKite"}],"items_purged_floors":[30],"is_endless":false,"potions_floor_spawned":[1,3,8,21,27,29,33,37,38,44,48],"killed_by":"Time Eater","ascension_level":20}}