{"host":"ox77rn1xcurm2t5a","time":1614200463,"event":{"mods":["2.2 Compatiblity","AchievementEnabler","Act Like it!","Aspiration","BaseMod","Best Route Mod","Better Match","Better Note","Better Sensory Stone","Block Reminder","Colored Map","Colored Powertips","Conjunction","Conspire","Custom Start","Energized Spire","GifTheSpireLib","Gold Saver","Gremlin Skip","Halation","Highlight Path","Hubris","Infinite Spire","Minty Spire (QoL Compilation)","Pale of the Ancients","Quick Restart","Reliquary","Replay The Spire","Reworked Bosses","ShortenTheSpire","Spire Exporter","StSLib","Stuff the Spire","Wandering Minibosses"],"gold_per_floor":[169,189,200,68,79,105,105,135,135,145,145,177,189,56,56,158,158,172,172,172],"floor_reached":19,"language":"ENG","playtime":425,"items_purged":[],"score":329,"play_id":"61af10c9-b964-418e-bcf8-1106eb169c37","local_time":"20210224230103","is_ascension_mode":true,"campfire_choices":[{"floor":7,"key":"REST"},{"floor":11,"key":"RECALL"},{"data":"Bash","floor":15,"key":"SMITH"}],"circlet_count":0,"master_deck":["AscendersBane","Strike_R","Strike_R","Strike_R","Strike_R","Strike_R","Defend_R","Defend_R","Defend_R","Defend_R","Bash+1","Perfected Strike","Perfected Strike","Swift Strike","Pommel Strike","Anger"],"relics":["Burning Blood","Blue Doll","aspiration:HummingbirdHeart","Chameleon Ring","MawBank","halation:PromiseList"],"acts_visited":["Exordium","TheCity"],"potions_floor_usage":[2,12,16,18],"damage_taken":[{"damage":0,"enemies":"2 Louse","floor":1,"turns":3},{"damage":6,"enemies":"Cultist","floor":2,"turns":4},{"damage":4,"enemies":"Jaw Worm","floor":3,"turns":4},{"damage":28,"enemies":"Exordium Thugs","floor":5,"turns":5},{"damage":45,"enemies":"3 Sentries","floor":6,"turns":8},{"damage":30,"enemies":"Lagavulin","floor":8,"turns":4},{"damage":0,"enemies":"Gremlin Gang","floor":10,"turns":4},{"damage":0,"enemies":"Gremlin Nob","floor":12,"turns":2},{"damage":25,"enemies":"Hexaghost","floor":16,"turns":7},{"damage":1,"enemies":"Chosen","floor":18,"turns":3},{"damage":27,"enemies":"3 Byrds","floor":19,"turns":5}],"seed_played":"7269912352338866201","potions_obtained":[{"floor":2,"key":"Fruit Juice"},{"floor":10,"key":"DuplicationPotion"},{"floor":12,"key":"SkillPotion"},{"floor":16,"key":"infinitespire:BlackPotion"}],"is_trial":false,"path_per_floor":["M","M","M","$","M","E","R","E","T","M","R","E","?","$","R","B",null,"M","M"],"character_chosen":"IRONCLAD","items_purchased":["Perfected Strike","Swift Strike","halation:PromiseList"],"campfire_rested":1,"item_purchase_floors":[4,4,14],"current_hp_per_floor":[78,83,85,85,63,24,49,25,25,31,31,37,37,37,37,18,68,73,46,46],"gold":172,"neow_bonus":"RANDOM_COMMON_RELIC","is_daily":false,"chose_seed":false,"campfire_upgraded":1,"win_rate":0.0,"timestamp":1614200463,"path_taken":["M","M","M","$","M","E","R","E","T","M","R","E","?","$","R","BOSS","M","M"],"items_purchased_type":["Card","Card","Relic"],"build_version":"2020-12-22","purchased_purges":0,"victory":false,"max_hp_per_floor":[80,85,85,85,85,85,85,85,85,85,85,85,85,85,85,85,85,85,85,85],"card_choices":[{"not_picked":["Replay:Undeath\u0027s Touch","StuffTheSpire:RockThrow"],"picked":"Perfected Strike","floor":1},{"not_picked":["Blood for Blood","StuffTheSpire:Slingshot","Sever Soul"],"picked":"SKIP","floor":2},{"not_picked":["Hemokinesis","Sentinel","Juggernaut"],"picked":"SKIP","floor":3},{"not_picked":["Wild Strike","Replay:Undeath\u0027s Touch"],"picked":"Pommel Strike","floor":5},{"not_picked":["StuffTheSpire:RagingBull","Run Through","ReplayTheSpireMod:Stacked"],"picked":"SKIP","floor":6},{"not_picked":["Bloodletting","Sentinel","Dual Wield"],"picked":"SKIP","floor":8},{"not_picked":["StuffTheSpire:Incineration","Massacre"],"picked":"Anger","floor":10},{"not_picked":["Headbutt","Feel No Pain","Rampage"],"picked":"SKIP","floor":12},{"not_picked":["Shrug It Off","StuffTheSpire:Slingshot+1","Headbutt"],"picked":"SKIP","floor":18}],"player_experience":3240418,"relics_obtained":[{"floor":6,"key":"aspiration:HummingbirdHeart"},{"floor":8,"key":"Chameleon Ring"},{"floor":12,"key":"MawBank"}],"event_choices":[{"damage_healed":0,"gold_gain":0,"player_choice":"Leave","damage_taken":0,"max_hp_gain":0,"max_hp_loss":0,"event_name":"FaceTrader","floor":13,"gold_loss":0}],"is_beta":false,"boss_relics":[{"not_picked":["aspiration:SilentSkillbook","energizedSpire:DecayingSkull","energizedSpire:TabascoSauce"]}],"items_purged_floors":[],"is_endless":false,"potions_floor_spawned":[2,10,12,16],"killed_by":"3 Byrds","ascension_level":11}}