{"host":"ll3bk5uyh699087h","time":1614135081,"event":{"mods":["2.2 Compatiblity","AchievementEnabler","Act Like it!","Ascension Unlocker","Aspiration","BaseMod","Block Reminder","Card Forge","Colored Map","Colored Powertips","Conspire","Dark Map","Energized Spire","GifTheSpireLib","Hubris","Infinite Spire","Marked Mod","Minty Spire (QoL Compilation)","Practice Mode","Rare Cards Sparkle","Reliquary","Remove Card Discount Mod","Replay The Spire","Shop Mod","Spicy Shops","StSLib","Stuff the Spire","Uncapped"],"gold_per_floor":[119,119,119,89,264,264,128,128,151,164,164,164,195,225,225,327,327,345,365,181,181,181,216,216,244,244,244,244,244,284,332,332,440,440,457,457,511,511,115,115,115,115,189,189,151,189,189,209,209,221],"floor_reached":51,"language":"ENG","playtime":3147,"items_purged":["Doubt","Normality","Shrug It Off","ReplayTheSpireMod:Strike From Hell","Armaments","Hemogenesis","ReplayTheSpireMod:Strike From Hell+1","ReplayTheSpireMod:Muscle Training","Ghostly Armor"],"score":877,"play_id":"9c3a00bc-fb44-4fa9-9151-550c7abc53f7","local_time":"20210223215121","daily_mods":["SealedDeck","Heirloom","Flight","DeadlyEvents","Elite Swarm"],"is_ascension_mode":false,"campfire_choices":[{"data":"Body Slam","floor":6,"key":"SMITH"},{"data":"Dark Embrace","floor":8,"key":"SMITH"},{"data":"Armaments","floor":11,"key":"SMITH"},{"data":"1","floor":12,"key":"LIFT"},{"data":"2","floor":15,"key":"LIFT"},{"data":"3","floor":24,"key":"LIFT"},{"data":"Body Slam","floor":32,"key":"SMITH"},{"data":"ReplayTheSpireMod:Private Reserves","floor":40,"key":"SMITH"},{"data":"Offering","floor":41,"key":"SMITH"},{"data":"Feed","floor":42,"key":"SMITH"},{"data":"hubris:ReadiedAction","floor":44,"key":"SMITH"},{"floor":47,"key":"REST"},{"floor":49,"key":"DIG"}],"circlet_count":0,"master_deck":["Bloodletting+1","Armaments+1","Shrug It Off","Seeing Red+1","Inflame","Body Slam+1","ReplayTheSpireMod:Muscle Training+1","infinitespire:OneForAll+1","Heavy Blade+1","Dark Embrace+1","Impervious","Offering+1","Limit Break","infinitespire:Collect","Juggernaut","Flame Barrier","Barricade+1","Body Slam+1","Shrug It Off+1","ReplayTheSpireMod:Stacked+1","ReplayTheSpireMod:Private Reserves+1","Feed+1","hubris:ReadiedAction+1","Metallicize"],"relics":["Burning Blood","Hammer of Thor","Seething Fire","Anvil of the Gods","replay:Trail_Library","Girya","infinitespire:Bottled Soul","hubris:ChampionShield","reliquary:FingerTrap","infinitespire:EmpoweringShard","MerchantsRug","infinitespire:Satchel","conspire:DeflatedDodgeball","Anchor","aspiration:ChemicalBlood","aspiration:ArtOfWarUpgrade","FossilizedHelix","Replay:Bandana","hubris:BottledHeart","conspire:DecoderRing","StuffTheSpire:Mouthbags","Quantum Egg","reliquary:ThirdArm","infinitespire:Lychee Nut","Gremlin Food","Sundial","Ginger","ReplayTheSpireMod:Spearhead"],"acts_visited":["Exordium","TheCity","TheBeyond"],"potions_floor_usage":[18,23,23,25,33,33,50,50,50],"damage_taken":[{"damage":2,"enemies":"Small Slimes","floor":1,"turns":4},{"damage":0,"enemies":"Jaw Worm","floor":10,"turns":2},{"damage":0,"enemies":"Lagavulin","floor":13,"turns":3},{"damage":0,"enemies":"Gremlin Nob","floor":14,"turns":3},{"damage":1,"enemies":"Hexaghost","floor":16,"turns":6},{"damage":0,"enemies":"3 Byrds","floor":18,"turns":2},{"damage":0,"enemies":"Chosen","floor":19,"turns":2},{"damage":0,"enemies":"Nightmare","floor":23,"turns":3},{"damage":0,"enemies":"conspire:SneckoGhost","floor":25,"turns":4},{"damage":0,"enemies":"Replay:Snechameleon","floor":30,"turns":3},{"damage":0,"enemies":"Automaton","floor":33,"turns":3},{"damage":0,"enemies":"3 Shapes","floor":35,"turns":1},{"damage":0,"enemies":"2 Orb Walkers","floor":37,"turns":3},{"damage":0,"enemies":"R_Hoarder","floor":46,"turns":3},{"damage":0,"enemies":"Orb Walker","floor":48,"turns":2},{"damage":0,"enemies":"Replay:Hell Engine","floor":50,"turns":4}],"seed_played":"4291245162772272279","potions_obtained":[{"floor":1,"key":"Ancient Potion"},{"floor":16,"key":"SneckoOil"},{"floor":19,"key":"Strength Potion"},{"floor":23,"key":"Venom Potion"},{"floor":30,"key":"ElixirPotion"},{"floor":46,"key":"PowerPotion"},{"floor":48,"key":"ElixirPotion"}],"is_trial":true,"path_per_floor":["M","?","T","$","?","R","$","R","T","M","R","R","E","E","R","B",null,"M","M","$","?","AVR","NM","R","E","T","R","?","R","E","$","R","B",null,"M","AVR","?","?","$","R","R","R","T","R","$","E","R","M","R_BF","B",null],"character_chosen":"IRONCLAD","items_purchased":["hubris:ChampionShield","reliquary:FingerTrap","infinitespire:EmpoweringShard","Dark Embrace","Guide Book","MerchantsRug","infinitespire:Satchel","Ghostly Armor","conspire:DeflatedDodgeball","Art of War","ReplayTheSpireMod:Strike From Hell+1","Body Slam","StuffTheSpire:Mouthbags","Quantum Egg","Gremlin Food","ReplayTheSpireMod:Private Reserves","Feed","Metallicize"],"campfire_rested":1,"item_purchase_floors":[4,4,4,4,4,4,4,7,7,20,20,31,31,31,39,39,39,45],"current_hp_per_floor":[80,80,80,80,80,80,80,80,80,80,80,80,80,80,80,80,80,80,80,80,80,80,80,80,80,80,80,1,1,1,1,1,1,1,1,1,1,1,1,1,1,1,1,1,1,1,1,1,1,1],"gold":221,"neow_bonus":"","is_daily":false,"chose_seed":false,"campfire_upgraded":8,"win_rate":0.0,"timestamp":1614135081,"path_taken":["M","?","?","$","?","R","$","R","T","?","R","R","E","?","R","BOSS","M","?","$","?","AVR","NM","R","E","T","R","?","R","E","$","R","BOSS","M","AVR","?","?","$","R","R","R","T","R","$","?","R","?","R_BF","BOSS"],"items_purchased_type":["Relic","Relic","Relic","Card","Relic","Relic","Relic","Card","Relic","Relic","Card","Card","Relic","Relic","Relic","Card","Card","Card"],"build_version":"2020-12-22","purchased_purges":9,"victory":true,"max_hp_per_floor":[80,80,80,80,80,80,80,80,80,80,80,80,80,80,80,80,80,80,80,80,80,80,80,80,80,80,80,1,1,1,1,1,1,1,1,1,1,1,1,1,1,1,1,1,1,1,1,1,1,1],"card_choices":[{"not_picked":["Run Through","Wild Strike"],"picked":"Heavy Blade","floor":1},{"not_picked":["Body Slam","Flex"],"picked":"ReplayTheSpireMod:Muscle Training","floor":10},{"not_picked":["Feed","Barricade"],"picked":"Impervious","floor":13},{"not_picked":["Hemogenesis","Exhume"],"picked":"Offering","floor":14},{"not_picked":["Feed","Exhume"],"picked":"Limit Break","floor":16},{"not_picked":["Clash","Body Slam","Headbutt+1"],"picked":"SKIP","floor":18},{"not_picked":["Defy Death","Cleave"],"picked":"Shrug It Off+1","floor":19},{"not_picked":["Exhume","StuffTheSpire:TitanForm"],"picked":"Juggernaut","floor":23},{"not_picked":["Reaper","conspire:HitWhereItHurts"],"picked":"Hemogenesis","floor":25},{"not_picked":["Brutality","Impervious"],"picked":"Barricade","floor":30},{"not_picked":["Anger","StuffTheSpire:RockThrow+1"],"picked":"ReplayTheSpireMod:Stacked+1","floor":35},{"not_picked":["Hemogenesis","conspire:Purge","Impervious"],"picked":"SKIP","floor":46},{"not_picked":["Heavy Blade","Replay:Undeath\u0027s Touch","Clash+1"],"picked":"SKIP","floor":48}],"player_experience":54954,"relics_obtained":[{"floor":3,"key":"infinitespire:Bottled Soul"},{"floor":9,"key":"Anchor"},{"floor":14,"key":"aspiration:ChemicalBlood"},{"floor":23,"key":"FossilizedHelix"},{"floor":25,"key":"Replay:Bandana"},{"floor":30,"key":"conspire:DecoderRing"},{"floor":37,"key":"infinitespire:Lychee Nut"},{"floor":43,"key":"Sundial"},{"floor":46,"key":"Ginger"},{"floor":49,"key":"ReplayTheSpireMod:Spearhead"}],"event_choices":[{"damage_healed":0,"gold_gain":0,"player_choice":"Leave","damage_taken":0,"max_hp_gain":0,"max_hp_loss":0,"event_name":"The Cleric","floor":2,"gold_loss":0},{"damage_healed":0,"gold_gain":175,"player_choice":"AGREE","damage_taken":0,"max_hp_gain":0,"max_hp_loss":0,"event_name":"Liars Game","floor":5,"gold_loss":0,"cards_obtained":["Doubt"]},{"damage_healed":0,"gold_gain":0,"player_choice":"Ignored","damage_taken":0,"max_hp_gain":0,"max_hp_loss":0,"event_name":"Ghosts","floor":21,"gold_loss":0},{"damage_healed":0,"gold_gain":0,"player_choice":"Fight","damage_taken":0,"max_hp_gain":0,"max_hp_loss":0,"event_name":"Mysterious Sphere","floor":37,"gold_loss":0}],"is_beta":false,"boss_relics":[{"not_picked":["Coffee Dripper","hubris:BlackHole","aspiration:RunicSpoon"]},{"not_picked":["energizedSpire:DeadBattery","StuffTheSpire:RunicConfusion"],"picked":"reliquary:ThirdArm"}],"items_purged_floors":[7,7,20,20,31,31,31,31,39],"is_endless":false,"potions_floor_spawned":[1,16,19,23,30,46,48],"ascension_level":0}}