{"host":"5tzvto3beate6p8b","time":1614199829,"event":{"mods":["BaseMod","Colored Map","DeckTracker","Minty Spire (QoL Compilation)","Relic Stats","StSLib","SuperFastMode"],"gold_per_floor":[114,127,54,10,10,10,42,42,67,99,99,112,169,198,210,294,306,294,306,330,43,43,43,56,56,56],"floor_reached":25,"language":"JPN","playtime":986,"items_purged":["Strike_G"],"score":468,"play_id":"d7fec21f-d65f-4fb4-abf2-0fd5f3828b9b","local_time":"20210225055029","is_ascension_mode":true,"campfire_choices":[{"data":"Skewer","floor":6.0,"key":"SMITH"},{"data":"Neutralize","floor":8.0,"key":"SMITH"},{"data":"Bouncing Flask","floor":15,"key":"SMITH"},{"floor":23,"key":"REST"}],"circlet_count":0,"master_deck":["AscendersBane","Strike_G+1","Defend_G","Defend_G","Defend_G","Survivor","Neutralize+1","Backflip","Skewer+1","Backstab+1","Venomology","Bouncing Flask+1","Parasite","PiercingWail","Dash+1","Well Laid Plans","Burst","Night Terror+1","Underhanded Strike+1","Bane+1","Blade Dance","Cloak And Dagger+1","Die Die Die","Poisoned Stab","Prepared","Backflip","Deadly Poison"],"relics":["Ring of the Snake","NeowsBlessing","Blood Vial","Happy Flower","Regal Pillow","Nunchaku","MawBank","Astrolabe"],"acts_visited":["Exordium","TheCity"],"potions_floor_usage":[13,13,18,24,24,24,25],"damage_taken":[{"damage":0.0,"enemies":"Small Slimes","floor":1.0,"turns":1.0},{"damage":0.0,"enemies":"Cultist","floor":2.0,"turns":1.0},{"damage":0.0,"enemies":"Gremlin Nob","floor":7.0,"turns":1.0},{"damage":13.0,"enemies":"3 Sentries","floor":10.0,"turns":9.0},{"damage":0,"enemies":"Jaw Worm","floor":12,"turns":2},{"damage":0,"enemies":"Gremlin Nob","floor":13,"turns":2},{"damage":4,"enemies":"Large Slime","floor":14,"turns":5},{"damage":9,"enemies":"The Guardian","floor":16,"turns":10},{"damage":3,"enemies":"2 Thieves","floor":18,"turns":4},{"damage":26,"enemies":"3 Byrds","floor":20,"turns":5},{"damage":23,"enemies":"Centurion and Healer","floor":24,"turns":8},{"damage":48,"enemies":"Gremlin Leader","floor":25,"turns":4}],"seed_played":"-6354681824953575251","potions_obtained":[{"floor":1.0,"key":"Fire Potion"},{"floor":10.0,"key":"SteroidPotion"},{"floor":13,"key":"Swift Potion"},{"floor":16,"key":"AttackPotion"},{"floor":24,"key":"Energy Potion"}],"is_trial":false,"path_per_floor":["M","M","?","$","?","R","E","R","T","E","?","M","?","M","R","B",null,"M","?","M","$","?","R","M","E"],"character_chosen":"THE_SILENT","items_purchased":["Backstab","Die Die Die","Poisoned Stab"],"campfire_rested":1,"item_purchase_floors":[4,21,21],"current_hp_per_floor":[59,59,59,59,39,39,41,41,41,30,46,48,50,48,48,41,60,59,59,35,35,35,66,43,0,0],"gold":56,"neow_bonus":"THREE_ENEMY_KILL","is_daily":false,"chose_seed":false,"campfire_upgraded":3,"win_rate":0.0,"timestamp":1614199829,"path_taken":["M","M","?","?","?","R","E","R","T","E","?","?","?","M","R","BOSS","M","?","?","?","?","R","M","E"],"items_purchased_type":["Card","Card","Card"],"build_version":"2020-12-22","purchased_purges":1,"victory":false,"max_hp_per_floor":[66,66,66,66,66,66,66,66,66,66,66,66,66,66,66,66,66,66,66,66,66,66,66,66,66,66],"relic_stats":{"Blood Vial":18,"Regal Pillow":12,"Nunchaku":[8],"Happy Flower":[16],"counters":[12,52],"Astrolabe":["Night Terror","Underhanded Strike","Bane"],"MawBank":96,"obtain_stats":[{"Blood Vial":3,"Regal Pillow":9,"Nunchaku":10,"NeowsBlessing":0,"Happy Flower":7,"Astrolabe":17,"MawBank":13,"Ring of the Snake":0},{"Blood Vial":2,"Regal Pillow":3,"Nunchaku":4,"NeowsBlessing":0,"Happy Flower":3,"Astrolabe":8,"MawBank":6,"Ring of the Snake":0},{"Blood Vial":2,"Regal Pillow":3,"Nunchaku":12,"NeowsBlessing":0,"Happy Flower":3,"Astrolabe":31,"MawBank":16,"Ring of the Snake":0}],"Ring of the Snake":[24]},"card_choices":[{"not_picked":["Outmaneuver","Flechettes"],"picked":"Backflip","floor":1.0},{"not_picked":["Prepared","Outmaneuver"],"picked":"Skewer","floor":2.0},{"not_picked":["Backflip","Prepared"],"picked":"Venomology","floor":7.0},{"not_picked":["Deflect","Poisoned Stab"],"picked":"Bouncing Flask","floor":10.0},{"not_picked":["Cloak And Dagger","Underhanded Strike"],"picked":"PiercingWail","floor":12},{"not_picked":["All Out Attack","Accuracy"],"picked":"Dash","floor":13},{"not_picked":["Dodge and Roll","Flying Knee"],"picked":"Well Laid Plans","floor":14},{"not_picked":["Bullet Time","Unload"],"picked":"Burst","floor":16},{"not_picked":["Flechettes","Dodge and Roll"],"picked":"Blade Dance","floor":18},{"not_picked":["Concentrate+1","Outmaneuver"],"picked":"Cloak And Dagger+1","floor":20},{"not_picked":["Dagger Throw","Blur"],"picked":"Deadly Poison","floor":24}],"player_experience":880531,"relics_obtained":[{"floor":7.0,"key":"Happy Flower"},{"floor":9.0,"key":"Regal Pillow"},{"floor":10.0,"key":"Nunchaku"},{"floor":13,"key":"MawBank"}],"event_choices":[{"damage_healed":0.0,"max_hp_gain":0.0,"max_hp_loss":0.0,"gold_gain":0.0,"event_name":"WeMeetAgain","player_choice":"Paid Gold","floor":3.0,"gold_loss":73.0,"damage_taken":0.0,"relics_obtained":["Blood Vial"]},{"damage_healed":0.0,"max_hp_gain":0.0,"max_hp_loss":0.0,"gold_gain":0.0,"event_name":"Shining Light","player_choice":"Entered Light","floor":5.0,"gold_loss":0.0,"damage_taken":20.0,"cards_upgraded":["Strike_G","Backstab"]},{"damage_healed":16.0,"max_hp_gain":0.0,"max_hp_loss":0.0,"gold_gain":0.0,"event_name":"Mushrooms","player_choice":"Healed and dodged fight","floor":11.0,"gold_loss":0.0,"damage_taken":0.0,"cards_obtained":["Parasite"]},{"damage_healed":0,"gold_gain":0,"player_choice":"Searched \u00271\u0027 times","damage_taken":0,"max_hp_gain":0,"max_hp_loss":0,"event_name":"Dead Adventurer","floor":13,"gold_loss":0},{"damage_healed":0,"gold_gain":0,"player_choice":"Upgraded","damage_taken":0,"max_hp_gain":0,"max_hp_loss":0,"event_name":"Upgrade Shrine","floor":19,"gold_loss":0,"cards_upgraded":["Dash"]},{"damage_healed":0,"gold_gain":0,"cards_transformed":["Defend_G","Defend_G"],"player_choice":"Became Test Subject","damage_taken":0,"max_hp_gain":0,"max_hp_loss":0,"event_name":"Drug Dealer","floor":22,"gold_loss":0,"cards_obtained":["Prepared","Backflip"]}],"is_beta":false,"boss_relics":[{"not_picked":["Sozu","Busted Crown"],"picked":"Astrolabe"}],"items_purged_floors":[21],"is_endless":false,"potions_floor_spawned":[1,10,13,16,20,24],"killed_by":"Gremlin Leader","ascension_level":20}}