{"host":"a1eatafr7pisesky","time":1614163440,"event":{"mods":["AchievementEnabler","BaseMod","Colored Map","Keyboard Shortcuts","Minty Spire (QoL Compilation)","Say the Spire","StSLib","SuperFastMode","everything is the same but u backflip on backflip"],"gold_per_floor":[115,115,125,125,37,80,80,101,149,170,58,96,132,153,153,153,153],"floor_reached":16,"language":"KOR","playtime":339,"items_purged":["Strike_B"],"score":250,"play_id":"4805fbd0-304d-4059-b296-de515565ccca","local_time":"20210224194400","is_ascension_mode":true,"campfire_choices":[{"data":"Buffer","floor":7,"key":"SMITH"},{"data":"Sunder","floor":15,"key":"SMITH"}],"circlet_count":0,"master_deck":["AscendersBane","Strike_B","Strike_B","Strike_B","Defend_B","Defend_B","Defend_B","Defend_B","Zap","Dualcast+1","Coolheaded","Lockon","White Noise","Buffer+1","Cold Snap","Ball Lightning","Self Repair","White Noise","Sunder+1"],"relics":["Cracked Core","NeowsBlessing","Golden Idol","Lantern","Anchor","Odd Mushroom","Tiny Chest"],"acts_visited":["Exordium"],"potions_floor_usage":[12,13,16],"damage_taken":[{"damage":0,"enemies":"Jaw Worm","floor":1,"turns":1},{"damage":0,"enemies":"Cultist","floor":3,"turns":1},{"damage":0,"enemies":"Gremlin Nob","floor":6,"turns":1},{"damage":0,"enemies":"Small Slimes","floor":8,"turns":4},{"damage":0,"enemies":"2 Fungi Beasts","floor":10,"turns":4},{"damage":16,"enemies":"The Mushroom Lair","floor":12,"turns":4},{"damage":14,"enemies":"Lagavulin","floor":13,"turns":6},{"damage":1,"enemies":"Gremlin Gang","floor":14,"turns":6},{"damage":39,"enemies":"Slime Boss","floor":16,"turns":9}],"seed_played":"525906984037069808","potions_obtained":[{"floor":1,"key":"Swift Potion"},{"floor":3,"key":"Explosive Potion"},{"floor":14,"key":"LiquidMemories"}],"is_trial":false,"path_per_floor":["M","?","M","?","$","E","R","M","T","M","$","?","E","M","R","B"],"character_chosen":"DEFECT","items_purchased":["White Noise","Self Repair"],"campfire_rested":0,"item_purchase_floors":[5,11],"current_hp_per_floor":[64,64,64,40,40,40,40,40,40,40,40,31,24,30,30,0,0],"gold":153,"neow_bonus":"THREE_ENEMY_KILL","is_daily":false,"chose_seed":false,"campfire_upgraded":2,"win_rate":0.0,"timestamp":1614163440,"path_taken":["M","?","?","?","$","E","R","M","T","M","$","?","E","M","R","BOSS"],"items_purchased_type":["Card","Card"],"build_version":"2020-12-22","purchased_purges":1,"victory":false,"max_hp_per_floor":[71,71,71,71,71,71,71,71,71,71,71,71,71,71,71,71,71],"card_choices":[{"not_picked":["Sunder","Go for the Eyes"],"picked":"Coolheaded","floor":1},{"not_picked":["Conserve Battery","Stack"],"picked":"Lockon","floor":3},{"not_picked":["Beam Cell","Reprogram"],"picked":"Buffer","floor":6},{"not_picked":["Beam Cell","Leap"],"picked":"Cold Snap","floor":8},{"not_picked":["Reinforced Body","Coolheaded"],"picked":"Ball Lightning","floor":10},{"not_picked":["Heatsinks","Rip and Tear"],"picked":"White Noise","floor":13},{"not_picked":["Barrage","Streamline"],"picked":"Sunder","floor":14}],"player_experience":494595,"relics_obtained":[{"floor":6,"key":"Lantern"},{"floor":9,"key":"Anchor"},{"floor":12,"key":"Odd Mushroom"},{"floor":13,"key":"Tiny Chest"}],"event_choices":[{"damage_healed":0,"gold_gain":0,"player_choice":"Forge","damage_taken":0,"max_hp_gain":0,"max_hp_loss":0,"event_name":"Accursed Blacksmith","floor":2,"gold_loss":0,"cards_upgraded":["Dualcast"]},{"damage_healed":0,"gold_gain":0,"player_choice":"Take Damage","damage_taken":24,"relics_obtained":["Golden Idol"],"max_hp_gain":0,"max_hp_loss":0,"event_name":"Golden Idol","floor":4,"gold_loss":0},{"damage_healed":0,"gold_gain":0,"player_choice":"Fought Mushrooms","damage_taken":0,"max_hp_gain":0,"max_hp_loss":0,"event_name":"Mushrooms","floor":12,"gold_loss":0}],"is_beta":false,"boss_relics":[],"items_purged_floors":[11],"is_endless":false,"potions_floor_spawned":[1,3,14],"killed_by":"Slime Boss","ascension_level":17}}