{"host":"dyzdf8svqmiivg97","time":1614159602,"event":{"mods":["AchievementEnabler","BaseMod","Colored Map","DeckTracker","Minty Spire (QoL Compilation)","Quick Restart","Rare Cards Sparkle","SuperFastMode"],"gold_per_floor":[117,43,43,8,8,33,53,78,101,26,26,61,61,71,71,145,145,163,63,80,93,105,132,132,132],"floor_reached":24,"language":"KOR","playtime":658,"items_purged":["Strike_P","Defend_P"],"score":440,"play_id":"263861b1-f829-46c2-90a0-28fbaf0e45bf","local_time":"20210224184002","is_ascension_mode":true,"campfire_choices":[{"data":"EmptyFist","floor":11,"key":"SMITH"},{"data":"LessonLearned","floor":13,"key":"SMITH"},{"floor":15,"key":"REST"}],"circlet_count":0,"master_deck":["AscendersBane","Defend_P+1","Defend_P+1","Defend_P+1","Eruption+1","Vigilance","InnerPeace+1","Adaptation+1","LessonLearned+1","Vault+1","EmptyFist+1","CrushJoints+1","FollowUp+1","Scrawl"],"relics":["PureWater","NeowsBlessing","Pen Nib","Dream Catcher","Centennial Puzzle","Molten Egg 2","Empty Cage","Bronze Scales"],"acts_visited":["Exordium","TheCity"],"potions_floor_usage":[8,20,21,23],"damage_taken":[{"damage":0,"enemies":"Cultist","floor":1,"turns":1},{"damage":0,"enemies":"Gremlin Nob","floor":6,"turns":1},{"damage":0,"enemies":"Small Slimes","floor":7,"turns":1},{"damage":12,"enemies":"Lagavulin","floor":8,"turns":8},{"damage":7,"enemies":"3 Sentries","floor":12,"turns":5},{"damage":5,"enemies":"2 Louse","floor":14,"turns":2},{"damage":27,"enemies":"The Guardian","floor":16,"turns":7},{"damage":0,"enemies":"Spheric Guardian","floor":18,"turns":3},{"damage":4,"enemies":"3 Byrds","floor":20,"turns":4},{"damage":10,"enemies":"Centurion and Healer","floor":21,"turns":3},{"damage":4,"enemies":"Cultist and Chosen","floor":22,"turns":4},{"damage":17,"enemies":"Slavers","floor":23,"turns":4},{"damage":28,"enemies":"Snecko","floor":24,"turns":2}],"seed_played":"-3512269380820233809","potions_obtained":[{"floor":7,"key":"Weak Potion"},{"floor":8,"key":"GamblersBrew"},{"floor":12,"key":"AttackPotion"},{"floor":21,"key":"Fire Potion"},{"floor":23,"key":"Regen Potion"}],"is_trial":false,"path_per_floor":["M","$","?","?","?","E","M","E","T","$","R","E","R","M","R","B",null,"M","$","M","M","M","E","M"],"character_chosen":"WATCHER","items_purchased":["Adaptation"],"campfire_rested":1,"item_purchase_floors":[2],"current_hp_per_floor":[61,61,47,64,64,64,64,52,52,52,52,45,45,40,60,33,59,59,59,55,45,41,24,0,0],"gold":132,"neow_bonus":"THREE_ENEMY_KILL","is_daily":false,"chose_seed":false,"campfire_upgraded":2,"win_rate":0.0,"timestamp":1614159602,"path_taken":["M","$","?","?","?","E","?","E","T","$","R","E","R","M","R","BOSS","M","$","M","M","M","E","M"],"items_purchased_type":["Card"],"build_version":"2020-12-22","purchased_purges":2,"victory":false,"max_hp_per_floor":[68,68,68,68,68,68,68,68,68,68,68,68,68,68,68,68,68,68,68,68,68,68,68,68,68],"card_choices":[{"not_picked":["Crescendo","JustLucky"],"picked":"InnerPeace","floor":1},{"not_picked":["CutThroughFate","Prostrate"],"picked":"Vault","floor":6},{"not_picked":["LikeWater","Wallop","FlurryOfBlows"],"picked":"SKIP","floor":7},{"not_picked":["DeceiveReality","Swivel"],"picked":"EmptyFist","floor":8},{"not_picked":["EmptyFist+1","Crescendo","Prostrate"],"picked":"SKIP","floor":12},{"not_picked":["Consecrate+1","FlyingSleeves+1","Swivel"],"picked":"SKIP","floor":14},{"not_picked":["Wallop+1","Pray"],"picked":"CrushJoints+1","floor":15},{"not_picked":["DeceiveReality","WaveOfTheHand","Protect+1"],"picked":"SKIP","floor":18},{"not_picked":["PathToVictory","Consecrate+1","Wallop+1"],"picked":"SKIP","floor":20},{"not_picked":["CrushJoints+1","SignatureMove+1"],"picked":"FollowUp+1","floor":21},{"not_picked":["EmptyFist+1","Alpha","FlyingSleeves+1"],"picked":"SKIP","floor":22},{"not_picked":["FlurryOfBlows+1","WindmillStrike+1"],"picked":"Scrawl","floor":23}],"player_experience":603652,"relics_obtained":[{"floor":6,"key":"Pen Nib"},{"floor":8,"key":"Dream Catcher"},{"floor":9,"key":"Centennial Puzzle"},{"floor":12,"key":"Molten Egg 2"},{"floor":23,"key":"Bronze Scales"}],"event_choices":[{"damage_healed":0,"gold_gain":0,"player_choice":"Entered Light","damage_taken":14,"max_hp_gain":0,"max_hp_loss":0,"event_name":"Shining Light","floor":3,"gold_loss":0,"cards_upgraded":["Eruption","Adaptation"]},{"damage_healed":17,"gold_gain":0,"player_choice":"Healed","damage_taken":0,"max_hp_gain":0,"max_hp_loss":0,"event_name":"The Cleric","floor":4,"gold_loss":35},{"damage_healed":0,"gold_gain":0,"cards_transformed":["Strike_P"],"player_choice":"Transformed","damage_taken":0,"max_hp_gain":0,"max_hp_loss":0,"event_name":"Transmorgrifier","floor":5,"gold_loss":0,"cards_obtained":["LessonLearned"]}],"is_beta":false,"boss_relics":[{"not_picked":["Snecko Eye","SlaversCollar"],"picked":"Empty Cage"}],"items_purged_floors":[10,19],"is_endless":false,"potions_floor_spawned":[7,8,12,21,23],"killed_by":"Snecko","ascension_level":14}}