{"host":"qxeepl7ydvsgmfdb","time":1614168590,"event":{"mods":["AchievementEnabler","BaseMod","Colored Powertips","Minty Spire (QoL Compilation)","Quick Restart","slay the spire mod where everything is the same but ironclad has a cowboy hat"],"gold_per_floor":[113,61,87,87,98,98,133,58,58,58,58,58],"floor_reached":11,"language":"ENG","playtime":222,"items_purged":[],"score":183,"play_id":"fa288cfc-91de-4354-abf3-210551b1ada0","local_time":"20210224070950","is_ascension_mode":true,"campfire_choices":[{"data":"Deadly Poison","floor":6,"key":"SMITH"}],"circlet_count":0,"master_deck":["AscendersBane","Strike_G","Strike_G","Strike_G","Strike_G","Strike_G+1","Defend_G","Defend_G","Defend_G","Defend_G","Defend_G","Survivor","Neutralize+1","Deadly Poison+1","Poisoned Stab","Cloak And Dagger"],"relics":["Ring of the Snake","NeowsBlessing","Whetstone","Tiny Chest","Bottled Flame","Sundial"],"acts_visited":["Exordium"],"potions_floor_usage":[11],"damage_taken":[{"damage":0,"enemies":"Cultist","floor":1,"turns":1},{"damage":0,"enemies":"2 Louse","floor":5,"turns":1},{"damage":0,"enemies":"Lagavulin","floor":7,"turns":1},{"damage":82,"enemies":"3 Sentries","floor":11,"turns":16}],"seed_played":"-2051375398681702185","potions_obtained":[{"floor":5,"key":"DistilledChaos"},{"floor":7,"key":"FairyPotion"}],"is_trial":false,"path_per_floor":["M","$","T","?","M","R","E","?","T","$","E"],"character_chosen":"THE_SILENT","items_purchased":["Poisoned Stab"],"campfire_rested":0,"item_purchase_floors":[2],"current_hp_per_floor":[59,59,59,59,59,59,59,59,59,59,0,0],"gold":58,"neow_bonus":"THREE_ENEMY_KILL","is_daily":false,"chose_seed":false,"campfire_upgraded":1,"win_rate":0.0,"timestamp":1614168590,"path_taken":["M","?","?","?","M","R","E","?","T","?","E"],"items_purchased_type":["Card"],"build_version":"2020-12-22","purchased_purges":0,"victory":false,"max_hp_per_floor":[66,66,66,66,66,66,66,66,66,66,66,66],"card_choices":[{"not_picked":["Bane","Terror"],"picked":"Deadly Poison","floor":1},{"not_picked":["Calculated Gamble","Dagger Throw","Choke"],"picked":"SKIP","floor":5},{"not_picked":["PiercingWail","Dodge and Roll"],"picked":"Cloak And Dagger","floor":7}],"player_experience":208505,"relics_obtained":[{"floor":3,"key":"Whetstone"},{"floor":7,"key":"Bottled Flame"},{"floor":9,"key":"Sundial"}],"event_choices":[{"damage_healed":0,"gold_gain":0,"player_choice":"Box","damage_taken":0,"relics_obtained":["Tiny Chest"],"max_hp_gain":0,"max_hp_loss":0,"event_name":"Big Fish","floor":4,"gold_loss":0,"cards_obtained":["Regret"]},{"cards_removed":["Regret"],"damage_healed":0,"gold_gain":0,"player_choice":"Card Removal","damage_taken":0,"max_hp_gain":0,"max_hp_loss":0,"event_name":"The Cleric","floor":8,"gold_loss":75}],"is_beta":false,"boss_relics":[],"items_purged_floors":[],"is_endless":false,"potions_floor_spawned":[5,7],"killed_by":"3 Sentries","ascension_level":19}}