{"host":"rm0ctv8qd8mnbkg1","time":1614181534,"event":{"mods":["Act Like it!","Aspiration","BaseMod","Beaked The Cultist","BetterRewards","Colored Map","DNKmod","Dark Map","Defuse TimeMaze Blight","Friendly Minions","Gensokyo","Hubris","Library of Ruina","Library of Ruina Extra","Marisa????????","Minty Spire (QoL Compilation)","MostiFishMod","Permanent Neow","Rare Cards Sparkle","Relic Sorter","Reliquary","Replay The Spire","Ruina","RumiaBox-????????","Shade Mod","Shop Mod","Spicy Shops","Spire Arcade","StSLib","The Animator","The Construct","The Servant 0.9.4","TheVacant","Wandering Minibosses","??????REMEMod"],"gold_per_floor":[10017,9457,9473,9490,8792,8792,8821,8821,8821,8821,8521,8521,8552,8552,8552,8656,8656,8671,7898,7918,7098,7109,7109,7119,7119,7198,7198,7723,7673,7673,8193,8193,8290,8290,8810,9325,8653,8653,8653,8653,9164,9164,9217,9729,9729,10258,10258,10007,10007,10007,10007],"floor_reached":52,"language":"ENG","playtime":1267,"items_purged":["Decay"],"score":1104,"play_id":"bc613580-0e79-4f46-90cd-a034fd114eaf","local_time":"20210224154534","is_ascension_mode":false,"campfire_choices":[{"data":"Zap","floor":6,"key":"SMITH"},{"data":"Tempest","floor":10,"key":"SMITH"},{"data":"hubris:Ukulele","floor":12,"key":"SMITH"},{"data":"hubris:DoWhile","floor":15,"key":"SMITH"},{"data":"MostiFishMod:ButterFly","floor":23,"key":"SMITH"},{"data":"Thunder Strike","floor":25,"key":"SMITH"},{"data":"Double Energy","floor":32,"key":"SMITH"},{"data":"MostiFishMod:ReadyAimFire","floor":40,"key":"SMITH"},{"data":"MostiFishMod:ATRI","floor":42,"key":"SMITH"},{"floor":45,"key":"REST"},{"data":"ReplayTheSpireMod:Reroute Power","floor":49,"key":"SMITH"}],"circlet_count":0,"master_deck":["Strike_B+1","Strike_B+1","Strike_B+1","Strike_B+1","Defend_B+1","Defend_B+1","Defend_B+1","Zap+1","Dualcast+1","MostiFishMod:Neurotoxin+1","Tempest+1","Sadistic Nature+1","hubris:Ukulele+1","Mirror Shield+1","Turbo+1","hubris:DoWhile+1","MostiFishMod:Nova+1","MostiFishMod:ButterFly+1","Self Repair+1","Self Repair+1","Thunder Strike+1","Storm+1","Reinforced Body+1","Buffer+1","Double Energy+1","MostiFishMod:ATRI+1","Sweeping Beam+1","MostiFishMod:ReadyAimFire+1","FIFO Queue+1","Conserve Battery+1","ReplayTheSpireMod:Reroute Power+1"],"relics":["Cracked Core","REME_ComplimentaryCards","DaveBox","DSteel32","reliquary:TuningFork","PageOfSingingMachine","ReplayFunnel","Replay:Baseball","hubris:CrystalStatue","SynthV:C4","Bronze Scales","hubris:SlimyHat","DataDisk","Gremlin Food","Oddly Smooth Stone","Shuriken","construct:ClawGrip","FossilizedHelix","Anchor","Happy Flower","reliquary:BoilingFlask","ReplayTheSpireMod:CursedCoin","Akabeko","Blue Doll","Replay:Bottled Flurry","Ring of Hypnosis","ReplayTheSpireMod:Ring of Challenge","GodSword1","Ring of Chaos","GodSword7","Lantern","Civilization","PageOfTheSilentOrchestra","wanderingMiniBosses:CarrionFlame","Nunchaku","Replay:Bottled Eggs","reliquary:Spinner","reliquary:JackalopeAntler"],"acts_visited":["Exordium","Exordium","Gensokyo:Gensokyoer"],"potions_floor_usage":[],"damage_taken":[{"damage":1,"enemies":"Cultist","floor":1,"turns":3},{"damage":0,"enemies":"Small Slimes","floor":3,"turns":2},{"damage":0,"enemies":"2 Louse","floor":4,"turns":1},{"damage":0,"enemies":"Lagavulin","floor":7,"turns":2},{"damage":0,"enemies":"3 Sentries","floor":13,"turns":2},{"damage":452,"enemies":"Hexaghost","floor":16,"turns":3},{"damage":0,"enemies":"Gensokyo:Chomper","floor":18,"turns":1},{"damage":0,"enemies":"Gensokyo:AngelMirror","floor":20,"turns":1},{"damage":21,"enemies":"Gensokyo:Wraith","floor":22,"turns":3},{"damage":0,"enemies":"Gensokyo:Swordslinger","floor":24,"turns":1},{"damage":0,"enemies":"Gensokyo:Tenshi","floor":28,"turns":2},{"damage":0,"enemies":"Gensokyo:3_Gloops","floor":31,"turns":3},{"damage":0,"enemies":"Gensokyo:Kaguya","floor":33,"turns":6},{"damage":0,"enemies":"Gensokyo:3_Bats","floor":35,"turns":1},{"damage":9,"enemies":"Gensokyo:3_Boulders","floor":36,"turns":2},{"damage":14,"enemies":"Gensokyo:Sharpion","floor":41,"turns":3},{"damage":0,"enemies":"Gensokyo:AtlasGolem","floor":44,"turns":4},{"damage":0,"enemies":"Gensokyo:Marisa","floor":46,"turns":2},{"damage":0,"enemies":"Gensokyo:Shinki","floor":50,"turns":3}],"seed_played":"-3695912981082202411","potions_obtained":[{"floor":3,"key":"Ancient Potion"},{"floor":13,"key":"Elixir"},{"floor":16,"key":"FearPotion"},{"floor":28,"key":"DuplicationPotion"}],"is_trial":false,"path_per_floor":["M","$","M","M","$","R","E","?","T","R","$","R","E","?","R","B",null,"M","$","M","$","M","R","M","R","T","?","E","?","?","M","R","B",null,"M","M","$","?","?","R","M","R","T","M","R","E","?","$","R","B",null,null],"character_chosen":"DEFECT","items_purchased":["Sadistic Nature","reliquary:TuningFork","PageOfSingingMachine","ReplayFunnel","Replay:Baseball","hubris:CrystalStatue","SynthV:C4","DataDisk","Gremlin Food","FossilizedHelix","Anchor","Happy Flower","MostiFishMod:ButterFly","reliquary:BoilingFlask","ReplayTheSpireMod:CursedCoin","Akabeko","Self Repair","Thunder Strike","Blue Doll","PowerPotion","Lantern","FIFO Queue","Civilization","PageOfTheSilentOrchestra","reliquary:JackalopeAntler"],"campfire_rested":1,"item_purchase_floors":[2,2,2,5,5,5,5,11,11,19,19,19,19,21,21,21,21,21,21,21,37,37,37,37,48],"current_hp_per_floor":[999,999,999,999,999,999,999,999,999,999,999,999,999,992,992,540,1000,1000,1000,1000,1000,986,986,997,997,997,997,1000,1007,1007,1007,1007,1007,1007,1007,1007,1007,1007,1007,1007,1005,1005,1005,1012,1012,1016,1016,1016,1016,1021,1021],"gold":10007,"neow_bonus":"UPGRADE_CARD","is_daily":false,"chose_seed":false,"campfire_upgraded":10,"win_rate":0.0,"timestamp":1614181534,"path_taken":["M","$","?","M","?","R","E","?","T","R","$","R","E","?","R","BOSS","M","$","M","$","M","R","M","R","T","?","E","?","?","?","R","BOSS","M","M","$","?","?","R","M","R","T","M","R","E","?","$","R","BOSS"],"items_purchased_type":["Card","Relic","Relic","Relic","Relic","Relic","Relic","Relic","Relic","Relic","Relic","Relic","Card","Relic","Relic","Relic","Card","Card","Relic","Potion","Relic","Card","Relic","Relic","Relic"],"build_version":"2020-12-22","purchased_purges":1,"victory":true,"max_hp_per_floor":[1000,1000,1000,1000,1000,1000,1000,1000,1000,1000,1000,1000,1000,1000,1000,1000,1000,1000,1000,1000,1000,1000,1000,1000,1000,1000,1000,1000,1007,1007,1007,1007,1007,1007,1007,1007,1007,1007,1007,1007,1009,1009,1009,1012,1012,1016,1016,1016,1016,1021,1021],"card_choices":[{"not_picked":["Beam Cell","Compile Driver"],"picked":"Tempest","floor":1},{"not_picked":["Go for the Eyes","Panic Button"],"picked":"hubris:Ukulele","floor":3},{"not_picked":["Steam","Panic Button"],"picked":"Mirror Shield","floor":4},{"not_picked":["Leap","REME_ForAll"],"picked":"Turbo","floor":7},{"not_picked":["Barrage","Panic Button"],"picked":"hubris:DoWhile","floor":13},{"not_picked":["hubris:DoWhile","hubris:Prefetch"],"picked":"MostiFishMod:Nova","floor":16},{"not_picked":["hubris:Ukulele","Panic Button+1","Gash"],"picked":"SKIP","floor":18},{"not_picked":["Sweeping Beam","White Noise+1"],"picked":"Self Repair","floor":20},{"not_picked":["Sweeping Beam","Undo"],"picked":"Storm+1","floor":22},{"not_picked":["REME_SelfUpgrade","Rebound+1"],"picked":"Reinforced Body","floor":24},{"not_picked":["hubris:DoWhile","MostiFishMod:Exploitation"],"picked":"Buffer","floor":28},{"not_picked":["Sweeping Beam","Stack"],"picked":"Double Energy","floor":31},{"not_picked":["MostiFishMod:DeathFromBelow","MostiFishMod:InterfaceCompatibility"],"picked":"MostiFishMod:ATRI","floor":33},{"not_picked":["Cold Snap","BasicCrystalCard"],"picked":"Sweeping Beam+1","floor":35},{"not_picked":["MostiFishMod:PushDownKick+1","Coolheaded"],"picked":"MostiFishMod:ReadyAimFire","floor":36},{"not_picked":["MostiFishMod:ReprogramOld","Hologram"],"picked":"Conserve Battery","floor":41},{"not_picked":["Hologram","Panic Button","Darkness"],"picked":"SKIP","floor":44},{"not_picked":["Conserve Battery+1","Rebound+1"],"picked":"ReplayTheSpireMod:Reroute Power","floor":46}],"player_experience":305433,"relics_obtained":[{"floor":7,"key":"Bronze Scales"},{"floor":9,"key":"hubris:SlimyHat"},{"floor":13,"key":"Oddly Smooth Stone"},{"floor":26,"key":"Replay:Bottled Flurry"},{"floor":27,"key":"Ring of Hypnosis"},{"floor":27,"key":"ReplayTheSpireMod:Ring of Challenge"},{"floor":28,"key":"GodSword1"},{"floor":35,"key":"GodSword7"},{"floor":41,"key":"wanderingMiniBosses:CarrionFlame"},{"floor":43,"key":"Nunchaku"},{"floor":44,"key":"Replay:Bottled Eggs"},{"floor":46,"key":"reliquary:Spinner"}],"event_choices":[{"damage_healed":0,"gold_gain":0,"player_choice":"Ignored","damage_taken":0,"max_hp_gain":0,"max_hp_loss":0,"event_name":"Shining Light","floor":8,"gold_loss":0},{"damage_healed":0,"gold_gain":0,"player_choice":"Success","damage_taken":7,"relics_obtained":["Shuriken"],"max_hp_gain":0,"max_hp_loss":0,"event_name":"Scrap Ooze","floor":14,"gold_loss":0}],"is_beta":false,"boss_relics":[{"not_picked":["aspiration:PoetsPen_weak","Philosopher\u0027s Stone"],"picked":"construct:ClawGrip"},{"not_picked":["Kintsugi","hubris:GrandSneckoEye"],"picked":"Ring of Chaos"}],"items_purged_floors":[21],"is_endless":false,"potions_floor_spawned":[3,13,16,24,28,35,44,46],"ascension_level":0}}