{"host":"f8toxsj3bk02pkeu","time":1614191008,"event":{"mods":["BaseMod","Minty Spire (QoL Compilation)","Permanent Neow","Quick Restart","StSLib","SuperFastMode"],"gold_per_floor":[117,131,150,162,182,182,217,217,217,69,69,87,117,136,136,233,233,244,256,286,196,18,52,52,65,65,65,115,115,129,129,129,224,224,243,256,478,497,597,597,613,632,679,679,679,692,707,21,21,21,21,21,21,52,52,52],"floor_reached":55,"language":"ENG","playtime":2225,"items_purged":["Defend_G","Injury"],"score":726,"play_id":"a7548e93-b470-48da-8801-7bddb753e4c1","local_time":"20210224102328","is_ascension_mode":false,"campfire_choices":[{"data":"Caltrops","floor":6.0,"key":"SMITH"},{"floor":15.0,"key":"DIG"},{"floor":24.0,"key":"DIG"},{"floor":27.0,"key":"DIG"},{"floor":29,"key":"DIG"},{"floor":32,"key":"DIG"},{"floor":40,"key":"DIG"},{"floor":44,"key":"RECALL"},{"floor":49,"key":"DIG"},{"floor":52,"key":"DIG"}],"circlet_count":0,"master_deck":["Strike_G","Strike_G","Strike_G","Defend_G","Defend_G","Defend_G","Survivor","Neutralize","Well Laid Plans","Reflex+1","Deflect+1","Caltrops+1","Footwork","Dodge and Roll","Footwork","A Thousand Cuts","Dagger Throw","Cloak And Dagger","Cloak And Dagger+1","Poisoned Stab+1","Adrenaline","Blade Dance+1","Cloak And Dagger+1","Dodge and Roll+1","Terror+1","Backflip+1","Sucker Punch+1"],"relics":["Ring of the Snake","Akabeko","Tingsha","Shovel","Bronze Scales","The Courier","Turnip","WristBlade","Red Mask","Strawberry","Orichalcum","Toy Ornithopter","Bag of Preparation","Vajra","Molten Egg 2","Enchiridion","Potion Belt","Cursed Key","Boot","Blood Vial","Snake Skull","Omamori","The Specimen","CaptainsWheel","Kunai","Eternal Feather"],"acts_visited":["Exordium","TheCity","TheBeyond","TheEnding"],"potions_floor_usage":[46,54,55,55],"damage_taken":[{"damage":0.0,"enemies":"2 Louse","floor":1.0,"turns":2.0},{"damage":0.0,"enemies":"Cultist","floor":2.0,"turns":4.0},{"damage":0.0,"enemies":"Jaw Worm","floor":3.0,"turns":5.0},{"damage":0.0,"enemies":"Exordium Wildlife","floor":4.0,"turns":6.0},{"damage":9.0,"enemies":"Blue Slaver","floor":5.0,"turns":7.0},{"damage":17.0,"enemies":"Lagavulin","floor":7.0,"turns":10.0},{"damage":1.0,"enemies":"Gremlin Gang","floor":12.0,"turns":3.0},{"damage":13.0,"enemies":"Gremlin Nob","floor":13.0,"turns":4.0},{"damage":0.0,"enemies":"Red Slaver","floor":14.0,"turns":4.0},{"damage":12.0,"enemies":"Hexaghost","floor":16.0,"turns":11.0},{"damage":0.0,"enemies":"Spheric Guardian","floor":18.0,"turns":5.0},{"damage":0.0,"enemies":"Chosen","floor":19.0,"turns":5.0},{"damage":34.0,"enemies":"Masked Bandits","floor":20.0,"turns":5.0},{"damage":15.0,"enemies":"Book of Stabbing","floor":23.0,"turns":5.0},{"damage":2.0,"enemies":"Snake Plant","floor":25.0,"turns":4.0},{"damage":2,"enemies":"Shelled Parasite and Fungi","floor":30,"turns":4},{"damage":3,"enemies":"Champ","floor":33,"turns":14},{"damage":0,"enemies":"Orb Walker","floor":35,"turns":2},{"damage":11,"enemies":"3 Shapes","floor":36,"turns":3},{"damage":5,"enemies":"Sphere and 2 Shapes","floor":38,"turns":5},{"damage":0,"enemies":"Jaw Worm Horde","floor":41,"turns":3},{"damage":0,"enemies":"Maw","floor":42,"turns":7},{"damage":1,"enemies":"Writhing Mass","floor":46,"turns":3},{"damage":0,"enemies":"Transient","floor":47,"turns":5},{"damage":2,"enemies":"Time Eater","floor":50,"turns":11},{"damage":16,"enemies":"Shield and Spear","floor":54,"turns":6},{"damage":84,"enemies":"The Heart","floor":55,"turns":5}],"seed_played":"-8657026030466332644","potions_obtained":[{"floor":1.0,"key":"SteroidPotion"},{"floor":4.0,"key":"PowerPotion"},{"floor":5.0,"key":"LiquidMemories"},{"floor":7.0,"key":"ColorlessPotion"},{"floor":16.0,"key":"SneckoOil"},{"floor":19.0,"key":"SpeedPotion"},{"floor":20.0,"key":"CultistPotion"},{"floor":30,"key":"ColorlessPotion"},{"floor":38,"key":"Energy Potion"},{"floor":41,"key":"PowerPotion"},{"floor":46,"key":"Swift Potion"},{"floor":54,"key":"Regen Potion"}],"is_trial":false,"path_per_floor":["M","M","M","M","M","R","E","?","T","$","?","M","E","M","R","B",null,"M","M","?","?","$","E","R","M","T","R","?","R","M","?","R","B",null,"M","M","?","M","?","R","M","M","T","R","?","M","M","$","R","B",null,"R","$","E","B"],"character_chosen":"THE_SILENT","items_purchased":["Bronze Scales","Strawberry","Blood Vial","Snake Skull","Omamori","The Specimen"],"campfire_rested":0,"item_purchase_floors":[10,22,48,48,48,48],"current_hp_per_floor":[70,70,70,70,61,61,44,44,44,44,30,29,16,16,16,4,70,70,70,36,36,43,28,28,26,26,26,26,26,24,8,8,5,77,77,66,66,61,61,61,61,61,61,61,61,65,65,65,65,65,77,77,77,66,0,0],"gold":52,"neow_bonus":"RANDOM_COMMON_RELIC","is_daily":false,"chose_seed":false,"campfire_upgraded":1,"win_rate":0.0,"timestamp":1614191008,"path_taken":["M","M","M","M","M","R","E","?","T","?","?","?","E","M","R","BOSS","M","M","?","?","$","E","R","?","T","R","?","R","?","?","R","BOSS","M","M","?","M","?","R","M","?","T","R","?","M","M","$","R","BOSS","R","$","E","BOSS"],"items_purchased_type":["Relic","Relic","Relic","Relic","Relic","Relic"],"build_version":"2020-12-22","purchased_purges":2,"victory":false,"max_hp_per_floor":[70,70,70,70,70,70,70,70,70,70,70,70,70,70,70,70,70,70,70,70,70,77,77,77,77,77,77,77,77,77,77,77,77,77,77,77,77,77,77,77,77,77,77,77,77,77,77,77,77,77,77,77,77,77,77,77],"card_choices":[{"not_picked":["Blade Dance","Prepared"],"picked":"Well Laid Plans","floor":1.0},{"not_picked":["Dodge and Roll","Prepared"],"picked":"Reflex","floor":2.0},{"not_picked":["Reflex","Backstab","Finisher"],"picked":"SKIP","floor":3.0},{"not_picked":["Calculated Gamble","Expertise"],"picked":"Deflect","floor":4.0},{"not_picked":["Skewer","Acrobatics"],"picked":"Caltrops","floor":5.0},{"not_picked":["Choke","Heel Hook"],"picked":"Footwork","floor":7.0},{"not_picked":["Catalyst","Eviscerate","Backstab"],"picked":"SKIP","floor":12.0},{"not_picked":["Leg Sweep","Glass Knife"],"picked":"Dodge and Roll","floor":13.0},{"not_picked":["Flying Knee","Cloak And Dagger"],"picked":"Footwork","floor":14.0},{"not_picked":["Tools of the Trade","Storm of Steel"],"picked":"A Thousand Cuts","floor":16.0},{"not_picked":["Underhanded Strike","Dagger Spray"],"picked":"Dagger Throw","floor":18.0},{"not_picked":["Deflect","Distraction"],"picked":"Cloak And Dagger","floor":19.0},{"not_picked":["Outmaneuver","Sucker Punch"],"picked":"Cloak And Dagger+1","floor":20.0},{"not_picked":["Cloak And Dagger","Finisher","Predator"],"picked":"SKIP","floor":23.0},{"not_picked":["Reflex","Heel Hook+1","Accuracy"],"picked":"SKIP","floor":25.0},{"not_picked":["Quick Slash+1","Concentrate"],"picked":"Poisoned Stab+1","floor":30},{"not_picked":["Venomology","Bullet Time"],"picked":"Adrenaline","floor":33},{"not_picked":["Flying Knee+1","Poisoned Stab+1","Sucker Punch+1"],"picked":"SKIP","floor":35},{"not_picked":["Sucker Punch+1","Dagger Throw+1"],"picked":"Blade Dance+1","floor":36},{"not_picked":["Backstab+1","Expertise+1"],"picked":"Cloak And Dagger+1","floor":38},{"not_picked":["Terror","Skewer+1"],"picked":"Dodge and Roll+1","floor":41},{"not_picked":["Bouncing Flask+1","Deflect"],"picked":"Terror+1","floor":42},{"not_picked":["Catalyst+1","Flying Knee+1"],"picked":"Backflip+1","floor":46},{"not_picked":["Flying Knee+1","All Out Attack+1","Masterful Stab+1"],"picked":"SKIP","floor":47},{"not_picked":["Envenom","Expertise+1"],"picked":"Sucker Punch+1","floor":54}],"player_experience":703050,"relics_obtained":[{"floor":7.0,"key":"Tingsha"},{"floor":9.0,"key":"Shovel"},{"floor":13.0,"key":"The Courier"},{"floor":15.0,"key":"Turnip"},{"floor":20.0,"key":"Red Mask"},{"floor":23.0,"key":"Orichalcum"},{"floor":24.0,"key":"Toy Ornithopter"},{"floor":26.0,"key":"Bag of Preparation"},{"floor":27.0,"key":"Vajra"},{"floor":29,"key":"Molten Egg 2"},{"floor":31,"key":"Enchiridion"},{"floor":32,"key":"Potion Belt"},{"floor":40,"key":"Boot"},{"floor":49,"key":"CaptainsWheel"},{"floor":52,"key":"Kunai"},{"floor":54,"key":"Eternal Feather"}],"event_choices":[{"cards_removed":["Defend_G"],"damage_healed":0.0,"max_hp_gain":0.0,"max_hp_loss":0.0,"gold_gain":0.0,"event_name":"Wheel of Change","player_choice":"Card Removal","floor":8.0,"gold_loss":0.0,"damage_taken":0.0},{"damage_healed":0.0,"max_hp_gain":0.0,"max_hp_loss":0.0,"gold_gain":0.0,"event_name":"Shining Light","player_choice":"Entered Light","floor":11.0,"gold_loss":0.0,"damage_taken":14.0,"cards_upgraded":["Strike_G","Reflex"]},{"damage_healed":0.0,"max_hp_gain":0.0,"max_hp_loss":0.0,"gold_gain":0.0,"event_name":"Masked Bandits","player_choice":"Fought Bandits","floor":20.0,"gold_loss":0.0,"damage_taken":0.0},{"cards_removed":["Strike_G"],"damage_healed":0.0,"max_hp_gain":0.0,"max_hp_loss":0.0,"gold_gain":0.0,"event_name":"Designer","player_choice":"Upgrade and Remove","floor":21.0,"gold_loss":90.0,"damage_taken":0.0,"cards_upgraded":["Deflect"]},{"damage_healed":0,"gold_gain":100,"player_choice":"Bet on Murderer","damage_taken":0,"max_hp_gain":0,"max_hp_loss":0,"event_name":"The Joust","floor":28,"gold_loss":50},{"damage_healed":0,"gold_gain":0,"player_choice":"Obtained Book","damage_taken":16,"max_hp_gain":0,"max_hp_loss":0,"event_name":"Cursed Tome","floor":31,"gold_loss":0},{"damage_healed":0,"gold_gain":222,"player_choice":"Wore Mask","damage_taken":0,"max_hp_gain":0,"max_hp_loss":0,"event_name":"Tomb of Lord Red Mask","floor":37,"gold_loss":0},{"damage_healed":0,"gold_gain":100,"player_choice":"Pray","damage_taken":0,"max_hp_gain":0,"max_hp_loss":0,"event_name":"Golden Shrine","floor":39,"gold_loss":0},{"cards_removed":["Strike_G"],"damage_healed":0,"gold_gain":0,"player_choice":"Removed Attack","damage_taken":0,"max_hp_gain":0,"max_hp_loss":0,"event_name":"Falling","floor":45,"gold_loss":0}],"is_beta":false,"boss_relics":[{"not_picked":["Snecko Eye","Ectoplasm"],"picked":"WristBlade"},{"not_picked":["Philosopher\u0027s Stone","Pandora\u0027s Box"],"picked":"Cursed Key"}],"items_purged_floors":[22,48],"is_endless":false,"potions_floor_spawned":[1,4,5,7,16,19,20,30,38,41,46,54],"killed_by":"The Heart","ascension_level":0}}