{"host":"bnbc66jny2i0hx0x","time":1614146809,"event":{"mods":["AchievementEnabler","BaseMod","Minty Spire (QoL Compilation)","Relic Sorter","StSLib"],"gold_per_floor":[117,117,127,202,216,245,245,275,275,336,354,354,378,410,410,485,485,497,497,547,182,195,223,223,252,252,278,278,288,323,333,333,412,412,427,452,472,472,472,472,501,530,593,58,58,71,101,115,115,115],"floor_reached":51,"language":"ENG","playtime":2473,"items_purged":["Writhe","Bash"],"score":1627,"play_id":"6437802b-5947-4bb9-ad7f-c060a623ff29","local_time":"20210223220649","is_ascension_mode":true,"campfire_choices":[{"data":"Evolve","floor":7.0,"key":"SMITH"},{"floor":12.0,"key":"REST"},{"data":"Fire Breathing","floor":15.0,"key":"SMITH"},{"data":"Body Slam","floor":24.0,"key":"SMITH"},{"data":"Corruption","floor":28.0,"key":"SMITH"},{"floor":32.0,"key":"REST"},{"floor":40,"key":"REST"},{"data":"Uppercut","floor":45,"key":"PURGE"},{"floor":49,"key":"REST"}],"circlet_count":0,"master_deck":["AscendersBane","Fire Breathing+1","Shockwave","Evolve+1","Shrug It Off","Dual Wield","Fire Breathing","Reaper","Body Slam+1","Barricade","Heavy Blade","Whirlwind","Power Through","Disarm","Dark Shackles","Corruption+1","Entrench+1","Demon Form","Fire Breathing","Offering","Feel No Pain+1","Infernal Blade+1","Spot Weakness+1","Entrench","Madness","Madness","Power Through"],"relics":["Mark of Pain","Bag of Preparation","Pocketwatch","Sundial","Bottled Tornado","Bronze Scales","Juzu Bracelet","Pandora\u0027s Box","Potion Belt","PreservedInsect","Bag of Marbles","Vajra","Meat on the Bone","Singing Bowl","Ancient Tea Set","Astrolabe","Peace Pipe","Paper Frog","MawBank","Smiling Mask","OrangePellets","Question Card","Kunai"],"acts_visited":["Exordium","TheCity","TheBeyond"],"potions_floor_usage":[41,47,50],"damage_taken":[{"damage":0.0,"enemies":"Small Slimes","floor":1.0,"turns":3.0},{"damage":6.0,"enemies":"2 Louse","floor":3.0,"turns":2.0},{"damage":0.0,"enemies":"Cultist","floor":5.0,"turns":4.0},{"damage":25.0,"enemies":"Gremlin Nob","floor":6.0,"turns":5.0},{"damage":15.0,"enemies":"3 Sentries","floor":8.0,"turns":4.0},{"damage":6.0,"enemies":"3 Sentries","floor":10.0,"turns":4.0},{"damage":0.0,"enemies":"Blue Slaver","floor":11.0,"turns":4.0},{"damage":2.0,"enemies":"Lagavulin","floor":14.0,"turns":6.0},{"damage":0.0,"enemies":"Slime Boss","floor":16.0,"turns":4.0},{"damage":8.0,"enemies":"Chosen","floor":18.0,"turns":4.0},{"damage":6.0,"enemies":"Shell Parasite","floor":22.0,"turns":4.0},{"damage":3.0,"enemies":"Book of Stabbing","floor":23.0,"turns":4.0},{"damage":21.0,"enemies":"Slavers","floor":25.0,"turns":2.0},{"damage":10.0,"enemies":"Book of Stabbing","floor":27.0,"turns":4.0},{"damage":20.0,"enemies":"Snecko","floor":29.0,"turns":4.0},{"damage":0.0,"enemies":"Gremlin Leader","floor":30.0,"turns":4.0},{"damage":10.0,"enemies":"Shelled Parasite and Fungi","floor":31.0,"turns":4.0},{"damage":64.0,"enemies":"Collector","floor":33.0,"turns":7.0},{"damage":15,"enemies":"3 Shapes","floor":35,"turns":5},{"damage":6,"enemies":"Mind Bloom Boss Battle","floor":36,"turns":4},{"damage":12,"enemies":"3 Darklings","floor":37,"turns":4},{"damage":23,"enemies":"Nemesis","floor":41,"turns":5},{"damage":9,"enemies":"Maw","floor":42,"turns":5},{"damage":51,"enemies":"Transient","floor":46,"turns":5},{"damage":21,"enemies":"Reptomancer","floor":47,"turns":5},{"damage":6,"enemies":"Spire Growth","floor":48,"turns":5},{"damage":6,"enemies":"Time Eater","floor":50,"turns":7}],"seed_played":"3534874446414194069","potions_obtained":[{"floor":3.0,"key":"ColorlessPotion"},{"floor":5.0,"key":"Dexterity Potion"},{"floor":8.0,"key":"BlessingOfTheForge"},{"floor":11.0,"key":"ColorlessPotion"},{"floor":27.0,"key":"ColorlessPotion"},{"floor":29.0,"key":"EssenceOfSteel"},{"floor":31.0,"key":"LiquidMemories"},{"floor":33.0,"key":"FairyPotion"},{"floor":37,"key":"Block Potion"},{"floor":41,"key":"FairyPotion"},{"floor":42,"key":"EssenceOfSteel"}],"is_trial":false,"path_per_floor":["M","?","M","?","M","E","R","E","T","?","M","R","T","E","R","B",null,"M","?","?","$","M","E","R","E","T","E","R","M","E","M","R","B",null,"M","?","M","?","T","R","E","M","T","$","R","M","E","M","R","B",null],"character_chosen":"IRONCLAD","items_purchased":["PreservedInsect","Dark Shackles","Block Potion","OrangePellets","Question Card","HeartOfIron"],"campfire_rested":4,"item_purchase_floors":[21,21,21,44,44,44],"current_hp_per_floor":[68,68,62,51,51,26,26,11,11,5,5,27,27,25,25,25,63,55,55,55,55,49,52,52,36,36,38,38,30,40,42,64,44,67,52,48,50,36,36,59,40,55,55,55,55,33,26,42,68,62],"gold":115,"neow_bonus":"BOSS_RELIC","is_daily":false,"chose_seed":false,"campfire_upgraded":4,"win_rate":0.0,"timestamp":1614146809,"path_taken":["M","?","M","?","M","E","R","E","T","?","M","R","?","E","R","BOSS","M","?","?","$","M","E","R","E","T","E","R","M","E","M","R","BOSS","M","?","M","?","?","R","E","M","T","$","R","M","E","M","R","BOSS"],"items_purchased_type":["Relic","Card","Potion","Relic","Relic","Potion"],"build_version":"2020-12-22","purchased_purges":2,"victory":true,"max_hp_per_floor":[75,75,75,75,75,75,75,75,75,75,75,75,75,75,75,75,75,75,75,75,75,75,75,75,75,75,75,75,75,75,75,75,75,75,75,77,79,79,79,79,79,81,81,81,81,83,85,87,87,87],"card_choices":[{"not_picked":["Body Slam","Sentinel"],"picked":"Fire Breathing","floor":1.0},{"not_picked":["Ghostly Armor","Rage"],"picked":"Shockwave","floor":3.0},{"not_picked":["Sword Boomerang","Flex"],"picked":"Evolve","floor":5.0},{"not_picked":["Seeing Red","Body Slam"],"picked":"Shrug It Off","floor":6.0},{"not_picked":["Sword Boomerang","Perfected Strike"],"picked":"Dual Wield","floor":8.0},{"not_picked":["Flex","Clash"],"picked":"Clothesline","floor":10.0},{"not_picked":["Iron Wave","Warcry","Perfected Strike"],"picked":"SKIP","floor":11.0},{"not_picked":["Carnage","Sentinel"],"picked":"Fire Breathing","floor":14.0},{"not_picked":["Double Tap","Immolate"],"picked":"Reaper","floor":16.0},{"not_picked":["Dropkick","Ghostly Armor","Whirlwind"],"picked":"SKIP","floor":18.0},{"not_picked":["Cleave","Pommel Strike+1","Warcry"],"picked":"SKIP","floor":22.0},{"not_picked":["Dual Wield","Thunderclap","Clash"],"picked":"SKIP","floor":23.0},{"not_picked":["Twin Strike","Whirlwind","Infernal Blade"],"picked":"SKIP","floor":25.0},{"not_picked":["Rampage","Spot Weakness+1"],"picked":"Corruption","floor":27.0},{"not_picked":["Sword Boomerang","Disarm"],"picked":"Entrench+1","floor":29.0},{"not_picked":["Iron Wave","Infernal Blade+1"],"picked":"Demon Form","floor":30.0},{"not_picked":["Warcry","Perfected Strike"],"picked":"Fire Breathing","floor":31.0},{"not_picked":["Immolate","Feed"],"picked":"Offering","floor":33.0},{"not_picked":["Body Slam","Anger+1"],"picked":"Entrench","floor":35},{"not_picked":["Clothesline","Armaments","Sword Boomerang"],"picked":"Singing Bowl","floor":36},{"not_picked":["Shrug It Off","Thunderclap","Cleave"],"picked":"Singing Bowl","floor":37},{"not_picked":["Pummel+1","Berserk"],"picked":"Power Through","floor":41},{"not_picked":["Pommel Strike","Carnage+1","Heavy Blade"],"picked":"Singing Bowl","floor":42},{"not_picked":["Wild Strike+1","Searing Blow","Battle Trance","Sword Boomerang"],"picked":"Singing Bowl","floor":46},{"not_picked":["Anger","Iron Wave","Spot Weakness","Uppercut+1"],"picked":"Singing Bowl","floor":47},{"not_picked":["Warcry","Body Slam","Headbutt","Flex+1"],"picked":"Singing Bowl","floor":48}],"player_experience":1281506,"relics_obtained":[{"floor":6.0,"key":"Bag of Preparation"},{"floor":8.0,"key":"Pocketwatch"},{"floor":9.0,"key":"Sundial"},{"floor":10.0,"key":"Bottled Tornado"},{"floor":13.0,"key":"Bronze Scales"},{"floor":14.0,"key":"Juzu Bracelet"},{"floor":23.0,"key":"Bag of Marbles"},{"floor":25.0,"key":"Vajra"},{"floor":26.0,"key":"Meat on the Bone"},{"floor":27.0,"key":"Singing Bowl"},{"floor":30.0,"key":"Ancient Tea Set"},{"floor":36,"key":"Peace Pipe"},{"floor":39,"key":"Paper Frog"},{"floor":41,"key":"MawBank"},{"floor":43,"key":"Smiling Mask"},{"floor":47,"key":"Kunai"}],"event_choices":[{"damage_healed":0.0,"max_hp_gain":0.0,"max_hp_loss":0.0,"gold_gain":0.0,"event_name":"Liars Game","player_choice":"Ignored","floor":2.0,"gold_loss":0.0,"damage_taken":0.0},{"damage_healed":0.0,"max_hp_gain":0.0,"max_hp_loss":0.0,"gold_gain":75.0,"event_name":"World of Goop","player_choice":"Gather Gold","floor":4.0,"gold_loss":0.0,"damage_taken":11.0},{"damage_healed":0.0,"max_hp_gain":0.0,"max_hp_loss":0.0,"gold_gain":0.0,"event_name":"Dead Adventurer","player_choice":"Searched \u00271\u0027 times","floor":10.0,"gold_loss":0.0,"damage_taken":0.0},{"damage_healed":0.0,"max_hp_gain":0.0,"max_hp_loss":0.0,"gold_gain":0.0,"event_name":"The Mausoleum","player_choice":"Opened","floor":19.0,"gold_loss":0.0,"damage_taken":0.0,"relics_obtained":["Potion Belt"],"cards_obtained":["Writhe"]},{"damage_healed":0.0,"max_hp_gain":0.0,"max_hp_loss":0.0,"gold_gain":50.0,"event_name":"Nest","player_choice":"Stole From Cult","floor":20.0,"gold_loss":0.0,"damage_taken":0.0},{"damage_healed":0,"gold_gain":0,"player_choice":"Fight","damage_taken":0,"max_hp_gain":0,"max_hp_loss":0,"event_name":"MindBloom","floor":36,"gold_loss":0},{"damage_healed":0,"gold_gain":0,"player_choice":"Embrace Madness","damage_taken":14,"max_hp_gain":0,"max_hp_loss":0,"event_name":"Winding Halls","floor":38,"gold_loss":0,"cards_obtained":["Madness","Madness"]}],"is_beta":false,"boss_relics":[{"not_picked":["Sozu","SacredBark"],"picked":"Pandora\u0027s Box"},{"not_picked":["Velvet Choker","Calling Bell"],"picked":"Astrolabe"}],"items_purged_floors":[21,44],"is_endless":false,"potions_floor_spawned":[3,5,8,11,27,29,31,33,37,41,42],"ascension_level":15}}