{"host":"w4ub8crw9ou4a5am","time":1614201951,"event":{"mods":["2.2 Compatiblity","BaseMod","Challenge The Spire","Colored Powertips","Duelist Mod","Hermit","HololiveMod","Jorbs\u0027s Wanderer Trilogy","KinomotoSakuraMod(????)","Koishi","Marisa????????","Minty Spire (QoL Compilation)","Quick Restart","Rare Cards Sparkle","Reimu??????","Remilia??????","StSLib","The Animator","The Bug Knight","The Cursed","The Disciple","The Hierophant","The Jungle","The Marked","The Necromancer","The Senshi","The Servant 0.9.4","WarShipGirlsR/????R mod"],"gold_per_floor":[114,28,28,43,43,43,73,88,163,163,193,208,238,253,253,353,353,368,383,383,408,423,423,3,33,33,48,63,63,93,108,108,208,208,223,238,253,268,268,268],"floor_reached":39,"language":"ENG","playtime":4212,"items_purged":[],"score":495,"play_id":"6dd96877-b11d-42bb-a6fa-af1a236e3fb5","local_time":"20210224162551","daily_mods":["Heirloom","Red Cards","DeadlyEvents"],"is_ascension_mode":false,"campfire_choices":[{"floor":6,"key":"REST"},{"floor":10,"key":"REST"},{"floor":15,"key":"REST"},{"data":"Omniscience","floor":23,"key":"SMITH"},{"floor":29,"key":"REST"},{"floor":32,"key":"REST"}],"circlet_count":0,"master_deck":["Strike_P","Strike_P","Strike_P","Strike_P","Defend_P","Defend_P","Defend_P","Defend_P","Eruption","Vigilance","Shrug It Off","MentalFortress","Crescendo","Armaments","Juggernaut","JustLucky","ClearTheMind","Feed","WindmillStrike","Thunderclap","Omniscience+1","Pommel Strike+1","FlyingSleeves","RitualDagger","Prostrate","Consecrate","Uppercut","Pommel Strike","Metallicize","Swivel","ClearTheMind","Ragnarok","Thunderclap","Swivel+1","Shrug It Off+1"],"relics":["PureWater","Gambling Chip","TeardropLocket","Tea:ReiMu","Gremlin Horn","Art of War","CloakClasp","SlaversCollar","Omamori","TheAbacus","Bronze Scales","Bag of Marbles","ScarletDevilRocket","Bottled Tornado","Busted Crown"],"acts_visited":["Exordium","TheCity","TheBeyond"],"potions_floor_usage":[8,13,14,22,25,30,31,31,39],"damage_taken":[{"damage":0,"enemies":"Cultist","floor":1,"turns":5},{"damage":3,"enemies":"Jaw Worm","floor":4,"turns":5},{"damage":42,"enemies":"Lagavulin","floor":7,"turns":9},{"damage":5,"enemies":"2 Louse","floor":8,"turns":3},{"damage":0,"enemies":"HollowMod:MossKnight","floor":11,"turns":7},{"damage":7,"enemies":"Exordium Wildlife","floor":12,"turns":3},{"damage":16,"enemies":"Lagavulin","floor":13,"turns":5},{"damage":0,"enemies":"Large Slime","floor":14,"turns":4},{"damage":28,"enemies":"The Guardian","floor":16,"turns":9},{"damage":3,"enemies":"Shell Parasite","floor":18,"turns":6},{"damage":14,"enemies":"2 Thieves","floor":19,"turns":4},{"damage":13,"enemies":"Centurion and Healer","floor":22,"turns":6},{"damage":17,"enemies":"Gremlin Leader","floor":25,"turns":4},{"damage":9,"enemies":"Snecko","floor":27,"turns":4},{"damage":13,"enemies":"Snake Plant","floor":28,"turns":4},{"damage":10,"enemies":"theDuelist:KaibaA2","floor":30,"turns":3},{"damage":6,"enemies":"Centurion and Healer","floor":31,"turns":4},{"damage":49,"enemies":"Automaton","floor":33,"turns":8},{"damage":28,"enemies":"3 Darklings","floor":35,"turns":5},{"damage":4,"enemies":"3 Shapes","floor":36,"turns":3},{"damage":27,"enemies":"Jaw Worm Horde","floor":37,"turns":3},{"damage":14,"enemies":"Transient","floor":38,"turns":5},{"damage":14,"enemies":"Maw","floor":39,"turns":6}],"seed_played":"1986488565424594500","potions_obtained":[{"floor":4,"key":"ColorlessPotion"},{"floor":12,"key":"AttackPotion"},{"floor":13,"key":"SteroidPotion"},{"floor":19,"key":"Regen Potion"},{"floor":22,"key":"Dexterity Potion"},{"floor":25,"key":"BlessingOfTheForge"},{"floor":28,"key":"Ambrosia"},{"floor":38,"key":"ColorlessPotion"}],"is_trial":false,"path_per_floor":["M","$","?","M","?","R","E","M","T","R","E","M","E","M","R","B",null,"M","M","?","T","M","R","$","E","T","M","M","R","E","M","R","B",null,"M","M","M","M","M"],"character_chosen":"WATCHER","items_purchased":["MentalFortress","Crescendo","TheAbacus","Bronze Scales","Regen Potion","Consecrate"],"campfire_rested":5,"item_purchase_floors":[2,2,24,24,24,24],"current_hp_per_floor":[72,72,72,69,44,65,23,18,18,39,39,32,16,16,37,9,72,72,61,55,55,60,60,60,52,52,43,30,54,44,38,62,13,81,53,49,22,8,0,0],"gold":268,"neow_bonus":"","is_daily":true,"chose_seed":false,"campfire_upgraded":1,"win_rate":0.0,"timestamp":1614201951,"path_taken":["M","?","?","?","?","R","E","?","T","R","?","M","E","M","R","BOSS","M","M","?","?","?","R","?","E","T","?","M","R","E","M","R","BOSS","M","?","?","M","M"],"items_purchased_type":["Card","Card","Relic","Relic","Potion","Card"],"build_version":"2020-12-22","purchased_purges":0,"victory":false,"max_hp_per_floor":[72,72,72,72,72,72,72,72,72,72,72,72,72,72,72,72,72,75,78,78,78,81,81,81,81,81,81,81,81,81,81,81,81,81,81,81,81,81,81,81],"card_choices":[{"not_picked":["Twin Strike","Body Slam"],"picked":"Shrug It Off","floor":1},{"not_picked":["Weave","Wireheading"],"picked":"Armaments","floor":4},{"not_picked":["Wild Strike","Shrug It Off"],"picked":"Juggernaut","floor":7},{"not_picked":["CrushJoints","True Grit"],"picked":"JustLucky","floor":8},{"not_picked":["Body Slam","Clash"],"picked":"ClearTheMind","floor":11},{"not_picked":["Flame Barrier","JustLucky"],"picked":"Feed","floor":12},{"not_picked":["DeceiveReality","InnerPeace"],"picked":"WindmillStrike","floor":13},{"not_picked":["Armaments","CutThroughFate"],"picked":"Thunderclap","floor":14},{"not_picked":["Blasphemy","Bludgeon"],"picked":"Omniscience","floor":16},{"not_picked":["Wild Strike","Whirlwind"],"picked":"Pommel Strike+1","floor":18},{"not_picked":["Battle Trance","Iron Wave"],"picked":"FlyingSleeves","floor":19},{"not_picked":["Seeing Red","Twin Strike"],"picked":"Prostrate","floor":22},{"not_picked":["Pommel Strike","Havoc"],"picked":"Uppercut","floor":25},{"not_picked":["True Grit+1","Omniscience"],"picked":"Pommel Strike","floor":27},{"not_picked":["Crescendo","Entrench"],"picked":"Metallicize","floor":28},{"not_picked":["ForeignInfluence","Protect"],"picked":"Swivel","floor":30},{"not_picked":["BowlingBash+1","Pommel Strike"],"picked":"ClearTheMind","floor":31},{"not_picked":["MasterReality","Double Tap"],"picked":"Ragnarok","floor":33},{"not_picked":[],"picked":"Thunderclap","floor":35},{"not_picked":[],"picked":"Swivel+1","floor":36},{"not_picked":["Whirlwind"],"picked":"SKIP","floor":37},{"not_picked":[],"picked":"Shrug It Off+1","floor":38}],"player_experience":1775105,"relics_obtained":[{"floor":7,"key":"Tea:ReiMu"},{"floor":9,"key":"Gremlin Horn"},{"floor":11,"key":"Art of War"},{"floor":13,"key":"CloakClasp"},{"floor":21,"key":"Omamori"},{"floor":25,"key":"Bag of Marbles"},{"floor":26,"key":"ScarletDevilRocket"},{"floor":30,"key":"Bottled Tornado"}],"event_choices":[{"damage_healed":0,"gold_gain":0,"player_choice":"Ignored","damage_taken":0,"max_hp_gain":0,"max_hp_loss":0,"event_name":"Purifier","floor":3,"gold_loss":0},{"damage_healed":0,"gold_gain":0,"player_choice":"Success","damage_taken":25,"relics_obtained":["TeardropLocket"],"max_hp_gain":0,"max_hp_loss":0,"event_name":"Scrap Ooze","floor":5,"gold_loss":0},{"damage_healed":0,"gold_gain":0,"player_choice":"Joined the Cult","damage_taken":6,"max_hp_gain":0,"max_hp_loss":0,"event_name":"Nest","floor":20,"gold_loss":0,"cards_obtained":["RitualDagger"]}],"is_beta":false,"boss_relics":[{"not_picked":["Calling Bell","Tiny House"],"picked":"SlaversCollar"},{"not_picked":["SacredBark","VioletLotus"],"picked":"Busted Crown"}],"items_purged_floors":[],"is_endless":false,"potions_floor_spawned":[4,12,13,19,22,25,28,38],"killed_by":"Maw","ascension_level":0}}