{"host":"clf2hd4adhiiw0zf","time":1614138976,"event":{"mods":["AchievementEnabler","BaseMod","Beaked The Cultist","Bestiary","Dark Map","Downfall","Gremlin Mod","Hermit","Jorbs\u0027s Wanderer Trilogy","Marisa????????","Minty Spire (QoL Compilation)","Quick Restart","Replay The Spire","Shop Mod","Spire Arcade","StSLib","The Construct","The Cursed","Wide Potions"],"gold_per_floor":[99,111,125,400,90,115,115,126,126,126,126],"floor_reached":9,"language":"ENG","playtime":750,"items_purged":["Regret"],"score":82,"play_id":"5bbe0850-f8d0-4b74-97a6-ca7168b6821f","local_time":"20210223205616","is_ascension_mode":true,"campfire_choices":[{"data":"Gremlin:Unforgiving","floor":1.0,"key":"SMITH"}],"circlet_count":0,"master_deck":["Guardian:Strike_Guardian","Guardian:Strike_Guardian","Guardian:Strike_Guardian","Guardian:Strike_Guardian","Guardian:Defend_Guardian","Guardian:Defend_Guardian","Guardian:Defend_Guardian","Guardian:Defend_Guardian","Guardian:CurlUp","Guardian:TwinSlam","Gremlin:Unforgiving+1","Guardian:PiercingHide","Guardian:Gem_Green","Guardian:Gem_Purple","Guardian:Gem_Orange","Guardian:RefractedBeam","Guardian:ExploitGems"],"relics":["beaked:SacredDeck","Toy Ornithopter"],"acts_visited":["Exordium"],"potions_floor_usage":[9],"damage_taken":[{"damage":5.0,"enemies":"2 Louse","floor":2.0,"turns":4.0},{"damage":0.0,"enemies":"Cultist","floor":3.0,"turns":5.0},{"damage":13.0,"enemies":"downfall:FleeingMerchant","floor":5.0,"turns":4.0},{"damage":57.0,"enemies":"3 Sentries","floor":6.0,"turns":23.0},{"damage":0.0,"enemies":"Small Slimes","floor":8.0,"turns":6.0},{"damage":51,"enemies":"Gremlin Nob","floor":9,"turns":5}],"seed_played":"-680245579156020694","potions_obtained":[{"floor":2.0,"key":"Regen Potion"},{"floor":8.0,"key":"Toxic Potion"}],"is_trial":false,"path_per_floor":["R","M","M","?","$","E","T","M","E"],"character_chosen":"GUARDIAN","items_purchased":["Guardian:Gem_Orange","Guardian:RefractedBeam"],"campfire_rested":0,"item_purchase_floors":[5,5],"current_hp_per_floor":[72,67,67,67,54,27,27,27,0,0,0],"gold":126,"neow_bonus":"BOSS_RELIC","is_daily":false,"chose_seed":false,"campfire_upgraded":1,"win_rate":0.0,"timestamp":1614138976,"path_taken":["R","M","M","?","$","E","T","?","E"],"items_purchased_type":["Card","Card"],"build_version":"2020-12-22","purchased_purges":1,"victory":false,"max_hp_per_floor":[80,80,80,80,80,80,80,80,80,80,80],"card_choices":[{"not_picked":["Guardian:PrimingBeam","Guardian:TemporalShield"],"picked":"Guardian:PiercingHide","floor":2.0},{"not_picked":["Guardian:Suspension","Guardian:TemporalStrike"],"picked":"Guardian:Gem_Green","floor":3.0},{"not_picked":["Guardian:Planning","Guardian:Gem_Cyan"],"picked":"Guardian:Gem_Purple","floor":5.0},{"not_picked":["Guardian:DecasProtection","Guardian:GuardianWhirl"],"picked":"Guardian:ExploitGems","floor":6.0},{"not_picked":["Guardian:ShieldSpikes","Guardian:ArmoredProtocol","Guardian:Suspension"],"picked":"SKIP","floor":8.0}],"player_experience":387389,"relics_obtained":[{"floor":6.0,"key":"Toy Ornithopter"}],"event_choices":[],"is_beta":false,"boss_relics":[],"items_purged_floors":[5],"is_endless":false,"potions_floor_spawned":[2,8],"killed_by":"Gremlin Nob","ascension_level":7}}