{"host":"2ifzph3yvi2kkz1c","time":1614191752,"event":{"mods":["BaseMod","BetterRewards","Colored Map","Conspire","Minty Spire (QoL Compilation)","Permanent Neow","Replay The Spire","StSLib"],"gold_per_floor":[109,109,128,140,158,187,198,198,198,209,229,243,260,276,276,355,355,371,356,356,115,127,127,127],"floor_reached":23,"language":"ENG","playtime":997,"items_purged":["Pain"],"score":407,"play_id":"fa0d328f-70b2-4962-80c6-68a20aef6287","local_time":"20210224133552","is_ascension_mode":true,"campfire_choices":[{"data":"Zap","floor":15,"key":"SMITH"}],"circlet_count":0,"master_deck":["AscendersBane","Strike_B","Strike_B","Strike_B","Defend_B+1","Defend_B+1","Defend_B","Defend_B","Zap+1","Dualcast","Self Repair","Seek+1","Streamline","Cold Snap","Machine Learning","Steam","Barrage","Ball Lightning","Leap","Buffer+1","Force Field+1"],"relics":["Cracked Core","War Paint","Blood Vial","PreservedInsect","Replay:Grab Bag","Sozu","conspire:SeveredTorchhead","Inserter","WarpedTongs","Guide Book"],"acts_visited":["Exordium","TheCity"],"potions_floor_usage":[6,16],"damage_taken":[{"damage":0,"enemies":"2 Louse","floor":1,"turns":2},{"damage":0,"enemies":"Cultist","floor":3,"turns":4},{"damage":0,"enemies":"Jaw Worm","floor":4,"turns":5},{"damage":26,"enemies":"Lots of Slimes","floor":5,"turns":4},{"damage":19,"enemies":"3 Sentries","floor":6,"turns":9},{"damage":17,"enemies":"Exordium Wildlife","floor":7,"turns":6},{"damage":9,"enemies":"3 Louse","floor":10,"turns":4},{"damage":0,"enemies":"Blue Slaver","floor":11,"turns":4},{"damage":11,"enemies":"Looter","floor":12,"turns":3},{"damage":7,"enemies":"2 Fungi Beasts","floor":13,"turns":3},{"damage":3,"enemies":"Blue Slaver","floor":14,"turns":3},{"damage":17,"enemies":"Slime Boss","floor":16,"turns":8},{"damage":21,"enemies":"3 Byrds","floor":18,"turns":6},{"damage":22,"enemies":"2 Thieves","floor":19,"turns":4},{"damage":0,"enemies":"Snake Plant","floor":22,"turns":2},{"damage":51,"enemies":"Gremlin Leader","floor":23,"turns":7}],"seed_played":"1565730447613425273","potions_obtained":[{"floor":4,"key":"SpeedPotion"},{"floor":5,"key":"Energy Potion"},{"floor":6,"key":"Adrenaline Potion"},{"floor":7,"key":"CultistPotion"},{"floor":12,"key":"EssenceOfSteel"}],"is_trial":false,"path_per_floor":["M","?","M","M","M","E","M","?","T","M","M","M","M","M","R","B",null,"M","M","?","$","M","E"],"character_chosen":"DEFECT","items_purchased":["Guide Book"],"campfire_rested":0,"item_purchase_floors":[21],"current_hp_per_floor":[64,64,71,71,52,40,32,22,22,22,31,29,31,30,30,22,59,47,34,34,34,36,0,0],"gold":127,"neow_bonus":"RANDOM_COMMON_RELIC","is_daily":false,"chose_seed":false,"campfire_upgraded":1,"win_rate":0.0,"timestamp":1614191752,"path_taken":["M","?","M","M","?","E","M","?","T","?","M","M","M","M","R","BOSS","M","M","?","$","?","E"],"items_purchased_type":["Relic"],"build_version":"2020-12-22","purchased_purges":1,"victory":false,"max_hp_per_floor":[71,71,71,71,71,71,71,71,71,71,71,71,71,71,71,71,71,71,71,71,71,71,71,71],"card_choices":[{"not_picked":["Panic Button","Redo"],"picked":"Self Repair","floor":1},{"not_picked":["Steam","Leap"],"picked":"Seek","floor":3},{"not_picked":["Turbo","Rebound"],"picked":"Streamline","floor":4},{"not_picked":["Panic Button","Sweeping Beam"],"picked":"Cold Snap","floor":5},{"not_picked":["Conserve Battery","BootSequence"],"picked":"Machine Learning","floor":6},{"not_picked":["Lockon","Fusion"],"picked":"Steam","floor":7},{"not_picked":["Streamline","Compile Driver","Stack"],"picked":"SKIP","floor":10},{"not_picked":["Gash","Double Energy"],"picked":"Barrage","floor":11},{"not_picked":["BasicCrystalCard","Stack"],"picked":"Ball Lightning","floor":12},{"not_picked":["Darkness","Scrape","Rebound"],"picked":"SKIP","floor":13},{"not_picked":["Beam Cell","Rebound"],"picked":"Leap","floor":14},{"not_picked":["Thunder Strike","Multi-Cast"],"picked":"Buffer","floor":16},{"not_picked":["Barrage","Darkness"],"picked":"Force Field+1","floor":18},{"not_picked":["Skim","BasicCrystalCard","Darkness"],"picked":"SKIP","floor":19},{"not_picked":["Beam Cell","Stack","Doom and Gloom"],"picked":"SKIP","floor":22}],"player_experience":378187,"relics_obtained":[{"floor":6,"key":"Blood Vial"},{"floor":9,"key":"PreservedInsect"}],"event_choices":[{"cards_removed":["Strike_B"],"damage_healed":0,"gold_gain":0,"player_choice":"Purged","damage_taken":0,"max_hp_gain":0,"max_hp_loss":0,"event_name":"Purifier","floor":2,"gold_loss":0},{"damage_healed":0,"gold_gain":0,"player_choice":"Damaged","damage_taken":10,"max_hp_gain":0,"max_hp_loss":0,"event_name":"Wheel of Change","floor":8,"gold_loss":0},{"damage_healed":0,"gold_gain":0,"player_choice":"Rummage","damage_taken":0,"relics_obtained":["WarpedTongs"],"max_hp_gain":0,"max_hp_loss":0,"event_name":"Accursed Blacksmith","floor":20,"gold_loss":0,"cards_obtained":["Pain"]}],"is_beta":false,"boss_relics":[{"not_picked":["Honey Jar","Calling Bell"],"picked":"Replay:Grab Bag"},{"not_picked":["Busted Crown","ReplayTheSpireMod:Onyx Gauntlets"],"picked":"Sozu"},{"not_picked":["Runic Dome","Coffee Dripper"],"picked":"conspire:SeveredTorchhead"},{"not_picked":["Empty Cage","Runic Pyramid"],"picked":"Inserter"}],"items_purged_floors":[21],"is_endless":false,"potions_floor_spawned":[4,5,6,7,12,13,14,18],"killed_by":"Gremlin Leader","ascension_level":16}}