{"host":"tcdxiwht2vajk3tk","time":1614135755,"event":{"mods":["AchievementEnabler","BaseMod","Beaked The Cultist","Colored Powertips","Conspire","Defuse TimeMaze Blight","Downfall","Halation","Hermit","Hubris","Infinite Spire","Lobotomy","LobotomyExtend","Minty Spire (QoL Compilation)","Replay The Spire","Shop Mod","StSLib","The Cursed","The Disciple"],"gold_per_floor":[113,127,127,202,260,294,317,162,162,162,185,185,37,37,37,168,168,189,114,114,114,114,114,127,127,127,127,180,180,180],"floor_reached":29,"language":"ENG","playtime":1794,"items_purged":[],"score":242,"play_id":"30da0825-fd63-4c79-b36c-623813454950","local_time":"20210223220235","is_ascension_mode":false,"campfire_choices":[],"circlet_count":0,"master_deck":["SpecialBullet","SpecialBullet","SpecialBullet","SpecialBullet","SpecialBullet","SpecialBullet","SpecialBullet","SpecialBullet","ControlCode","InformationCode","SecurityCode","Scorched","Laetitia_ego","Laetitia","Hornet","FourthMatchFlame","GrinderMk4","OldLady","RedEyes","Wellcheers","Regret_ego","ShyLook","Ecstasy","OSAHOGD","DaCapo","CurseOfTheBell","SingingMachine","Horn","ShedSkin","TrainingCode","VoidDream","CrimsonScar","CentralCode"],"relics":["CogitoBucket","NeowsBlessing","RabbitCall","LetterFromLob","Bloody Idol","Oddly Smooth Stone","Ancient Tea Set","MerchantsRug","conspire:DecoderRing","Juzu Bracelet","Calling Bell","hubris:OldNail","hexamod:CandleOfCauterizing","hubris:Zylophone","BehaviorAdjustment","Gremlin Food"],"acts_visited":["Exordium","TheCity"],"potions_floor_usage":[24,24],"damage_taken":[{"damage":0.0,"enemies":"Small Slimes","floor":1.0,"turns":1.0},{"damage":0.0,"enemies":"Jaw Worm","floor":2.0,"turns":1.0},{"damage":0.0,"enemies":"Lagavulin","floor":6.0,"turns":1.0},{"damage":0.0,"enemies":"Cultist","floor":7.0,"turns":2.0},{"damage":0.0,"enemies":"Red Slaver","floor":11.0,"turns":1.0},{"damage":53.0,"enemies":"Hexaghost","floor":16.0,"turns":8.0},{"damage":47.0,"enemies":"Shell Parasite","floor":18.0,"turns":5.0},{"damage":37,"enemies":"2 Thieves","floor":24,"turns":4},{"damage":30,"enemies":"conspire:Head Lice","floor":29,"turns":1}],"seed_played":"7673706322616768586","potions_obtained":[{"floor":1.0,"key":"Block Potion"},{"floor":2.0,"key":"SteroidPotion"},{"floor":5.0,"key":"bronze:BurnAndBuffPotion"},{"floor":16.0,"key":"DuplicationPotion"}],"is_trial":false,"path_per_floor":["M","M","?","?","?","E","M","$","T","R","M","R","$","?","R","B",null,"M","$","?","$","?","R","M","PTL","PTL","R","T","E"],"character_chosen":"Angela","items_purchased":["MerchantsRug","Juzu Bracelet","ShedSkin"],"campfire_rested":0,"item_purchase_floors":[8,13,19],"current_hp_per_floor":[70,70,53,42,25,33,41,41,41,41,49,49,49,49,49,14,74,39,39,39,39,39,39,24,24,24,24,29,0,0],"gold":180,"neow_bonus":"THREE_ENEMY_KILL","is_daily":false,"chose_seed":false,"campfire_upgraded":0,"win_rate":0.0,"timestamp":1614135755,"path_taken":["M","M","?","?","?","E","?","?","T","R","M","R","$","?","R","BOSS","M","?","?","$","?","R","M","PTL","PTL","R","T","E"],"items_purchased_type":["Relic","Relic","Card"],"build_version":"2020-12-22","purchased_purges":0,"victory":false,"max_hp_per_floor":[70,70,70,70,70,70,70,70,70,70,70,70,70,70,70,74,74,78,78,78,78,78,78,82,82,82,82,82,82,82],"card_choices":[{"not_picked":["CherryBlossoms","MHz"],"picked":"Scorched","floor":1.0},{"not_picked":["Noise"],"picked":"Laetitia_ego","floor":1.0},{"not_picked":["BeautyBeast","MeatLantern"],"picked":"Laetitia","floor":2.0},{"not_picked":["Wingbeat"],"picked":"Hornet","floor":2.0},{"not_picked":["RapturousDream"],"picked":"FourthMatchFlame","floor":5.0},{"not_picked":["Loneliness"],"picked":"GrinderMk4","floor":5.0},{"not_picked":["Wellcheers","Bloodbath"],"picked":"OldLady","floor":6.0},{"not_picked":["GoldRush"],"picked":"RedEyes","floor":6.0},{"not_picked":["GalaxyChild","PunishingBird"],"picked":"Wellcheers","floor":7.0},{"not_picked":["Beak"],"picked":"Regret_ego","floor":7.0},{"not_picked":["BeautyBeast","Alriune"],"picked":"ShyLook","floor":11.0},{"not_picked":["RedEyes"],"picked":"Ecstasy","floor":11.0},{"not_picked":["UniverseFragment","Murderer"],"picked":"OSAHOGD","floor":16.0},{"not_picked":["SoundOfStar"],"picked":"DaCapo","floor":16.0},{"not_picked":["LittlePrince","BlackSwan"],"picked":"SingingMachine","floor":18.0},{"not_picked":["RedEyes"],"picked":"Horn","floor":18.0},{"not_picked":["Bloodbath","FairyFestival"],"picked":"VoidDream","floor":24},{"not_picked":["Loneliness"],"picked":"CrimsonScar","floor":24}],"player_experience":1865919,"relics_obtained":[{"floor":1.0,"key":"LetterFromLob"},{"floor":5.0,"key":"Oddly Smooth Stone"},{"floor":6.0,"key":"Ancient Tea Set"},{"floor":9.0,"key":"conspire:DecoderRing"},{"floor":17.0,"key":"hubris:OldNail"},{"floor":17.0,"key":"hexamod:CandleOfCauterizing"},{"floor":17.0,"key":"hubris:Zylophone"},{"floor":28,"key":"Gremlin Food"}],"event_choices":[{"damage_healed":0.0,"max_hp_gain":0.0,"max_hp_loss":0.0,"gold_gain":0.0,"event_name":"Golden Idol","player_choice":"Take Damage","floor":3.0,"gold_loss":0.0,"damage_taken":17.0,"relics_obtained":["Golden Idol"]},{"damage_healed":0.0,"max_hp_gain":0.0,"max_hp_loss":0.0,"gold_gain":75.0,"event_name":"World of Goop","player_choice":"Gather Gold","floor":4.0,"gold_loss":0.0,"damage_taken":11.0},{"damage_healed":0.0,"max_hp_gain":0.0,"max_hp_loss":0.0,"gold_gain":0.0,"event_name":"Purifier","player_choice":"Ignored","floor":14.0,"gold_loss":0.0,"damage_taken":0.0},{"damage_healed":0.0,"max_hp_gain":0.0,"max_hp_loss":0.0,"gold_gain":0.0,"event_name":"Forgotten Altar","player_choice":"Gave Idol","floor":20.0,"relics_lost":["Golden Idol"],"gold_loss":0.0,"damage_taken":0.0,"relics_obtained":["Bloody Idol"]},{"damage_healed":0.0,"max_hp_gain":0.0,"max_hp_loss":0.0,"gold_gain":0.0,"event_name":"Beggar","player_choice":"Ignored","floor":22.0,"gold_loss":0.0,"damage_taken":0.0}],"is_beta":false,"boss_relics":[{"not_picked":["hubris:HollowSoul","hubris:VirtuousBlindfold"],"picked":"Calling Bell"}],"items_purged_floors":[],"is_endless":false,"potions_floor_spawned":[1,2,16],"killed_by":"conspire:Head Lice","ascension_level":0}}