{"host":"ELF","time":1614160188,"event":{"mods":["BaseMod","Bestiary","Minty Spire (QoL Compilation)","Relic Stats","Slay the Relics Exporter"],"gold_per_floor":[114,74,174,189,204,234,249,249,324,324,339,354,384,399,399,499,499,514,529,544,544,544,574,574,589,614,39,54,54,84,99,99,199,199,214,238,1237,806,189,189,219,234,234,249,299,329,344,54,54,54,54],"floor_reached":50,"language":"ENG","playtime":4486,"items_purged":["Strike_R","Normality","Normality","Strike_R"],"score":709,"play_id":"9e976494-724d-4d08-8be9-19a632b71b5c","local_time":"20210224034948","daily_mods":["Heirloom","Colorless Cards","DeadlyEvents"],"is_ascension_mode":false,"campfire_choices":[{"data":"Feed","floor":8.0,"key":"SMITH"},{"data":"Inflame","floor":10.0,"key":"SMITH"},{"data":"Armaments","floor":15.0,"key":"SMITH"},{"floor":24.0,"key":"REST"},{"data":"True Grit","floor":29,"key":"SMITH"},{"data":"True Grit","floor":32,"key":"SMITH"},{"data":"Apotheosis","floor":40,"key":"SMITH"},{"data":"Dark Embrace","floor":49,"key":"SMITH"}],"circlet_count":0,"master_deck":["Strike_R","Strike_R+1","Strike_R","Defend_R","Defend_R","Defend_R","Defend_R","Bash","Cleave","Dark Embrace+1","Inflame+1","Anger","Feed+1","Impatience","Spot Weakness","Shrug It Off","Madness","Armaments+1","Metamorphosis","Feel No Pain","Ghostly","Ghostly","Ghostly","Ghostly","Ghostly","Feed+1","True Grit+1","True Grit+1","Apotheosis+1","Wild Strike+1","Bandage Up+1","Panacea+1","Secret Technique+1","Headbutt","Exhume+1","Armaments+1","Juggernaut","Dark Shackles+1","Finesse+1","True Grit+1"],"relics":["Burning Blood","Magic Flower","Gremlin Horn","Sundial","Bottled Flame","SlaversCollar","Centennial Puzzle","Toy Ornithopter","Lee\u0027s Waffle","Oddly Smooth Stone","Bag of Marbles","Ice Cream","Coffee Dripper","Gambling Chip","Toxic Egg 2","PreservedInsect","Whetstone","Red Skull","Mummified Hand","Blood Vial"],"acts_visited":["Exordium","TheCity","TheBeyond"],"potions_floor_usage":[36,50],"damage_taken":[{"damage":5.0,"enemies":"Cultist","floor":1.0,"turns":4.0},{"damage":1.0,"enemies":"Jaw Worm","floor":4.0,"turns":5.0},{"damage":0.0,"enemies":"2 Louse","floor":5.0,"turns":3.0},{"damage":26.0,"enemies":"Lagavulin","floor":6.0,"turns":7.0},{"damage":19.0,"enemies":"Blue Slaver","floor":7.0,"turns":4.0},{"damage":0.0,"enemies":"3 Louse","floor":11.0,"turns":2.0},{"damage":10.0,"enemies":"Looter","floor":12.0,"turns":3.0},{"damage":14.0,"enemies":"Gremlin Nob","floor":13.0,"turns":3.0},{"damage":11.0,"enemies":"Large Slime","floor":14.0,"turns":4.0},{"damage":50.0,"enemies":"The Guardian","floor":16.0,"turns":18.0},{"damage":34.0,"enemies":"Spheric Guardian","floor":18.0,"turns":5.0},{"damage":33.0,"enemies":"2 Thieves","floor":19.0,"turns":4.0},{"damage":60.0,"enemies":"Snecko","floor":20.0,"turns":7.0},{"damage":30.0,"enemies":"Book of Stabbing","floor":23.0,"turns":7.0},{"damage":18.0,"enemies":"Centurion and Healer","floor":25.0,"turns":8.0},{"damage":30,"enemies":"Snake Plant","floor":28,"turns":7},{"damage":28,"enemies":"Slavers","floor":30,"turns":8},{"damage":10,"enemies":"Cultist and Chosen","floor":31,"turns":7},{"damage":14,"enemies":"Automaton","floor":33,"turns":12},{"damage":1,"enemies":"3 Shapes","floor":35,"turns":4},{"damage":24,"enemies":"2 Orb Walkers","floor":36,"turns":6},{"damage":14,"enemies":"Giant Head","floor":41,"turns":7},{"damage":0,"enemies":"3 Darklings","floor":42,"turns":8},{"damage":1,"enemies":"Maw","floor":44,"turns":10},{"damage":10,"enemies":"Reptomancer","floor":45,"turns":6},{"damage":22,"enemies":"Giant Head","floor":46,"turns":6},{"damage":11,"enemies":"Jaw Worm Horde","floor":47,"turns":10},{"damage":158,"enemies":"Time Eater","floor":50,"turns":14}],"seed_played":"1986488565424594500","potions_obtained":[{"floor":6.0,"key":"BloodPotion"},{"floor":7.0,"key":"Block Potion"},{"floor":12.0,"key":"EssenceOfSteel"},{"floor":14.0,"key":"DistilledChaos"},{"floor":23.0,"key":"BlessingOfTheForge"},{"floor":30,"key":"SmokeBomb"},{"floor":31,"key":"DistilledChaos"}],"is_trial":false,"path_per_floor":["M","$","?","M","M","E","M","R","T","R","M","M","E","M","R","B",null,"M","M","M","?","?","E","R","M","T","$","M","R","E","M","R","B",null,"M","?","?","$","$","R","E","M","T","M","E","E","M","$","R","B"],"character_chosen":"IRONCLAD","items_purchased":["Dark Embrace","Lee\u0027s Waffle","Oddly Smooth Stone","Bag of Marbles","BloodPotion","Toxic Egg 2","Panacea+1","PreservedInsect","Secret Technique+1","Ancient Potion","Regen Potion","Finesse+1","True Grit+1"],"campfire_rested":1,"item_purchase_floors":[2,27,27,27,27,38,38,39,39,39,39,48,48],"current_hp_per_floor":[80,80,80,80,80,63,58,58,58,58,67,72,73,77,77,42,99,80,62,43,43,35,14,31,22,22,65,49,49,41,46,46,41,79,86,83,83,83,83,83,87,94,94,94,94,88,102,102,102,0,0],"gold":54,"neow_bonus":"","is_daily":true,"chose_seed":false,"campfire_upgraded":7,"win_rate":0.0,"timestamp":1614160188,"path_taken":["M","?","?","M","?","E","?","R","T","R","?","M","E","M","R","BOSS","M","M","M","?","?","E","R","M","T","$","M","R","E","M","R","BOSS","M","?","?","?","$","R","E","?","T","M","?","E","M","$","R","BOSS"],"items_purchased_type":["Card","Relic","Relic","Relic","Potion","Relic","Card","Relic","Card","Potion","Potion","Card","Card"],"build_version":"2020-12-18","purchased_purges":4,"victory":false,"max_hp_per_floor":[80,80,80,80,80,80,83,83,83,83,83,87,91,95,95,99,99,103,107,107,53,58,58,58,58,58,65,68,68,75,79,79,79,79,86,94,94,94,94,94,94,94,94,94,94,98,102,102,102,102,102],"relic_stats":{"Lee\u0027s Waffle":43,"Gremlin Horn":[24,24],"counters":[28,189],"Magic Flower":[127],"PreservedInsect":310,"Whetstone":["Feed","Strike_R"],"Burning Blood":188,"Blood Vial":3,"Centennial Puzzle":[39],"Sundial":[16],"Mummified Hand":[8],"Gambling Chip":[11],"obtain_stats":[{"Ice Cream":30,"Lee\u0027s Waffle":27,"Gremlin Horn":6,"Magic Flower":0,"Oddly Smooth Stone":27,"PreservedInsect":39,"Whetstone":41,"Burning Blood":0,"Blood Vial":46,"SlaversCollar":17,"Bottled Flame":13,"Centennial Puzzle":23,"Sundial":9,"Mummified Hand":45,"Gambling Chip":36,"Bag of Marbles":27,"Coffee Dripper":34,"Toxic Egg 2":38,"Toy Ornithopter":26,"Red Skull":43},{"Ice Cream":17,"Lee\u0027s Waffle":15,"Gremlin Horn":4,"Magic Flower":0,"Oddly Smooth Stone":15,"PreservedInsect":21,"Whetstone":22,"Burning Blood":0,"Blood Vial":26,"SlaversCollar":10,"Bottled Flame":8,"Centennial Puzzle":14,"Sundial":5,"Mummified Hand":25,"Gambling Chip":21,"Bag of Marbles":15,"Coffee Dripper":19,"Toxic Egg 2":21,"Toy Ornithopter":15,"Red Skull":23},{"Ice Cream":99,"Lee\u0027s Waffle":84,"Gremlin Horn":19,"Magic Flower":0,"Oddly Smooth Stone":84,"PreservedInsect":128,"Whetstone":135,"Burning Blood":0,"Blood Vial":165,"SlaversCollar":53,"Bottled Flame":31,"Centennial Puzzle":76,"Sundial":23,"Mummified Hand":159,"Gambling Chip":128,"Bag of Marbles":84,"Coffee Dripper":118,"Toxic Egg 2":128,"Toy Ornithopter":84,"Red Skull":143}],"Toy Ornithopter":8},"card_choices":[{"not_picked":["Flex","Body Slam"],"picked":"Cleave","floor":1.0},{"not_picked":["Second Wind","Flash of Steel"],"picked":"Inflame","floor":4.0},{"not_picked":["Warcry","Flex"],"picked":"Anger","floor":5.0},{"not_picked":["Cleave","Heavy Blade"],"picked":"Feed","floor":6.0},{"not_picked":["Headbutt","Rampage"],"picked":"Impatience","floor":7.0},{"not_picked":["Thunderclap","Pommel Strike"],"picked":"Spot Weakness","floor":11.0},{"not_picked":["Sword Boomerang","Havoc"],"picked":"Shrug It Off","floor":12.0},{"not_picked":["Combust","Clothesline"],"picked":"Madness","floor":13.0},{"not_picked":["Infernal Blade","Sever Soul"],"picked":"Armaments","floor":14.0},{"not_picked":["Sadistic Nature","Feed"],"picked":"Metamorphosis","floor":16.0},{"not_picked":["Pommel Strike","Warcry+1"],"picked":"Feel No Pain","floor":18.0},{"not_picked":["Evolve","Iron Wave","Heavy Blade"],"picked":"SKIP","floor":19.0},{"not_picked":["Perfected Strike","Deep Breath","Warcry"],"picked":"SKIP","floor":20.0},{"not_picked":["Swift Strike","Flex"],"picked":"Feed","floor":23.0},{"not_picked":["Entrench","Searing Blow","Pommel Strike"],"picked":"SKIP","floor":25.0},{"not_picked":["Sword Boomerang","Wild Strike"],"picked":"True Grit","floor":28},{"not_picked":["Wild Strike","Blood for Blood","Flex"],"picked":"SKIP","floor":30},{"not_picked":["Sword Boomerang+1","Perfected Strike+1"],"picked":"True Grit","floor":31},{"not_picked":["Thinking Ahead","The Bomb"],"picked":"Apotheosis","floor":33},{"not_picked":["True Grit+1","Anger+1"],"picked":"Wild Strike+1","floor":35},{"not_picked":["Pommel Strike","Perfected Strike"],"picked":"Bandage Up+1","floor":36},{"not_picked":["Twin Strike","Hemokinesis"],"picked":"Headbutt","floor":41},{"not_picked":["Thunderclap+1","Wild Strike"],"picked":"Exhume+1","floor":42},{"not_picked":["Iron Wave+1","Thunderclap+1"],"picked":"Armaments+1","floor":44},{"not_picked":["Intimidate+1","Mind Blast"],"picked":"Juggernaut","floor":45},{"not_picked":["Thunderclap","Pommel Strike+1"],"picked":"Dark Shackles+1","floor":46},{"not_picked":["Iron Wave","Body Slam","Clothesline"],"picked":"SKIP","floor":47}],"player_experience":3543205,"relics_obtained":[{"floor":6.0,"key":"Gremlin Horn"},{"floor":9.0,"key":"Sundial"},{"floor":13.0,"key":"Bottled Flame"},{"floor":23.0,"key":"Centennial Puzzle"},{"floor":26.0,"key":"Toy Ornithopter"},{"floor":30,"key":"Ice Cream"},{"floor":36,"key":"Gambling Chip"},{"floor":41,"key":"Whetstone"},{"floor":43,"key":"Red Skull"},{"floor":45,"key":"Mummified Hand"},{"floor":46,"key":"Blood Vial"}],"event_choices":[{"damage_healed":0.0,"max_hp_gain":0.0,"max_hp_loss":0.0,"gold_gain":100.0,"event_name":"Golden Shrine","player_choice":"Pray","floor":3.0,"gold_loss":0.0,"damage_taken":0.0},{"damage_healed":0.0,"max_hp_gain":0.0,"max_hp_loss":54.0,"gold_gain":0.0,"event_name":"Ghosts","player_choice":"Became a Ghost","floor":21.0,"gold_loss":0.0,"damage_taken":0.0,"cards_obtained":["Ghostly","Ghostly","Ghostly","Ghostly","Ghostly"]},{"damage_healed":0.0,"max_hp_gain":5.0,"max_hp_loss":0.0,"gold_gain":0.0,"event_name":"Forgotten Altar","player_choice":"Shed Blood","floor":22.0,"gold_loss":0.0,"damage_taken":13.0},{"damage_healed":0,"gold_gain":0,"player_choice":"Fight","damage_taken":0,"max_hp_gain":0,"max_hp_loss":0,"event_name":"Mysterious Sphere","floor":36,"gold_loss":0},{"damage_healed":0,"gold_gain":999,"player_choice":"Gold","damage_taken":0,"max_hp_gain":0,"max_hp_loss":0,"event_name":"MindBloom","floor":37,"gold_loss":0,"cards_obtained":["Normality","Normality"]}],"is_beta":true,"boss_relics":[{"not_picked":["Tiny House","Black Star"],"picked":"SlaversCollar"},{"not_picked":["Runic Pyramid","Runic Cube"],"picked":"Coffee Dripper"}],"items_purged_floors":[27,38,39,48],"is_endless":false,"potions_floor_spawned":[6,7,12,14,23,30,31,35,46],"killed_by":"Time Eater","ascension_level":0}}