{"host":"5mo0809oo9tcrmpl","time":1614129938,"event":{"mods":["BaseMod","Highlight Path","Minty Spire (QoL Compilation)","Relic Stats","Slay the Relics Exporter"],"gold_per_floor":[112,130,130,146,166,166,195,211,235,8,8,28,28,41,41,114,114,127,127,154,185,87,99,111,111],"floor_reached":24,"language":"ENG","playtime":714,"items_purged":[],"score":396,"play_id":"d2ff9280-2025-4d91-98c4-4d05111f0aee","local_time":"20210223192538","is_ascension_mode":true,"campfire_choices":[{"data":"Bash","floor":6,"key":"SMITH"},{"data":"Perfected Strike","floor":13,"key":"SMITH"},{"data":"Perfected Strike","floor":15,"key":"SMITH"},{"data":"Perfected Strike","floor":23,"key":"SMITH"}],"circlet_count":0,"master_deck":["AscendersBane","Strike_R","Strike_R","Strike_R","Strike_R","Strike_R","Defend_R","Defend_R","Defend_R","Defend_R","Bash+1","Hemokinesis","Iron Wave+1","Cleave","Perfected Strike+1","Metallicize","Perfected Strike+1","Sword Boomerang","Reaper","Reaper","Perfected Strike+1","Flame Barrier"],"relics":["Burning Blood","Ancient Tea Set","Toy Ornithopter","Vajra","Potion Belt","Nunchaku","Mark of Pain","MawBank"],"acts_visited":["Exordium","TheCity"],"potions_floor_usage":[7,7,16,21],"damage_taken":[{"damage":6,"enemies":"2 Louse","floor":1,"turns":4},{"damage":11,"enemies":"Small Slimes","floor":2,"turns":4},{"damage":7,"enemies":"Cultist","floor":4,"turns":4},{"damage":15,"enemies":"Exordium Thugs","floor":5,"turns":4},{"damage":25,"enemies":"Lagavulin","floor":7,"turns":6},{"damage":7,"enemies":"Large Slime","floor":8,"turns":4},{"damage":8,"enemies":"Lots of Slimes","floor":12,"turns":5},{"damage":4,"enemies":"Exordium Wildlife","floor":14,"turns":3},{"damage":14,"enemies":"Slime Boss","floor":16,"turns":6},{"damage":35,"enemies":"3 Byrds","floor":18,"turns":8},{"damage":0,"enemies":"Spheric Guardian","floor":21,"turns":2},{"damage":68,"enemies":"Gremlin Leader","floor":24,"turns":5}],"seed_played":"-5471250205395995502","potions_obtained":[{"floor":1,"key":"LiquidMemories"},{"floor":4,"key":"Strength Potion"},{"floor":7,"key":"LiquidMemories"},{"floor":12,"key":"Fire Potion"},{"floor":18,"key":"ElixirPotion"}],"is_trial":false,"path_per_floor":["M","M","?","M","M","R","E","M","T","$","?","M","R","M","R","B",null,"M","?","T","M","?","R","E"],"character_chosen":"IRONCLAD","items_purchased":["Perfected Strike","Potion Belt"],"campfire_rested":0,"item_purchase_floors":[10,10],"current_hp_per_floor":[75,70,52,51,42,42,23,22,22,22,22,20,20,22,22,19,66,47,47,47,58,58,58,0,0],"gold":111,"neow_bonus":"TEN_PERCENT_HP_BONUS","is_daily":false,"chose_seed":false,"campfire_upgraded":4,"win_rate":0.0,"timestamp":1614129938,"path_taken":["M","M","?","M","M","R","E","M","T","$","?","M","R","?","R","BOSS","M","?","?","M","?","R","E"],"items_purchased_type":["Card","Relic"],"build_version":"2020-12-22","purchased_purges":0,"victory":false,"max_hp_per_floor":[82,82,82,82,82,82,82,82,82,82,82,82,82,82,82,82,82,82,82,82,82,82,82,82,82],"relic_stats":{"Nunchaku":[6],"counters":[12,55],"MawBank":48,"obtain_stats":[{"Potion Belt":10,"Nunchaku":11,"Vajra":9,"Mark of Pain":17,"Ancient Tea Set":3,"MawBank":20,"Burning Blood":0,"Toy Ornithopter":7},{"Potion Belt":6,"Nunchaku":6,"Vajra":6,"Mark of Pain":9,"Ancient Tea Set":2,"MawBank":10,"Burning Blood":0,"Toy Ornithopter":5},{"Potion Belt":26,"Nunchaku":26,"Vajra":26,"Mark of Pain":40,"Ancient Tea Set":8,"MawBank":48,"Burning Blood":0,"Toy Ornithopter":22}],"Burning Blood":66,"Toy Ornithopter":10},"card_choices":[{"not_picked":["Burning Pact","True Grit"],"picked":"Hemokinesis","floor":1},{"not_picked":["Thunderclap","Sword Boomerang"],"picked":"Clash","floor":2},{"not_picked":["Headbutt","Infernal Blade"],"picked":"Iron Wave","floor":4},{"not_picked":["Thunderclap","Body Slam"],"picked":"Cleave","floor":5},{"not_picked":["Warcry","Clash"],"picked":"Perfected Strike","floor":7},{"not_picked":["Flex","Sword Boomerang"],"picked":"Metallicize","floor":8},{"not_picked":["Warcry","Havoc"],"picked":"Sword Boomerang","floor":12},{"not_picked":["Clash","Sever Soul"],"picked":"Reaper","floor":14},{"not_picked":["Barricade","Bludgeon"],"picked":"Reaper","floor":16},{"not_picked":["Second Wind","Blood for Blood"],"picked":"Perfected Strike","floor":18},{"not_picked":["Ghostly Armor","Battle Trance"],"picked":"Flame Barrier","floor":21}],"player_experience":1318745,"relics_obtained":[{"floor":7,"key":"Toy Ornithopter"},{"floor":9,"key":"Vajra"},{"floor":20,"key":"MawBank"}],"event_choices":[{"damage_healed":0,"gold_gain":0,"player_choice":"Success","damage_taken":18,"relics_obtained":["Ancient Tea Set"],"max_hp_gain":0,"max_hp_loss":0,"event_name":"Scrap Ooze","floor":3,"gold_loss":0},{"damage_healed":0,"gold_gain":0,"player_choice":"Gave Potion","damage_taken":0,"relics_obtained":["Nunchaku"],"max_hp_gain":0,"max_hp_loss":0,"event_name":"WeMeetAgain","floor":11,"gold_loss":0},{"damage_healed":0,"gold_gain":0,"player_choice":"Ignored","damage_taken":0,"max_hp_gain":0,"max_hp_loss":0,"event_name":"Ghosts","floor":19,"gold_loss":0},{"cards_removed":["Clash"],"damage_healed":0,"gold_gain":0,"player_choice":"Upgrade and Remove","damage_taken":0,"max_hp_gain":0,"max_hp_loss":0,"event_name":"Designer","floor":22,"gold_loss":110,"cards_upgraded":["Iron Wave"]}],"is_beta":false,"boss_relics":[{"not_picked":["Calling Bell","SlaversCollar"],"picked":"Mark of Pain"}],"items_purged_floors":[],"is_endless":false,"potions_floor_spawned":[1,4,7,12,18],"killed_by":"Gremlin Leader","ascension_level":20}}