{"host":"r6jigiblrojhp6xe","time":1614165689,"event":{"mods":["AchievementEnabler","BaseMod","DeckTracker","Hermit","Minty Spire (QoL Compilation)","Quick Restart","Rare Cards Sparkle","Relic Stats","StSLib","SuperFastMode","everything is the same but u backflip on backflip"],"gold_per_floor":[112,131,111,131,56,56,72,83,83,97,97,109,109,129,129,203,203,213,226,237,137,137,137,137,137],"floor_reached":24,"language":"KOR","playtime":644,"items_purged":["Writhe","Strike_R"],"score":534,"play_id":"359650c8-daa6-4fc5-bf8d-2f0d20f6a6f8","local_time":"20210224202129","is_ascension_mode":true,"campfire_choices":[{"data":"Apotheosis","floor":6.0,"key":"SMITH"},{"data":"Evolve","floor":13.0,"key":"SMITH"},{"data":"Entrench","floor":15.0,"key":"SMITH"},{"floor":23,"key":"REST"}],"circlet_count":0,"master_deck":["AscendersBane","Strike_R","Strike_R","Strike_R","Defend_R","Defend_R","Defend_R","Defend_R","Bash","Apotheosis+1","Evolve+1","Whirlwind","Shrug It Off","Entrench+1","Fiend Fire","CurseOfTheBell","Body Slam+1"],"relics":["Burning Blood","Calipers","Calling Bell","Regal Pillow","Mummified Hand","Lizard Tail"],"acts_visited":["Exordium","TheCity"],"potions_floor_usage":[18,20],"damage_taken":[{"damage":14.0,"enemies":"2 Louse","floor":1.0,"turns":3.0},{"damage":3.0,"enemies":"Cultist","floor":2.0,"turns":4.0},{"damage":4.0,"enemies":"Small Slimes","floor":4.0,"turns":4.0},{"damage":7.0,"enemies":"3 Louse","floor":7.0,"turns":2.0},{"damage":14.0,"enemies":"Looter","floor":8.0,"turns":3.0},{"damage":10.0,"enemies":"Exordium Thugs","floor":10.0,"turns":5.0},{"damage":6.0,"enemies":"2 Fungi Beasts","floor":12.0,"turns":4.0},{"damage":18.0,"enemies":"Lots of Slimes","floor":14.0,"turns":3.0},{"damage":0.0,"enemies":"The Guardian","floor":16.0,"turns":1.0},{"damage":16,"enemies":"Shell Parasite","floor":18,"turns":37},{"damage":15,"enemies":"Chosen","floor":19,"turns":5},{"damage":20,"enemies":"Snake Plant","floor":20,"turns":6},{"damage":63,"enemies":"Book of Stabbing","floor":24,"turns":7}],"seed_played":"3976618405830027550","potions_obtained":[{"floor":1.0,"key":"Explosive Potion"},{"floor":3.0,"key":"BlessingOfTheForge"},{"floor":7.0,"key":"SteroidPotion"},{"floor":10.0,"key":"BloodPotion"},{"floor":16.0,"key":"Weak Potion"},{"floor":19,"key":"Block Potion"},{"floor":20,"key":"Ancient Potion"}],"is_trial":false,"path_per_floor":["M","M","?","M","$","R","M","M","T","M","$","M","R","M","R","B",null,"M","M","M","$","?","R","E"],"character_chosen":"IRONCLAD","items_purchased":[],"campfire_rested":1,"item_purchase_floors":[],"current_hp_per_floor":[60,63,63,65,65,65,64,56,56,52,52,52,52,40,40,46,68,58,49,35,35,35,72,9,9],"gold":137,"neow_bonus":"RANDOM_COLORLESS_2","is_daily":false,"chose_seed":false,"campfire_upgraded":3,"win_rate":0.0,"timestamp":1614165689,"path_taken":["M","M","?","M","$","R","M","M","T","M","?","?","R","M","R","BOSS","M","?","M","$","?","R","E"],"items_purchased_type":[],"build_version":"2020-12-22","purchased_purges":2,"victory":false,"max_hp_per_floor":[75,75,75,75,75,75,75,75,75,75,75,75,75,75,75,75,75,75,75,75,75,75,75,75,75],"relic_stats":{"Regal Pillow":15,"Lizard Tail":0,"counters":[13,84],"Mummified Hand":[3],"obtain_stats":[{"Calling Bell":17,"Regal Pillow":17,"Lizard Tail":17,"Calipers":9,"Mummified Hand":17,"Burning Blood":0},{"Calling Bell":9,"Regal Pillow":9,"Lizard Tail":9,"Calipers":5,"Mummified Hand":9,"Burning Blood":0},{"Calling Bell":29,"Regal Pillow":29,"Lizard Tail":29,"Calipers":16,"Mummified Hand":29,"Burning Blood":0}],"Burning Blood":72},"card_choices":[{"not_picked":["Master of Strategy","Sadistic Nature"],"picked":"Apotheosis","floor":0.0},{"not_picked":["Sword Boomerang","Warcry"],"picked":"Evolve","floor":1.0},{"not_picked":["Combust","Seeing Red"],"picked":"Whirlwind","floor":2.0},{"not_picked":["Anger","Havoc","Warcry"],"picked":"SKIP","floor":4.0},{"not_picked":["Anger","Dark Embrace"],"picked":"Shrug It Off","floor":7.0},{"not_picked":["Clash","Demon Form","Warcry"],"picked":"SKIP","floor":8.0},{"not_picked":["Shockwave","Armaments"],"picked":"Entrench","floor":10.0},{"not_picked":["Warcry","Havoc","Armaments"],"picked":"SKIP","floor":12.0},{"not_picked":["Pommel Strike","Anger","Clash"],"picked":"SKIP","floor":14.0},{"not_picked":["Berserk","Exhume"],"picked":"Fiend Fire","floor":16.0},{"not_picked":["Clash","Blood for Blood","Carnage"],"picked":"SKIP","floor":18},{"not_picked":["Burning Pact","Shockwave"],"picked":"Body Slam+1","floor":19},{"not_picked":["Body Slam","Twin Strike","Intimidate"],"picked":"SKIP","floor":20}],"player_experience":619935,"relics_obtained":[{"floor":9.0,"key":"Calipers"},{"floor":17.0,"key":"Regal Pillow"},{"floor":17.0,"key":"Mummified Hand"},{"floor":17.0,"key":"Lizard Tail"}],"event_choices":[{"damage_healed":0.0,"max_hp_gain":0.0,"max_hp_loss":0.0,"gold_gain":0.0,"event_name":"The Woman in Blue","player_choice":"Bought 1 Potion","floor":3.0,"gold_loss":0.0,"damage_taken":0.0},{"cards_removed":["Strike_R"],"damage_healed":0,"gold_gain":0,"player_choice":"Elegance","damage_taken":0,"max_hp_gain":0,"max_hp_loss":0,"event_name":"Back to Basics","floor":22,"gold_loss":0}],"is_beta":false,"boss_relics":[{"not_picked":["Busted Crown","SlaversCollar"],"picked":"Calling Bell"}],"items_purged_floors":[5,21],"is_endless":false,"potions_floor_spawned":[1,7,10,16,19,20],"killed_by":"Book of Stabbing","ascension_level":20}}