{"host":"1dhlu4qzehvrzpot","time":1614162156,"event":{"mods":["2.2 Compatiblity","AchievementEnabler","BaseMod","Block Reminder","Minty Spire (QoL Compilation)","Permanent Neow","Quick Restart","Rare Cards Sparkle","Relic Stats","Say the Spire","Slay-I","StSLib","SuperFastMode"],"gold_per_floor":[114,58,76,151,171,171,171,171],"floor_reached":7,"language":"ENG","playtime":138,"items_purged":[],"score":68,"play_id":"5f8fcaef-1041-4525-ac5b-02cfd00328db","local_time":"20210224112236","is_ascension_mode":true,"campfire_choices":[{"data":"Lockon","floor":6,"key":"SMITH"}],"circlet_count":0,"master_deck":["AscendersBane","Strike_B","Strike_B","Strike_B","Strike_B","Defend_B","Defend_B","Defend_B","Defend_B","Zap","Dualcast","Lockon+1"],"relics":["Snecko Eye","Potion Belt"],"acts_visited":["Exordium"],"potions_floor_usage":[7],"damage_taken":[{"damage":6,"enemies":"2 Louse","floor":1,"turns":4},{"damage":16,"enemies":"Cultist","floor":3,"turns":4},{"damage":3,"enemies":"Small Slimes","floor":5,"turns":4},{"damage":41,"enemies":"Lagavulin","floor":7,"turns":5}],"seed_played":"-5395134450050077254","potions_obtained":[{"floor":3,"key":"Fire Potion"}],"is_trial":false,"path_per_floor":["M","?","M","?","M","R","E"],"character_chosen":"DEFECT","items_purchased":[],"campfire_rested":0,"item_purchase_floors":[],"current_hp_per_floor":[62,62,46,35,32,32,0,0],"gold":171,"neow_bonus":"BOSS_RELIC","is_daily":false,"chose_seed":false,"campfire_upgraded":1,"win_rate":0.0,"timestamp":1614162156,"path_taken":["M","?","?","?","M","R","E"],"items_purchased_type":[],"build_version":"2020-12-22","purchased_purges":0,"victory":false,"max_hp_per_floor":[75,75,75,75,75,75,75,75],"relic_stats":{"counters":[4,17],"Snecko Eye":[26,25,35,29],"obtain_stats":[{"Potion Belt":2,"Snecko Eye":0,"Cracked Core":0},{"Potion Belt":1,"Snecko Eye":0,"Cracked Core":0},{"Potion Belt":4,"Snecko Eye":0,"Cracked Core":0}]},"card_choices":[{"not_picked":["Hologram","Hello World","Sweeping Beam"],"picked":"SKIP","floor":1},{"not_picked":["Redo","Stack"],"picked":"Lockon","floor":3},{"not_picked":["Turbo","Auto Shields","Sweeping Beam"],"picked":"SKIP","floor":5}],"player_experience":566699,"relics_obtained":[],"event_choices":[{"damage_healed":0,"gold_gain":0,"player_choice":"Paid Gold","damage_taken":0,"relics_obtained":["Potion Belt"],"max_hp_gain":0,"max_hp_loss":0,"event_name":"WeMeetAgain","floor":2,"gold_loss":56},{"damage_healed":0,"gold_gain":75,"player_choice":"Gather Gold","damage_taken":11,"max_hp_gain":0,"max_hp_loss":0,"event_name":"World of Goop","floor":4,"gold_loss":0}],"is_beta":false,"boss_relics":[],"items_purged_floors":[],"is_endless":false,"potions_floor_spawned":[3],"killed_by":"Lagavulin","ascension_level":13}}