{"host":"61r95uy0hn86b9iu","time":1614136634,"event":{"mods":["AchievementEnabler","BaseMod","Better Vampires","BetterRewards","Colored Powertips","Hubris","Minty Spire (QoL Compilation)","Shop Mod","StSLib"],"gold_per_floor":[110,110,75,75,87,87,99,99,124,124,154,166,178,71,71,150,150,70,0,0,0,0,0,0,0,74,84,84,103,103,103,103,174,174,184,201,201,201,201,201,234,234,257,272,252,122,142,142,142,142,142],"floor_reached":50,"language":"ENG","playtime":1339,"items_purged":[],"score":1316,"play_id":"f547d56c-f2ed-43ee-a30a-e4057c1c3bb0","local_time":"20210223211714","is_ascension_mode":true,"campfire_choices":[{"data":"Consume","floor":6.0,"key":"SMITH"},{"data":"Zap","floor":10.0,"key":"SMITH"},{"floor":15.0,"key":"REST"},{"floor":23.0,"key":"REST"},{"data":"Echo Form","floor":25.0,"key":"SMITH"},{"floor":28.0,"key":"REST"},{"floor":32.0,"key":"REST"},{"floor":40.0,"key":"REST"},{"data":"Seek","floor":42,"key":"SMITH"},{"floor":49,"key":"RECALL"}],"circlet_count":0,"master_deck":["AscendersBane","Strike_B","Strike_B","Defend_B","Defend_B","Defend_B","Defend_B","Zap+1","Dualcast","Defragment+1","Beam Cell","Consume+1","Conserve Battery","Capacitor","Static Discharge+1","Coolheaded","Echo Form+1","Leap","Compile Driver","Defragment+1","Glacier","Seek+1","hubris:Ukulele+1"],"relics":["Cracked Core","hubris:TenFootPole","Bird Faced Urn","Juzu Bracelet","hubris:SlimyHat","Inserter","Meat on the Bone","Symbiotic Virus","Sozu","Bottled Lightning","MerchantsRug"],"acts_visited":["Exordium","TheCity","TheBeyond"],"potions_floor_usage":[44,50],"damage_taken":[{"damage":1.0,"enemies":"Cultist","floor":1.0,"turns":3.0},{"damage":4.0,"enemies":"Small Slimes","floor":5.0,"turns":4.0},{"damage":4.0,"enemies":"Jaw Worm","floor":7.0,"turns":3.0},{"damage":34.0,"enemies":"Gremlin Nob","floor":11.0,"turns":4.0},{"damage":16.0,"enemies":"Blue Slaver","floor":12.0,"turns":4.0},{"damage":9.0,"enemies":"Exordium Thugs","floor":13.0,"turns":4.0},{"damage":31.0,"enemies":"The Guardian","floor":16.0,"turns":12.0},{"damage":34.0,"enemies":"2 Thieves","floor":18.0,"turns":4.0},{"damage":30.0,"enemies":"3 Byrds","floor":27.0,"turns":4.0},{"damage":10.0,"enemies":"Snecko","floor":29.0,"turns":8.0},{"damage":0.0,"enemies":"Champ","floor":33.0,"turns":10.0},{"damage":18.0,"enemies":"3 Shapes","floor":35.0,"turns":7.0},{"damage":27.0,"enemies":"Orb Walker","floor":36.0,"turns":3.0},{"damage":13,"enemies":"Giant Head","floor":41,"turns":11},{"damage":21,"enemies":"Sphere and 2 Shapes","floor":44,"turns":4},{"damage":23,"enemies":"Spire Growth","floor":47,"turns":5},{"damage":62,"enemies":"Awakened One","floor":50,"turns":3}],"seed_played":"4951302631372605627","potions_obtained":[{"floor":1.0,"key":"Strength Potion"},{"floor":5.0,"key":"EssenceOfSteel"},{"floor":16.0,"key":"Swift Potion"},{"floor":27.0,"key":"ColorlessPotion"},{"floor":29.0,"key":"DuplicationPotion"},{"floor":33.0,"key":"Ancient Potion"}],"is_trial":false,"path_per_floor":["M","?","?","$","M","R","M","?","T","R","E","M","M","$","R","B",null,"M","?","?","?","?","R","$","R","T","M","R","M","?","T","R","B",null,"M","M","?","?","?","R","E","R","T","M","?","$","M","$","R","B"],"character_chosen":"DEFECT","items_purchased":["hubris:TenFootPole","Defragment","Strawberry","Beam Cell","Static Discharge","Coolheaded","MerchantsRug"],"campfire_rested":5,"item_purchase_floors":[0,0,0,0,14,14,46],"current_hp_per_floor":[51,48,67,67,65,65,61,61,61,61,29,17,12,12,35,10,61,29,29,29,29,29,52,52,52,52,42,65,67,67,67,78,78,78,71,50,50,50,45,68,69,69,69,58,58,58,47,47,47,0,0],"gold":142,"neow_bonus":"","is_daily":false,"chose_seed":false,"campfire_upgraded":4,"win_rate":0.0,"timestamp":1614136634,"path_taken":["M","?","?","?","?","R","M","?","T","R","E","M","M","$","R","BOSS","M","?","?","?","?","R","?","R","T","M","R","M","?","?","R","BOSS","M","M","?","?","?","R","E","R","T","M","?","$","M","?","R","BOSS"],"items_purchased_type":["Relic","Card","Relic","Card","Card","Card","Relic"],"build_version":"2020-12-22","purchased_purges":0,"victory":false,"max_hp_per_floor":[78,78,78,78,78,78,78,78,78,78,78,78,78,78,78,78,78,78,78,78,78,78,78,78,78,78,78,78,78,78,78,78,78,78,78,78,78,78,78,78,78,78,78,78,78,78,78,78,78,78,78],"card_choices":[{"not_picked":["Aggregate","Turbo","Rebound"],"picked":"SKIP","floor":1.0},{"not_picked":["Force Field","Blizzard"],"picked":"Consume","floor":5.0},{"not_picked":["Storm","Auto Shields"],"picked":"Conserve Battery","floor":7.0},{"not_picked":["Coolheaded","Conserve Battery"],"picked":"Capacitor","floor":11.0},{"not_picked":["Barrage","Steam","FTL"],"picked":"SKIP","floor":12.0},{"not_picked":["Sweeping Beam","Blizzard"],"picked":"Hologram","floor":13.0},{"not_picked":["Multi-Cast","hubris:DoWhile"],"picked":"Echo Form","floor":16.0},{"not_picked":["Beam Cell","Hologram"],"picked":"Leap","floor":18.0},{"not_picked":["Reprogram","Conserve Battery"],"picked":"Glacier","floor":27.0},{"not_picked":["Beam Cell","Blizzard","Hello World"],"picked":"SKIP","floor":29.0},{"not_picked":["Echo Form","Fission"],"picked":"Seek","floor":33.0},{"not_picked":["Sweeping Beam","Compile Driver"],"picked":"hubris:Ukulele+1","floor":35.0},{"not_picked":["Coolheaded","Cold Snap","Ball Lightning"],"picked":"SKIP","floor":36.0},{"not_picked":["Scrape+1","Capacitor","Barrage"],"picked":"SKIP","floor":41},{"not_picked":["Leap","Stack","Scrape"],"picked":"SKIP","floor":44},{"not_picked":["Force Field","Leap","Cold Snap"],"picked":"SKIP","floor":47}],"player_experience":3383519,"relics_obtained":[{"floor":9.0,"key":"Juzu Bracelet"},{"floor":11.0,"key":"hubris:SlimyHat"},{"floor":26.0,"key":"Meat on the Bone"},{"floor":31.0,"key":"Symbiotic Virus"},{"floor":41,"key":"Bottled Lightning"}],"event_choices":[{"cards_removed":["Strike_B"],"damage_healed":0.0,"max_hp_gain":0.0,"max_hp_loss":0.0,"gold_gain":0.0,"event_name":"Golden Wing","player_choice":"Card Removal","floor":2.0,"gold_loss":0.0,"damage_taken":7.0},{"damage_healed":19.0,"max_hp_gain":0.0,"max_hp_loss":0.0,"gold_gain":0.0,"event_name":"The Cleric","player_choice":"Healed","floor":3.0,"gold_loss":35.0,"damage_taken":0.0},{"damage_healed":0.0,"max_hp_gain":0.0,"max_hp_loss":0.0,"gold_gain":0.0,"event_name":"Upgrade Shrine","player_choice":"Upgraded","floor":8.0,"gold_loss":0.0,"damage_taken":0.0,"cards_upgraded":["Defragment"]},{"damage_healed":0.0,"max_hp_gain":0.0,"max_hp_loss":0.0,"gold_gain":0.0,"event_name":"Masked Bandits","player_choice":"Paid Fearfully","floor":19.0,"gold_loss":70.0,"damage_taken":0.0},{"damage_healed":0.0,"max_hp_gain":0.0,"max_hp_loss":0.0,"gold_gain":0.0,"event_name":"Cursed Tome","player_choice":"Ignored","floor":20.0,"gold_loss":0.0,"damage_taken":0.0},{"damage_healed":0.0,"max_hp_gain":0.0,"max_hp_loss":0.0,"gold_gain":0.0,"cards_transformed":["Strike_B"],"event_name":"Transmorgrifier","player_choice":"Transformed","floor":21.0,"gold_loss":0.0,"damage_taken":0.0,"cards_obtained":["Compile Driver"]},{"damage_healed":0.0,"max_hp_gain":0.0,"max_hp_loss":0.0,"gold_gain":0.0,"event_name":"Duplicator","player_choice":"Copied","floor":22.0,"gold_loss":0.0,"damage_taken":0.0,"cards_obtained":["Defragment"]},{"damage_healed":0.0,"max_hp_gain":0.0,"max_hp_loss":0.0,"gold_gain":0.0,"event_name":"Upgrade Shrine","player_choice":"Upgraded","floor":30.0,"gold_loss":0.0,"damage_taken":0.0,"cards_upgraded":["Static Discharge"]},{"damage_healed":0.0,"max_hp_gain":0.0,"max_hp_loss":0.0,"gold_gain":0.0,"event_name":"Mysterious Sphere","player_choice":"Ignored","floor":37.0,"gold_loss":0.0,"damage_taken":0.0},{"cards_removed":["Hologram"],"damage_healed":0.0,"max_hp_gain":0.0,"max_hp_loss":0.0,"gold_gain":0.0,"event_name":"Falling","player_choice":"Removed Skill","floor":38.0,"gold_loss":0.0,"damage_taken":0.0},{"damage_healed":0.0,"max_hp_gain":0.0,"max_hp_loss":0.0,"gold_gain":0.0,"event_name":"Wheel of Change","player_choice":"Damaged","floor":39.0,"gold_loss":0.0,"damage_taken":11.0},{"damage_healed":0,"gold_gain":0,"player_choice":"Bought 1 Potion","damage_taken":0,"max_hp_gain":0,"max_hp_loss":0,"event_name":"The Woman in Blue","floor":45,"gold_loss":0}],"is_beta":false,"boss_relics":[{"not_picked":["hubris:GrandSneckoEye","Black Star"],"picked":"Inserter"},{"not_picked":["hubris:BlackHole","Tiny House"],"picked":"Sozu"}],"items_purged_floors":[],"is_endless":false,"potions_floor_spawned":[1,5,16,27,29,33,36,41],"killed_by":"Awakened One","ascension_level":19}}