{"host":"q0zivyteofxuwz3g","time":1614125257,"event":{"mods":["AchievementEnabler","BaseMod","BetterRewards","Minty Spire (QoL Compilation)","Relic Filter","StSLib"],"gold_per_floor":[118,293,312,324,289,323,323,355,378,378,393,421,421,72,72,72,72],"floor_reached":16,"language":"ENG","playtime":888,"items_purged":["Doubt"],"score":142,"play_id":"d7df488a-0bba-4406-aefb-25ee9a3bd481","local_time":"20210223210737","is_ascension_mode":true,"campfire_choices":[{"floor":7,"key":"REST"},{"data":"1","floor":10,"key":"LIFT"},{"data":"2","floor":15,"key":"LIFT"}],"circlet_count":0,"master_deck":["Zap","Dualcast","Stack","Double Energy","FTL","Double Energy","Skim","Double Energy","Storm","Skim","Chrysalis","Sunder","Rebound","Gash","Recycle","Streamline","Auto Shields","Redo","Ball Lightning","Aggregate"],"relics":["Cracked Core","Girya","Lizard Tail","Torii","Kunai","Black Star","Cables","MealTicket","Inserter"],"acts_visited":["Exordium"],"potions_floor_usage":[8,12],"damage_taken":[{"damage":8,"enemies":"2 Louse","floor":1,"turns":2},{"damage":12,"enemies":"Jaw Worm","floor":3,"turns":3},{"damage":12,"enemies":"Small Slimes","floor":4,"turns":2},{"damage":54,"enemies":"Gremlin Nob","floor":6,"turns":5},{"damage":14,"enemies":"Lagavulin","floor":8,"turns":6},{"damage":8,"enemies":"3 Louse","floor":11,"turns":2},{"damage":40,"enemies":"3 Sentries","floor":12,"turns":9},{"damage":25,"enemies":"Slime Boss","floor":16,"turns":6}],"seed_played":"9066682795823426305","potions_obtained":[{"floor":6,"key":"SkillPotion"},{"floor":11,"key":"Energy Potion"},{"floor":12,"key":"Regen Potion"}],"is_trial":false,"path_per_floor":["M","?","M","M","?","E","R","E","T","R","M","E","T","$","R","B"],"character_chosen":"DEFECT","items_purchased":["Pandora\u0027s Box","Girya","Chrysalis","Inserter","Ball Lightning","Aggregate"],"campfire_rested":1,"item_purchase_floors":[0,0,0,14,14,14],"current_hp_per_floor":[67,67,55,43,61,7,29,15,15,15,7,7,7,22,22,0,0],"gold":72,"neow_bonus":"","is_daily":false,"chose_seed":false,"campfire_upgraded":0,"win_rate":0.0,"timestamp":1614125257,"path_taken":["M","?","M","M","?","E","R","E","T","R","M","E","?","$","R","BOSS"],"items_purchased_type":["Relic","Relic","Card","Relic","Card","Card"],"build_version":"2020-12-22","purchased_purges":1,"victory":false,"max_hp_per_floor":[75,75,75,75,75,75,75,75,75,75,75,75,75,75,75,75,75],"card_choices":[{"not_picked":["Gash","Redo"],"picked":"Sunder","floor":1},{"not_picked":["Redo","Steam"],"picked":"Rebound","floor":3},{"not_picked":["Leap","Rebound"],"picked":"Gash","floor":4},{"not_picked":["Core Surge","Fusion"],"picked":"Recycle","floor":6},{"not_picked":["Reprogram","Rebound"],"picked":"Streamline","floor":8},{"not_picked":["Beam Cell","Barrage"],"picked":"Auto Shields","floor":11},{"not_picked":["Doom and Gloom","Heatsinks"],"picked":"Redo","floor":12}],"player_experience":189859,"relics_obtained":[{"floor":6,"key":"Torii"},{"floor":8,"key":"Kunai"},{"floor":9,"key":"Black Star"},{"floor":12,"key":"Cables"},{"floor":12,"key":"MealTicket"}],"event_choices":[{"damage_healed":0,"gold_gain":175,"player_choice":"AGREE","damage_taken":0,"max_hp_gain":0,"max_hp_loss":0,"event_name":"Liars Game","floor":2,"gold_loss":0,"cards_obtained":["Doubt"]},{"damage_healed":18,"gold_gain":0,"player_choice":"Healed","damage_taken":0,"max_hp_gain":0,"max_hp_loss":0,"event_name":"The Cleric","floor":5,"gold_loss":35}],"is_beta":false,"boss_relics":[],"items_purged_floors":[14],"is_endless":false,"potions_floor_spawned":[6,11,12],"killed_by":"Slime Boss","ascension_level":4}}