{"host":"mvhzznpw3ffw85pv","time":1614154206,"event":{"mods":["AchievementEnabler","BaseMod","Bestiary","Block Reminder","Colored Map","Highlight Path","Minty Spire (QoL Compilation)","Relic Stats"],"gold_per_floor":[210,228,244,319,1,31,31,57,57,57,71,91,105,133,133,207,207,218,234,80,90,109,109,135,135,135,135,149,179,179,211,211,286,286,301,319,141,153,153,153,180,180,180,205,68,68,68,79,79,79,79,79,31,58,58],"floor_reached":56,"language":"ENG","playtime":4386,"items_purged":["Strike_R","Strike_R","Defend_R"],"score":1842,"play_id":"fd1e22d9-5af3-4a23-8570-a0c26bf60242","local_time":"20210224031006","is_ascension_mode":true,"campfire_choices":[{"floor":7,"key":"REST"},{"floor":10,"key":"REST"},{"data":"Juggernaut","floor":15,"key":"SMITH"},{"data":"True Grit","floor":23,"key":"SMITH"},{"data":"Headbutt","floor":25,"key":"SMITH"},{"floor":30,"key":"REST"},{"data":"Bash","floor":32,"key":"SMITH"},{"data":"Barricade","floor":40,"key":"SMITH"},{"floor":42,"key":"RECALL"},{"floor":47,"key":"REST"},{"data":"Defend_R","floor":49,"key":"SMITH"},{"data":"Defend_R","floor":52,"key":"SMITH"}],"circlet_count":0,"master_deck":["AscendersBane","Strike_R","Strike_R","Defend_R+1","Defend_R+1","Bash+1","Headbutt+1","True Grit+1","Juggernaut+1","Cleave+1","Battle Trance+1","Pommel Strike+1","Pommel Strike+1","Entrench+1","Exhume+1","Shockwave+1","Disarm+1","True Grit+1","Ghostly Armor+1","Reaper+1","True Grit+1","Shrug It Off+1","Barricade+1","Shrug It Off+1","Body Slam+1","Carnage+1","Dark Embrace+1","Impervious+1","Shrug It Off+1","Entrench+1"],"relics":["Burning Blood","Molten Egg 2","StrikeDummy","Toxic Egg 2","Self Forming Clay","Bottled Tornado","Cursed Key","Red Mask","MutagenicStrength","Pear","Paper Frog","Empty Cage","Frozen Egg 2","Gremlin Horn","Blood Vial"],"acts_visited":["Exordium","TheCity","TheBeyond","TheEnding"],"potions_floor_usage":[11,16,19,44,55],"damage_taken":[{"damage":6,"enemies":"Cultist","floor":1,"turns":4},{"damage":15,"enemies":"Small Slimes","floor":2,"turns":5},{"damage":5,"enemies":"2 Louse","floor":3,"turns":3},{"damage":44,"enemies":"Gremlin Nob","floor":6,"turns":5},{"damage":38,"enemies":"3 Sentries","floor":8,"turns":10},{"damage":6,"enemies":"Blue Slaver","floor":11,"turns":3},{"damage":0,"enemies":"Large Slime","floor":12,"turns":4},{"damage":9,"enemies":"Exordium Thugs","floor":13,"turns":5},{"damage":8,"enemies":"Gremlin Nob","floor":14,"turns":3},{"damage":24,"enemies":"Slime Boss","floor":16,"turns":7},{"damage":0,"enemies":"Chosen","floor":18,"turns":3},{"damage":11,"enemies":"2 Thieves","floor":19,"turns":3},{"damage":8,"enemies":"Snecko","floor":21,"turns":5},{"damage":28,"enemies":"Sentry and Sphere","floor":22,"turns":6},{"damage":17,"enemies":"Masked Bandits","floor":24,"turns":4},{"damage":17,"enemies":"3 Cultists","floor":28,"turns":6},{"damage":29,"enemies":"Slavers","floor":29,"turns":6},{"damage":28,"enemies":"Gremlin Leader","floor":31,"turns":6},{"damage":26,"enemies":"Champ","floor":33,"turns":12},{"damage":37,"enemies":"3 Darklings","floor":35,"turns":7},{"damage":8,"enemies":"3 Shapes","floor":36,"turns":9},{"damage":6,"enemies":"Spire Growth","floor":38,"turns":10},{"damage":18,"enemies":"Nemesis","floor":41,"turns":7},{"damage":30,"enemies":"Reptomancer","floor":44,"turns":8},{"damage":10,"enemies":"4 Shapes","floor":48,"turns":4},{"damage":9,"enemies":"Time Eater","floor":50,"turns":9},{"damage":41,"enemies":"Shield and Spear","floor":54,"turns":8},{"damage":56,"enemies":"The Heart","floor":55,"turns":12}],"seed_played":"-4228782811336520349","potions_obtained":[{"floor":2,"key":"Energy Potion"},{"floor":6,"key":"Ancient Potion"},{"floor":8,"key":"Fruit Juice"},{"floor":11,"key":"DistilledChaos"},{"floor":18,"key":"BlessingOfTheForge"},{"floor":19,"key":"BlessingOfTheForge"},{"floor":22,"key":"SpeedPotion"},{"floor":35,"key":"Fire Potion"},{"floor":44,"key":"FairyPotion"}],"is_trial":false,"path_per_floor":["M","M","M","?","$","E","R","E","T","R","M","M","M","E","R","B",null,"M","M","$","M","M","R","?","R","T","?","M","E","R","E","R","B",null,"M","M","$","M","?","R","E","R","T","E","$","?","R","M","R","B",null,"R","$","E","B",null],"character_chosen":"IRONCLAD","items_purchased":["Molten Egg 2","True Grit+1","Shrug It Off+1","Impervious+1","Shrug It Off+1"],"campfire_rested":4,"item_purchase_floors":[5,20,37,45,53],"current_hp_per_floor":[72,63,64,56,56,18,42,10,10,34,39,45,42,40,40,22,69,75,70,70,68,46,46,35,35,35,35,52,46,74,69,69,54,83,67,83,83,88,88,88,76,76,76,60,60,60,87,92,92,89,91,91,91,56,8],"gold":58,"neow_bonus":"HUNDRED_GOLD","is_daily":false,"chose_seed":false,"campfire_upgraded":7,"win_rate":0.0,"timestamp":1614154206,"path_taken":["M","M","?","?","$","E","R","E","T","R","M","M","M","E","R","BOSS","M","M","$","M","?","R","?","R","T","?","M","E","R","E","R","BOSS","M","M","$","M","?","R","E","R","T","E","?","?","R","M","R","BOSS","R","$","E","BOSS"],"items_purchased_type":["Relic","Card","Card","Card","Card"],"build_version":"2020-12-22","purchased_purges":3,"victory":true,"max_hp_per_floor":[80,80,80,80,80,80,80,80,80,80,85,85,85,85,85,85,85,85,85,85,85,85,85,85,85,85,85,85,95,95,95,95,95,92,92,92,92,92,92,92,92,92,92,92,92,92,92,92,92,92,92,92,92,92,92],"relic_stats":{"Blood Vial":2,"Gremlin Horn":[2,4],"counters":[28,174],"Self Forming Clay":[189],"Cursed Key":1,"obtain_stats":[{"Pear":29,"Gremlin Horn":44,"Self Forming Clay":9,"Bottled Tornado":14,"Frozen Egg 2":41,"Cursed Key":17,"Empty Cage":34,"Burning Blood":0,"Blood Vial":54,"MutagenicStrength":27,"Molten Egg 2":5,"Red Mask":24,"Toxic Egg 2":8,"StrikeDummy":6,"Paper Frog":31},{"Pear":17,"Gremlin Horn":24,"Self Forming Clay":5,"Bottled Tornado":9,"Frozen Egg 2":23,"Cursed Key":10,"Empty Cage":19,"Burning Blood":0,"Blood Vial":27,"MutagenicStrength":15,"Molten Egg 2":3,"Red Mask":15,"Toxic Egg 2":5,"StrikeDummy":4,"Paper Frog":18},{"Pear":82,"Gremlin Horn":141,"Self Forming Clay":27,"Bottled Tornado":42,"Frozen Egg 2":133,"Cursed Key":49,"Empty Cage":100,"Burning Blood":0,"Blood Vial":162,"MutagenicStrength":70,"Molten Egg 2":12,"Red Mask":70,"Toxic Egg 2":27,"StrikeDummy":17,"Paper Frog":88}],"Burning Blood":162},"card_choices":[{"not_picked":["Iron Wave","Clash"],"picked":"Headbutt","floor":1},{"not_picked":["Heavy Blade","Wild Strike"],"picked":"True Grit","floor":2},{"not_picked":["Armaments","Thunderclap"],"picked":"Juggernaut","floor":3},{"not_picked":["Anger+1","Clothesline+1"],"picked":"Cleave+1","floor":6},{"not_picked":["Twin Strike+1","Sentinel+1"],"picked":"Battle Trance+1","floor":8},{"not_picked":["Seeing Red+1","Dropkick+1","Evolve"],"picked":"SKIP","floor":11},{"not_picked":["Iron Wave+1","Thunderclap+1"],"picked":"Pommel Strike+1","floor":12},{"not_picked":["Iron Wave+1","Clothesline+1"],"picked":"Pommel Strike+1","floor":13},{"not_picked":["Sword Boomerang+1","Heavy Blade+1"],"picked":"Entrench+1","floor":14},{"not_picked":["Juggernaut","Fiend Fire+1"],"picked":"Exhume+1","floor":16},{"not_picked":["Clash+1","Cleave+1"],"picked":"Shockwave+1","floor":18},{"not_picked":["Clash+1","Sentinel+1"],"picked":"Disarm+1","floor":19},{"not_picked":["Iron Wave+1","Disarm+1"],"picked":"Ghostly Armor+1","floor":21},{"not_picked":["Perfected Strike+1","Cleave+1","Dropkick+1"],"picked":"SKIP","floor":22},{"not_picked":["Perfected Strike+1","Cleave+1","Dropkick+1"],"picked":"SKIP","floor":22},{"not_picked":["Wild Strike+1","Armaments+1"],"picked":"Reaper+1","floor":24},{"not_picked":["Cleave+1","Evolve","Inflame"],"picked":"SKIP","floor":28},{"not_picked":["Disarm+1","Whirlwind+1"],"picked":"True Grit+1","floor":29},{"not_picked":["Second Wind+1","Battle Trance+1"],"picked":"Shrug It Off+1","floor":31},{"not_picked":["Feed+1","Corruption"],"picked":"Barricade","floor":33},{"not_picked":["Wild Strike+1","Second Wind+1","Iron Wave+1"],"picked":"SKIP","floor":35},{"not_picked":["True Grit+1","Second Wind+1","Uppercut+1"],"picked":"SKIP","floor":36},{"not_picked":["Armaments+1","Sword Boomerang+1"],"picked":"Body Slam+1","floor":38},{"not_picked":["Heavy Blade+1","Iron Wave+1"],"picked":"Dark Embrace+1","floor":41},{"not_picked":["Fire Breathing+1","Dropkick+1","Sword Boomerang+1"],"picked":"SKIP","floor":44},{"not_picked":["Barricade+1","Pommel Strike+1","Cleave+1"],"picked":"SKIP","floor":48},{"not_picked":["Metallicize+1","Pommel Strike+1"],"picked":"Entrench+1","floor":54}],"player_experience":658818,"relics_obtained":[{"floor":6,"key":"StrikeDummy"},{"floor":8,"key":"Toxic Egg 2"},{"floor":9,"key":"Self Forming Clay"},{"floor":14,"key":"Bottled Tornado"},{"floor":24,"key":"Red Mask"},{"floor":29,"key":"Pear"},{"floor":31,"key":"Paper Frog"},{"floor":41,"key":"Frozen Egg 2"},{"floor":44,"key":"Gremlin Horn"},{"floor":54,"key":"Blood Vial"}],"event_choices":[{"damage_healed":0,"gold_gain":75,"player_choice":"Touch","damage_taken":8,"max_hp_gain":0,"max_hp_loss":0,"event_name":"FaceTrader","floor":4,"gold_loss":0},{"damage_healed":0,"gold_gain":0,"player_choice":"Fought Bandits","damage_taken":0,"max_hp_gain":0,"max_hp_loss":0,"event_name":"Masked Bandits","floor":24,"gold_loss":0},{"damage_healed":0,"gold_gain":0,"player_choice":"Inject Mutagens","damage_taken":0,"relics_obtained":["MutagenicStrength"],"max_hp_gain":0,"max_hp_loss":0,"event_name":"Drug Dealer","floor":27,"gold_loss":0},{"damage_healed":0,"gold_gain":0,"cards_transformed":["Strike_R"],"player_choice":"Transformed","damage_taken":0,"max_hp_gain":0,"max_hp_loss":0,"event_name":"Transmorgrifier","floor":39,"gold_loss":0,"cards_obtained":["Carnage"]},{"damage_healed":0,"gold_gain":0,"player_choice":"Ignored","damage_taken":0,"max_hp_gain":0,"max_hp_loss":0,"event_name":"SecretPortal","floor":46,"gold_loss":0}],"is_beta":false,"boss_relics":[{"not_picked":["Calling Bell","Sozu"],"picked":"Cursed Key"},{"not_picked":["Black Blood","Pandora\u0027s Box"],"picked":"Empty Cage"}],"items_purged_floors":[5,20,37],"is_endless":false,"potions_floor_spawned":[2,6,8,11,14,18,19,22,35,38,44,54],"ascension_level":13}}