{"host":"uyfpom4rlahfoee4","time":1614205961,"event":{"mods":["BaseMod","Downfall","Minty Spire (QoL Compilation)","StSLib"],"gold_per_floor":[99,119,119,135,151,182,182,82,99,172,157,157,174,43,56,157,157,157,173,133,147,54,54,54,54,54,87,105,90,90,109,126,228,228,228,244,296,316,330,348,418,436,454,471,471,471,471,491,507,507,507,507],"floor_reached":50,"language":"ENG","playtime":4697,"items_purged":[],"score":520,"play_id":"247a1299-8cbb-4f3d-a446-7b5fb0cb21f9","local_time":"20210224143241","is_ascension_mode":false,"campfire_choices":[{"data":"Guardian:TwinSlam","floor":1,"key":"SMITH"},{"data":"Guardian:PrimingBeam","floor":8,"key":"SMITH"},{"data":"Guardian:Preprogram","floor":12,"key":"SMITH"},{"data":"Guardian:SentryBeam","floor":18,"key":"SMITH"},{"data":"Guardian:TimeSifter","floor":23,"key":"SMITH"},{"data":"Guardian:SentryBeam","floor":26,"key":"SMITH"},{"floor":35,"key":"RECALL"},{"floor":46,"key":"REST"}],"circlet_count":0,"master_deck":["Guardian:Strike_Guardian","Guardian:Strike_Guardian","Guardian:Strike_Guardian","Guardian:Defend_Guardian","Guardian:Defend_Guardian","Guardian:Defend_Guardian","Guardian:Defend_Guardian","Guardian:CurlUp","Guardian:TwinSlam+1","Guardian:Recover","Guardian:PrimingBeam+1","Guardian:Preprogram+1","Guardian:TimeSifter+1","Guardian:PiercingHide","Guardian:TemporalShield","Guardian:SentryBeam+1","Guardian:PiercingHide","Guardian:BronzeArmor","Guardian:Incinerate","Guardian:PiercingHide","Guardian:BodySlam+1","Guardian:TemporalStrike","Guardian:Suspension+1","Guardian:SentryBeam+1","Guardian:Harden","Guardian:FloatingOrbs+1","Guardian:EvasiveProtocol","Guardian:PrimingBeam","Guardian:Gem_Crimson","Guardian:Gem_Red","Guardian:Orbwalk+1","Guardian:TimeCapacitor+1","Guardian:Orbwalk+1","Guardian:EvasiveProtocol","Guardian:Suspension+1","Guardian:Incinerate+1"],"relics":["Guardian:ModeShifter","Anchor","downfall:HeartBlessingBlue","Bottled Flame","Sozu","Bottled Tornado","TungstenRod","Du-Vu Doll","Fusion Hammer","Regal Pillow","Gremlin Horn"],"acts_visited":["Exordium","TheCity","TheBeyond"],"potions_floor_usage":[6,33,50],"damage_taken":[{"damage":5,"enemies":"Jaw Worm","floor":2,"turns":4},{"damage":0,"enemies":"Cultist","floor":4,"turns":3},{"damage":1,"enemies":"2 Louse","floor":5,"turns":4},{"damage":20,"enemies":"Gremlin Nob","floor":6,"turns":6},{"damage":2,"enemies":"Blue Slaver","floor":9,"turns":5},{"damage":0,"enemies":"downfall:FleeingMerchant","floor":11,"turns":4},{"damage":0,"enemies":"2 Fungi Beasts","floor":13,"turns":4},{"damage":0,"enemies":"downfall:FleeingMerchant","floor":14,"turns":4},{"damage":6,"enemies":"Exordium Wildlife","floor":15,"turns":4},{"damage":10,"enemies":"DF_ARCHETYPE_STREAMLINE","floor":16,"turns":14},{"damage":0,"enemies":"Spheric Guardian","floor":19,"turns":5},{"damage":2,"enemies":"downfall:FleeingMerchant","floor":20,"turns":4},{"damage":2,"enemies":"Chosen","floor":21,"turns":6},{"damage":0,"enemies":"downfall:FleeingMerchant","floor":22,"turns":4},{"damage":4,"enemies":"Gremlin Leader","floor":27,"turns":13},{"damage":0,"enemies":"Snake Plant","floor":28,"turns":4},{"damage":0,"enemies":"downfall:FleeingMerchant","floor":29,"turns":4},{"damage":9,"enemies":"Centurion and Healer","floor":31,"turns":5},{"damage":0,"enemies":"Chosen and Byrds","floor":32,"turns":6},{"damage":11,"enemies":"IC_MUSHROOM_ARCHETYPE","floor":33,"turns":12},{"damage":0,"enemies":"3 Darklings","floor":36,"turns":5},{"damage":6,"enemies":"Orb Walker","floor":38,"turns":4},{"damage":32,"enemies":"Spire Growth","floor":39,"turns":7},{"damage":13,"enemies":"Sphere and 2 Shapes","floor":40,"turns":6},{"damage":10,"enemies":"Writhing Mass","floor":42,"turns":9},{"damage":19,"enemies":"Transient","floor":43,"turns":5},{"damage":0,"enemies":"Jaw Worm Horde","floor":44,"turns":5},{"damage":0,"enemies":"Maw","floor":48,"turns":7},{"damage":5,"enemies":"Spire Growth","floor":49,"turns":4},{"damage":51,"enemies":"WA_ARCHETYPE_DIVINITY","floor":50,"turns":15}],"seed_played":"-4850127302799077624","potions_obtained":[{"floor":4,"key":"Block Potion"},{"floor":6,"key":"FairyPotion"},{"floor":9,"key":"DistilledChaos"},{"floor":13,"key":"Explosive Potion"}],"is_trial":false,"path_per_floor":["R","M","?","M","M","E","T","R","M","T","$","R","M","$","M","B",null,"R","M","$","M","$","R","T","?","R","E","M","$","?","M","M","B",null,"R","M","?","M","M","M","T","M","M","M","?","R","?","M","M","B"],"character_chosen":"GUARDIAN","items_purchased":["Guardian:BronzeArmor","Guardian:Incinerate","Guardian:TemporalStrike","Guardian:SentryBeam"],"campfire_rested":1,"item_purchase_floors":[14,14,20,22],"current_hp_per_floor":[80,75,75,75,74,54,54,64,62,62,62,62,62,62,56,46,90,90,90,88,86,86,86,86,86,86,82,82,82,82,73,73,62,90,90,90,90,84,52,39,39,29,10,10,10,52,52,52,47,27,27,27],"gold":507,"neow_bonus":"THREE_CARDS","is_daily":false,"chose_seed":false,"campfire_upgraded":6,"win_rate":0.0,"timestamp":1614205961,"path_taken":["R","M","?","?","M","E","T","R","M","?","$","R","M","?","M","BOSS","R","M","?","M","?","R","T","?","R","E","M","?","?","?","M","BOSS","R","M","?","M","M","M","T","M","M","M","?","R","?","?","M","BOSS"],"items_purchased_type":["Card","Card","Card","Card"],"build_version":"2020-12-22","purchased_purges":0,"victory":false,"max_hp_per_floor":[80,80,80,80,80,80,80,90,90,90,90,90,90,90,90,90,90,90,90,90,90,90,90,90,90,90,90,90,90,90,90,90,90,90,90,90,90,90,90,90,90,90,90,90,90,90,90,90,90,90,90,90],"card_choices":[{"not_picked":["Guardian:Preprogram","Guardian:CrystalBeam"],"picked":"Guardian:Recover","floor":0},{"not_picked":["Guardian:ChargeCore","Guardian:Preprogram"],"picked":"Guardian:PrimingBeam","floor":2},{"not_picked":["Guardian:CrystalBeam","Guardian:PrismaticBarrier"],"picked":"Guardian:TimeSifter","floor":4},{"not_picked":["Guardian:Recover","Guardian:TimeCapacitor"],"picked":"Guardian:PiercingHide","floor":5},{"not_picked":["Guardian:ArmoredProtocol","Guardian:Gem_Lightblue"],"picked":"Guardian:Gem_Blue","floor":6},{"not_picked":["Guardian:Gem_Green","Guardian:WalkerClaw"],"picked":"Guardian:TemporalShield","floor":9},{"not_picked":["Guardian:TemporalShield","Guardian:EvasiveProtocol"],"picked":"Guardian:SentryBeam","floor":11},{"not_picked":["Guardian:GemFire","Guardian:SpikerProtocol"],"picked":"Guardian:Gem_Cyan","floor":13},{"not_picked":["Guardian:Gem_Green","Guardian:Gem_Cyan"],"picked":"Guardian:PiercingHide","floor":14},{"not_picked":["Guardian:Gem_Crimson","Guardian:MultiBeam"],"picked":"Guardian:PiercingHide","floor":15},{"not_picked":["Guardian:SphericShield","Guardian:TimeSifter"],"picked":"Guardian:Gem_Synthetic","floor":16},{"not_picked":["Guardian:Gem_Green","Guardian:Reroute+1"],"picked":"Guardian:Gem_Yellow","floor":19},{"not_picked":["Guardian:Suspension","Guardian:PrismaticBeam+1"],"picked":"Guardian:BodySlam+1","floor":20},{"not_picked":["Guardian:Gem_Fragmented","Guardian:BodySlam+1"],"picked":"Guardian:Gem_Red","floor":21},{"not_picked":["Guardian:EvasiveProtocol","Guardian:CrystalBeam"],"picked":"Guardian:Suspension+1","floor":22},{"not_picked":["Guardian:VentSteam+1","Guardian:Emergency"],"picked":"Guardian:Harden","floor":27},{"not_picked":["Guardian:SentryBeam","Guardian:PrismaticBeam"],"picked":"Guardian:FloatingOrbs+1","floor":28},{"not_picked":["Guardian:WalkerClaw+1","Guardian:TimeBomb"],"picked":"Guardian:Gem_Cyan","floor":29},{"not_picked":["Guardian:Suspension","Guardian:PiercingHide"],"picked":"Guardian:EvasiveProtocol","floor":31},{"not_picked":["Guardian:ShieldCharger","Guardian:RollAttack"],"picked":"Guardian:PrimingBeam","floor":32},{"not_picked":["Guardian:Gem_Orange","Guardian:HyperBeam_Guardian"],"picked":"Guardian:Gem_Synthetic","floor":33},{"not_picked":["Guardian:Recover","Guardian:PrimingBeam"],"picked":"Guardian:Gem_Crimson","floor":36},{"not_picked":["Guardian:BronzeOrb+1","Guardian:Gem_Lightblue"],"picked":"Guardian:Gem_Red","floor":38},{"not_picked":["Guardian:Gem_Green","Guardian:FloatingOrbs+1"],"picked":"Guardian:Orbwalk+1","floor":39},{"not_picked":["Guardian:Reroute+1","Guardian:Clone+1"],"picked":"Guardian:TimeCapacitor+1","floor":40},{"not_picked":["Guardian:PrimingBeam","Guardian:TemporalStrike+1"],"picked":"Guardian:Orbwalk+1","floor":42},{"not_picked":["Guardian:Gem_Crimson","Guardian:Suspension"],"picked":"Guardian:DonusPower+1","floor":43},{"not_picked":["Guardian:ChargeCore+1","Guardian:ArmoredProtocol+1"],"picked":"Guardian:EvasiveProtocol","floor":44},{"not_picked":["Guardian:ChargeCore","Guardian:TemporalStrike"],"picked":"Guardian:Suspension+1","floor":48},{"not_picked":["Guardian:Emergency","Guardian:PrimingBeam"],"picked":"Guardian:Incinerate+1","floor":49}],"player_experience":172661,"relics_obtained":[{"floor":6,"key":"Anchor"},{"floor":10,"key":"Bottled Flame"},{"floor":24,"key":"Bottled Tornado"},{"floor":27,"key":"Du-Vu Doll"},{"floor":37,"key":"Regal Pillow"},{"floor":41,"key":"Gremlin Horn"}],"event_choices":[{"damage_healed":0,"gold_gain":0,"player_choice":"Ignored","damage_taken":0,"max_hp_gain":0,"max_hp_loss":0,"event_name":"Vampires","floor":30,"gold_loss":0},{"cards_removed":["Guardian:DonusPower"],"damage_healed":0,"gold_gain":0,"player_choice":"Removed Skill","damage_taken":0,"max_hp_gain":0,"max_hp_loss":0,"event_name":"Falling","floor":45,"gold_loss":0}],"is_beta":false,"boss_relics":[{"not_picked":["Velvet Choker","Runic Dome"],"picked":"Sozu"},{"not_picked":["Guardian:StasisSlotReductionRelic","Coffee Dripper"],"picked":"Fusion Hammer"}],"items_purged_floors":[],"is_endless":false,"potions_floor_spawned":[4,6,9,13,19,27,31,32,33,36,42,43,44],"killed_by":"WA_ARCHETYPE_DIVINITY","ascension_level":0}}