{"host":"9ggpvbru8k8uxs3p","time":1614128926,"event":{"mods":["BaseMod","Challenge The Spire","Colored Map","Colored Powertips","Downfall","Highlight Path","Minty Spire (QoL Compilation)","Rare Cards Sparkle","StSLib","The Jungle"],"gold_per_floor":[112,112,112,5,24,24,40,40,40,59,75,95,95,113,113,208,208,223,223,223,223,223,255,255,15,15,15,15],"floor_reached":27,"language":"ENG","playtime":1620,"items_purged":[],"score":346,"play_id":"f1047812-07b0-496d-a4b0-317d86d3ce8b","local_time":"20210223190846","is_ascension_mode":false,"campfire_choices":[{"data":"Double Energy","floor":6,"key":"SMITH"},{"floor":15,"key":"REST"},{"floor":24,"key":"REST"}],"circlet_count":0,"master_deck":["Strike_B","Strike_B","Strike_B","Strike_B","Defend_B","Defend_B","Defend_B","Defend_B","Zap","Dualcast+1","Sweeping Beam","Scrape","Double Energy+1","Leap","Gash","Loop","Hello World","CurseOfTheBell","CurseOfTheBell","downfall:Malfunctioning","Machine Learning","Shame","Redo","Echo Form","Compile Driver+1","Writhe","Pain","Reinforced Body","Blind"],"relics":["Cracked Core","NeowsBlessing","Question Card","downfall:ExtraCursedBell","Bag of Marbles","Ornamental Fan","TungstenRod","Philosopher\u0027s Stone","theJungle:WildPear","Shovel","WarpedTongs","Meat on the Bone","Happy Flower","Pantograph"],"acts_visited":["Exordium","Exordium"],"potions_floor_usage":[23,27],"damage_taken":[{"damage":0,"enemies":"Small Slimes","floor":1,"turns":1},{"damage":0,"enemies":"Cultist","floor":5,"turns":1},{"damage":0,"enemies":"Jaw Worm","floor":7,"turns":1},{"damage":8,"enemies":"Lots of Slimes","floor":10,"turns":3},{"damage":9,"enemies":"3 Louse","floor":11,"turns":2},{"damage":5,"enemies":"Looter","floor":12,"turns":2},{"damage":16,"enemies":"Large Slime","floor":14,"turns":6},{"damage":42,"enemies":"Slime Boss","floor":16,"turns":10},{"damage":45,"enemies":"theJungle:GiantWrat","floor":18,"turns":7},{"damage":42,"enemies":"theJungle:2_Phrogs","floor":23,"turns":10},{"damage":41,"enemies":"theJungle:MamaSnecko","floor":27,"turns":5}],"seed_played":"2035877543906819265","potions_obtained":[{"floor":1,"key":"BlessingOfTheForge"},{"floor":10,"key":"FocusPotion"},{"floor":16,"key":"Explosive Potion"}],"is_trial":false,"path_per_floor":["M","?","?","$","M","R","M","?","T","M","M","M","?","M","R","B",null,"M","?","?","?","?","E","R","$","T","E"],"character_chosen":"DEFECT","items_purchased":["Sweeping Beam","Scrape","Happy Flower","Blind"],"campfire_rested":2,"item_purchase_floors":[4,4,25,25],"current_hp_per_floor":[75,60,65,65,65,65,65,65,65,57,48,43,48,32,56,14,80,35,45,45,45,45,3,30,30,30,0,0],"gold":15,"neow_bonus":"THREE_ENEMY_KILL","is_daily":false,"chose_seed":false,"campfire_upgraded":1,"win_rate":0.0,"timestamp":1614128926,"path_taken":["M","?","?","$","?","R","M","?","T","?","M","M","?","M","R","BOSS","M","?","?","?","?","E","R","$","T","E"],"items_purchased_type":["Card","Card","Relic","Card"],"build_version":"2020-12-22","purchased_purges":0,"victory":false,"max_hp_per_floor":[75,75,75,75,75,75,75,75,75,75,75,75,80,80,80,80,80,80,90,90,90,90,90,90,90,90,90,90],"card_choices":[{"not_picked":["Force Field","Rebound"],"picked":"Barrage","floor":1},{"not_picked":["Rebound","White Noise"],"picked":"Double Energy","floor":5},{"not_picked":["Steam","Stack"],"picked":"Leap","floor":7},{"not_picked":["Streamline","Steam Power","Heatsinks"],"picked":"Gash","floor":10},{"not_picked":["Conserve Battery","Stack","White Noise"],"picked":"Loop","floor":11},{"not_picked":["Streamline","Stack","Glacier"],"picked":"Hello World","floor":12},{"not_picked":["Barrage","Cold Snap","Conserve Battery"],"picked":"Redo","floor":14},{"not_picked":["Multi-Cast","Amplify","Machine Learning"],"picked":"Echo Form","floor":16},{"not_picked":["Cold Snap","Go for the Eyes","Stack"],"picked":"Compile Driver+1","floor":18},{"not_picked":["Loop+1","Go for the Eyes+1","Skim"],"picked":"Reinforced Body","floor":23}],"player_experience":78826,"relics_obtained":[{"floor":9,"key":"Question Card"},{"floor":13,"key":"Bag of Marbles"},{"floor":13,"key":"Ornamental Fan"},{"floor":13,"key":"TungstenRod"},{"floor":23,"key":"Meat on the Bone"},{"floor":26,"key":"Pantograph"}],"event_choices":[{"damage_healed":0,"gold_gain":0,"player_choice":"Entered Light","damage_taken":15,"max_hp_gain":0,"max_hp_loss":0,"event_name":"Shining Light","floor":2,"gold_loss":0,"cards_upgraded":["Dualcast","Barrage"]},{"cards_removed":["Barrage"],"damage_healed":5,"gold_gain":0,"player_choice":"Offered Common","damage_taken":0,"max_hp_gain":0,"max_hp_loss":0,"event_name":"Bonfire Elementals","floor":3,"gold_loss":0},{"cards_removed":["Barrage"],"damage_healed":5,"gold_gain":0,"player_choice":"Offered Special","damage_taken":0,"max_hp_gain":0,"max_hp_loss":0,"event_name":"Bonfire Elementals","floor":3,"gold_loss":0},{"damage_healed":0,"gold_gain":0,"player_choice":"Ignored","damage_taken":0,"max_hp_gain":0,"max_hp_loss":0,"event_name":"NoteForYourself","floor":8,"gold_loss":0},{"damage_healed":0,"gold_gain":0,"player_choice":"Rummage","damage_taken":0,"relics_obtained":["WarpedTongs"],"max_hp_gain":0,"max_hp_loss":0,"event_name":"Accursed Blacksmith","floor":22,"gold_loss":0,"cards_obtained":["Pain"]}],"is_beta":false,"boss_relics":[{"not_picked":["Tiny House","Empty Cage"],"picked":"Philosopher\u0027s Stone"}],"items_purged_floors":[],"is_endless":false,"potions_floor_spawned":[1,10,16],"killed_by":"theJungle:MamaSnecko","ascension_level":0}}