{"host":"ju66gn9zov5ov15o","time":1614204032,"event":{"mods":["100% Spire Juice","2.2 Compatiblity","Act Like it!","Aspiration","BaseMod","Conspire","Downfall","GifTheSpireLib","Hubris","Lobotomy","LobotomyExtend","Marisa????????","Minty Spire (QoL Compilation)","Pale of the Ancients","Rare Cards Sparkle","Relic Stats","Ruina","Shapeshifter Mod","StSLib","The Alterego","The Animator"],"gold_per_floor":[0,12,0,0,17,49,75,85,85,85,85,117,217,242,252,350,350,350,360,376,395,409,409,409,421,421,421,441,341,341,341,341],"floor_reached":30,"language":"ENG","playtime":1558,"items_purged":[],"score":305,"play_id":"1422f550-dcce-403b-a702-98988178b25e","local_time":"20210224230032","is_ascension_mode":true,"campfire_choices":[{"data":"champ:Taunt","floor":1,"key":"SMITH"},{"data":"champ:ShieldThrow","floor":9,"key":"SMITH"},{"data":"champ:ShieldSigil","floor":11,"key":"SMITH"},{"floor":18,"key":"RECALL"},{"floor":27,"key":"REST"},{"data":"champ:ShieldSlam","floor":29,"key":"SMITH"}],"circlet_count":0,"master_deck":["champ:Strike","champ:Strike","champ:Strike","champ:Defend","champ:Defend","champ:Defend","champ:Defend","champ:Execute","champ:Taunt+1","champ:ShieldThrow+1","champ:ShieldSigil+1","champ:RisingSlash","champ:GutPunch","champ:Backstep","champ:IronFortress","champ:TripleStrike","champ:CrownThrow","champ:FancyFootwork","champ:ShieldThrow","champ:FanOfKnives","champ:ShieldSlam+1","champ:RageSigil+1","champ:FlashCut","champ:SteelEdge","champ:BringItOn+1"],"relics":["champ:ChampionCrown","LetterFromLob","Bottled Flame","Dream Catcher","Oddly Smooth Stone","WristBlade","Centennial Puzzle","conspire:RoyalGoblet","hubris:Towel","Kunai","champ:FightingForDummies","downfall:HeartBlessingRed"],"acts_visited":["Exordium","TheCity"],"potions_floor_usage":[12,16,16,21,25],"damage_taken":[{"damage":2,"enemies":"Jaw Worm","floor":2,"turns":4},{"damage":5,"enemies":"downfall:FleeingMerchant","floor":3,"turns":4},{"damage":2,"enemies":"Small Slimes","floor":5,"turns":3},{"damage":37,"enemies":"conspire:MimicChest","floor":6,"turns":6},{"damage":0,"enemies":"conspire:RoseBush","floor":8,"turns":1},{"damage":33,"enemies":"3 Sentries","floor":12,"turns":8},{"damage":41,"enemies":"3 Sentries","floor":13,"turns":4},{"damage":14,"enemies":"Gremlin Nob","floor":14,"turns":3},{"damage":0,"enemies":"3 Louse","floor":15,"turns":2},{"damage":5,"enemies":"WA_ARCHETYPE_RETAIN","floor":16,"turns":4},{"damage":35,"enemies":"Chosen","floor":19,"turns":4},{"damage":10,"enemies":"Shell Parasite","floor":20,"turns":3},{"damage":33,"enemies":"Chosen and Byrds","floor":21,"turns":5},{"damage":51,"enemies":"Sentry and Sphere","floor":22,"turns":6},{"damage":33,"enemies":"3 Cultists","floor":25,"turns":5},{"damage":12,"enemies":"Snecko","floor":28,"turns":4},{"damage":67,"enemies":"Gremlin Leader","floor":30,"turns":10}],"seed_played":"-3978157320318581390","potions_obtained":[{"floor":2,"key":"GamblersBrew"},{"floor":5,"key":"Swift Potion"},{"floor":13,"key":"champ:OpenerPotion"},{"floor":15,"key":"FearPotion"},{"floor":22,"key":"Explosive Potion"},{"floor":28,"key":"SpeedPotion"}],"is_trial":false,"path_per_floor":["R","M","$","?","M","?","T","M","R","?","R","E","?","E","M","B",null,"R","M","M","M","M","?","T","M","?","R","M","R","E"],"character_chosen":"THE_CHAMP","items_purchased":[],"campfire_rested":1,"item_purchase_floors":[],"current_hp_per_floor":[90,88,83,90,88,81,81,81,81,81,81,68,47,33,33,33,90,90,80,80,72,31,31,31,13,13,40,38,38,0,0,0],"gold":341,"neow_bonus":"THREE_RARE_CARDS","is_daily":false,"chose_seed":false,"campfire_upgraded":4,"win_rate":0.0,"timestamp":1614204032,"path_taken":["R","M","$","?","M","?","T","M","R","?","R","E","?","E","M","BOSS","R","M","M","M","M","?","T","M","?","R","M","R","E"],"items_purchased_type":[],"build_version":"2020-12-22","purchased_purges":0,"victory":false,"max_hp_per_floor":[90,90,90,90,90,90,90,90,90,90,90,90,90,90,90,90,90,90,90,90,90,90,90,90,90,90,90,90,90,90,90,90],"relic_stats":{"Dream Catcher":1,"Centennial Puzzle":[24],"counters":[17,76],"Kunai":[14],"obtain_stats":[{"Bottled Flame":6,"Dream Catcher":7,"Centennial Puzzle":14,"WristBlade":13,"conspire:RoyalGoblet":17,"downfall:HeartBlessingRed":29,"Oddly Smooth Stone":12,"champ:ChampionCrown":0,"LetterFromLob":2,"Kunai":24,"hubris:Towel":23,"champ:FightingForDummies":26},{"Bottled Flame":4,"Dream Catcher":4,"Centennial Puzzle":8,"WristBlade":7,"conspire:RoyalGoblet":10,"downfall:HeartBlessingRed":16,"Oddly Smooth Stone":6,"champ:ChampionCrown":0,"LetterFromLob":1,"Kunai":14,"hubris:Towel":14,"champ:FightingForDummies":15},{"Bottled Flame":17,"Dream Catcher":17,"Centennial Puzzle":33,"WristBlade":30,"conspire:RoyalGoblet":39,"downfall:HeartBlessingRed":66,"Oddly Smooth Stone":26,"champ:ChampionCrown":0,"LetterFromLob":4,"Kunai":57,"hubris:Towel":57,"champ:FightingForDummies":62}]},"card_choices":[{"not_picked":["champ:Improvising","champ:EnchantCrown"],"picked":"champ:ShieldThrow","floor":0},{"not_picked":["champ:BladeFlurry","champ:PreemptiveStrike"],"picked":"champ:ShieldSigil","floor":2},{"not_picked":["champ:DeathBlow","champ:GladiatorStyle"],"picked":"champ:RisingSlash","floor":3},{"not_picked":["champ:Shatter","champ:Parry"],"picked":"champ:GutPunch","floor":5},{"not_picked":["champ:SwordSigil","champ:TornadoPunch"],"picked":"champ:Backstep","floor":6},{"not_picked":["champ:FlashCut","champ:BerserkerStyle"],"picked":"champ:IronFortress","floor":8},{"not_picked":["champ:GutPunch","champ:StanceDance"],"picked":"champ:TripleStrike","floor":12},{"not_picked":["champ:PreciseThrust","champ:TornadoPunch"],"picked":"champ:CrownThrow","floor":13},{"not_picked":["champ:Encircle","champ:CalledShot","champ:BerserkersShout"],"picked":"SKIP","floor":14},{"not_picked":["champ:CrownThrow","champ:Backstep"],"picked":"champ:FancyFootwork","floor":15},{"not_picked":["champ:EnchantSword","champ:MurderStrike"],"picked":"champ:ShieldThrow","floor":16},{"not_picked":["champ:BladeFlurry","champ:BerserkersShout"],"picked":"champ:FanOfKnives","floor":19},{"not_picked":["champ:EnGarde","champ:Endure"],"picked":"champ:ShieldSlam","floor":20},{"not_picked":["champ:FaceSlap","champ:StanceDance"],"picked":"champ:RageSigil+1","floor":21},{"not_picked":["champ:Encircle","champ:GutPunch+1"],"picked":"champ:FlashCut","floor":22},{"not_picked":["champ:Shatter","champ:ShieldSlam","champ:GutPunch"],"picked":"SKIP","floor":25},{"not_picked":["champ:ShieldSigil","champ:CrownThrow+1"],"picked":"champ:SteelEdge","floor":27},{"not_picked":["champ:BerserkersShout+1","champ:FanOfKnives"],"picked":"champ:BringItOn+1","floor":28}],"player_experience":529685,"relics_obtained":[{"floor":2,"key":"LetterFromLob"},{"floor":6,"key":"Bottled Flame"},{"floor":7,"key":"Dream Catcher"},{"floor":12,"key":"Oddly Smooth Stone"},{"floor":13,"key":"WristBlade"},{"floor":14,"key":"Centennial Puzzle"},{"floor":24,"key":"Kunai"}],"event_choices":[],"is_beta":false,"boss_relics":[{"not_picked":["Astrolabe","Cursed Key"],"picked":"conspire:RoyalGoblet"}],"items_purged_floors":[],"is_endless":false,"potions_floor_spawned":[2,5,13,15,22,28],"killed_by":"Gremlin Leader","ascension_level":1}}