{"host":"8lvnnmfamkc2d31d","time":1614134631,"event":{"mods":["2.2 Compatiblity","Act Like it!","BaseMod","Better Skull","Better Third Choice","Colored Map","Hallownest","Infinite Spire","Minty Spire (QoL Compilation)","Relic Stats","StSLib","The Bug Knight"],"gold_per_floor":[119,132,151,151,164,197,209,237,237,237,271,284,284,296,296,296,296],"floor_reached":16,"language":"ENG","playtime":999,"items_purged":[],"score":155,"play_id":"7fe25a2b-ea17-44dd-9db3-05f593e755c7","local_time":"20210223204351","is_ascension_mode":true,"campfire_choices":[{"data":"HollowMod:ZotesMagnificence","floor":10,"key":"SMITH"},{"data":"HollowMod:SiblingsSouls","floor":15,"key":"SMITH"}],"circlet_count":0,"master_deck":["HollowMod:NailStrikeStart","HollowMod:NailStrikeStart","HollowMod:QuickDashStart","HollowMod:QuickDashStart","HollowMod:QuickDashStart","HollowMod:QuickDashStart","HollowMod:FocusHealStart","HollowMod:PogoStrike","HollowMod:HeavyBlow","HollowMod:VengefulSpirit","HollowMod:SoulSplash","HollowMod:SharpenedNail","HollowMod:ZotesMagnificence+1","HollowMod:MonarchWings","HollowMod:HuntersJournal","HollowMod:SiblingsSouls+1","HollowMod:CycloneSlash"],"relics":["HollowMod:VesselMask","NeowsBlessing","Hallownest:DreamNailRelic","PreservedInsect","Regal Pillow","Art of War","Dream Catcher"],"acts_visited":["Hallownest:Greenpath"],"potions_floor_usage":[6,6,16,16,16],"damage_taken":[{"damage":0.0,"enemies":"2_ Uuma","floor":1.0,"turns":1.0},{"damage":0.0,"enemies":"Hallownest:monsterHuskGuard","floor":2.0,"turns":1.0},{"damage":0.0,"enemies":"Hallownest:2_MossCreeps","floor":3.0,"turns":1.0},{"damage":0.0,"enemies":"Hallownest:monsterMossCharger","floor":5.0,"turns":3.0},{"damage":22,"enemies":"Hallownest:eliteMossKnight","floor":6,"turns":6},{"damage":12,"enemies":"Hallownest:Guard_and_Warrior","floor":7,"turns":6},{"damage":0,"enemies":"Hallownest:eliteVengeflyKing","floor":8,"turns":4},{"damage":5,"enemies":"Hallownest:eliteMossKnight","floor":11,"turns":2},{"damage":4,"enemies":"Hallownest:MossCreep_and_Mosskin","floor":12,"turns":4},{"damage":4,"enemies":"Hallownest:monsterMarmu","floor":13,"turns":4},{"damage":0,"enemies":"Hallownest:monsterMossCharger","floor":14,"turns":4},{"damage":61,"enemies":"Hallownest:BossHornet","floor":16,"turns":11}],"seed_played":"1726354054019298156","potions_obtained":[{"floor":1.0,"key":"ColorlessPotion"},{"floor":2.0,"key":"SteroidPotion"},{"floor":7,"key":"Regen Potion"},{"floor":8,"key":"Ancient Potion"},{"floor":14,"key":"GamblersBrew"}],"is_trial":false,"path_per_floor":["M","M","M","?","M","E","M","E","T","R","E","M","?","M","R","B"],"character_chosen":"THE_BUGKNIGHT","items_purchased":[],"campfire_rested":0,"item_purchase_floors":[],"current_hp_per_floor":[75,75,75,75,75,53,47,47,47,47,42,44,40,40,40,0,0],"gold":296,"neow_bonus":"THREE_ENEMY_KILL","is_daily":false,"chose_seed":false,"campfire_upgraded":2,"win_rate":0.0,"timestamp":1614134631,"path_taken":["M","?","M","?","M","E","M","E","T","R","E","?","?","M","R","BOSS"],"items_purchased_type":[],"build_version":"2020-12-22","purchased_purges":0,"victory":false,"max_hp_per_floor":[75,75,75,75,75,75,75,75,75,75,75,75,75,75,75,75,75],"relic_stats":{"Regal Pillow":0,"Dream Catcher":0,"counters":[12,47],"PreservedInsect":47,"Art of War":[2],"obtain_stats":[{"Regal Pillow":8,"Dream Catcher":11,"NeowsBlessing":0,"HollowMod:VesselMask":0,"PreservedInsect":6,"Hallownest:DreamNailRelic":4,"Art of War":9},{"Regal Pillow":7,"Dream Catcher":8,"NeowsBlessing":0,"HollowMod:VesselMask":0,"PreservedInsect":5,"Hallownest:DreamNailRelic":3,"Art of War":7},{"Regal Pillow":22,"Dream Catcher":24,"NeowsBlessing":0,"HollowMod:VesselMask":0,"PreservedInsect":12,"Hallownest:DreamNailRelic":3,"Art of War":22}]},"card_choices":[{"not_picked":["HollowMod:CrystalDash","HollowMod:SharpenedNail"],"picked":"HollowMod:HeavyBlow","floor":1.0},{"not_picked":["HollowMod:SoulEater","HollowMod:RecoilStrike"],"picked":"HollowMod:VengefulSpirit","floor":2.0},{"not_picked":["HollowMod:VengefulSpirit","HollowMod:SoulShaman"],"picked":"HollowMod:SoulSplash","floor":3.0},{"not_picked":["HollowMod:WraithStrike","HollowMod:CornifersMapStart"],"picked":"HollowMod:SharpenedNail","floor":5.0},{"not_picked":["HollowMod:LifebloodCocoon","HollowMod:DashSlash"],"picked":"HollowMod:ZotesMagnificence","floor":6},{"not_picked":["HollowMod:SoulSplash","HollowMod:HowlingWraiths"],"picked":"HollowMod:MonarchWings","floor":7},{"not_picked":["HollowMod:LordofShades","HollowMod:VengefulSpirit"],"picked":"HollowMod:HuntersJournal","floor":8},{"not_picked":["HollowMod:DescendingDark","HollowMod:InfectedCysts"],"picked":"HollowMod:SiblingsSouls","floor":11},{"not_picked":["HollowMod:SiblingsSouls","HollowMod:InfectedAttack"],"picked":"HollowMod:CycloneSlash","floor":12},{"not_picked":["HollowMod:DesolateDive","HollowMod:HowlingWraiths","HollowMod:SharpenedShadows"],"picked":"SKIP","floor":14}],"player_experience":495558,"relics_obtained":[{"floor":6,"key":"PreservedInsect"},{"floor":8,"key":"Regal Pillow"},{"floor":9,"key":"Art of War"},{"floor":11,"key":"Dream Catcher"}],"event_choices":[],"is_beta":false,"boss_relics":[],"items_purged_floors":[],"is_endless":false,"potions_floor_spawned":[1,2,7,8,13,14],"killed_by":"Hallownest:BossHornet","ascension_level":1}}