{"host":"9oqmaaz8siap8kj6","time":1614209639,"event":{"mods":["BaseMod","Colored Map","Downfall","Marisa????????","Minty Spire (QoL Compilation)","Replay The Spire","StSLib"],"gold_per_floor":[115,190,190,39,63,95,123,170,170,198,233,277,353,392,392,502,502,530,457,372,406,0,0,48,48,48,48,92,137,176,176,176,307,307,377,377,428,34,118,118,118,43,43,123,23,131,185,292,292,328],"floor_reached":51,"language":"ENG","playtime":4630,"items_purged":["Parasite","Defend_MRS"],"score":1170,"play_id":"4f0ee34b-b3e8-43c4-8c4e-be949ff18794","local_time":"20210225003359","is_ascension_mode":true,"campfire_choices":[{"floor":15,"key":"REST"},{"floor":23,"key":"REST"},{"floor":25,"key":"REST"},{"floor":32,"key":"REST"},{"floor":40,"key":"REST"},{"floor":49,"key":"DIG"}],"circlet_count":0,"master_deck":["Defend_MRS","Defend_MRS+1","Defend_MRS+1","MasterSpark","UpSweep","OrrerysSun","DoubleSpark","ChargeUpSpray","ChargingUp","DoubleSpark","OrrerysSun","CasketOfStar+1","DoubleSpark","OrrerysSun","UltimateShortwave+1","Bite","Bite","Bite","Bite","Bite","PropBag","J.A.X.","CasketOfStar+1","Poisoned Strike+1","DoubleSpark+1","Singularity"],"relics":["MiniHakkero","NeowsBlessing","Replay:Bandana","Replay:Bottled Snecko","Ornamental Fan","BreadOfAWashokuLover","Toy Ornithopter","HandmadeGrimoire","Black Star","Mirror","Letter Opener","Bronze Scales","Bottled Tornado","Replay:Multitool","Tiny Chest","ExperimentalFamiliar","Guide Book","Matryoshka","Replay:Bottled Eggs","ReplayTheSpireMod:Shallot","Orichalcum","White Beast Statue","Pocketwatch","Pear","Mango","Regal Pillow","War Paint","Replay:Baseball"],"acts_visited":["Exordium","TheCity","TheBeyond"],"potions_floor_usage":[8,12,16,33,50,50,50],"damage_taken":[{"damage":0,"enemies":"Small Slimes","floor":1,"turns":1},{"damage":0,"enemies":"2 Louse","floor":5,"turns":1},{"damage":0,"enemies":"Lagavulin","floor":6,"turns":1},{"damage":1,"enemies":"Cultist","floor":7,"turns":3},{"damage":16,"enemies":"3 Sentries","floor":8,"turns":6},{"damage":0,"enemies":"Exordium Thugs","floor":10,"turns":4},{"damage":10,"enemies":"Lots of Slimes","floor":11,"turns":4},{"damage":18,"enemies":"Gremlin Nob","floor":12,"turns":4},{"damage":8,"enemies":"Large Slime","floor":14,"turns":5},{"damage":71,"enemies":"The Guardian","floor":16,"turns":14},{"damage":4,"enemies":"Spheric Guardian","floor":18,"turns":4},{"damage":24,"enemies":"3 Byrds","floor":21,"turns":6},{"damage":38,"enemies":"Slavers","floor":24,"turns":6},{"damage":29,"enemies":"Shelled Parasite and Fungi","floor":28,"turns":5},{"damage":10,"enemies":"Chosen and Byrds","floor":29,"turns":4},{"damage":12,"enemies":"Centurion and Healer","floor":30,"turns":5},{"damage":26,"enemies":"Pondfish","floor":33,"turns":7},{"damage":20,"enemies":"3 Darklings","floor":35,"turns":3},{"damage":0,"enemies":"Orb Walker","floor":37,"turns":1},{"damage":21,"enemies":"Writhing Mass","floor":39,"turns":5},{"damage":3,"enemies":"Giant Head","floor":44,"turns":4},{"damage":16,"enemies":"Mind Bloom Boss Battle","floor":46,"turns":3},{"damage":11,"enemies":"3 Darklings","floor":47,"turns":3},{"damage":3,"enemies":"Nemesis","floor":48,"turns":4},{"damage":26,"enemies":"Time Eater","floor":50,"turns":7}],"seed_played":"-1079216553776436440","potions_obtained":[{"floor":1,"key":"DuplicationPotion"},{"floor":3,"key":"FairyPotion"},{"floor":3,"key":"Regen Potion"},{"floor":12,"key":"bronze:BurnAndBuffPotion"},{"floor":28,"key":"Fire Potion"},{"floor":29,"key":"FearPotion"},{"floor":35,"key":"champ:CounterPotion"},{"floor":37,"key":"EssenceOfSteel"},{"floor":39,"key":"Flashbang"},{"floor":44,"key":"Guardian:BlockOnCardUsePotion"},{"floor":46,"key":"Explosive Potion"}],"is_trial":false,"path_per_floor":["M","?","?","$","M","E","M","E","T","M","M","E","T","M","R","B",null,"M","$","?","M","$","R","E","R","T","?","M","M","M","?","R","B",null,"M","?","M","$","M","R","T","$","T","E","$","?","M","E","R","B",null],"character_chosen":"MARISA","items_purchased":["Replay:Bandana","OrrerysSun","Letter Opener","Bronze Scales","Guide Book","Matryoshka"],"campfire_rested":5,"item_purchase_floors":[4,19,22,22,38,38],"current_hp_per_floor":[75,64,64,64,64,64,63,47,47,47,37,31,31,23,45,1,75,71,71,71,47,47,69,31,53,53,52,37,33,29,29,44,41,52,36,36,40,40,27,42,42,42,42,53,53,55,46,51,51,52],"gold":328,"neow_bonus":"THREE_ENEMY_KILL","is_daily":false,"chose_seed":false,"campfire_upgraded":0,"win_rate":0.0,"timestamp":1614209639,"path_taken":["M","?","?","$","?","E","M","E","T","M","M","E","?","?","R","BOSS","M","$","?","M","$","R","E","R","T","?","M","M","M","?","R","BOSS","M","?","M","$","M","R","?","$","T","E","$","?","M","E","R","BOSS"],"items_purchased_type":["Relic","Card","Relic","Relic","Relic","Relic"],"build_version":"2020-12-22","purchased_purges":2,"victory":true,"max_hp_per_floor":[75,75,75,75,75,75,75,75,75,75,75,75,75,75,75,75,75,75,75,75,75,75,75,75,75,75,52,52,52,52,52,52,52,52,52,52,52,52,52,52,52,49,49,59,59,73,73,73,73,73],"card_choices":[{"not_picked":["SuperPerseids","IllusionStar"],"picked":"OrrerysSun","floor":1},{"not_picked":["GrandCross","ShootingEcho"],"picked":"DoubleSpark","floor":5},{"not_picked":["Orbital","AlicesGift"],"picked":"ChargeUpSpray","floor":6},{"not_picked":["ShootTheMoon","EventHorizon","ShootingEcho"],"picked":"SKIP","floor":7},{"not_picked":["UnstableBomb","MilkyWay","SprinkleStarSeal"],"picked":"SKIP","floor":8},{"not_picked":["MachineGunSpark","GrandCross"],"picked":"ChargingUp","floor":10},{"not_picked":["OneTimeOff","ManaConvection"],"picked":"DoubleSpark","floor":11},{"not_picked":["BigCrunch","DeepEcoloBomb","IllusionStar"],"picked":"SKIP","floor":12},{"not_picked":["IllusionStar","DragonMeteor"],"picked":"OrrerysSun","floor":14},{"not_picked":["StarDustReverie","CollectingQuirk"],"picked":"CasketOfStar","floor":16},{"not_picked":["GalacticHalo+1","AsteroidBelt"],"picked":"DoubleSpark","floor":18},{"not_picked":["GrandCross","WitchOfGreed","GravityBeat"],"picked":"SKIP","floor":21},{"not_picked":["GalacticHalo+1","SprinkleStarSeal"],"picked":"UltimateShortwave","floor":24},{"not_picked":["DarkSpark+1","GalacticHalo","DarkMatter"],"picked":"SKIP","floor":28},{"not_picked":["MachineGunSpark","6A"],"picked":"PropBag","floor":29},{"not_picked":["DC","SporeBomb","RefractionSpark"],"picked":"SKIP","floor":30},{"not_picked":["MillisecondPulsars","UltimateShortwave"],"picked":"CasketOfStar","floor":33},{"not_picked":["OpenUniverse+1","Robbery","6A"],"picked":"SKIP","floor":35},{"not_picked":["Dark Shackles","Impatience"],"picked":"Poisoned Strike","floor":36},{"not_picked":["DC+1","IllusionStar","UnstableBomb"],"picked":"SKIP","floor":37},{"not_picked":["UnstableBomb","LuminesStrike+1","WitchOfGreed+1"],"picked":"SKIP","floor":39},{"not_picked":["UnstableBomb","LuminesStrike+1","WitchOfGreed+1"],"picked":"SKIP","floor":39},{"not_picked":["OortCloud+1","AbsoluteMagnitude"],"picked":"DoubleSpark+1","floor":44},{"not_picked":["6A+1","PowerUp"],"picked":"Singularity","floor":47},{"not_picked":["GravityBeat","DC","IllusionStar"],"picked":"SKIP","floor":48}],"player_experience":234645,"relics_obtained":[{"floor":6,"key":"Replay:Bottled Snecko"},{"floor":8,"key":"Ornamental Fan"},{"floor":9,"key":"BreadOfAWashokuLover"},{"floor":12,"key":"Toy Ornithopter"},{"floor":13,"key":"HandmadeGrimoire"},{"floor":24,"key":"Bottled Tornado"},{"floor":24,"key":"Replay:Multitool"},{"floor":26,"key":"Tiny Chest"},{"floor":41,"key":"Replay:Bottled Eggs"},{"floor":41,"key":"ReplayTheSpireMod:Shallot"},{"floor":43,"key":"Orichalcum"},{"floor":43,"key":"White Beast Statue"},{"floor":44,"key":"Pocketwatch"},{"floor":44,"key":"Pear"},{"floor":46,"key":"Mango"},{"floor":48,"key":"Regal Pillow"},{"floor":48,"key":"War Paint"},{"floor":49,"key":"Replay:Baseball"}],"event_choices":[{"damage_healed":0,"gold_gain":75,"player_choice":"Gather Gold","damage_taken":11,"max_hp_gain":0,"max_hp_loss":0,"event_name":"World of Goop","floor":2,"gold_loss":0},{"damage_healed":0,"gold_gain":0,"player_choice":"Got Potions","damage_taken":0,"max_hp_gain":0,"max_hp_loss":0,"event_name":"Lab","floor":3,"gold_loss":0},{"damage_healed":0,"gold_gain":0,"player_choice":"Obtained Relic","damage_taken":0,"relics_obtained":["Mirror"],"max_hp_gain":0,"max_hp_loss":0,"event_name":"Addict","floor":20,"gold_loss":85},{"damage_healed":0,"gold_gain":0,"player_choice":"Became a vampire","damage_taken":0,"max_hp_gain":0,"max_hp_loss":23,"event_name":"Vampires","floor":27,"gold_loss":0,"cards_obtained":["Bite","Bite","Bite","Bite","Bite"]},{"damage_healed":0,"gold_gain":0,"player_choice":"Obtain J.A.X.","damage_taken":0,"max_hp_gain":0,"max_hp_loss":0,"event_name":"Drug Dealer","floor":31,"gold_loss":0,"cards_obtained":["J.A.X."]},{"damage_healed":0,"gold_gain":0,"player_choice":"Memory 1","damage_taken":0,"max_hp_gain":0,"max_hp_loss":0,"event_name":"SensoryStone","floor":36,"gold_loss":0},{"damage_healed":0,"gold_gain":0,"player_choice":"Fight","damage_taken":0,"max_hp_gain":0,"max_hp_loss":0,"event_name":"MindBloom","floor":46,"gold_loss":0}],"is_beta":false,"boss_relics":[{"not_picked":["Philosopher\u0027s Stone","Replay:Wanted Poster"],"picked":"Black Star"},{"not_picked":["Kintsugi","Honey Jar"],"picked":"ExperimentalFamiliar"}],"items_purged_floors":[42,45],"is_endless":false,"potions_floor_spawned":[1,5,7,12,28,29,35,37,39,44,46,47,48],"ascension_level":1}}