{"host":"5h6e4l6hpn0p5lap","time":1614191716,"event":{"mods":["AchievementEnabler","BaseMod","Better Altar","Better Match","Better Sensory Stone","Better Skull","Better Third Choice","Colored Map","Filter the Spire","Minty Spire (QoL Compilation)","StSLib"],"gold_per_floor":[113,131,150,22,22,22,52,82,109,109,121,121,151,171,171,171,171],"floor_reached":16,"language":"ENG","playtime":653,"items_purged":["Defend_R"],"score":160,"play_id":"649cfeed-3e4e-4e9f-bc45-c47fc6d78911","local_time":"20210224133516","is_ascension_mode":true,"campfire_choices":[{"data":"Body Slam","floor":6,"key":"SMITH"},{"floor":10,"key":"REST"},{"data":"Perfected Strike","floor":12,"key":"SMITH"},{"data":"Pommel Strike","floor":15,"key":"SMITH"}],"circlet_count":0,"master_deck":["Strike_R","Strike_R+1","Strike_R","Strike_R","Strike_R","Defend_R","Defend_R","Defend_R","Bash","Body Slam+1","Pommel Strike+1","Shrug It Off","Sword Boomerang","Perfected Strike+1","Wild Strike","Shrug It Off","Pommel Strike+1"],"relics":["Burning Blood","Omamori","Juzu Bracelet","Oddly Smooth Stone"],"acts_visited":["Exordium"],"potions_floor_usage":[3,8,13,13],"damage_taken":[{"damage":6,"enemies":"Cultist","floor":1,"turns":3},{"damage":5,"enemies":"Small Slimes","floor":2,"turns":3},{"damage":5,"enemies":"2 Louse","floor":3,"turns":2},{"damage":32,"enemies":"Lagavulin","floor":8,"turns":6},{"damage":1,"enemies":"2 Fungi Beasts","floor":11,"turns":3},{"damage":4,"enemies":"3 Sentries","floor":13,"turns":6},{"damage":1,"enemies":"3 Louse","floor":14,"turns":3},{"damage":76,"enemies":"The Guardian","floor":16,"turns":11}],"seed_played":"7014806969880980240","potions_obtained":[{"floor":0,"key":"ElixirPotion"},{"floor":0,"key":"FearPotion"},{"floor":0,"key":"EssenceOfSteel"},{"floor":1,"key":"Fire Potion"},{"floor":8,"key":"BlessingOfTheForge"},{"floor":11,"key":"Strength Potion"}],"is_trial":false,"path_per_floor":["M","M","M","$","?","R","?","E","T","R","M","R","E","M","R","B"],"character_chosen":"IRONCLAD","items_purchased":["Sword Boomerang"],"campfire_rested":1,"item_purchase_floors":[4],"current_hp_per_floor":[72,73,74,74,58,58,58,32,32,56,61,61,63,68,68,0,0],"gold":171,"neow_bonus":"THREE_SMALL_POTIONS","is_daily":false,"chose_seed":false,"campfire_upgraded":3,"win_rate":0.0,"timestamp":1614191716,"path_taken":["M","M","?","$","?","R","?","E","T","R","M","R","E","M","R","BOSS"],"items_purchased_type":["Card"],"build_version":"2020-12-22","purchased_purges":1,"victory":false,"max_hp_per_floor":[80,80,80,80,80,80,80,80,80,80,80,80,80,80,80,80,80],"card_choices":[{"not_picked":["Infernal Blade","Shrug It Off"],"picked":"Body Slam","floor":1},{"not_picked":["Disarm","Wild Strike"],"picked":"Pommel Strike","floor":2},{"not_picked":["Shockwave","Infernal Blade"],"picked":"Shrug It Off","floor":3},{"not_picked":["Impervious","Flame Barrier"],"picked":"Perfected Strike","floor":8},{"not_picked":["Metallicize","Perfected Strike"],"picked":"Wild Strike","floor":11},{"not_picked":["Pummel","Clothesline"],"picked":"Shrug It Off","floor":13},{"not_picked":["Impervious","Rage"],"picked":"Pommel Strike","floor":14}],"player_experience":1168368,"relics_obtained":[{"floor":8,"key":"Omamori"},{"floor":9,"key":"Juzu Bracelet"},{"floor":13,"key":"Oddly Smooth Stone"}],"event_choices":[{"damage_healed":74,"gold_gain":0,"player_choice":"Upgrade","damage_taken":16,"max_hp_gain":0,"max_hp_loss":80,"event_name":"betterThird:BetterShining","floor":5,"gold_loss":0,"cards_upgraded":["Strike_R","Pommel Strike"]},{"damage_healed":0,"gold_gain":30,"player_choice":"Searched \u00271\u0027 times","damage_taken":0,"max_hp_gain":0,"max_hp_loss":0,"event_name":"Dead Adventurer","floor":7,"gold_loss":0}],"is_beta":false,"boss_relics":[],"items_purged_floors":[4],"is_endless":false,"potions_floor_spawned":[1,8,11],"killed_by":"The Guardian","ascension_level":9}}