{"host":"t6r1isv2bex5ovch","time":1614160455,"event":{"mods":["AchievementEnabler","Act Like it!","Aspiration","BaseMod","Better Altar","Better Match","Better Note","Better Sensory Stone","Better Skull","Better Third Choice","Better Vampires","Bossed Relics","Colored Powertips","Displayed Cursed Tome","Evolution","Fox Events","Gremlin Skip","Halation","Highlight Path","Hubris","Infinite Spire","Minty Spire (QoL Compilation)","Reliquary","Ruina","Spire Arcade","StSLib"],"gold_per_floor":[117,6,24,24,24,24,68,106,206,239,257,257,280,303,303,303,303],"floor_reached":16,"language":"ENG","playtime":1006,"items_purged":["Defend_B"],"score":187,"play_id":"91fe7b31-2019-4e90-82ec-4c9e146589e5","local_time":"20210224205415","is_ascension_mode":true,"campfire_choices":[{"data":"White Noise","floor":6.0,"key":"SMITH"},{"data":"Sunder","floor":12.0,"key":"SMITH"},{"data":"Zap","floor":15.0,"key":"SMITH"}],"circlet_count":0,"master_deck":["Compile Driver","Compile Driver","Compile Driver","Compile Driver","Defend_B","Defend_B","Defend_B","Zap+1","Dualcast","Ball Lightning","Sunder+1","White Noise+1","Conserve Battery","Conserve Battery"],"relics":["EVO:Axolotl","halation:SimulatedSpire","Golden Idol","foxEvents:LuckyCharm","hubris:DeckOfHolding","Smiling Mask"],"acts_visited":["Exordium"],"potions_floor_usage":[16],"damage_taken":[{"damage":0.0,"enemies":"Small Slimes","floor":1.0,"turns":3.0},{"damage":4.0,"enemies":"Jaw Worm","floor":3.0,"turns":3.0},{"damage":3.0,"enemies":"Colosseum Slavers","floor":7.0,"turns":3.0},{"damage":15.0,"enemies":"Lagavulin","floor":8.0,"turns":6.0},{"damage":0.0,"enemies":"3 Sentries","floor":10.0,"turns":4.0},{"damage":0.0,"enemies":"Cultist","floor":11.0,"turns":3.0},{"damage":0.0,"enemies":"2 Fungi Beasts","floor":13.0,"turns":2.0},{"damage":3.0,"enemies":"3 Louse","floor":14.0,"turns":3.0},{"damage":34,"enemies":"The Guardian","floor":16,"turns":8}],"seed_played":"-295604434829108583","potions_obtained":[{"floor":3.0,"key":"Explosive Potion"},{"floor":7.0,"key":"Strength Potion"},{"floor":13.0,"key":"Energy Potion"}],"is_trial":false,"path_per_floor":["M","$","M","?","$","R","?","E","T","E","M","R","M","M","R","B"],"character_chosen":"DEFECT","items_purchased":["Sunder"],"campfire_rested":0,"item_purchase_floors":[2],"current_hp_per_floor":[75,75,71,53,53,53,50,35,35,35,35,35,35,32,32,0,0],"gold":303,"neow_bonus":"SIMULATED_SPIRE","is_daily":false,"chose_seed":false,"campfire_upgraded":3,"win_rate":0.0,"timestamp":1614160455,"path_taken":["M","$","M","?","$","R","?","E","T","E","?","R","M","M","R","BOSS"],"items_purchased_type":["Card"],"build_version":"2020-12-22","purchased_purges":1,"victory":false,"max_hp_per_floor":[75,75,75,75,75,75,75,75,75,75,75,75,75,75,75,75,75],"card_choices":[{"not_picked":["Redo","Loop"],"picked":"Ball Lightning","floor":1.0},{"not_picked":["Streamline","Scrape"],"picked":"White Noise","floor":3.0},{"not_picked":["hubris:DoWhile","Glacier","Gash"],"picked":"SKIP","floor":8.0},{"not_picked":["hubris:DoWhile","Glacier","Gash"],"picked":"SKIP","floor":8.0},{"not_picked":["hubris:DoWhile","Glacier","Gash"],"picked":"SKIP","floor":8.0},{"not_picked":["Double Energy","Force Field"],"picked":"Conserve Battery","floor":10.0},{"not_picked":["Compile Driver","Reinforced Body","Defragment"],"picked":"SKIP","floor":11.0},{"not_picked":["Chaos","Steam","Auto Shields"],"picked":"SKIP","floor":13.0},{"not_picked":["Undo","Redo"],"picked":"Conserve Battery","floor":14.0},{"not_picked":["Cold Snap","Leap","Aggregate"],"picked":"SKIP","floor":14.0},{"not_picked":["Cold Snap","Leap","Aggregate"],"picked":"SKIP","floor":14.0}],"player_experience":411599,"relics_obtained":[{"floor":7.0,"key":"foxEvents:LuckyCharm"},{"floor":8.0,"key":"hubris:DeckOfHolding"},{"floor":10.0,"key":"Smiling Mask"}],"event_choices":[{"damage_healed":0.0,"max_hp_gain":0.0,"max_hp_loss":0.0,"gold_gain":0.0,"event_name":"Golden Idol","player_choice":"Take Damage","floor":4.0,"gold_loss":0.0,"damage_taken":18.0,"relics_obtained":["Golden Idol"]}],"is_beta":false,"boss_relics":[],"items_purged_floors":[2],"is_endless":false,"potions_floor_spawned":[3,7,13],"killed_by":"The Guardian","ascension_level":4}}