{"host":"kmq7aw60w430zvtx","time":1614161284,"event":{"mods":["Aspiration","BaseMod","Downfall","GifTheSpireLib","Hermit","Hubris","Infinite Spire","Minty Spire (QoL Compilation)","Reliquary","Replay The Spire","Spire Arcade","StSLib","The Construct","The Cursed","The Hierophant","The Jungle","The Necromancer","The Runesmith"],"gold_per_floor":[110,39,57,57,57,57,95,95,120,145,145,170,211,234,234,344,344,342,351,378,378,378],"floor_reached":21,"language":"ENG","playtime":944,"items_purged":[],"score":217,"play_id":"ec417af9-ba8e-4004-b52c-d739767c0398","local_time":"20210224110804","is_ascension_mode":true,"campfire_choices":[{"floor":6,"key":"RECALL"},{"data":"Zap","floor":11,"key":"SMITH"},{"floor":15,"key":"REST"}],"circlet_count":0,"master_deck":["Strike_B","Strike_B","Strike_B+1","Strike_B","Defend_B+1","Defend_B","Defend_B","Defend_B","Zap+1","Dualcast","hubris:Ukulele","FIFO Queue","Consume","Cold Snap+1","Cold Snap","Sweeping Beam","Rainbow","Redo","Chill","All For One","Redo","infinitespire:Collect","Runesmith:Grindstone"],"relics":["Cracked Core","CeramicFish","Replay:Baseball","Simple Rune","aspiration:RunesmithSkillbook","Pocketwatch"],"acts_visited":["Exordium","TheCity"],"potions_floor_usage":[13,16,18,21],"damage_taken":[{"damage":27,"enemies":"infinitespire:Voidling","floor":1,"turns":4},{"damage":0,"enemies":"Cultist","floor":3,"turns":3},{"damage":19,"enemies":"3 Sentries","floor":7,"turns":8},{"damage":0,"enemies":"2 Louse","floor":10,"turns":3},{"damage":7,"enemies":"Looter","floor":12,"turns":3},{"damage":9,"enemies":"Lagavulin","floor":13,"turns":7},{"damage":0,"enemies":"Large Slime","floor":14,"turns":4},{"damage":12,"enemies":"Slime Boss","floor":16,"turns":8},{"damage":19,"enemies":"2 Thieves","floor":18,"turns":4},{"damage":28,"enemies":"Shell Parasite","floor":20,"turns":5},{"damage":31,"enemies":"Shelled Parasite and Fungi","floor":21,"turns":3}],"seed_played":"-891102086031549473","potions_obtained":[{"floor":3,"key":"BlessingOfTheForge"},{"floor":7,"key":"Weak Potion"},{"floor":12,"key":"Block Potion"},{"floor":16,"key":"hexamod:SoulburnPotion"},{"floor":18,"key":"PowerPotion"}],"is_trial":false,"path_per_floor":["M","$","M","T","?","R","E","$","T","M","R","M","E","M","R","B",null,"M","AVR","M","M"],"character_chosen":"DEFECT","items_purchased":["FIFO Queue"],"campfire_rested":1,"item_purchase_floors":[2],"current_hp_per_floor":[57,57,57,57,57,57,38,38,38,38,38,31,22,22,44,32,75,56,56,28,0,0],"gold":378,"neow_bonus":"THREE_CARDS","is_daily":false,"chose_seed":false,"campfire_upgraded":1,"win_rate":0.0,"timestamp":1614161284,"path_taken":["M","$","?","?","?","R","E","$","T","M","R","M","E","M","R","BOSS","M","AVR","M","M"],"items_purchased_type":["Card"],"build_version":"2020-12-22","purchased_purges":0,"victory":false,"max_hp_per_floor":[75,75,75,75,75,75,75,75,75,75,75,75,75,75,75,75,75,75,75,75,75,75],"card_choices":[{"not_picked":["Crystallizer","Sweeping Beam"],"picked":"Conserve Battery","floor":0},{"not_picked":["Streamline","Gash"],"picked":"hubris:Ukulele","floor":1},{"not_picked":["Panic Button","Gash"],"picked":"Consume","floor":3},{"not_picked":["Coolheaded","hubris:PowerSurge"],"picked":"Cold Snap","floor":7},{"not_picked":["Crystallizer","Gash"],"picked":"Sweeping Beam","floor":10},{"not_picked":["Stack","Conserve Battery"],"picked":"Rainbow","floor":12},{"not_picked":["Auto Shields","Heatsinks"],"picked":"Redo","floor":13},{"not_picked":["Doom and Gloom","ReplayTheSpireMod:Repulse"],"picked":"Chill","floor":14},{"not_picked":["Biased Cognition","hubris:SpecializedCircuitry"],"picked":"All For One","floor":16},{"not_picked":["Rebound","ReplayTheSpireMod:System Scan","Runesmith:CraftObretio+1"],"picked":"Redo","floor":18},{"not_picked":["Steam+1","Sweeping Beam","Skim"],"picked":"Runesmith:Grindstone","floor":20}],"player_experience":415382,"relics_obtained":[{"floor":7,"key":"CeramicFish"},{"floor":9,"key":"Replay:Baseball"},{"floor":13,"key":"Simple Rune"}],"event_choices":[],"is_beta":false,"boss_relics":[{"not_picked":["Runesmith:UraniumAnvil","Replay:Bronze Core"],"picked":"aspiration:RunesmithSkillbook"}],"items_purged_floors":[],"is_endless":false,"potions_floor_spawned":[3,7,12,16,18],"killed_by":"Shelled Parasite and Fungi","ascension_level":3}}