{"host":"4xh8v5undae39mue","time":1614198714,"event":{"mods":["AchievementEnabler","BaseMod","Minty Spire (QoL Compilation)"],"gold_per_floor":[161,179,179,193,47,72,72,103,157,168,181,206,206,206,206,310,310,325,133,144,144,164,164,190,210,256,256,256,256],"floor_reached":28,"language":"ENG","playtime":3464,"items_purged":["Strike_P"],"score":298,"play_id":"5c509fdc-3050-4ac8-991e-ba32e9edeb77","local_time":"20210224153154","is_ascension_mode":true,"campfire_choices":[{"data":"Adaptation","floor":7,"key":"SMITH"},{"floor":13,"key":"REST"},{"data":"Fasting2","floor":15,"key":"SMITH"},{"data":"Study","floor":23,"key":"SMITH"}],"circlet_count":0,"master_deck":["Strike_P","Strike_P","Strike_P","Defend_P","Defend_P","Defend_P","Defend_P+1","Eruption+1","Vigilance","ThirdEye","ClearTheMind","CutThroughFate","Adaptation+1","Fasting2+1","FlurryOfBlows","Evaluate","Wish","EmptyFist","Crescendo","FlurryOfBlows","Study+1","EmptyMind","J.A.X."],"relics":["Tiny House","Strange Spoon","Shuriken","Lantern","Akabeko","Odd Mushroom","Philosopher\u0027s Stone","TeardropLocket"],"acts_visited":["Exordium","TheCity"],"potions_floor_usage":[6,6,8,11,16,18,24,25],"damage_taken":[{"damage":0,"enemies":"Small Slimes","floor":1,"turns":4},{"damage":3,"enemies":"Cultist","floor":2,"turns":4},{"damage":0,"enemies":"Jaw Worm","floor":4,"turns":2},{"damage":22,"enemies":"Lagavulin","floor":6,"turns":6},{"damage":25,"enemies":"Gremlin Nob","floor":8,"turns":4},{"damage":4,"enemies":"Exordium Wildlife","floor":10,"turns":3},{"damage":13,"enemies":"Blue Slaver","floor":11,"turns":5},{"damage":7,"enemies":"The Mushroom Lair","floor":12,"turns":4},{"damage":15,"enemies":"Hexaghost","floor":16,"turns":7},{"damage":34,"enemies":"3 Byrds","floor":18,"turns":5},{"damage":13,"enemies":"Spheric Guardian","floor":20,"turns":4},{"damage":1,"enemies":"3 Cultists","floor":22,"turns":4},{"damage":33,"enemies":"Slavers","floor":24,"turns":6},{"damage":21,"enemies":"Snake Plant","floor":25,"turns":4},{"damage":26,"enemies":"Shelled Parasite and Fungi","floor":28,"turns":3}],"seed_played":"-1000471657035868475","potions_obtained":[{"floor":0,"key":"ColorlessPotion"},{"floor":2,"key":"BottledMiracle"},{"floor":4,"key":"LiquidMemories"},{"floor":10,"key":"Fruit Juice"},{"floor":11,"key":"FairyPotion"},{"floor":12,"key":"Fire Potion"},{"floor":16,"key":"StancePotion"},{"floor":24,"key":"ColorlessPotion"}],"is_trial":false,"path_per_floor":["M","M","?","M","$","E","R","E","T","M","M","?","R","?","R","B",null,"M","$","M","?","M","R","E","M","T","?","M"],"character_chosen":"WATCHER","items_purchased":["Strange Spoon","LiquidMemories","EmptyFist"],"campfire_rested":1,"item_purchase_floors":[5,19,19],"current_hp_per_floor":[77,74,74,74,74,52,52,27,27,23,15,8,32,37,37,22,87,53,53,40,40,39,39,6,16,16,16,0,0],"gold":256,"neow_bonus":"BOSS_RELIC","is_daily":false,"chose_seed":false,"campfire_upgraded":3,"win_rate":0.0,"timestamp":1614198714,"path_taken":["M","M","?","M","?","E","R","E","T","?","M","?","R","?","R","BOSS","M","$","M","?","M","R","E","M","T","?","M"],"items_purchased_type":["Relic","Potion","Card"],"build_version":"2020-12-22","purchased_purges":1,"victory":false,"max_hp_per_floor":[77,77,77,77,77,77,77,77,77,77,82,82,82,87,87,87,87,87,87,87,87,87,87,87,87,87,87,87,87],"card_choices":[{"not_picked":["WindmillStrike","ClearTheMind"],"picked":"ThirdEye","floor":0},{"not_picked":["Protect","Meditate"],"picked":"ClearTheMind","floor":1},{"not_picked":["FearNoEvil","PathToVictory"],"picked":"CutThroughFate","floor":2},{"not_picked":["CutThroughFate","FlyingSleeves"],"picked":"Adaptation","floor":4},{"not_picked":["Meditate","EmptyMind","CrushJoints"],"picked":"SKIP","floor":6},{"not_picked":["Devotion","ClearTheMind"],"picked":"Fasting2","floor":8},{"not_picked":["Tantrum","Pray"],"picked":"FlurryOfBlows","floor":10},{"not_picked":["ClearTheMind","Worship","FlurryOfBlows"],"picked":"SKIP","floor":11},{"not_picked":["Consecrate","SashWhip"],"picked":"Evaluate","floor":12},{"not_picked":["Establishment","Judgement"],"picked":"Wish","floor":16},{"not_picked":["Protect","SashWhip","WaveOfTheHand+1"],"picked":"SKIP","floor":18},{"not_picked":["EmptyBody","InnerPeace"],"picked":"Crescendo","floor":20},{"not_picked":["Indignation","ForeignInfluence"],"picked":"Study","floor":22},{"not_picked":["FlurryOfBlows+1","Protect"],"picked":"EmptyMind","floor":24},{"not_picked":["SashWhip","BowlingBash","Crescendo+1"],"picked":"SKIP","floor":25}],"player_experience":254967,"relics_obtained":[{"floor":6,"key":"Shuriken"},{"floor":8,"key":"Lantern"},{"floor":9,"key":"Akabeko"},{"floor":12,"key":"Odd Mushroom"},{"floor":24,"key":"TeardropLocket"}],"event_choices":[{"damage_healed":0,"gold_gain":0,"player_choice":"Forge","damage_taken":0,"max_hp_gain":0,"max_hp_loss":0,"event_name":"Accursed Blacksmith","floor":3,"gold_loss":0,"cards_upgraded":["Eruption"]},{"damage_healed":0,"gold_gain":0,"player_choice":"Fought Mushrooms","damage_taken":0,"max_hp_gain":0,"max_hp_loss":0,"event_name":"Mushrooms","floor":12,"gold_loss":0},{"damage_healed":0,"gold_gain":0,"player_choice":"Donut","damage_taken":0,"max_hp_gain":5,"max_hp_loss":0,"event_name":"Big Fish","floor":14,"gold_loss":0},{"damage_healed":0,"gold_gain":0,"player_choice":"Read","damage_taken":0,"max_hp_gain":0,"max_hp_loss":0,"event_name":"The Library","floor":21,"gold_loss":0,"cards_obtained":["FlurryOfBlows"]},{"damage_healed":0,"gold_gain":0,"player_choice":"Obtain J.A.X.","damage_taken":0,"max_hp_gain":0,"max_hp_loss":0,"event_name":"Drug Dealer","floor":27,"gold_loss":0,"cards_obtained":["J.A.X."]}],"is_beta":false,"boss_relics":[{"not_picked":["SacredBark","Runic Pyramid"],"picked":"Philosopher\u0027s Stone"}],"items_purged_floors":[19],"is_endless":false,"potions_floor_spawned":[2,4,10,11,12,16,24],"killed_by":"Shelled Parasite and Fungi","ascension_level":2}}