{"host":"zxd2l8an9de7z7b9","time":1614165596,"event":{"mods":["100% Spire Juice","2.2 Compatiblity","AchievementEnabler","BaseMod","CapriCore","Colored Map","Colored Powertips","Marisa£¨Ùöéë¡¡Øª×âÞÞ£©","Minty Spire (QoL Compilation)","Rare Cards Sparkle","StSLib","SuperFastMode","Td1madao Mod","everything is the same but u backflip on backflip"],"gold_per_floor":[113,113,113,113,124,124,136,150,173,123,123,137,137,154,154,251,251,264,279,93,106,123,123,123,73,155,168,188,188,220,133,133,238,238,255,255,128,144,144,144,172,172,172,189,203,253,272,222,222,222],"floor_reached":51,"language":"KOR","playtime":1760,"items_purged":["Defend_P","Strike_P","Strike_P+1","Defend_P+1","Defend_P+1","Consecrate+1"],"score":864,"play_id":"8604f38e-02fd-44f8-8918-86ba826c1471","local_time":"20210224201956","is_ascension_mode":false,"campfire_choices":[{"data":"Eruption","floor":6.0,"key":"SMITH"},{"data":"CrushJoints","floor":13.0,"key":"SMITH"},{"data":"FearNoEvil","floor":15.0,"key":"SMITH"},{"floor":23.0,"key":"REST"},{"floor":29.0,"key":"REST"},{"data":"Ragnarok","floor":32.0,"key":"SMITH"},{"data":"Adaptation","floor":40.0,"key":"SMITH"},{"data":"MentalFortress","floor":42.0,"key":"SMITH"},{"floor":49,"key":"REST"}],"circlet_count":0,"master_deck":["Eruption+1","Vigilance+1","FearNoEvil+1","CrushJoints+1","LessonLearned+1","DeusExMachina+1","Ragnarok+1","MentalFortress+1","Adaptation+1"],"relics":["PureWater","NeowsBlessing","Smiling Mask","Runic Pyramid","Ornamental Fan","Whetstone","The Courier","Mercury Hourglass","GoldenEye"],"acts_visited":["Exordium","TheCity","TheBeyond"],"potions_floor_usage":[50,50],"damage_taken":[{"damage":0.0,"enemies":"Small Slimes","floor":1.0,"turns":1.0},{"damage":0.0,"enemies":"Jaw Worm","floor":5.0,"turns":1.0},{"damage":0.0,"enemies":"2 Louse","floor":7.0,"turns":1.0},{"damage":3.0,"enemies":"Exordium Wildlife","floor":8.0,"turns":4.0},{"damage":4.0,"enemies":"Exordium Thugs","floor":12.0,"turns":2.0},{"damage":0.0,"enemies":"Gremlin Gang","floor":14.0,"turns":1.0},{"damage":16.0,"enemies":"The Guardian","floor":16.0,"turns":7.0},{"damage":0.0,"enemies":"Spheric Guardian","floor":18.0,"turns":3.0},{"damage":14.0,"enemies":"2 Thieves","floor":19.0,"turns":3.0},{"damage":2.0,"enemies":"Cultist and Chosen","floor":21.0,"turns":3.0},{"damage":0.0,"enemies":"Centurion and Healer","floor":22.0,"turns":3.0},{"damage":0.0,"enemies":"Snake Plant","floor":27.0,"turns":3.0},{"damage":0.0,"enemies":"Shelled Parasite and Fungi","floor":28.0,"turns":3.0},{"damage":12.0,"enemies":"Slavers","floor":30.0,"turns":4.0},{"damage":0.0,"enemies":"Collector","floor":33.0,"turns":4.0},{"damage":0.0,"enemies":"3 Darklings","floor":35.0,"turns":3.0},{"damage":0.0,"enemies":"Orb Walker","floor":38.0,"turns":1.0},{"damage":0.0,"enemies":"Giant Head","floor":41.0,"turns":4.0},{"damage":29.0,"enemies":"4 Shapes","floor":44.0,"turns":5.0},{"damage":5,"enemies":"Writhing Mass","floor":45,"turns":3},{"damage":0,"enemies":"Mind Bloom Boss Battle","floor":46,"turns":3},{"damage":0,"enemies":"3 Darklings","floor":47,"turns":2},{"damage":24,"enemies":"Donu and Deca","floor":50,"turns":4}],"seed_played":"460815521658372397","potions_obtained":[{"floor":1.0,"key":"AttackPotion"},{"floor":7.0,"key":"GamblersBrew"},{"floor":14.0,"key":"Weak Potion"},{"floor":18.0,"key":"Explosive Potion"},{"floor":22.0,"key":"Energy Potion"},{"floor":28.0,"key":"EssenceOfSteel"},{"floor":30.0,"key":"PowerPotion"},{"floor":38.0,"key":"Block Potion"},{"floor":41.0,"key":"Fruit Juice"},{"floor":44.0,"key":"FearPotion"},{"floor":47,"key":"Energy Potion"}],"is_trial":false,"path_per_floor":["M","?","?","?","M","R","M","M","T","$","?","M","R","M","R","B",null,"M","M","$","M","M","R","?","$","T","M","M","R","E","$","R","B",null,"M","?","$","M","?","R","E","R","T","M","M","?","M","$","R","B",null],"character_chosen":"WATCHER","items_purchased":["DeusExMachina","MentalFortress","Adaptation"],"campfire_rested":3,"item_purchase_floors":[20,31,37],"current_hp_per_floor":[72,65,65,51,51,51,51,48,48,48,48,44,44,44,44,28,72,72,58,58,56,56,72,72,72,72,72,72,72,60,60,60,60,72,72,72,72,72,72,72,77,77,77,48,43,43,43,43,66,42],"gold":222,"neow_bonus":"THREE_ENEMY_KILL","is_daily":false,"chose_seed":false,"campfire_upgraded":6,"win_rate":0.0,"timestamp":1614165596,"path_taken":["M","?","?","?","?","R","M","M","T","$","?","M","R","M","R","BOSS","M","?","$","M","?","R","?","$","T","M","M","R","E","$","R","BOSS","M","?","$","M","?","R","E","R","T","M","M","?","M","$","R","BOSS"],"items_purchased_type":["Card","Card","Card"],"build_version":"2020-12-22","purchased_purges":6,"victory":true,"max_hp_per_floor":[72,72,72,72,72,72,72,72,72,72,72,72,72,72,72,72,72,72,72,72,72,72,72,72,72,72,72,72,72,72,72,72,72,72,72,72,72,72,72,72,77,77,77,77,77,77,77,77,77,77],"card_choices":[{"not_picked":["SandsOfTime","EmptyFist","WindmillStrike"],"picked":"SKIP","floor":1.0},{"not_picked":["FollowUp","Halt"],"picked":"Consecrate","floor":5.0},{"not_picked":["Evaluate","Weave","Collect"],"picked":"SKIP","floor":7.0},{"not_picked":["Tantrum","ClearTheMind"],"picked":"FearNoEvil","floor":8.0},{"not_picked":["Crescendo","Protect"],"picked":"CrushJoints","floor":12.0},{"not_picked":["Crescendo","BowlingBash","Tantrum"],"picked":"SKIP","floor":14.0},{"not_picked":["MasterReality","Devotion"],"picked":"LessonLearned","floor":16.0},{"not_picked":["Pray+1","CutThroughFate+1","Perseverance+1"],"picked":"SKIP","floor":18.0},{"not_picked":["JustLucky","SignatureMove","ClearTheMind+1"],"picked":"SKIP","floor":19.0},{"not_picked":["Crescendo","FlurryOfBlows","ThirdEye"],"picked":"SKIP","floor":21.0},{"not_picked":["DeceiveReality+1","BowlingBash","Conclude+1"],"picked":"SKIP","floor":22.0},{"not_picked":["Protect","ClearTheMind","PathToVictory"],"picked":"SKIP","floor":27.0},{"not_picked":["FollowUp","ReachHeaven","Brilliance"],"picked":"SKIP","floor":28.0},{"not_picked":["Wish","EmptyBody+1"],"picked":"Ragnarok","floor":30.0},{"not_picked":["ForeignInfluence+1","Collect","JustLucky"],"picked":"SKIP","floor":35.0},{"not_picked":["Consecrate+1","CrushJoints","Swivel+1"],"picked":"SKIP","floor":38.0},{"not_picked":["Study+1","Protect","Consecrate+1"],"picked":"SKIP","floor":41.0},{"not_picked":["CrushJoints+1","Sanctity","Study"],"picked":"SKIP","floor":44.0},{"not_picked":["Halt","FlyingSleeves+1","Protect"],"picked":"SKIP","floor":45},{"not_picked":["SashWhip+1","Prostrate+1","WindmillStrike+1"],"picked":"SKIP","floor":47}],"player_experience":468920,"relics_obtained":[{"floor":9.0,"key":"Smiling Mask"},{"floor":26.0,"key":"Ornamental Fan"},{"floor":30.0,"key":"Whetstone"},{"floor":41.0,"key":"The Courier"},{"floor":43.0,"key":"Mercury Hourglass"},{"floor":46,"key":"GoldenEye"}],"event_choices":[{"cards_removed":["Strike_P"],"damage_healed":0.0,"max_hp_gain":0.0,"max_hp_loss":0.0,"gold_gain":0.0,"event_name":"Golden Wing","player_choice":"Card Removal","floor":2.0,"gold_loss":0.0,"damage_taken":7.0},{"cards_removed":["Defend_P"],"damage_healed":0.0,"max_hp_gain":0.0,"max_hp_loss":0.0,"gold_gain":0.0,"event_name":"Living Wall","player_choice":"Forget","floor":3.0,"gold_loss":0.0,"damage_taken":0.0},{"damage_healed":0.0,"max_hp_gain":0.0,"max_hp_loss":0.0,"gold_gain":0.0,"event_name":"Shining Light","player_choice":"Entered Light","floor":4.0,"gold_loss":0.0,"damage_taken":14.0,"cards_upgraded":["Strike_P","Defend_P"]},{"cards_removed":["Strike_P"],"damage_healed":0.0,"max_hp_gain":0.0,"max_hp_loss":0.0,"gold_gain":0.0,"event_name":"Wheel of Change","player_choice":"Card Removal","floor":11.0,"gold_loss":0.0,"damage_taken":0.0},{"damage_healed":0.0,"max_hp_gain":0.0,"max_hp_loss":0.0,"gold_gain":0.0,"event_name":"Ghosts","player_choice":"Ignored","floor":24.0,"gold_loss":0.0,"damage_taken":0.0},{"damage_healed":0.0,"max_hp_gain":0.0,"max_hp_loss":0.0,"gold_gain":0.0,"event_name":"SensoryStone","player_choice":"Memory 1","floor":36.0,"gold_loss":0.0,"damage_taken":0.0},{"damage_healed":0.0,"max_hp_gain":0.0,"max_hp_loss":0.0,"gold_gain":0.0,"event_name":"Tomb of Lord Red Mask","player_choice":"Ignored","floor":39.0,"gold_loss":0.0,"damage_taken":0.0},{"damage_healed":0,"gold_gain":0,"player_choice":"Fight","damage_taken":0,"max_hp_gain":0,"max_hp_loss":0,"event_name":"MindBloom","floor":46,"gold_loss":0}],"is_beta":false,"boss_relics":[{"not_picked":["Runic Dome","Black Star"],"picked":"Runic Pyramid"},{"not_picked":["Cursed Key","Pandora\u0027s Box","Snecko Eye"]}],"items_purged_floors":[10,20,25,31,37,48],"is_endless":false,"potions_floor_spawned":[1,7,14,18,22,28,30,38,41,44,47],"ascension_level":0}}