{"host":"bf5upntvbdompq33","time":1614188120,"event":{"mods":["BaseMod","Bestiary","Colored Map","Colored Powertips","Curses Come First","Highlight Path","Minty Spire (QoL Compilation)","StSLib","ojb\u0027s Info Mod"],"gold_per_floor":[118,138,153,153,11,27,54,54,54,68,68,100,25,25,25,120,120,140,151,186,0,12,12,12],"floor_reached":23,"language":"ENG","playtime":1441,"items_purged":["Strike_G"],"score":347,"play_id":"2debf172-949f-4a7e-9dff-b6eda9a4d8eb","local_time":"20210224103520","is_ascension_mode":true,"campfire_choices":[{"data":"Glass Knife","floor":8,"key":"SMITH"},{"floor":11,"key":"REST"},{"floor":15,"key":"REST"}],"circlet_count":0,"master_deck":["AscendersBane","Strike_G","Strike_G","Strike_G","Strike_G","Defend_G","Defend_G","Defend_G","Defend_G","Defend_G","Survivor","Neutralize","Slice","Dagger Spray","Backflip","Glass Knife+1","Terror","Blur","Prepared","Adrenaline","Poisoned Stab","Caltrops","Outmaneuver","Apotheosis","Tactician"],"relics":["Ring of the Snake","WingedGreaves","Bird Faced Urn","Mango","Philosopher\u0027s Stone","Red Mask"],"acts_visited":["Exordium","TheCity"],"potions_floor_usage":[10,12,20,23,23],"damage_taken":[{"damage":2,"enemies":"2 Louse","floor":1,"turns":4},{"damage":10,"enemies":"Cultist","floor":2,"turns":5},{"damage":2,"enemies":"Small Slimes","floor":3,"turns":4},{"damage":6,"enemies":"2 Fungi Beasts","floor":6,"turns":3},{"damage":18,"enemies":"Gremlin Nob","floor":7,"turns":4},{"damage":0,"enemies":"Large Slime","floor":10,"turns":1},{"damage":25,"enemies":"3 Sentries","floor":12,"turns":13},{"damage":41,"enemies":"The Guardian","floor":16,"turns":17},{"damage":4,"enemies":"Chosen","floor":18,"turns":3},{"damage":11,"enemies":"Shell Parasite","floor":19,"turns":4},{"damage":31,"enemies":"Masked Bandits","floor":20,"turns":4},{"damage":18,"enemies":"Centurion and Healer","floor":22,"turns":6},{"damage":25,"enemies":"Book of Stabbing","floor":23,"turns":3}],"seed_played":"4365039393028920607","potions_obtained":[{"floor":2,"key":"LiquidMemories"},{"floor":10,"key":"DistilledChaos"},{"floor":16,"key":"Energy Potion"},{"floor":19,"key":"DuplicationPotion"},{"floor":20,"key":"AttackPotion"}],"is_trial":false,"path_per_floor":["M","M","M","?","$","M","E","R","T","M","R","E","$","?","R","B",null,"M","M","?","$","M","E"],"character_chosen":"THE_SILENT","items_purchased":["Glass Knife","Apotheosis"],"campfire_rested":2,"item_purchase_floors":[5,21],"current_hp_per_floor":[75,65,63,63,63,57,39,39,39,39,64,53,53,53,82,41,84,80,69,40,40,22,0,0],"gold":12,"neow_bonus":"TWENTY_PERCENT_HP_BONUS","is_daily":false,"chose_seed":false,"campfire_upgraded":1,"win_rate":0.0,"timestamp":1614188120,"path_taken":["M","M","M","?","$","M","E","R","T","M","R","E","?","?","R","BOSS","M","M","?","$","M","E"],"items_purchased_type":["Card","Card"],"build_version":"2020-12-22","purchased_purges":1,"victory":false,"max_hp_per_floor":[84,84,84,84,84,84,84,84,84,84,84,98,98,98,98,98,98,98,98,98,98,98,98,98],"card_choices":[{"not_picked":["Choke","Escape Plan"],"picked":"Slice","floor":1},{"not_picked":["Backstab","Choke"],"picked":"Dagger Spray","floor":2},{"not_picked":["Setup","Caltrops"],"picked":"Backflip","floor":3},{"not_picked":["Dodge and Roll","Eviscerate"],"picked":"Terror","floor":6},{"not_picked":["Distraction","Expertise"],"picked":"Blur","floor":7},{"not_picked":["Dagger Spray","Underhanded Strike"],"picked":"Prepared","floor":10},{"not_picked":["Concentrate","Prepared","Deadly Poison"],"picked":"SKIP","floor":12},{"not_picked":["Concentrate","Prepared","Deadly Poison"],"picked":"SKIP","floor":12},{"not_picked":["Phantasmal Killer","Doppelganger"],"picked":"Adrenaline","floor":16},{"not_picked":["Reflex","Deflect"],"picked":"Poisoned Stab","floor":18},{"not_picked":["Bane","Noxious Fumes"],"picked":"Caltrops","floor":19},{"not_picked":["Dodge and Roll","Prepared"],"picked":"Outmaneuver","floor":20},{"not_picked":["PiercingWail","Distraction"],"picked":"Tactician","floor":22}],"player_experience":1726030,"relics_obtained":[{"floor":7,"key":"WingedGreaves"},{"floor":9,"key":"Bird Faced Urn"},{"floor":12,"key":"Mango"},{"floor":20,"key":"Red Mask"}],"event_choices":[{"cards_removed":["Regret"],"damage_healed":0,"gold_gain":0,"player_choice":"Purged","damage_taken":0,"max_hp_gain":0,"max_hp_loss":0,"event_name":"Purifier","floor":4,"gold_loss":0},{"damage_healed":0,"gold_gain":0,"player_choice":"Ignored","damage_taken":0,"max_hp_gain":0,"max_hp_loss":0,"event_name":"Shining Light","floor":14,"gold_loss":0},{"damage_healed":0,"gold_gain":0,"player_choice":"Fought Bandits","damage_taken":0,"max_hp_gain":0,"max_hp_loss":0,"event_name":"Masked Bandits","floor":20,"gold_loss":0}],"is_beta":false,"boss_relics":[{"not_picked":["Busted Crown","Ring of the Serpent"],"picked":"Philosopher\u0027s Stone"}],"items_purged_floors":[13],"is_endless":false,"potions_floor_spawned":[2,10,16,19,20],"killed_by":"Book of Stabbing","ascension_level":12}}