{"host":"e0rtortnmozl44qq","time":1614190243,"event":{"mods":["AchievementEnabler","Act Like it!","BaseMod","Better Third Choice","Colored Map","Downfall","Gensokyo","Hermit","Highlight Path","Marisa????????","Minty Spire (QoL Compilation)","Permanent Neow","Quick Restart","Remilia??????","Shop Mod","StSLib","SuperFastMode","The Cursed","The Jungle","The Senshi","The Servant 0.9.4"],"gold_per_floor":[109,123,123,123,142,177,177,214,238,238,238,257,302,332,344,455,467,495,210,235,281,543,574,574,594,645,645,864,880,880,937,937,1035,1035,1074,984,1004,1019,594,594,594,626,626,926,926,176,195,195,195,235],"floor_reached":51,"language":"ENG","playtime":3189,"items_purged":[],"score":898,"play_id":"ed4fd9ed-d288-47e5-a744-b3f96fca4c5c","local_time":"20210224191043","is_ascension_mode":false,"campfire_choices":[{"data":"VampireSweep","floor":7,"key":"SMITH"},{"floor":15,"key":"REST"},{"floor":30,"key":"REST"},{"data":"TransientEternity","floor":32,"key":"SMITH"},{"data":"QueenOfMidnight","floor":40,"key":"SMITH"},{"data":"ChaoticDestiny","floor":49,"key":"SMITH"}],"circlet_count":0,"master_deck":["Strike_RM","Strike_RM","Strike_RM","Defend_RM","Defend_RM","Defend_RM","RedMoon+1","ScarletShoot","UnstableMagic","VampireSweep+1","TransientEternity+1","UltimateOffering","FavorOfDestiny","Stigmanizer","QueenOfMidnight+1","Stigmanizer+1","UnstableMagic+1","DevilSight+1","Gensokyo:HAARP","FavorOfDestiny+1","FitfulNightmare+1","ChaoticDestiny+1","Gensokyo:CustomPotion","Gensokyo:Shovel","Gensokyo:BlemishedSteel","Gensokyo:TarnishedGold","VampireClaw+1"],"relics":["ScarletHat","Happy Flower","Dream Catcher","Gensokyo:Justice","Empty Cage","Omamori","Gensokyo:DirgeOfMelancholy","Orichalcum","Bronze Scales","Pocketwatch","SacredBark","Strange Spoon","Boot","Old Coin","Gensokyo:EmptyGrave","HandDrill","Dead Branch","FossilizedHelix"],"acts_visited":["Gensokyo:Gensokyo","Gensokyo:Gensokyoer","Gensokyo:Gensokyoest"],"potions_floor_usage":[13,13,16,20,23,23,23,29,29,29,29,33,33,42,42,47],"damage_taken":[{"damage":0.0,"enemies":"Gensokyo:Gryphon","floor":1.0,"turns":4.0},{"damage":0.0,"enemies":"Gensokyo:3_Fairies","floor":2.0,"turns":5.0},{"damage":1,"enemies":"Gensokyo:Python","floor":5,"turns":4},{"damage":6,"enemies":"Gensokyo:3_Kodama","floor":6,"turns":8},{"damage":0,"enemies":"Gensokyo:LivingMonolith","floor":8,"turns":3},{"damage":38,"enemies":"Gensokyo:Python_and_Kodama","floor":12,"turns":3},{"damage":28,"enemies":"Gensokyo:Aya","floor":13,"turns":4},{"damage":0,"enemies":"Gensokyo:Kitsune","floor":14,"turns":3},{"damage":1,"enemies":"Gensokyo:Reimu","floor":16,"turns":8},{"damage":41,"enemies":"Gensokyo:Chomper","floor":18,"turns":3},{"damage":41,"enemies":"Gensokyo:3_Dogs","floor":20,"turns":3},{"damage":32,"enemies":"Gensokyo:Slime_Group","floor":21,"turns":3},{"damage":5,"enemies":"Gensokyo:Koishi","floor":23,"turns":4},{"damage":11,"enemies":"Gensokyo:Chomper_and_Gloop","floor":25,"turns":5},{"damage":0,"enemies":"Gensokyo:Wraith","floor":28,"turns":4},{"damage":0,"enemies":"Gensokyo:Swordslinger","floor":29,"turns":3},{"damage":0,"enemies":"Gensokyo:3_Gloops","floor":31,"turns":4},{"damage":55,"enemies":"Gensokyo:Eternal_Rivals","floor":33,"turns":7},{"damage":40,"enemies":"Gensokyo:3_Bats","floor":35,"turns":4},{"damage":37,"enemies":"Gensokyo:AncientGuardian","floor":37,"turns":2},{"damage":37,"enemies":"Gensokyo:4_Bats","floor":38,"turns":2},{"damage":29,"enemies":"Gensokyo:Rafflesia","floor":42,"turns":7},{"damage":0,"enemies":"Gensokyo:3_Boulders","floor":47,"turns":5},{"damage":0,"enemies":"Gensokyo:Yuyuko","floor":50,"turns":6}],"seed_played":"8059587933283684173","potions_obtained":[{"floor":5,"key":"SkillPotion"},{"floor":6,"key":"PowerPotion"},{"floor":8,"key":"Block Potion"},{"floor":13,"key":"SmokeBomb"},{"floor":14,"key":"Strength Potion"},{"floor":16,"key":"Strength Potion"},{"floor":16,"key":"Fire Potion"},{"floor":20,"key":"CultistPotion"},{"floor":23,"key":"Energy Potion"},{"floor":25,"key":"FearPotion"},{"floor":28,"key":"SteroidPotion"},{"floor":29,"key":"EssenceOfSteel"},{"floor":33,"key":"LiquidMemories"},{"floor":33,"key":"Block Potion"},{"floor":35,"key":"FairyPotion"},{"floor":37,"key":"FairyPotion"},{"floor":42,"key":"LiquidBronze"}],"is_trial":false,"path_per_floor":["M","M","?","?","M","M","R","M","T","?","?","M","E","M","R","B",null,"M","COS","M","M","?","E","?","M","T","?","M","M","R","M","R","B",null,"M","?","M","M","COS","R","?","M","T","?","?","$","M","$","R","B",null],"character_chosen":"REMILIA","items_purchased":["HandDrill","Dead Branch","FossilizedHelix"],"campfire_rested":2,"item_purchase_floors":[46,46,46],"current_hp_per_floor":[75,75,82,82,81,78,78,79,79,79,79,41,18,18,42,47,82,82,82,64,32,32,30,30,20,20,20,20,20,42,74,74,74,74,76,76,76,70,70,70,70,60,60,29,29,29,33,69,69,69],"gold":235,"neow_bonus":"UPGRADE_CARD","is_daily":false,"chose_seed":false,"campfire_upgraded":4,"win_rate":0.0,"timestamp":1614190243,"path_taken":["M","M","?","?","M","M","R","M","T","?","?","?","E","M","R","BOSS","M","COS","M","M","?","E","?","M","T","?","M","M","R","M","R","BOSS","M","?","M","M","COS","R","?","M","T","?","?","$","M","$","R","BOSS"],"items_purchased_type":["Relic","Relic","Relic"],"build_version":"2020-12-22","purchased_purges":0,"victory":true,"max_hp_per_floor":[75,75,82,82,82,82,82,82,82,82,82,82,82,82,82,82,82,82,82,82,82,82,82,82,82,82,74,74,74,74,74,74,74,74,78,78,78,78,78,78,78,78,78,78,72,72,72,72,72,72],"card_choices":[{"not_picked":["RedRainbow","ScarletSymphony"],"picked":"VampireKiss","floor":1.0},{"not_picked":["ScarletDevilSign","CharismaGuard"],"picked":"FavorOfDestiny","floor":2.0},{"not_picked":["ScarletDevil","UnderTheZenith"],"picked":"UnstableMagic","floor":5},{"not_picked":["ScarletImprint","EternalNight"],"picked":"VampireSweep","floor":6},{"not_picked":["LeisurelyOfLord","AfternoonTea"],"picked":"TransientEternity","floor":8},{"not_picked":["NightDance","ScarletNetherworld"],"picked":"UltimateOffering","floor":10},{"not_picked":["UnderTheZenith","ChainGang"],"picked":"FavorOfDestiny","floor":12},{"not_picked":["MastersStateliness","EternalNight"],"picked":"Stigmanizer","floor":13},{"not_picked":["VampireSweep","RedMagic","Maim"],"picked":"SKIP","floor":14},{"not_picked":["BloodRain","HeartBreak"],"picked":"QueenOfMidnight","floor":16},{"not_picked":["BombardNight","AfternoonTea","ForbiddenFruit"],"picked":"SKIP","floor":18},{"not_picked":["VampireFantasy+1","RedRainbow+1"],"picked":"Stigmanizer+1","floor":20},{"not_picked":["MillenniumVampire","RedRainbow"],"picked":"UnstableMagic+1","floor":20},{"not_picked":["BombardNight","VampirishNight","ScarletDevil+1"],"picked":"SKIP","floor":21},{"not_picked":["ScarletImprint+1","ScarletMeister"],"picked":"DevilSight+1","floor":23},{"not_picked":["UnstableMagic","UnderTheZenith+1","DiffusionOfMisfortune"],"picked":"SKIP","floor":25},{"not_picked":["Gensokyo:SevenSchoolMysteries","Gensokyo:MenInBlack"],"picked":"Gensokyo:HAARP","floor":27},{"not_picked":["StarOfDavid","RedRainbow"],"picked":"FavorOfDestiny+1","floor":28},{"not_picked":["BadLadyScramble","FavorOfDestiny"],"picked":"FitfulNightmare+1","floor":29},{"not_picked":["DevilSight","BloodHunter","FavorOfDestiny"],"picked":"SKIP","floor":31},{"not_picked":["BloodySeventeenLaser","BloodyCatastrophe"],"picked":"ChaoticDestiny","floor":33},{"not_picked":["MastersStateliness","UltimateOffering","Stigmanizer"],"picked":"SKIP","floor":35},{"not_picked":["ScarletGensokyo","BloodHunter+1","UnstableMagic+1"],"picked":"SKIP","floor":37},{"not_picked":["NightDance+1","VampireSweep","Stigmanizer+1"],"picked":"SKIP","floor":38},{"not_picked":["VampireKiss+1","ScarletImprint+1"],"picked":"VampireClaw+1","floor":42},{"not_picked":["EmergencyRegeneration","RedNightlessCastle","FavorOfDestiny"],"picked":"SKIP","floor":42},{"not_picked":["CurseOfVladTepes","ScarletDevil+1","ScarletSymphony"],"picked":"SKIP","floor":47}],"player_experience":97392,"relics_obtained":[{"floor":9,"key":"Dream Catcher"},{"floor":13,"key":"MawBank"},{"floor":23,"key":"Omamori"},{"floor":26,"key":"Orichalcum"},{"floor":43,"key":"Boot"}],"event_choices":[],"is_beta":false,"boss_relics":[{"not_picked":["Fusion Hammer","Ectoplasm"],"picked":"Empty Cage"},{"not_picked":["Sozu","Philosopher\u0027s Stone"],"picked":"SacredBark"}],"items_purged_floors":[],"is_endless":false,"potions_floor_spawned":[6,8,13,14,16,18,25,28,29,33,37,47],"ascension_level":0}}