{"host":"mo4d2vii2wc3uyp7","time":1614143844,"event":{"mods":["AchievementEnabler","BaseMod","Colored Map","Highlight Path","Keyboard Shortcuts","Minty Spire (QoL Compilation)","Permanent Neow","Quick Restart","Shop Mod","StSLib","SuperFastMode","everything is the same but u backflip on backflip"],"gold_per_floor":[115,131,131,149,149,149,169,187,255,290,290,300,300,333,333,437,437,457,475,486,372,383,411,421,421,448,128,163,88,88,105,105,204,204,218,228,228,279,279,279,329,342,342,342,198,198,198],"floor_reached":46,"language":"KOR","playtime":2225,"items_purged":["Strike_B"],"score":494,"play_id":"394a242c-609b-499c-a0c5-253e8c0961c4","local_time":"20210224141724","is_ascension_mode":true,"campfire_choices":[{"data":"Dualcast","floor":6,"key":"SMITH"},{"data":"Zap","floor":11,"key":"SMITH"},{"data":"Coolheaded","floor":13,"key":"SMITH"},{"data":"FTL","floor":15,"key":"SMITH"},{"data":"Fusion","floor":25,"key":"SMITH"},{"floor":30,"key":"REST"},{"data":"Defragment","floor":32,"key":"SMITH"},{"floor":40,"key":"REST"}],"circlet_count":0,"master_deck":["Strike_B","Strike_B","Strike_B","Defend_B","Defend_B","Defend_B","Defend_B","Zap+1","Dualcast+1","Sweeping Beam","Coolheaded+1","Conserve Battery","Barrage","FTL+1","Genetic Algorithm","Electrodynamics","Redo","Compile Driver","Self Repair","Doom and Gloom","Double Energy+1","Fusion+1","Stack","Defragment+1","Rebound","Panache"],"relics":["FrozenCore","Lantern","TungstenRod","Shuriken","DataDisk","Kunai","Orichalcum","Happy Flower","Mummified Hand","WingedGreaves","Du-Vu Doll","Shovel","MealTicket","Eternal Feather","Pen Nib"],"acts_visited":["Exordium","TheCity","TheBeyond"],"potions_floor_usage":[10,16,20,23,28,33,33,38,46],"damage_taken":[{"damage":1,"enemies":"Jaw Worm","floor":1,"turns":2},{"damage":0,"enemies":"2 Louse","floor":2,"turns":2},{"damage":7,"enemies":"Small Slimes","floor":4,"turns":2},{"damage":4,"enemies":"Gremlin Gang","floor":7,"turns":4},{"damage":2,"enemies":"Blue Slaver","floor":8,"turns":4},{"damage":7,"enemies":"Gremlin Nob","floor":10,"turns":4},{"damage":0,"enemies":"Large Slime","floor":12,"turns":3},{"damage":2,"enemies":"3 Sentries","floor":14,"turns":5},{"damage":12,"enemies":"Slime Boss","floor":16,"turns":9},{"damage":0,"enemies":"3 Byrds","floor":18,"turns":3},{"damage":2,"enemies":"Spheric Guardian","floor":19,"turns":6},{"damage":0,"enemies":"Shelled Parasite and Fungi","floor":20,"turns":6},{"damage":18,"enemies":"Snake Plant","floor":22,"turns":7},{"damage":10,"enemies":"Book of Stabbing","floor":23,"turns":6},{"damage":1,"enemies":"Chosen and Byrds","floor":24,"turns":6},{"damage":40,"enemies":"Gremlin Leader","floor":28,"turns":6},{"damage":12,"enemies":"Centurion and Healer","floor":31,"turns":5},{"damage":31,"enemies":"Automaton","floor":33,"turns":9},{"damage":0,"enemies":"Orb Walker","floor":35,"turns":5},{"damage":13,"enemies":"3 Darklings","floor":36,"turns":5},{"damage":70,"enemies":"2 Orb Walkers","floor":38,"turns":7},{"damage":9,"enemies":"Mind Bloom Boss Battle","floor":41,"turns":11},{"damage":19,"enemies":"4 Shapes","floor":42,"turns":3},{"damage":41,"enemies":"Maw","floor":46,"turns":8}],"seed_played":"-8433261289149275625","potions_obtained":[{"floor":7,"key":"GamblersBrew"},{"floor":8,"key":"FearPotion"},{"floor":10,"key":"BlessingOfTheForge"},{"floor":12,"key":"Block Potion"},{"floor":22,"key":"Fire Potion"},{"floor":23,"key":"SteroidPotion"},{"floor":31,"key":"PowerPotion"},{"floor":33,"key":"Dexterity Potion"},{"floor":35,"key":"Regen Potion"}],"is_trial":false,"path_per_floor":["M","M","?","M","?","R","M","M","T","E","R","M","R","E","R","B",null,"M","M","M","$","M","E","M","R","T","$","E","$","R","M","R","B",null,"M","M","?","?","?","R","?","M","T","T","$","M"],"character_chosen":"DEFECT","items_purchased":["Self Repair","Doom and Gloom","Mummified Hand","Defragment","Pen Nib"],"campfire_rested":2,"item_purchase_floors":[21,21,27,27,45],"current_hp_per_floor":[74,74,71,64,64,64,60,58,58,51,51,51,51,49,49,37,75,75,73,73,73,62,59,65,65,65,65,32,32,54,49,49,25,75,75,69,69,18,18,40,38,19,19,19,34,0,0],"gold":198,"neow_bonus":"RANDOM_COMMON_RELIC","is_daily":false,"chose_seed":false,"campfire_upgraded":6,"win_rate":0.0,"timestamp":1614143844,"path_taken":["M","M","?","M","?","R","M","M","T","E","R","M","R","E","R","BOSS","M","M","M","$","M","E","M","R","T","$","E","$","R","M","R","BOSS","M","M","?","?","?","R","?","M","T","?","$","?"],"items_purchased_type":["Card","Card","Relic","Card","Relic"],"build_version":"2020-12-22","purchased_purges":1,"victory":false,"max_hp_per_floor":[75,75,75,75,75,75,75,75,75,75,75,75,75,75,75,75,75,75,75,75,75,75,75,75,75,75,75,75,75,75,75,75,75,75,75,75,75,75,75,75,75,75,75,75,75,75,75],"card_choices":[{"not_picked":["Steam","Redo"],"picked":"Cold Snap","floor":1},{"not_picked":["Gash","Go for the Eyes"],"picked":"Sweeping Beam","floor":2},{"not_picked":["Loop","Heatsinks"],"picked":"Coolheaded","floor":4},{"not_picked":["Sweeping Beam","Steam"],"picked":"Conserve Battery","floor":7},{"not_picked":["Hologram","Chaos","Consume"],"picked":"SKIP","floor":8},{"not_picked":["Redo","Heatsinks"],"picked":"Barrage","floor":10},{"not_picked":["Ball Lightning","Gash"],"picked":"FTL","floor":12},{"not_picked":["Sunder","Force Field"],"picked":"Genetic Algorithm","floor":14},{"not_picked":["Meteor Strike","Core Surge"],"picked":"Electrodynamics","floor":16},{"not_picked":["Conserve Battery","Scrape"],"picked":"Redo","floor":18},{"not_picked":["Redo","Hello World+1"],"picked":"Compile Driver","floor":19},{"not_picked":["Leap+1","Compile Driver","Conserve Battery"],"picked":"SKIP","floor":20},{"not_picked":["Self Repair+1","Auto Shields"],"picked":"Double Energy+1","floor":22},{"not_picked":["Reinforced Body+1","Steam Power"],"picked":"Fusion","floor":23},{"not_picked":["Ball Lightning+1","Recycle"],"picked":"Stack","floor":24},{"not_picked":["Leap","Hello World"],"picked":"Rebound","floor":28},{"not_picked":["Coolheaded","Undo","Tempest+1"],"picked":"SKIP","floor":31},{"not_picked":["Coolheaded","Doom and Gloom+1","Sweeping Beam"],"picked":"SKIP","floor":35},{"not_picked":["Barrage+1","Gash","Cold Snap+1"],"picked":"SKIP","floor":36},{"not_picked":["Swift Strike","Good Instincts"],"picked":"Panache","floor":39},{"not_picked":["Melter","Reprogram+1","Storm"],"picked":"SKIP","floor":42}],"player_experience":642711,"relics_obtained":[{"floor":9,"key":"Shuriken"},{"floor":10,"key":"DataDisk"},{"floor":14,"key":"Kunai"},{"floor":23,"key":"Orichalcum"},{"floor":26,"key":"Happy Flower"},{"floor":28,"key":"WingedGreaves"},{"floor":38,"key":"Du-Vu Doll"},{"floor":41,"key":"Shovel"},{"floor":43,"key":"MealTicket"},{"floor":44,"key":"Eternal Feather"}],"event_choices":[{"damage_healed":0,"gold_gain":0,"player_choice":"Success","damage_taken":3,"relics_obtained":["TungstenRod"],"max_hp_gain":0,"max_hp_loss":0,"event_name":"Scrap Ooze","floor":3,"gold_loss":0},{"damage_healed":0,"gold_gain":0,"player_choice":"Ignored","damage_taken":0,"max_hp_gain":0,"max_hp_loss":0,"event_name":"Liars Game","floor":5,"gold_loss":0},{"cards_removed":["Cold Snap"],"damage_healed":0,"gold_gain":0,"player_choice":"Removed Attack","damage_taken":0,"max_hp_gain":0,"max_hp_loss":0,"event_name":"Falling","floor":37,"gold_loss":0},{"damage_healed":0,"gold_gain":0,"player_choice":"Fight","damage_taken":0,"max_hp_gain":0,"max_hp_loss":0,"event_name":"Mysterious Sphere","floor":38,"gold_loss":0},{"damage_healed":0,"gold_gain":0,"player_choice":"Memory 1","damage_taken":0,"max_hp_gain":0,"max_hp_loss":0,"event_name":"SensoryStone","floor":39,"gold_loss":0},{"damage_healed":0,"gold_gain":0,"player_choice":"Fight","damage_taken":0,"max_hp_gain":0,"max_hp_loss":0,"event_name":"MindBloom","floor":41,"gold_loss":0}],"is_beta":false,"boss_relics":[{"not_picked":["Black Star","Snecko Eye"],"picked":"FrozenCore"},{"not_picked":["Busted Crown","Coffee Dripper","Calling Bell"]}],"items_purged_floors":[29],"is_endless":false,"potions_floor_spawned":[7,8,10,12,22,23,31,33,35],"killed_by":"Maw","ascension_level":1}}