{"host":"whyfdmrq1ty0e9zp","time":1614182681,"event":{"mods":["Act Like it!","BaseMod","Colored Map","Colored Powertips","Conspire","Energized Spire","Gensokyo","Marisa（F雨　魔理沙）","Minty Spire (QoL Compilation)","MostiFishMod","Prisma Mod","Quick Restart","Relic Filter Mod","Relic Stats","Reliquary","Remilia（蕾米莉亚）","Replay The Spire","StSLib","TestMod","The Servant 0.9.4","【遗物卡牌】REMEMod","残留之物"],"gold_per_floor":[109,109,34,54,74,74,101,101,101,101,141,141,141,164,164,289,289,304,220,234,234,249,283,283,319,319,363,363,170,170,191,191,321,321,346,7,25,25,45,80,80,113,113,113,138,138,151,194,194,194],"floor_reached":51,"language":"ZHS","playtime":1808,"items_purged":["PlaceholderMod:BaseStrike","PlaceholderMod:BaseStrike","Amnesia","PlaceholderMod:BaseStrike"],"score":1224,"play_id":"0aef3377-868a-48ad-9d82-03f3da69b621","local_time":"20210225000441","is_ascension_mode":true,"campfire_choices":[{"data":"PlaceholderMod:DiffusionChemical","floor":6.0,"key":"SMITH"},{"data":"PlaceholderMod:PoisonAbsorb","floor":8.0,"key":"SMITH"},{"data":"PlaceholderMod:Crystal","floor":12,"key":"SMITH"},{"floor":15,"key":"REST"},{"data":"PlaceholderMod:DirectingGroup","floor":24,"key":"SMITH"},{"data":"PlaceholderMod:HardStrike","floor":30,"key":"SMITH"},{"data":"PlaceholderMod:CorePoison","floor":32,"key":"SMITH"},{"data":"PlaceholderMod:FinalSpray","floor":41,"key":"SMITH"},{"data":"PlaceholderMod:SelfCoupling","floor":44,"key":"SMITH"},{"data":"PlaceholderMod:GrowthForm","floor":49,"key":"SMITH"}],"circlet_count":0,"master_deck":["PlaceholderMod:BaseStrike","PlaceholderMod:BaseDefend","PlaceholderMod:BaseDefend","PlaceholderMod:BaseDefend","PlaceholderMod:BaseDefend","PlaceholderMod:BaseDefend","PlaceholderMod:Crystal+1","PlaceholderMod:PoisonWhip","REME_EmptyShield","PlaceholderMod:DiffusionChemical+1","PlaceholderMod:PoisonAbsorb+1","PlaceholderMod:TriggerStrike","PlaceholderMod:SelfCoupling+1","PlaceholderMod:CycleAttack","PlaceholderMod:HardStrike+1","PlaceholderMod:Inner","PlaceholderMod:FastReaction","PlaceholderMod:PoisonBlast","PlaceholderMod:DirectingGroup+1","PlaceholderMod:PoisonExcitation+1","PlaceholderMod:CycleAttack","PlaceholderMod:ReactionCatalyze","PlaceholderMod:NearChange","PlaceholderMod:CorePoison+1","PlaceholderMod:FinalSpray+1","PlaceholderMod:DirectingGroup+1","PlaceholderMod:DissolvingSpikes","CurseOfTheBell","PlaceholderMod:PoisonBlast+1","PlaceholderMod:Stable+1","PlaceholderMod:ComplexForm+1","PlaceholderMod:ConsolidateHit+1","PlaceholderMod:HardStinger+1","PlaceholderMod:GrowthForm+1"],"relics":["PlaceholderMod:Tancle","testmod-TestBox","DaveBox","REME_ComplimentaryCards","ChiXiaoBlade","testmod-InfectionSource","NeowsBlessing","SynthV:TestCard","InkBottle","Regal Pillow","Golden Idol","Smiling Mask","testmod-NegativeEmotionEnhancer","ReplayTheSpireMod:Ring of Collecting","Ring of Peace","reliquary:PorcupineQuills","Replay:Accelerometer","DianDianMeat","Ring of Misfortune","Replay:Wax Seal","Ring of Hypnosis","Shuriken","reliquary:ExpiredCoupon","PlaceholderMod:LiveLive","SentryEyes","Dream Catcher","ReplayTheSpireMod:Shallot","testmod-ObsoleteBoomerang","Replay:Ringing Soul","conspire:InfiniteJournal","Iron Hammer","reliquary:Firecrackers"],"acts_visited":["Exordium","TheCity","TheBeyond"],"potions_floor_usage":[11,14,39,50,50],"damage_taken":[{"damage":0.0,"enemies":"Small Slimes","floor":1.0,"turns":2.0},{"damage":0.0,"enemies":"Cultist","floor":4.0,"turns":1.0},{"damage":0.0,"enemies":"2 Louse","floor":5.0,"turns":1.0},{"damage":13.0,"enemies":"Gremlin Nob","floor":7.0,"turns":4.0},{"damage":19,"enemies":"3 Sentries","floor":11,"turns":9},{"damage":0,"enemies":"Red Slaver","floor":14,"turns":3},{"damage":15,"enemies":"Slime Boss","floor":16,"turns":9},{"damage":0,"enemies":"3 Byrds","floor":18,"turns":3},{"damage":20,"enemies":"2 Thieves","floor":20,"turns":4},{"damage":0,"enemies":"3 Cultists","floor":22,"turns":4},{"damage":0,"enemies":"REME_1_Revenger","floor":23,"turns":5},{"damage":0,"enemies":"Book of Stabbing","floor":25,"turns":4},{"damage":10,"enemies":"Slavers","floor":27,"turns":5},{"damage":0,"enemies":"Snecko","floor":31,"turns":4},{"damage":0,"enemies":"Pondfish","floor":33,"turns":5},{"damage":0,"enemies":"3 Darklings","floor":35,"turns":3},{"damage":1,"enemies":"3 Shapes","floor":37,"turns":2},{"damage":0,"enemies":"Jaw Worm Horde","floor":39,"turns":2},{"damage":0,"enemies":"Nemesis","floor":40,"turns":3},{"damage":0,"enemies":"Reptomancer","floor":42,"turns":3},{"damage":0,"enemies":"Maw","floor":45,"turns":3},{"damage":0,"enemies":"3 Darklings","floor":47,"turns":2},{"damage":8,"enemies":"Nemesis","floor":48,"turns":3},{"damage":0,"enemies":"Time Eater","floor":50,"turns":4}],"seed_played":"4885721304973016837","potions_obtained":[{"floor":7.0,"key":"Fire Potion"},{"floor":14,"key":"testmod-SpacePotion"},{"floor":16,"key":"AttackPotion"},{"floor":23,"key":"DuplicationPotion"},{"floor":27,"key":"Block Potion"},{"floor":31,"key":"Adrenaline Potion"},{"floor":39,"key":"REME_GoldPotion"},{"floor":40,"key":"conspire:TimeTravelPotion"}],"is_trial":false,"path_per_floor":["M","?","$","M","M","R","E","R","T","?","E","R","?","M","R","B",null,"M","$","M","?","M","E","R","E","T","E","T","$","R","M","R","B",null,"M","$","M","?","M","E","R","E","T","R","M","?","M","E","R","B",null],"character_chosen":"THE_PLACEHOLDER","items_purchased":["PlaceholderMod:PoisonBlast","reliquary:ExpiredCoupon","SentryEyes"],"campfire_rested":1,"item_purchase_floors":[19,29,36],"current_hp_per_floor":[78,78,78,78,78,78,65,65,65,46,27,27,20,20,58,43,78,79,79,61,61,65,67,67,69,69,64,64,64,64,68,68,75,92,97,97,103,109,117,129,129,142,142,142,156,148,163,172,172,174],"gold":194,"neow_bonus":"THREE_ENEMY_KILL","is_daily":false,"chose_seed":false,"campfire_upgraded":9,"win_rate":0.0,"timestamp":1614182681,"path_taken":["M","?","$","M","?","R","E","R","T","?","E","R","?","M","R","BOSS","M","$","M","?","M","E","R","E","T","E","?","?","R","M","R","BOSS","M","$","M","?","M","E","R","E","T","R","M","?","M","E","R","BOSS"],"items_purchased_type":["Card","Relic","Relic"],"build_version":"2020-12-22","purchased_purges":4,"victory":true,"max_hp_per_floor":[78,78,78,78,78,78,78,78,78,78,78,78,78,78,78,78,78,79,79,80,80,81,82,82,83,83,85,85,85,85,88,88,92,92,97,97,103,109,117,129,129,142,142,142,156,148,163,179,179,180],"relic_stats":{"Regal Pillow":15,"Dream Catcher":0,"counters":[24,87],"Golden Idol":168,"Shuriken":[12],"Smiling Mask":225,"obtain_stats":[{"PlaceholderMod:Tancle":0,"Replay:Accelerometer":25,"Regal Pillow":9,"DaveBox":0,"reliquary:Firecrackers":48,"testmod-NegativeEmotionEnhancer":17,"Smiling Mask":11,"conspire:InfiniteJournal":42,"PlaceholderMod:LiveLive":34,"Replay:Ringing Soul":40,"Dream Catcher":38,"Ring of Peace":21,"testmod-ObsoleteBoomerang":38,"Iron Hammer":43,"testmod-InfectionSource":0,"Replay:Wax Seal":27,"InkBottle":7,"DianDianMeat":26,"testmod-TestBox":0,"NeowsBlessing":0,"Ring of Hypnosis":28,"Golden Idol":10,"Calling Bell":38,"reliquary:ExpiredCoupon":29,"SynthV:TestCard":1,"reliquary:PorcupineQuills":23,"ReplayTheSpireMod:Shallot":38,"Shuriken":28,"ReplayTheSpireMod:Ring of Collecting":21,"Ring of Misfortune":26,"ChiXiaoBlade":0,"SentryEyes":36,"REME_ComplimentaryCards":0},{"PlaceholderMod:Tancle":0,"Replay:Accelerometer":12,"Regal Pillow":4,"DaveBox":0,"reliquary:Firecrackers":23,"testmod-NegativeEmotionEnhancer":7,"Smiling Mask":5,"conspire:InfiniteJournal":20,"PlaceholderMod:LiveLive":15,"Replay:Ringing Soul":19,"Dream Catcher":17,"Ring of Peace":9,"testmod-ObsoleteBoomerang":17,"Iron Hammer":20,"testmod-InfectionSource":0,"Replay:Wax Seal":13,"InkBottle":4,"DianDianMeat":12,"testmod-TestBox":0,"NeowsBlessing":0,"Ring of Hypnosis":13,"Golden Idol":4,"Calling Bell":17,"reliquary:ExpiredCoupon":13,"SynthV:TestCard":1,"reliquary:PorcupineQuills":11,"ReplayTheSpireMod:Shallot":17,"Shuriken":13,"ReplayTheSpireMod:Ring of Collecting":9,"Ring of Misfortune":12,"ChiXiaoBlade":0,"SentryEyes":16,"REME_ComplimentaryCards":0},{"PlaceholderMod:Tancle":0,"Replay:Accelerometer":49,"Regal Pillow":8,"DaveBox":0,"reliquary:Firecrackers":83,"testmod-NegativeEmotionEnhancer":29,"Smiling Mask":17,"conspire:InfiniteJournal":76,"PlaceholderMod:LiveLive":63,"Replay:Ringing Soul":73,"Dream Catcher":68,"Ring of Peace":36,"testmod-ObsoleteBoomerang":68,"Iron Hammer":76,"testmod-InfectionSource":0,"Replay:Wax Seal":54,"InkBottle":8,"DianDianMeat":49,"testmod-TestBox":0,"NeowsBlessing":0,"Ring of Hypnosis":54,"Golden Idol":8,"Calling Bell":68,"reliquary:ExpiredCoupon":54,"SynthV:TestCard":2,"reliquary:PorcupineQuills":45,"ReplayTheSpireMod:Shallot":68,"Shuriken":54,"ReplayTheSpireMod:Ring of Collecting":36,"Ring of Misfortune":49,"ChiXiaoBlade":0,"SentryEyes":66,"REME_ComplimentaryCards":0}],"InkBottle":[37]},"card_choices":[{"not_picked":["PlaceholderMod:Polyp","PlaceholderMod:PoisonAbsorb"],"picked":"PlaceholderMod:DiffusionChemical","floor":1.0},{"not_picked":["PlaceholderMod:PoisonExcitation","PlaceholderMod:StressReaction","PlaceholderMod:DiffusionChemical","PlaceholderMod:CycleAttack"],"picked":"PlaceholderMod:PoisonAbsorb","floor":4.0},{"not_picked":["PlaceholderMod:HealingAttack","PlaceholderMod:SeverePoisonStrike","PlaceholderMod:ConsolidateHit","PlaceholderMod:Corrosion"],"picked":"PlaceholderMod:TriggerStrike","floor":5.0},{"not_picked":["PlaceholderMod:SpinBlade","PlaceholderMod:Colorful","PlaceholderMod:SprayAttack","PlaceholderMod:OHStrongAttack"],"picked":"PlaceholderMod:SelfCoupling","floor":7.0},{"not_picked":["PlaceholderMod:UnpureUse","PlaceholderMod:HornyBlast","PlaceholderMod:MultipleOxi","PlaceholderMod:Polyp"],"picked":"PlaceholderMod:CycleAttack","floor":11},{"not_picked":["PlaceholderMod:AttackAsDefend","PlaceholderMod:TriggerStrike","PlaceholderMod:ConsolidateHit","PlaceholderMod:SprayAttack"],"picked":"PlaceholderMod:HardStrike","floor":14},{"not_picked":["PlaceholderMod:BlastSpray","PlaceholderMod:PericyclicReaction","PlaceholderMod:MultiReaction","PlaceholderMod:DoublePoint"],"picked":"PlaceholderMod:Inner","floor":16},{"not_picked":["PlaceholderMod:HardStrike+1","PlaceholderMod:OHStrongAttack","PlaceholderMod:Turn","PlaceholderMod:Polyp"],"picked":"PlaceholderMod:FastReaction","floor":18},{"not_picked":["PlaceholderMod:StressReaction","PlaceholderMod:Stratification+1","PlaceholderMod:MultipleOxi","PlaceholderMod:AngryAttack"],"picked":"PlaceholderMod:DirectingGroup","floor":20},{"not_picked":["PlaceholderMod:SelfCoupling","PlaceholderMod:Colorful+1","PlaceholderMod:Turn","PlaceholderMod:SpinBlade"],"picked":"PlaceholderMod:PoisonExcitation+1","floor":22},{"not_picked":["PlaceholderMod:RadicalHit","PlaceholderMod:Package","PlaceholderMod:Internalization","PlaceholderMod:StressReaction"],"picked":"PlaceholderMod:CycleAttack","floor":23},{"not_picked":["PlaceholderMod:ProliferateStrike","PlaceholderMod:StressReaction","PlaceholderMod:DissolvingSpikes","PlaceholderMod:TriggerStrike+1"],"picked":"PlaceholderMod:ReactionCatalyze","floor":25},{"not_picked":["PlaceholderMod:HardStrike","PlaceholderMod:OHStrongAttack+1","PlaceholderMod:AttackAsDefend","PlaceholderMod:DirectingGroup"],"picked":"PlaceholderMod:NearChange","floor":27},{"not_picked":["PlaceholderMod:EnergyAbsorb","PlaceholderMod:SprayAttack","PlaceholderMod:Break","PlaceholderMod:OHStrongAttack"],"picked":"PlaceholderMod:CorePoison","floor":31},{"not_picked":["PlaceholderMod:Inner","PlaceholderMod:Activation","PlaceholderMod:Assimilation","PlaceholderMod:DiffusionPoison"],"picked":"PlaceholderMod:FinalSpray","floor":33},{"not_picked":["PlaceholderMod:Internalization","PlaceholderMod:StressReaction+1","PlaceholderMod:SprayAttack","PlaceholderMod:AttackAsDefend+1"],"picked":"PlaceholderMod:DirectingGroup+1","floor":35},{"not_picked":["PlaceholderMod:HardStrike","PlaceholderMod:TriggerStrike+1","PlaceholderMod:SeverePoisonStrike+1","PlaceholderMod:PoisonExcitation"],"picked":"PlaceholderMod:DissolvingSpikes","floor":37},{"not_picked":["PlaceholderMod:DirectingGroup","PlaceholderMod:DiffusionChemical+1","PlaceholderMod:StrongAcid","PlaceholderMod:Stable"],"picked":"PlaceholderMod:PoisonBlast+1","floor":39},{"not_picked":["PlaceholderMod:Hyperplasia+1","PlaceholderMod:AngryAttack","PlaceholderMod:ConsolidateHit","PlaceholderMod:DirectingGroup+1"],"picked":"PlaceholderMod:Stable+1","floor":40},{"not_picked":["PlaceholderMod:CrystallizationStrike","PlaceholderMod:CycleAttack+1","PlaceholderMod:RadicalHit","PlaceholderMod:ParasiteChange"],"picked":"PlaceholderMod:ComplexForm+1","floor":42},{"not_picked":["PlaceholderMod:EvolutionSpray","PlaceholderMod:PoisonExcitation+1","PlaceholderMod:Hyperplasia","PlaceholderMod:Hard"],"picked":"PlaceholderMod:ConsolidateHit+1","floor":45},{"not_picked":["PlaceholderMod:TriggerStrike","PlaceholderMod:HornyBlast","PlaceholderMod:BlastSpray","PlaceholderMod:SpinBlade+1"],"picked":"PlaceholderMod:HardStinger+1","floor":47},{"not_picked":["PlaceholderMod:ComplexForm+1","PlaceholderMod:FastReaction","PlaceholderMod:Assimilation","PlaceholderMod:OHStrongAttack+1"],"picked":"PlaceholderMod:GrowthForm","floor":48}],"player_experience":525072,"relics_obtained":[{"floor":1.0,"key":"SynthV:TestCard"},{"floor":7.0,"key":"InkBottle"},{"floor":9.0,"key":"Regal Pillow"},{"floor":11,"key":"Smiling Mask"},{"floor":21,"key":"ReplayTheSpireMod:Ring of Collecting"},{"floor":21,"key":"Ring of Peace"},{"floor":23,"key":"reliquary:PorcupineQuills"},{"floor":25,"key":"Replay:Accelerometer"},{"floor":26,"key":"DianDianMeat"},{"floor":26,"key":"Ring of Misfortune"},{"floor":27,"key":"Replay:Wax Seal"},{"floor":28,"key":"Ring of Hypnosis"},{"floor":28,"key":"Shuriken"},{"floor":38,"key":"Dream Catcher"},{"floor":38,"key":"ReplayTheSpireMod:Shallot"},{"floor":38,"key":"testmod-ObsoleteBoomerang"},{"floor":40,"key":"Replay:Ringing Soul"},{"floor":42,"key":"conspire:InfiniteJournal"},{"floor":43,"key":"Iron Hammer"},{"floor":48,"key":"reliquary:Firecrackers"}],"event_choices":[{"cards_removed":["PlaceholderMod:BaseStrike"],"damage_healed":0.0,"max_hp_gain":0.0,"max_hp_loss":0.0,"gold_gain":0.0,"event_name":"Wheel of Change","player_choice":"Card Removal","floor":2.0,"gold_loss":0.0,"damage_taken":0.0},{"damage_healed":0.0,"max_hp_gain":0.0,"max_hp_loss":0.0,"gold_gain":0.0,"event_name":"Golden Idol","player_choice":"Take Damage","floor":10.0,"gold_loss":0.0,"damage_taken":19.0,"relics_obtained":["Golden Idol"]},{"damage_healed":0,"gold_gain":0,"player_choice":"Damaged","damage_taken":7,"max_hp_gain":0,"max_hp_loss":0,"event_name":"Wheel of Change","floor":13,"gold_loss":0},{"damage_healed":0,"gold_gain":0,"player_choice":"Swap Relic","damage_taken":0,"relics_obtained":["Calling Bell"],"max_hp_gain":0,"max_hp_loss":0,"event_name":"给自己的盒子","floor":38,"relics_lost":["Calling Bell"],"gold_loss":0},{"damage_healed":0,"gold_gain":0,"player_choice":"Max HP","damage_taken":0,"max_hp_gain":0,"max_hp_loss":8,"event_name":"Winding Halls","floor":46,"gold_loss":0}],"is_beta":false,"boss_relics":[{"not_picked":["Sozu","RhineCircuit"],"picked":"testmod-NegativeEmotionEnhancer"},{"not_picked":["EE1DDrone","GreenFoldingFan"],"picked":"PlaceholderMod:LiveLive"}],"items_purged_floors":[3,19,29,36],"is_endless":false,"potions_floor_spawned":[1,7,14,16,23,27,31,33,39,40,47],"ascension_level":2}}