{"host":"jyt72nbfoih0mxuq","time":1614192619,"event":{"mods":["BaseMod","Minty Spire (QoL Compilation)","Relic Stats"],"gold_per_floor":[119,119,73,88,38,71,71,103,103,131,163,0,0,20,20,124,124,140,65,65,78,97,130,130,157,195,223,251,263,292,339,351,472,484,506,518,552,242,259,289,289,158,158,7,7,57,71,106,106,106,106,106,81,108,108,108],"floor_reached":55,"language":"ENG","playtime":4590,"items_purged":[],"score":981,"play_id":"8c66f78a-a807-4977-a347-372ef80f60da","local_time":"20210224195019","is_ascension_mode":true,"campfire_choices":[{"data":"Wallop","floor":7,"key":"SMITH"},{"data":"Prostrate","floor":13,"key":"SMITH"},{"data":"BattleHymn","floor":15,"key":"SMITH"},{"floor":24,"key":"REST"},{"floor":29,"key":"REST"},{"floor":32,"key":"REST"},{"floor":41,"key":"REST"},{"floor":45,"key":"RECALL"},{"floor":49,"key":"REST"},{"floor":52,"key":"REST"}],"circlet_count":0,"master_deck":["Defend_P+1","Defend_P+1","Defend_P","Eruption+1","Vigilance","CutThroughFate+1","FollowUp+1","BowlingBash","Wallop+1","Prostrate+1","WheelKick+1","LessonLearned+1","DevaForm","Perseverance+1","BattleHymn+1","SashWhip+1","TalkToTheHand+1","Fasting2+1","Establishment+1","Prostrate+1","Wallop","Vault","Study"],"relics":["PureWater","TungstenRod","Blood Vial","Turnip","HornCleat","Odd Mushroom","Gremlin Horn","Astrolabe","StrikeDummy","MawBank","Ancient Tea Set","CeramicFish","Fusion Hammer","Singing Bowl","Yang","Damaru","Peace Pipe","Dream Catcher","Strawberry"],"acts_visited":["Exordium","TheCity","TheBeyond","TheEnding"],"potions_floor_usage":[30,31,33,50,55,55],"damage_taken":[{"damage":2,"enemies":"Small Slimes","floor":1,"turns":5},{"damage":0,"enemies":"Cultist","floor":4,"turns":2},{"damage":1,"enemies":"3 Sentries","floor":6,"turns":5},{"damage":10,"enemies":"Lagavulin","floor":8,"turns":4},{"damage":1,"enemies":"The Mushroom Lair","floor":10,"turns":3},{"damage":9,"enemies":"3 Sentries","floor":11,"turns":4},{"damage":0,"enemies":"Jaw Worm","floor":14,"turns":3},{"damage":20,"enemies":"Hexaghost","floor":16,"turns":6},{"damage":6,"enemies":"Spheric Guardian","floor":18,"turns":4},{"damage":10,"enemies":"2 Thieves","floor":21,"turns":5},{"damage":8,"enemies":"Snecko","floor":22,"turns":3},{"damage":15,"enemies":"Gremlin Leader","floor":23,"turns":6},{"damage":16,"enemies":"Book of Stabbing","floor":25,"turns":6},{"damage":0,"enemies":"Centurion and Healer","floor":27,"turns":7},{"damage":8,"enemies":"Snake Plant","floor":28,"turns":3},{"damage":5,"enemies":"Shelled Parasite and Fungi","floor":30,"turns":6},{"damage":40,"enemies":"Slavers","floor":31,"turns":11},{"damage":13,"enemies":"Collector","floor":33,"turns":8},{"damage":6,"enemies":"Orb Walker","floor":35,"turns":4},{"damage":0,"enemies":"3 Shapes","floor":37,"turns":4},{"damage":16,"enemies":"Spire Growth","floor":39,"turns":6},{"damage":28,"enemies":"Nemesis","floor":40,"turns":7},{"damage":0,"enemies":"Mind Bloom Boss Battle","floor":46,"turns":5},{"damage":11,"enemies":"3 Darklings","floor":47,"turns":5},{"damage":0,"enemies":"Giant Head","floor":48,"turns":6},{"damage":46,"enemies":"Awakened One","floor":50,"turns":13},{"damage":33,"enemies":"Shield and Spear","floor":54,"turns":4},{"damage":57,"enemies":"The Heart","floor":55,"turns":7}],"seed_played":"-1251456834550522464","potions_obtained":[{"floor":4,"key":"LiquidBronze"},{"floor":10,"key":"BottledMiracle"},{"floor":14,"key":"DuplicationPotion"},{"floor":21,"key":"Dexterity Potion"},{"floor":33,"key":"Fire Potion"},{"floor":37,"key":"StancePotion"},{"floor":40,"key":"SteroidPotion"},{"floor":46,"key":"Block Potion"},{"floor":54,"key":"SpeedPotion"}],"is_trial":false,"path_per_floor":["M","?","$","M","?","E","R","E","T","?","E","$","R","M","R","B",null,"M","?","?","M","M","E","R","E","T","M","M","R","M","E","R","B",null,"M","?","M","$","M","E","R","$","T","$","R","?","M","E","R","B",null,"R","$","E","B"],"character_chosen":"WATCHER","items_purchased":["FollowUp","LessonLearned","Singing Bowl","Wallop","Vault","Damaru","Study"],"campfire_rested":6,"item_purchase_floors":[3,12,38,38,42,44,53],"current_hp_per_floor":[63,63,63,63,63,62,62,54,54,55,48,48,48,50,50,32,65,59,59,59,51,45,32,51,37,37,39,33,52,49,11,30,19,65,59,59,61,61,49,25,45,45,45,45,45,49,42,46,70,26,77,79,79,55,0,0],"gold":108,"neow_bonus":"ONE_RARE_RELIC","is_daily":false,"chose_seed":false,"campfire_upgraded":3,"win_rate":0.0,"timestamp":1614192619,"path_taken":["M","?","$","?","?","E","R","E","T","?","E","?","R","?","R","BOSS","M","?","?","M","M","E","R","E","T","M","M","R","?","E","R","BOSS","M","?","?","$","M","E","R","$","T","?","R","?","M","E","R","BOSS","R","$","E","BOSS"],"items_purchased_type":["Card","Card","Relic","Card","Card","Relic","Card"],"build_version":"2020-12-22","purchased_purges":0,"victory":false,"max_hp_per_floor":[65,65,65,65,65,65,65,65,65,65,65,65,65,65,65,65,65,65,65,65,65,65,65,65,65,65,65,65,65,65,65,65,65,65,65,65,65,65,67,69,69,69,69,69,69,71,73,75,77,77,77,79,79,88,88,88],"relic_stats":{"Gremlin Horn":[21,21],"Singing Bowl":16,"counters":[28,152],"Astrolabe":["Perseverance","BattleHymn","SashWhip"],"CeramicFish":45,"Yang":[110],"MawBank":156,"Blood Vial":44,"Peace Pipe":0,"Dream Catcher":2,"Turnip":[18],"obtain_stats":[{"Gremlin Horn":11,"Singing Bowl":38,"Astrolabe":17,"CeramicFish":31,"Damaru":44,"Yang":40,"Odd Mushroom":10,"MawBank":25,"Ancient Tea Set":26,"Blood Vial":6,"Peace Pipe":46,"Dream Catcher":48,"HornCleat":9,"Strawberry":54,"Turnip":8,"Fusion Hammer":34,"PureWater":0,"StrikeDummy":23,"TungstenRod":0},{"Gremlin Horn":6,"Singing Bowl":20,"Astrolabe":8,"CeramicFish":17,"Damaru":22,"Yang":22,"Odd Mushroom":5,"MawBank":13,"Ancient Tea Set":13,"Blood Vial":3,"Peace Pipe":23,"Dream Catcher":25,"HornCleat":4,"Strawberry":27,"Turnip":4,"Fusion Hammer":18,"PureWater":0,"StrikeDummy":12,"TungstenRod":0},{"Gremlin Horn":23,"Singing Bowl":99,"Astrolabe":32,"CeramicFish":83,"Damaru":112,"Yang":112,"Odd Mushroom":19,"MawBank":56,"Ancient Tea Set":56,"Blood Vial":12,"Peace Pipe":117,"Dream Catcher":128,"HornCleat":16,"Strawberry":145,"Turnip":16,"Fusion Hammer":91,"PureWater":0,"StrikeDummy":50,"TungstenRod":0}],"TungstenRod":62},"card_choices":[{"not_picked":["Meditate","SashWhip"],"picked":"CutThroughFate","floor":1},{"not_picked":["WindmillStrike","Protect"],"picked":"BowlingBash","floor":4},{"not_picked":["SandsOfTime","Establishment"],"picked":"Wallop","floor":6},{"not_picked":["Establishment","EmptyFist"],"picked":"Prostrate","floor":8},{"not_picked":["Conclude","EmptyFist"],"picked":"WheelKick","floor":10},{"not_picked":["FearNoEvil","Indignation","EmptyFist"],"picked":"SKIP","floor":11},{"not_picked":["CutThroughFate","FearNoEvil"],"picked":"BattleHymn","floor":14},{"not_picked":["ConjureBlade","Vault"],"picked":"DevaForm","floor":16},{"not_picked":["ForeignInfluence","Crescendo+1","EmptyBody"],"picked":"SKIP","floor":18},{"not_picked":["BowlingBash","PathToVictory","ClearTheMind"],"picked":"SKIP","floor":21},{"not_picked":["WindmillStrike","WaveOfTheHand","FollowUp"],"picked":"SKIP","floor":22},{"not_picked":["FearNoEvil+1","FollowUp"],"picked":"TalkToTheHand","floor":23},{"not_picked":["Alpha","FlyingSleeves","EmptyFist"],"picked":"SKIP","floor":25},{"not_picked":["FlyingSleeves","JustLucky+1","CutThroughFate"],"picked":"SKIP","floor":27},{"not_picked":["FollowUp","EmptyMind"],"picked":"Fasting2","floor":28},{"not_picked":["BowlingBash+1","Weave","FearNoEvil+1"],"picked":"SKIP","floor":30},{"not_picked":["JustLucky+1","Vengeance","Swivel"],"picked":"SKIP","floor":31},{"not_picked":["Devotion","Scrawl"],"picked":"Establishment","floor":33},{"not_picked":["BowlingBash+1","CrushJoints","Nirvana+1"],"picked":"SKIP","floor":35},{"not_picked":["Crescendo","PathToVictory"],"picked":"Prostrate","floor":37},{"not_picked":["Collect+1","CarveReality+1","EmptyFist"],"picked":"Singing Bowl","floor":39},{"not_picked":["Study+1","EmptyBody","Vengeance+1"],"picked":"Singing Bowl","floor":40},{"not_picked":["JustLucky","Conclude+1","PathToVictory+1"],"picked":"Singing Bowl","floor":46},{"not_picked":["Crescendo+1","Consecrate","Sanctity"],"picked":"Singing Bowl","floor":47},{"not_picked":["EmptyFist","Pray","JustLucky+1"],"picked":"Singing Bowl","floor":48},{"not_picked":["Crescendo","BattleHymn+1","Weave"],"picked":"Singing Bowl","floor":49},{"not_picked":["EmptyFist+1","Halt","Meditate+1"],"picked":"Singing Bowl","floor":52},{"not_picked":["EmptyFist+1","Establishment","PathToVictory+1"],"picked":"Singing Bowl","floor":54}],"player_experience":232864,"relics_obtained":[{"floor":6,"key":"Blood Vial"},{"floor":8,"key":"Turnip"},{"floor":9,"key":"HornCleat"},{"floor":10,"key":"Odd Mushroom"},{"floor":11,"key":"Gremlin Horn"},{"floor":23,"key":"StrikeDummy"},{"floor":25,"key":"MawBank"},{"floor":26,"key":"Ancient Tea Set"},{"floor":31,"key":"CeramicFish"},{"floor":40,"key":"Yang"},{"floor":46,"key":"Peace Pipe"},{"floor":48,"key":"Dream Catcher"},{"floor":54,"key":"Strawberry"}],"event_choices":[{"damage_healed":0,"gold_gain":0,"player_choice":"Upgraded","damage_taken":0,"max_hp_gain":0,"max_hp_loss":0,"event_name":"Upgrade Shrine","floor":2,"gold_loss":0,"cards_upgraded":["Eruption"]},{"cards_removed":["Strike_P"],"damage_healed":0,"gold_gain":0,"player_choice":"Card Removal","damage_taken":0,"max_hp_gain":0,"max_hp_loss":0,"event_name":"The Cleric","floor":5,"gold_loss":50},{"damage_healed":0,"gold_gain":0,"player_choice":"Fought Mushrooms","damage_taken":0,"max_hp_gain":0,"max_hp_loss":0,"event_name":"Mushrooms","floor":10,"gold_loss":0},{"cards_removed":["BattleHymn"],"damage_healed":0,"gold_gain":0,"player_choice":"Gave Gold","damage_taken":0,"max_hp_gain":0,"max_hp_loss":0,"event_name":"Beggar","floor":19,"gold_loss":75},{"cards_removed":["Defend_P"],"damage_healed":0,"gold_gain":0,"player_choice":"Card Removal","damage_taken":0,"max_hp_gain":0,"max_hp_loss":0,"event_name":"Wheel of Change","floor":20,"gold_loss":0},{"damage_healed":0,"gold_gain":0,"player_choice":"Upgraded","damage_taken":0,"max_hp_gain":0,"max_hp_loss":0,"event_name":"Upgrade Shrine","floor":36,"gold_loss":0,"cards_upgraded":["Fasting2"]},{"damage_healed":0,"gold_gain":0,"player_choice":"Fight","damage_taken":0,"max_hp_gain":0,"max_hp_loss":0,"event_name":"MindBloom","floor":46,"gold_loss":0}],"is_beta":false,"boss_relics":[{"not_picked":["SacredBark","Runic Pyramid"],"picked":"Astrolabe"},{"not_picked":["Empty Cage","Tiny House"],"picked":"Fusion Hammer"}],"items_purged_floors":[],"is_endless":false,"potions_floor_spawned":[4,10,14,16,21,22,27,33,37,40,46,47,54],"killed_by":"The Heart","ascension_level":4}}