{"host":"jsd6g3c2vo13e69c","time":1614173558,"event":{"mods":["2.2 Compatiblity","Act Like it!","BaseMod","Better Altar","Better Match","Better Note","Better Sensory Stone","Better Third Choice","BetterRewards","Colored Map","Colored Powertips","Downfall","Friendly Minions","GifTheSpireLib","Googly Eyes","Gremlin Mod","Hermit","Hubris","Infinite Spire","Melee Mod","Minty Spire (QoL Compilation)","Permanent Neow","Quick Restart","Random Character Button","Replay The Spire","Shop Mod","Spire Arcade","StSLib","The Cursed","The Disciple","The Forsaken","thorton"],"gold_per_floor":[99,111,126,126,143,143,143,176,276,176,176,196,223,243,258,355,355,355,377,409,421,448,471,510,422,446,475,516,25,36,36,49,150,150,150,170,170,445,458,469,469,484,502,402,402,433,450,550,563,563,563,563],"floor_reached":50,"language":"ENG","playtime":3553,"items_purged":["Slimebound:Tackle"],"score":687,"play_id":"41772cc6-9c0d-4b4d-a502-4f1b196cfdc7","local_time":"20210224083238","is_ascension_mode":false,"campfire_choices":[{"data":"Slimebound:MassFeed","floor":1.0,"key":"SMITH"},{"data":"Slimebound:CorrosiveSpit","floor":6,"key":"SMITH"},{"data":"Slimebound:Nibble","floor":10,"key":"SMITH"},{"floor":18,"key":"DIG"},{"data":"Slimebound:PrepareCrush","floor":25,"key":"SMITH"},{"floor":35,"key":"RECALL"},{"data":"Slimebound:DouseInSlime","floor":44,"key":"SMITH"}],"circlet_count":0,"master_deck":["Slimebound:Strike_Slimebound","Slimebound:Strike_Slimebound","Slimebound:Strike_Slimebound","Slimebound:Defend_Slimebound","Slimebound:Defend_Slimebound","Slimebound:Defend_Slimebound","Slimebound:Defend_Slimebound","Slimebound:Split","Slimebound:CorrosiveSpit+1","Slimebound:MassFeed+1","Slimebound:Repurpose","Slimebound:DisruptingSlam","Slimebound:MegaLick","Slimebound:Nibble+1","Slimebound:Schlurp","Slimebound:GoopSpray","Slimebound:OozeBath","Slimebound:RejuvenatingLick","Slimebound:SplitBruiser","Slimebound:PrepareCrush+1","Slimebound:RallyTheTroops","Slimebound:SplitAcid","Slimebound:SplitAcid","Slimebound:LivingWall","Slimebound:Overexert","Slimebound:DouseInSlime+1","Slimebound:RainOfGoop","Slimebound:DisruptingSlam","Slimebound:Dissolve","Slimebound:SlimeTap+1","Slimebound:Darklings","Slimebound:Dissolve","Regret","Slimebound:SamplingLick+1","Slimebound:Schlurp+1","Slimebound:Replication","Slimebound:SamplingLick+1","Replay:Dark Deal","Sadistic Nature","Slimebound:Replication","Slimebound:SplitLeeching"],"relics":["Slimebound:AbsorbEndCombat","hubris:Towel","Garlic","Replay:WaspNest","downfall:HeartBlessingGreen","hubris:MobiusCoin","Ring of Chaos","MawBank","downfall:HeartBlessingBlue","Replay:Bottled Snecko","hubris:TenFootPole","hubris:GrandSneckoEye","Unceasing Top","downfall:HeartBlessingRed","infinitespire:Broken Mirror","Bottled Lightning"],"acts_visited":["Exordium","TheCity","TheBeyond"],"potions_floor_usage":[8,14,15,19,28,33,40,50],"damage_taken":[{"damage":3.0,"enemies":"Cultist","floor":2.0,"turns":5.0},{"damage":4,"enemies":"Jaw Worm","floor":3,"turns":3},{"damage":0,"enemies":"Small Slimes","floor":5,"turns":4},{"damage":18,"enemies":"Lagavulin","floor":8,"turns":7},{"damage":5,"enemies":"3 Louse","floor":12,"turns":3},{"damage":27,"enemies":"Gremlin Nob","floor":13,"turns":4},{"damage":0,"enemies":"downfall:LooterAlt","floor":14,"turns":3},{"damage":9,"enemies":"Gremlin Gang","floor":15,"turns":4},{"damage":52,"enemies":"WA_ARCHETYPE_RETAIN","floor":16,"turns":10},{"damage":7,"enemies":"downfall:LooterAlt2","floor":19,"turns":4},{"damage":18,"enemies":"Spheric Guardian","floor":20,"turns":4},{"damage":29,"enemies":"Centurion and Healer","floor":22,"turns":5},{"damage":17,"enemies":"Snecko","floor":23,"turns":5},{"damage":17,"enemies":"Sentry and Sphere","floor":26,"turns":4},{"damage":15,"enemies":"Snake Plant","floor":27,"turns":3},{"damage":0,"enemies":"Gremlin Leader","floor":28,"turns":5},{"damage":0,"enemies":"downfall:FleeingMerchant","floor":29,"turns":4},{"damage":18,"enemies":"3 Cultists","floor":30,"turns":4},{"damage":9,"enemies":"Centurion and Healer","floor":32,"turns":5},{"damage":36,"enemies":"IC_MUSHROOM_ARCHETYPE","floor":33,"turns":8},{"damage":8,"enemies":"3 Shapes","floor":36,"turns":3},{"damage":1,"enemies":"Orb Walker","floor":39,"turns":3},{"damage":24,"enemies":"Transient","floor":40,"turns":5},{"damage":17,"enemies":"Spire Growth","floor":42,"turns":5},{"damage":6,"enemies":"Maw","floor":43,"turns":6},{"damage":25,"enemies":"Nemesis","floor":46,"turns":5},{"damage":6,"enemies":"Transient","floor":47,"turns":5},{"damage":17,"enemies":"Sphere and 2 Shapes","floor":49,"turns":4},{"damage":155,"enemies":"SI_POISON_ARCHETYPE","floor":50,"turns":7}],"seed_played":"4262237110539350714","potions_obtained":[{"floor":2,"key":"Weak Potion"},{"floor":13,"key":"SkillPotion"},{"floor":14,"key":"SpeedPotion"},{"floor":16,"key":"Block Potion"},{"floor":22,"key":"hexamod:SoulburnPotion"},{"floor":26,"key":"Slimebound:ThreeZeroPotion"},{"floor":30,"key":"champ:CounterPotion"},{"floor":31,"key":"SkillPotion"},{"floor":31,"key":"Slimebound:ThreeZeroPotion"},{"floor":31,"key":"CultistPotion"},{"floor":32,"key":"PowerPotion"},{"floor":33,"key":"hexamod:SoulburnPotion"},{"floor":42,"key":"sneckomod:MuddlingPotion"},{"floor":43,"key":"Energy Potion"}],"is_trial":false,"path_per_floor":["R","M","M","?","M","R","T","E","?","R","?","M","E","M","M","B",null,"R_BF","M","M","?","M","M","T","R","M","M","E","$","M","?","M","B",null,"R_BF","M","?","?","M","M","T","M","M","R","?","E","M","T","M","B"],"character_chosen":"SLIMEBOUND","items_purchased":["Slimebound:DouseInSlime","Slimebound:RainOfGoop","Slimebound:DisruptingSlam","hubris:TenFootPole"],"campfire_rested":0,"item_purchase_floors":[29,29,29,29],"current_hp_per_floor":[59,63,64,64,72,72,72,62,62,62,62,65,44,50,63,19,99,99,105,95,121,96,85,85,95,86,77,89,97,91,91,94,66,143,143,151,151,151,155,145,145,136,138,138,138,121,138,138,142,0,0,0],"gold":563,"neow_bonus":"THREE_RARE_CARDS","is_daily":false,"chose_seed":false,"campfire_upgraded":5,"win_rate":0.0,"timestamp":1614173558,"path_taken":["R","M","M","?","M","R","T","E","?","R","?","M","E","?","M","BOSS","R_BF","M","M","?","M","M","T","R","?","M","E","?","M","?","M","BOSS","R_BF","M","?","?","?","?","T","M","?","R","?","E","M","?","M","BOSS"],"items_purchased_type":["Card","Card","Card","Relic"],"build_version":"2020-12-22","purchased_purges":1,"victory":false,"max_hp_per_floor":[59,63,67,67,75,75,75,75,75,75,75,79,79,83,99,99,99,99,107,111,121,121,121,121,131,131,131,135,135,139,139,143,143,143,143,151,151,151,155,155,155,155,155,155,155,155,155,155,159,159,159,159],"card_choices":[{"not_picked":["Slimebound:Teamwork","Slimebound:Recycling"],"picked":"Slimebound:MassFeed","floor":0.0},{"not_picked":["Slimebound:SplitBruiser","Slimebound:SplitLeeching"],"picked":"Slimebound:Repurpose","floor":2},{"not_picked":["Slimebound:Schlurp","Slimebound:MegaLick"],"picked":"Slimebound:DisruptingSlam","floor":3},{"not_picked":["Slimebound:SlimeSpikes","Slimebound:SamplingLick"],"picked":"Slimebound:MegaLick","floor":5},{"not_picked":["Slimebound:SplitSpecialist","Slimebound:Schlurp"],"picked":"Slimebound:Nibble","floor":8},{"not_picked":["Slimebound:SplitAcid","Slimebound:FirmFortitude"],"picked":"Slimebound:Schlurp","floor":12},{"not_picked":["Slimebound:SlimeSpikes","Slimebound:LivingWall"],"picked":"Slimebound:GoopSpray","floor":13},{"not_picked":["Slimebound:GoopTackle","Slimebound:ViciousTackle"],"picked":"Slimebound:OozeBath","floor":14},{"not_picked":["Slimebound:FormOfPuddle","Slimebound:LeadByExample"],"picked":"Slimebound:RejuvenatingLick","floor":15},{"not_picked":["Slimebound:OneTwoCombo","Slimebound:MassFeed"],"picked":"Slimebound:SelfFormingGoo","floor":16},{"not_picked":["Slimebound:ViciousTackle+1","Slimebound:Schlurp"],"picked":"Slimebound:SplitBruiser","floor":19},{"not_picked":["Slimebound:SlimeSpikes","Slimebound:Nibble+1"],"picked":"Slimebound:PrepareCrush","floor":20},{"not_picked":["Slimebound:ViciousTackle","Slimebound:BestDefense+1","Slimebound:GoopTackle"],"picked":"SKIP","floor":22},{"not_picked":["Slimebound:PressTheAttack+1","Slimebound:Gluttony"],"picked":"Slimebound:RallyTheTroops","floor":23},{"not_picked":["Slimebound:GoopSpray","Slimebound:LivingWall"],"picked":"Slimebound:SplitAcid","floor":26},{"not_picked":["Slimebound:FinishingTackle","Slimebound:ItLooksTasty"],"picked":"Slimebound:SplitAcid","floor":27},{"not_picked":["Slimebound:HauntingLick","Slimebound:OneTwoCombo"],"picked":"Slimebound:LivingWall","floor":28},{"not_picked":["Slimebound:SpikyOuterGoop","Slimebound:Repurpose"],"picked":"Slimebound:Overexert","floor":29},{"not_picked":["Slimebound:PressTheAttack","Slimebound:ForwardTackle"],"picked":"Slimebound:Dissolve","floor":30},{"not_picked":["Slimebound:ComboTackle+1","Slimebound:GoopSpray"],"picked":"Slimebound:SlimeTap+1","floor":32},{"not_picked":["Slimebound:TagTeam","Slimebound:OneTwoCombo"],"picked":"Slimebound:Darklings","floor":33},{"not_picked":["Slimebound:Chomp","Slimebound:LivingWall"],"picked":"Slimebound:Dissolve","floor":36},{"not_picked":["Slimebound:FinishingTackle+1","Slimebound:SplitLeeching+1"],"picked":"Slimebound:SamplingLick+1","floor":39},{"not_picked":["Slimebound:RollThrough","Slimebound:SplitAcid"],"picked":"Slimebound:Schlurp+1","floor":40},{"not_picked":["Slimebound:LeadByExample","Slimebound:TongueLash"],"picked":"Slimebound:Replication","floor":42},{"not_picked":["Slimebound:ComboTackle","Slimebound:ProtectTheBoss"],"picked":"Slimebound:SamplingLick+1","floor":43},{"not_picked":["Violence","Replay:Parry"],"picked":"Replay:Dark Deal","floor":45},{"not_picked":["Replay:Parry","hubris:EnhanceAbility"],"picked":"Sadistic Nature","floor":45},{"not_picked":["Slimebound:DivideAndConquer+1","Slimebound:SplitAcid+1"],"picked":"Slimebound:Replication","floor":46},{"not_picked":["Slimebound:FinishingTackle","Slimebound:ViciousTackle+1","Slimebound:SplitMire"],"picked":"SKIP","floor":47},{"not_picked":["Slimebound:Nibble","Slimebound:GrowthPunch"],"picked":"Slimebound:SplitLeeching","floor":49}],"player_experience":444104,"relics_obtained":[{"floor":7,"key":"Garlic"},{"floor":8,"key":"Replay:WaspNest"},{"floor":13,"key":"hubris:MobiusCoin"},{"floor":18,"key":"MawBank"},{"floor":28,"key":"Replay:Bottled Snecko"},{"floor":41,"key":"Unceasing Top"},{"floor":46,"key":"infinitespire:Broken Mirror"},{"floor":48,"key":"Bottled Lightning"}],"event_choices":[{"cards_removed":["Slimebound:SelfFormingGoo"],"damage_healed":16,"gold_gain":0,"player_choice":"Offered Rare","damage_taken":0,"max_hp_gain":10,"max_hp_loss":0,"event_name":"Bonfire Elementals","floor":21,"gold_loss":0},{"damage_healed":0,"gold_gain":0,"player_choice":"Got Potions","damage_taken":0,"max_hp_gain":0,"max_hp_loss":0,"event_name":"Lab","floor":31,"gold_loss":0},{"damage_healed":0,"gold_gain":3,"player_choice":"1","damage_taken":0,"max_hp_gain":0,"max_hp_loss":0,"event_name":"betterStone:BetterStone","floor":45,"gold_loss":0}],"is_beta":false,"boss_relics":[{"not_picked":["hubris:HollowSoul","Fusion Hammer"],"picked":"Ring of Chaos"},{"not_picked":["hubris:BlackHole","Busted Crown"],"picked":"hubris:GrandSneckoEye"}],"items_purged_floors":[29],"is_endless":false,"potions_floor_spawned":[2,13,14,16,22,26,30,32,33,36,42,43,46],"killed_by":"SI_POISON_ARCHETYPE","ascension_level":0}}