{"host":"djrarsjwv6revew5","time":1614193950,"event":{"mods":["2.2 Compatiblity","AchievementEnabler","BaseMod","Colored Map","Colored Powertips","DeckTracker","Highlight Path","Minty Spire (QoL Compilation)","Quick Restart","Random Character Button","Rare Cards Sparkle","Relic Stats","StSLib","SuperFastMode"],"gold_per_floor":[112,112,8,8,29,29,45,76,76,101,13,36,36,36,36,160,160,184,184,184,18,37,37,58,58,58,73,73,91,107,121,121,121,121],"floor_reached":33,"language":"POL","playtime":1725,"items_purged":[],"score":249,"play_id":"6ad652cd-e045-40f3-8c8e-52bcf6271ef2","local_time":"20210224201230","is_ascension_mode":false,"campfire_choices":[{"floor":6,"key":"REST"},{"floor":13,"key":"REST"},{"data":"Dualcast","floor":15,"key":"SMITH"},{"data":"Stack","floor":23,"key":"SMITH"},{"data":"Zap","floor":25,"key":"SMITH"},{"floor":28,"key":"REST"},{"floor":32,"key":"REST"}],"circlet_count":0,"master_deck":["Strike_B","Strike_B","Strike_B","Strike_B","Defend_B","Defend_B","Defend_B","Defend_B","Zap+1","Dualcast+1","Steam","Leap","Blizzard","Barrage","Streamline","Steam","Stack+1","Swift Strike","Cold Snap","Electrodynamics","Coolheaded+1","Conserve Battery","Compile Driver","Beam Cell","Beam Cell+1","FTL+1","Conserve Battery+1","Melter"],"relics":["FrozenCore","Lantern","Golden Idol","Ornamental Fan","Blue Candle","Eternal Feather","Frozen Eye","Pear"],"acts_visited":["Exordium","TheCity"],"potions_floor_usage":[16,31],"damage_taken":[{"damage":6,"enemies":"Jaw Worm","floor":1,"turns":3},{"damage":0,"enemies":"2 Louse","floor":5,"turns":2},{"damage":0,"enemies":"Cultist","floor":7,"turns":3},{"damage":37,"enemies":"Gremlin Nob","floor":8,"turns":5},{"damage":7,"enemies":"2 Fungi Beasts","floor":10,"turns":4},{"damage":0,"enemies":"3 Louse","floor":12,"turns":3},{"damage":36,"enemies":"Hexaghost","floor":16,"turns":14},{"damage":22,"enemies":"Spheric Guardian","floor":18,"turns":8},{"damage":16,"enemies":"2 Thieves","floor":22,"turns":3},{"damage":15,"enemies":"Chosen and Byrds","floor":24,"turns":9},{"damage":11,"enemies":"Centurion and Healer","floor":27,"turns":9},{"damage":2,"enemies":"Shelled Parasite and Fungi","floor":29,"turns":8},{"damage":26,"enemies":"Sentry and Sphere","floor":30,"turns":8},{"damage":9,"enemies":"Chosen and Byrds","floor":31,"turns":5},{"damage":89,"enemies":"Collector","floor":33,"turns":12}],"seed_played":"6082510893556600481","potions_obtained":[{"floor":5,"key":"CultistPotion"},{"floor":7,"key":"Dexterity Potion"},{"floor":8,"key":"BlessingOfTheForge"},{"floor":12,"key":"EssenceOfDarkness"},{"floor":24,"key":"Strength Potion"},{"floor":29,"key":"SneckoOil"},{"floor":31,"key":"SkillPotion"}],"is_trial":false,"path_per_floor":["M","?","$","?","M","R","M","E","T","M","$","M","R","?","R","B",null,"M","?","?","$","M","R","M","R","T","M","R","M","M","M","R","B"],"character_chosen":"DEFECT","items_purchased":["Leap","Blizzard","Swift Strike","Conserve Battery","Frozen Eye"],"campfire_rested":4,"item_purchase_floors":[3,3,11,21,21],"current_hp_per_floor":[69,51,51,51,51,73,73,36,36,29,29,29,51,51,51,15,75,53,53,53,53,37,49,34,46,56,45,85,83,57,48,85,0,0],"gold":121,"neow_bonus":"RANDOM_COMMON_RELIC","is_daily":false,"chose_seed":false,"campfire_upgraded":3,"win_rate":0.0,"timestamp":1614193950,"path_taken":["M","?","$","?","M","R","M","E","T","M","$","?","R","?","R","BOSS","M","?","?","$","M","R","?","R","T","M","R","M","M","M","R","BOSS"],"items_purchased_type":["Card","Card","Card","Card","Relic"],"build_version":"2020-12-22","purchased_purges":0,"victory":false,"max_hp_per_floor":[75,75,75,75,75,75,75,75,75,75,75,75,75,75,75,75,75,75,75,75,75,75,75,75,75,85,85,85,85,85,85,85,85,85],"relic_stats":{"counters":[15,96],"Golden Idol":74,"Ornamental Fan":[92],"Blue Candle":[0],"Eternal Feather":54,"obtain_stats":[{"Frozen Eye":21,"Lantern":0,"Pear":26,"Golden Idol":2,"Ornamental Fan":8,"Blue Candle":9,"Eternal Feather":20,"Cracked Core":0,"FrozenCore":17},{"Frozen Eye":8,"Lantern":0,"Pear":10,"Golden Idol":1,"Ornamental Fan":4,"Blue Candle":4,"Eternal Feather":8,"Cracked Core":0,"FrozenCore":7},{"Frozen Eye":42,"Lantern":0,"Pear":54,"Golden Idol":3,"Ornamental Fan":13,"Blue Candle":13,"Eternal Feather":42,"Cracked Core":0,"FrozenCore":34}],"FrozenCore":[17]},"card_choices":[{"not_picked":["Streamline","Coolheaded"],"picked":"Steam","floor":1},{"not_picked":["Cold Snap","Self Repair"],"picked":"Barrage","floor":5},{"not_picked":["Tempest","Genetic Algorithm"],"picked":"Streamline","floor":7},{"not_picked":["Go for the Eyes","Coolheaded"],"picked":"Steam","floor":8},{"not_picked":["Scrape","Go for the Eyes"],"picked":"Stack","floor":10},{"not_picked":["White Noise","Gash"],"picked":"Cold Snap","floor":12},{"not_picked":["Reboot","Machine Learning"],"picked":"Electrodynamics","floor":16},{"not_picked":["Glacier","White Noise"],"picked":"Coolheaded+1","floor":18},{"not_picked":["Blizzard+1","Capacitor"],"picked":"Compile Driver","floor":22},{"not_picked":["Steam","Loop"],"picked":"Beam Cell","floor":24},{"not_picked":["Conserve Battery","Stack"],"picked":"Beam Cell+1","floor":27},{"not_picked":["Gash","Barrage"],"picked":"FTL+1","floor":29},{"not_picked":["Stack","Coolheaded"],"picked":"Conserve Battery+1","floor":30},{"not_picked":["Turbo","Fusion"],"picked":"Melter","floor":31}],"player_experience":93101,"relics_obtained":[{"floor":8,"key":"Ornamental Fan"},{"floor":9,"key":"Blue Candle"},{"floor":26,"key":"Pear"}],"event_choices":[{"damage_healed":0,"gold_gain":0,"player_choice":"Take Damage","damage_taken":18,"relics_obtained":["Golden Idol"],"max_hp_gain":0,"max_hp_loss":0,"event_name":"Golden Idol","floor":2,"gold_loss":0},{"damage_healed":0,"gold_gain":0,"player_choice":"Ignored","damage_taken":0,"max_hp_gain":0,"max_hp_loss":0,"event_name":"Purifier","floor":4,"gold_loss":0},{"damage_healed":0,"gold_gain":0,"player_choice":"Ignored","damage_taken":0,"max_hp_gain":0,"max_hp_loss":0,"event_name":"Liars Game","floor":14,"gold_loss":0},{"damage_healed":0,"gold_gain":0,"player_choice":"Ignored","damage_taken":0,"max_hp_gain":0,"max_hp_loss":0,"event_name":"Ghosts","floor":19,"gold_loss":0},{"damage_healed":0,"gold_gain":0,"player_choice":"Gave Potion","damage_taken":0,"relics_obtained":["Eternal Feather"],"max_hp_gain":0,"max_hp_loss":0,"event_name":"WeMeetAgain","floor":20,"gold_loss":0}],"is_beta":false,"boss_relics":[{"not_picked":["Philosopher\u0027s Stone","Snecko Eye"],"picked":"FrozenCore"}],"items_purged_floors":[],"is_endless":false,"potions_floor_spawned":[5,7,8,12,24,29,31],"killed_by":"Collector","ascension_level":0}}