{"host":"e8rlfedn69rz2s07","time":1614196533,"event":{"mods":["AchievementEnabler","BaseMod","Minty Spire (QoL Compilation)","Permanent Neow","Relic Stats"],"gold_per_floor":[217,217,217,20,40,68,85,85,85],"floor_reached":8,"language":"ENG","playtime":268,"items_purged":[],"score":112,"play_id":"e75a9d15-3aad-4441-9be4-9df627a541c6","local_time":"20210224215533","is_ascension_mode":true,"campfire_choices":[],"circlet_count":0,"master_deck":["AscendersBane","Strike_B","Strike_B","Strike_B","Defend_B","Defend_B","Defend_B+1","Defend_B","Zap","Dualcast+1","Tempest","Gash","Hologram","Leap","Go for the Eyes","Reinforced Body","Conserve Battery","Gash"],"relics":["Cracked Core","Matryoshka"],"acts_visited":["Exordium"],"potions_floor_usage":[6],"damage_taken":[{"damage":7,"enemies":"Small Slimes","floor":1,"turns":3},{"damage":4,"enemies":"Jaw Worm","floor":5,"turns":5},{"damage":15,"enemies":"3 Sentries","floor":6,"turns":8},{"damage":0,"enemies":"2 Louse","floor":7,"turns":2},{"damage":36,"enemies":"Gremlin Nob","floor":8,"turns":3}],"seed_played":"-6478912527065434185","potions_obtained":[{"floor":1,"key":"Block Potion"},{"floor":6,"key":"SpeedPotion"}],"is_trial":false,"path_per_floor":["M","?","?","$","M","E","M","E"],"character_chosen":"DEFECT","items_purchased":["Gash","Hologram","Leap","Go for the Eyes"],"campfire_rested":0,"item_purchase_floors":[4,4,4,4],"current_hp_per_floor":[57,50,29,29,25,10,10,0,0],"gold":85,"neow_bonus":"HUNDRED_GOLD","is_daily":false,"chose_seed":false,"campfire_upgraded":0,"win_rate":0.0,"timestamp":1614196533,"path_taken":["M","?","?","$","M","E","M","E"],"items_purchased_type":["Card","Card","Card","Card"],"build_version":"2020-12-22","purchased_purges":0,"victory":false,"max_hp_per_floor":[71,71,71,71,71,71,71,71,71],"relic_stats":{"counters":[5,21],"obtain_stats":[{"Matryoshka":6,"Cracked Core":0},{"Matryoshka":3,"Cracked Core":0},{"Matryoshka":16,"Cracked Core":0}]},"card_choices":[{"not_picked":["BootSequence","Beam Cell"],"picked":"Tempest","floor":1},{"not_picked":["Chaos","Beam Cell"],"picked":"Reinforced Body","floor":5},{"not_picked":["Force Field","Auto Shields"],"picked":"Conserve Battery","floor":6},{"not_picked":["Barrage","Undo"],"picked":"Gash","floor":7}],"player_experience":1122551,"relics_obtained":[{"floor":6,"key":"Matryoshka"}],"event_choices":[{"cards_removed":["Strike_B"],"damage_healed":0,"gold_gain":0,"player_choice":"Card Removal","damage_taken":7,"max_hp_gain":0,"max_hp_loss":0,"event_name":"Golden Wing","floor":2,"gold_loss":0},{"damage_healed":0,"gold_gain":0,"player_choice":"Entered Light","damage_taken":21,"max_hp_gain":0,"max_hp_loss":0,"event_name":"Shining Light","floor":3,"gold_loss":0,"cards_upgraded":["Dualcast","Defend_B"]}],"is_beta":false,"boss_relics":[],"items_purged_floors":[],"is_endless":false,"potions_floor_spawned":[1,6],"killed_by":"Gremlin Nob","ascension_level":20}}