{"host":"28p8ce41sjwa6lzf","time":1614182962,"event":{"mods":["BaseMod","Bestiary","Colored Map","Colored Powertips","Dark Map","Highlight Path","Minty Spire (QoL Compilation)","Permanent Neow","Quick Restart","Random Character Button","Rare Cards Sparkle","Relic Stats","StSLib","Unceasing Turn Reminder"],"gold_per_floor":[109,124,124,141,153,182,182,17,17,17,45,60,60,60,60,133,133,152,152,152],"floor_reached":19,"language":"ENG","playtime":1005,"items_purged":[],"score":354,"play_id":"4dee1724-3978-427d-99e5-aad3fe86520f","local_time":"20210224100922","is_ascension_mode":true,"campfire_choices":[{"data":"BowlingBash","floor":7.0,"key":"SMITH"},{"data":"CutThroughFate","floor":10.0,"key":"SMITH"},{"data":"Wish","floor":15.0,"key":"SMITH"}],"circlet_count":0,"master_deck":["AscendersBane","Strike_P","Strike_P","Strike_P","Strike_P","Defend_P","Defend_P","Defend_P","Defend_P","Eruption","Vigilance","DeusExMachina","BowlingBash+1","ThirdEye","CutThroughFate+1","ThirdEye","Devotion","Wish+1","EmptyBody","Pain","Scrawl","FearNoEvil"],"relics":["PureWater","MealTicket","Ornamental Fan","Anchor","PreservedInsect","Nunchaku","WarpedTongs","Black Star"],"acts_visited":["Exordium","TheCity"],"potions_floor_usage":[16,19],"damage_taken":[{"damage":3.0,"enemies":"2 Louse","floor":1.0,"turns":4.0},{"damage":0.0,"enemies":"Cultist","floor":2.0,"turns":3.0},{"damage":1.0,"enemies":"Small Slimes","floor":4.0,"turns":3.0},{"damage":8.0,"enemies":"Blue Slaver","floor":5.0,"turns":3.0},{"damage":7.0,"enemies":"3 Sentries","floor":6.0,"turns":7.0},{"damage":12.0,"enemies":"Lagavulin","floor":11.0,"turns":6.0},{"damage":0.0,"enemies":"3 Louse","floor":12.0,"turns":2.0},{"damage":10,"enemies":"Hexaghost","floor":16,"turns":9},{"damage":48,"enemies":"Chosen","floor":18,"turns":6},{"damage":7,"enemies":"Shell Parasite","floor":19,"turns":6}],"seed_played":"3914694850348112558","potions_obtained":[{"floor":4.0,"key":"LiquidBronze"},{"floor":5.0,"key":"Weak Potion"},{"floor":6.0,"key":"SkillPotion"}],"is_trial":false,"path_per_floor":["M","M","?","M","M","E","R","$","T","R","E","M","?","?","R","B",null,"M","M"],"character_chosen":"WATCHER","items_purchased":["Anchor"],"campfire_rested":0,"item_purchase_floors":[8],"current_hp_per_floor":[58,58,40,39,31,24,24,39,39,39,27,27,27,27,27,17,55,7,0,0],"gold":152,"neow_bonus":"ONE_RANDOM_RARE_CARD","is_daily":false,"chose_seed":false,"campfire_upgraded":3,"win_rate":0.0,"timestamp":1614182962,"path_taken":["M","M","?","M","M","E","R","$","T","R","E","M","?","?","R","BOSS","M","?"],"items_purchased_type":["Relic"],"build_version":"2020-12-22","purchased_purges":0,"victory":false,"max_hp_per_floor":[68,68,68,68,68,68,68,68,68,68,68,68,68,68,68,68,68,68,68,68],"relic_stats":{"Nunchaku":[3],"counters":[10,49],"Ornamental Fan":[32],"MealTicket":15,"PreservedInsect":29,"Black Star":0,"obtain_stats":[{"Anchor":8,"Nunchaku":11,"Ornamental Fan":6,"MealTicket":3,"PreservedInsect":9,"Black Star":17,"PureWater":0,"WarpedTongs":14},{"Anchor":5,"Nunchaku":6,"Ornamental Fan":5,"MealTicket":2,"PreservedInsect":5,"Black Star":8,"PureWater":0,"WarpedTongs":7},{"Anchor":20,"Nunchaku":26,"Ornamental Fan":20,"MealTicket":7,"PreservedInsect":20,"Black Star":37,"PureWater":0,"WarpedTongs":28}],"WarpedTongs":[21]},"card_choices":[{"not_picked":["Crescendo","SandsOfTime"],"picked":"BowlingBash","floor":1.0},{"not_picked":["Weave","DeceiveReality"],"picked":"ThirdEye","floor":2.0},{"not_picked":["FlyingSleeves","Crescendo"],"picked":"CutThroughFate","floor":4.0},{"not_picked":["FlyingSleeves","ClearTheMind"],"picked":"ThirdEye","floor":5.0},{"not_picked":["CutThroughFate","Halt"],"picked":"Devotion","floor":6.0},{"not_picked":["EmptyBody","PathToVictory"],"picked":"Wish","floor":11.0},{"not_picked":["WheelKick","Worship"],"picked":"EmptyBody","floor":12.0},{"not_picked":["Ragnarok","Devotion"],"picked":"Scrawl","floor":16},{"not_picked":["WaveOfTheHand","MentalFortress"],"picked":"FearNoEvil","floor":18}],"player_experience":1391215,"relics_obtained":[{"floor":6.0,"key":"Ornamental Fan"},{"floor":9.0,"key":"PreservedInsect"},{"floor":11.0,"key":"Nunchaku"}],"event_choices":[{"damage_healed":0.0,"max_hp_gain":0.0,"max_hp_loss":0.0,"gold_gain":0.0,"event_name":"Scrap Ooze","player_choice":"Success","floor":3.0,"gold_loss":0.0,"damage_taken":18.0,"relics_obtained":["MealTicket"]},{"damage_healed":0.0,"max_hp_gain":0.0,"max_hp_loss":0.0,"gold_gain":0.0,"event_name":"Shining Light","player_choice":"Ignored","floor":13.0,"gold_loss":0.0,"damage_taken":0.0},{"damage_healed":0.0,"max_hp_gain":0.0,"max_hp_loss":0.0,"gold_gain":0.0,"event_name":"Accursed Blacksmith","player_choice":"Rummage","floor":14.0,"gold_loss":0.0,"damage_taken":0.0,"relics_obtained":["WarpedTongs"],"cards_obtained":["Pain"]}],"is_beta":false,"boss_relics":[{"not_picked":["Runic Dome","Fusion Hammer"],"picked":"Black Star"}],"items_purged_floors":[],"is_endless":false,"potions_floor_spawned":[4,5,6,12],"killed_by":"Shell Parasite","ascension_level":20}}