{"host":"7t8rqoeeopyy0nh0","time":1614210890,"event":{"mods":["AchievementEnabler","Aspiration","BaseMod","Better Third Choice","BetterRewards","Colored Map","Colored Powertips","Conspire","Downfall","Hubris","Minty Spire (QoL Compilation)","Permanent Neow","Quick Restart","Random Character Button","Rare Cards Sparkle","Reliquary","Replay The Spire","StSLib"],"gold_per_floor":[110,122,34,52,70,70,105,123,123,152,167,184,184,184,184,255,255,274,285,302,335,353,353,368,368,368,378,378,412,412,10,10,87,87,106,106,122,122,132,161,161,195,195,195,195],"floor_reached":44,"language":"ENG","playtime":1173,"items_purged":[],"score":1129,"play_id":"f3dfc592-c65c-4c3f-a85f-c1d79d5747e3","local_time":"20210224185450","is_ascension_mode":true,"campfire_choices":[{"data":"hubris:DuctTapeCard","floor":6,"key":"SMITH"},{"floor":13,"key":"REST"},{"data":"Heavy Blade","floor":15,"key":"SMITH"},{"floor":23,"key":"REST"},{"floor":25,"key":"REST"},{"floor":28,"key":"REST"},{"floor":32,"key":"REST"},{"floor":41,"key":"REST"}],"circlet_count":0,"master_deck":["AscendersBane","Strike_R","Strike_R","Strike_R","Strike_R","Strike_R","Defend_R","Defend_R","Defend_R","Defend_R","Bash","Thunderclap","Uppercut","Heavy Blade+1","Pommel Strike","hubris:DuctTapeCard+2","Shrug It Off","Replay:Undeath\u0027s Touch","Exhume","Clothesline","Twin Strike+1","Armaments","Cleave+1","Offering","Headbutt+1","Iron Wave+1","ReplayTheSpireMod:Stacked","Thunderclap+1","Rage","Heavy Blade+1","Fiend Fire+1","Feel No Pain","Chrysalis","Flash of Steel+1","Trip","Demon Form","hubris:CleavingFinish+1","Feed+1"],"relics":["Burning Blood","Brimstone","Ice Cream","hubris:DuctTape","reliquary:Spinner","Molten Egg 2","Omamori","Philosopher\u0027s Stone","Champion Belt","Calipers","Kunai","ReplayTheSpireMod:ShopPack","hubris:Backtick","Vampiric Spirits","Centennial Puzzle","reliquary:SilkGlove","hubris:AstralHammer"],"acts_visited":["Exordium","TheCity","TheBeyond"],"potions_floor_usage":[4,8,16,16,21,22,33,40,42],"damage_taken":[{"damage":0,"enemies":"Cultist","floor":1,"turns":2},{"damage":0,"enemies":"2 Louse","floor":2,"turns":2},{"damage":3,"enemies":"Jaw Worm","floor":4,"turns":3},{"damage":14,"enemies":"Blue Slaver","floor":5,"turns":2},{"damage":0,"enemies":"Lagavulin","floor":7,"turns":3},{"damage":9,"enemies":"Exordium Wildlife","floor":8,"turns":3},{"damage":14,"enemies":"3 Sentries","floor":10,"turns":4},{"damage":17,"enemies":"Large Slime","floor":11,"turns":4},{"damage":3,"enemies":"Looter","floor":12,"turns":3},{"damage":52,"enemies":"The Guardian","floor":16,"turns":5},{"damage":28,"enemies":"2 Thieves","floor":18,"turns":3},{"damage":6,"enemies":"Chosen","floor":19,"turns":2},{"damage":20,"enemies":"Sentry and Sphere","floor":20,"turns":4},{"damage":18,"enemies":"conspire:MimicChest","floor":21,"turns":4},{"damage":6,"enemies":"Snecko","floor":22,"turns":3},{"damage":24,"enemies":"Shelled Parasite and Fungi","floor":24,"turns":3},{"damage":15,"enemies":"3 Cultists","floor":27,"turns":4},{"damage":35,"enemies":"Gremlin Leader","floor":29,"turns":3},{"damage":17,"enemies":"Automaton","floor":33,"turns":5},{"damage":6,"enemies":"Orb Walker","floor":35,"turns":3},{"damage":49,"enemies":"3 Darklings","floor":37,"turns":3},{"damage":0,"enemies":"Transient","floor":39,"turns":6},{"damage":34,"enemies":"Nemesis","floor":40,"turns":5},{"damage":61,"enemies":"Giant Head","floor":42,"turns":6},{"damage":18,"enemies":"Spire Growth","floor":44,"turns":2}],"seed_played":"1430830074933109909","potions_obtained":[{"floor":1,"key":"Reflective Coating"},{"floor":4,"key":"Weak Potion"},{"floor":5,"key":"champ:CounterPotion"},{"floor":12,"key":"champ:CounterPotion"},{"floor":16,"key":"Swift Potion"},{"floor":18,"key":"Weak Potion"},{"floor":27,"key":"SteroidPotion"},{"floor":29,"key":"ColorlessPotion"},{"floor":33,"key":"Ancient Potion"},{"floor":37,"key":"DuplicationPotion"},{"floor":39,"key":"LiquidMemories"},{"floor":40,"key":"SpeedPotion"}],"is_trial":false,"path_per_floor":["M","M","?","M","M","R","E","M","T","E","M","M","R","?","R","B",null,"M","M","M","?","M","R","M","R","T","M","R","E","?","$","R","B",null,"M","?","M","?","M","E","R","E","T","M"],"character_chosen":"IRONCLAD","items_purchased":["Brimstone","Thunderclap","Limit Break","Inflame","Uppercut","Fiend Fire+1","Feel No Pain","ReplayTheSpireMod:ShopPack"],"campfire_rested":6,"item_purchase_floors":[0,0,0,0,0,31,31,31],"current_hp_per_floor":[39,45,45,48,40,40,46,43,43,35,24,27,49,53,53,7,58,36,36,22,10,10,32,14,36,36,27,49,20,11,11,33,22,62,68,68,32,28,47,30,52,9,9,0,0],"gold":195,"neow_bonus":"","is_daily":false,"chose_seed":false,"campfire_upgraded":2,"win_rate":0.0,"timestamp":1614210890,"path_taken":["M","M","?","?","M","R","E","?","T","E","M","M","R","?","R","BOSS","M","M","M","?","M","R","M","R","T","M","R","E","?","?","R","BOSS","M","?","M","?","M","E","R","E","T","M"],"items_purchased_type":["Relic","Card","Card","Card","Card","Card","Card","Relic"],"build_version":"2020-12-22","purchased_purges":0,"victory":false,"max_hp_per_floor":[75,75,75,75,75,75,75,75,75,75,75,75,75,75,75,75,75,75,75,75,75,75,75,75,75,75,75,75,75,75,75,75,75,75,75,75,75,75,75,75,75,75,75,75,75],"card_choices":[{"not_picked":["Searing Blow","conspire:ExplosiveBarrier"],"picked":"Heavy Blade","floor":1},{"not_picked":["Uppercut","Run Through"],"picked":"Pommel Strike","floor":2},{"not_picked":["True Grit","Armaments"],"picked":"Shrug It Off","floor":4},{"not_picked":["Havoc","Abandon"],"picked":"Replay:Undeath\u0027s Touch","floor":5},{"not_picked":["Demonic Infusion","Disarm"],"picked":"Exhume","floor":7},{"not_picked":["Iron Wave","Perfected Strike"],"picked":"Clothesline","floor":8},{"not_picked":["Burning Pact","Intimidate"],"picked":"Twin Strike+1","floor":10},{"not_picked":["Clothesline+1","Pommel Strike+1"],"picked":"Armaments","floor":11},{"not_picked":["Double Tap","Sentinel"],"picked":"Cleave+1","floor":12},{"not_picked":["Eclipse","Exhume"],"picked":"Offering","floor":16},{"not_picked":["Replay:Undeath\u0027s Touch+1","Perfected Strike+1"],"picked":"Headbutt+1","floor":18},{"not_picked":["Twin Strike+1","Abandon"],"picked":"Iron Wave+1","floor":19},{"not_picked":["Pommel Strike+1","Twin Strike+1"],"picked":"ReplayTheSpireMod:Stacked","floor":20},{"not_picked":["Disarm","Rupture"],"picked":"Thunderclap+1","floor":21},{"not_picked":["Cleave+1","Rage","hubris:SharpeningStone"],"picked":"SKIP","floor":22},{"not_picked":["Iron Wave+1","Pommel Strike+1"],"picked":"Rage","floor":24},{"not_picked":["Body Slam+1","Hemokinesis+1","Perfected Strike+1"],"picked":"SKIP","floor":27},{"not_picked":["conspire:Charge+1","Thunderclap+1"],"picked":"Heavy Blade+1","floor":29},{"not_picked":["ReplayTheSpireMod:Necrogeddon","HandOfGreed"],"picked":"Chrysalis","floor":31},{"not_picked":["hubris:Insight","Purity"],"picked":"Flash of Steel","floor":31},{"not_picked":["Impatience","Dark Shackles"],"picked":"Trip","floor":31},{"not_picked":["Barricade","Corruption"],"picked":"Demon Form","floor":33},{"not_picked":["Infernal Blade+1","Reckless Charge+1"],"picked":"hubris:CleavingFinish+1","floor":35},{"not_picked":["ReplayTheSpireMod:Strike From Hell+1","Disarm","Clash+1"],"picked":"SKIP","floor":37},{"not_picked":["Havoc","Combust+1","Replay:Undeath\u0027s Touch+1"],"picked":"SKIP","floor":39},{"not_picked":["Cleave+1","Thunderclap+1"],"picked":"Feed+1","floor":40},{"not_picked":["Run Through+1","ReplayTheSpireMod:LeadingStrike+1","Flex"],"picked":"SKIP","floor":42}],"player_experience":454717,"relics_obtained":[{"floor":7,"key":"reliquary:Spinner"},{"floor":9,"key":"Molten Egg 2"},{"floor":10,"key":"Omamori"},{"floor":21,"key":"Champion Belt"},{"floor":26,"key":"Calipers"},{"floor":29,"key":"Kunai"},{"floor":40,"key":"Centennial Puzzle"},{"floor":42,"key":"reliquary:SilkGlove"},{"floor":43,"key":"hubris:AstralHammer"}],"event_choices":[{"damage_healed":0,"gold_gain":0,"player_choice":"Paid Gold","damage_taken":0,"relics_obtained":["hubris:DuctTape"],"max_hp_gain":0,"max_hp_loss":0,"event_name":"WeMeetAgain","floor":3,"gold_loss":88},{"damage_healed":0,"gold_gain":0,"player_choice":"Stopped","damage_taken":9,"max_hp_gain":0,"max_hp_loss":0,"event_name":"Cursed Tome","floor":30,"gold_loss":0},{"damage_healed":0,"gold_gain":0,"player_choice":"Leave","damage_taken":0,"max_hp_gain":0,"max_hp_loss":0,"event_name":"conspire:Investor","floor":38,"gold_loss":0}],"is_beta":false,"boss_relics":[{"not_picked":["hubris:VirtuousBlindfold","Honey Jar"],"picked":"Philosopher\u0027s Stone"},{"not_picked":["aspiration:RunicSpoon","Tiny House"],"picked":"hubris:Backtick"}],"items_purged_floors":[],"is_endless":false,"potions_floor_spawned":[1,4,5,12,16,18,27,29,33,35,37,39,40],"killed_by":"Spire Growth","ascension_level":20}}