{"host":"t7mx8yfj1no5p62f","time":1614145381,"event":{"mods":["BaseMod","Bestiary","Colored Map","Colored Powertips","Minty Spire (QoL Compilation)","Relic Stats","ojb\u0027s Info Mod: The sequel"],"gold_per_floor":[110,110,128,53,108,133,133,168,193,237,264,289,144,170,170,257,257,267,267,267,12,29,65,76,126,126,126,157,176,192,227,227,312,312,332,341,361,380,42,76,130,181,193,244,270,282,294,325,337,349,361,373,385,17,60,60],"floor_reached":57,"language":"ENG","playtime":2846,"items_purged":["Strike_R","Strike_R+1","Strike_R+1"],"score":3250,"play_id":"a9c6cf4b-b3d9-468c-8d2e-82cfd308e5d9","local_time":"20210224004301","is_ascension_mode":true,"campfire_choices":[{"data":"Carnage","floor":7.0,"key":"SMITH"},{"data":"Disarm","floor":15.0,"key":"SMITH"},{"data":"Bludgeon","floor":27,"key":"SMITH"},{"data":"Shockwave","floor":32,"key":"SMITH"},{"floor":47,"key":"RECALL"},{"data":"Feel No Pain","floor":49,"key":"SMITH"},{"data":"Heavy Blade","floor":53,"key":"SMITH"}],"circlet_count":0,"master_deck":["AscendersBane","Defend_R+1","Defend_R+1","Defend_R+1","Defend_R+1","Bash","Cleave+1","Reaper+1","Spot Weakness","Flame Barrier","Ghostly Armor","Shrug It Off","Disarm+1","Brutality","Impervious","Bludgeon+1","Shockwave+1","Flame Barrier","Corruption","Sever Soul","Evolve","Spot Weakness+1","Heavy Blade+1","Feel No Pain+1","Disarm","Dark Embrace","Shrug It Off+1","Body Slam","Barricade"],"relics":["Burning Blood","NeowsBlessing","Bag of Preparation","Pantograph","PreservedInsect","CeramicFish","Snecko Eye","Enchiridion","Paper Frog","WingedGreaves","Bag of Marbles","Whetstone","Mark of Pain","ClockworkSouvenir","MawBank","Centennial Puzzle","Gremlin Horn","Strawberry","HornCleat","Gambling Chip"],"acts_visited":["Exordium","TheCity","TheBeyond","TheEnding"],"potions_floor_usage":[28,56,56],"damage_taken":[{"damage":0.0,"enemies":"Small Slimes","floor":1.0,"turns":1.0},{"damage":0.0,"enemies":"2 Louse","floor":3.0,"turns":1.0},{"damage":0.0,"enemies":"Lagavulin","floor":6.0,"turns":1.0},{"damage":35.0,"enemies":"3 Sentries","floor":8.0,"turns":10.0},{"damage":25.0,"enemies":"Lagavulin","floor":10.0,"turns":5.0},{"damage":17.0,"enemies":"Jaw Worm","floor":11.0,"turns":4.0},{"damage":1.0,"enemies":"Looter","floor":12.0,"turns":2.0},{"damage":1.0,"enemies":"Large Slime","floor":14.0,"turns":5.0},{"damage":31.0,"enemies":"The Guardian","floor":16.0,"turns":15.0},{"damage":24.0,"enemies":"2 Thieves","floor":18.0,"turns":3.0},{"damage":3.0,"enemies":"Chosen","floor":22.0,"turns":5.0},{"damage":7.0,"enemies":"Slavers","floor":23.0,"turns":6.0},{"damage":2,"enemies":"3 Cultists","floor":24,"turns":3},{"damage":0,"enemies":"Gremlin Leader","floor":28,"turns":5},{"damage":0,"enemies":"Shelled Parasite and Fungi","floor":29,"turns":1},{"damage":0,"enemies":"Sentry and Sphere","floor":30,"turns":3},{"damage":1,"enemies":"Book of Stabbing","floor":31,"turns":2},{"damage":23,"enemies":"Automaton","floor":33,"turns":8},{"damage":0,"enemies":"Orb Walker","floor":35,"turns":1},{"damage":0,"enemies":"3 Shapes","floor":37,"turns":4},{"damage":4,"enemies":"Writhing Mass","floor":38,"turns":4},{"damage":0,"enemies":"Giant Head","floor":40,"turns":4},{"damage":36,"enemies":"Reptomancer","floor":41,"turns":4},{"damage":4,"enemies":"Nemesis","floor":42,"turns":5},{"damage":0,"enemies":"Reptomancer","floor":44,"turns":3},{"damage":0,"enemies":"3 Darklings","floor":45,"turns":3},{"damage":0,"enemies":"4 Shapes","floor":48,"turns":5},{"damage":19,"enemies":"Time Eater","floor":50,"turns":13},{"damage":25,"enemies":"Donu and Deca","floor":51,"turns":6},{"damage":0,"enemies":"Shield and Spear","floor":55,"turns":1},{"damage":6,"enemies":"The Heart","floor":56,"turns":11}],"seed_played":"-5088229214253233215","potions_obtained":[{"floor":3.0,"key":"LiquidBronze"},{"floor":8.0,"key":"FearPotion"},{"floor":23.0,"key":"DistilledChaos"},{"floor":28,"key":"Block Potion"},{"floor":37,"key":"HeartOfIron"}],"is_trial":false,"path_per_floor":["M","?","M","?","?","E","R","E","T","E","M","M","$","M","R","B",null,"M","?","?","$","M","E","M","?","T","R","E","M","M","E","R","B",null,"M","?","M","M","$","E","E","E","T","E","M","?","R","M","R","B","B",null,"R","$","E","B",null],"character_chosen":"IRONCLAD","items_purchased":["Disarm","Bludgeon","ClockworkSouvenir","Heavy Blade","HornCleat","LiquidMemories","Body Slam"],"campfire_rested":0,"item_purchase_floors":[13,21,39,39,54,54,54],"current_hp_per_floor":[74,74,75,75,75,75,75,50,50,31,20,25,25,47,47,63,72,54,33,33,33,39,38,60,60,60,60,66,72,75,75,75,75,75,75,75,75,75,75,75,45,68,68,81,82,82,82,82,82,82,82,82,82,82,82,82],"gold":60,"neow_bonus":"THREE_ENEMY_KILL","is_daily":false,"chose_seed":false,"campfire_upgraded":6,"win_rate":0.0,"timestamp":1614145381,"path_taken":["M","?","M","?","?","E","R","E","T","E","M","M","$","M","R","BOSS","M","?","?","$","M","E","M","?","T","R","E","M","M","E","R","BOSS","M","?","M","?","$","E","E","E","T","E","M","?","R","M","R","BOSS","BOSS","R","$","E","BOSS"],"items_purchased_type":["Card","Card","Relic","Card","Relic","Potion","Card"],"build_version":"2020-12-22","purchased_purges":3,"victory":true,"max_hp_per_floor":[75,75,75,75,75,75,75,75,75,75,75,75,75,75,75,75,75,75,75,75,75,75,75,75,75,75,75,75,75,75,75,75,75,75,75,75,75,75,75,75,75,75,75,82,82,82,82,82,82,82,82,82,82,82,82,82],"relic_stats":{"Gremlin Horn":[12,12],"counters":[31,144],"CeramicFish":180,"PreservedInsect":541,"Bag of Preparation":[56],"Whetstone":["Cleave","Reaper"],"MawBank":168,"Burning Blood":111,"Centennial Puzzle":[11],"Pantograph":25,"Gambling Chip":[8],"Snecko Eye":[220,214,198,215],"obtain_stats":[{"NeowsBlessing":0,"Gremlin Horn":42,"CeramicFish":10,"Enchiridion":19,"PreservedInsect":9,"Bag of Preparation":6,"Whetstone":31,"MawBank":40,"Burning Blood":0,"ClockworkSouvenir":39,"Centennial Puzzle":41,"HornCleat":54,"Pantograph":8,"Strawberry":44,"Gambling Chip":55,"Snecko Eye":17,"WingedGreaves":26,"Mark of Pain":34,"Bag of Marbles":28,"Paper Frog":23},{"NeowsBlessing":0,"Gremlin Horn":24,"CeramicFish":5,"Enchiridion":10,"PreservedInsect":4,"Bag of Preparation":3,"Whetstone":17,"MawBank":22,"Burning Blood":0,"ClockworkSouvenir":21,"Centennial Puzzle":23,"HornCleat":29,"Pantograph":4,"Strawberry":25,"Gambling Chip":30,"Snecko Eye":9,"WingedGreaves":13,"Mark of Pain":18,"Bag of Marbles":14,"Paper Frog":12},{"NeowsBlessing":0,"Gremlin Horn":102,"CeramicFish":18,"Enchiridion":47,"PreservedInsect":13,"Bag of Preparation":3,"Whetstone":72,"MawBank":93,"Burning Blood":0,"ClockworkSouvenir":89,"Centennial Puzzle":97,"HornCleat":132,"Pantograph":13,"Strawberry":105,"Gambling Chip":133,"Snecko Eye":44,"WingedGreaves":61,"Mark of Pain":80,"Bag of Marbles":66,"Paper Frog":58}]},"card_choices":[{"not_picked":["Perfected Strike","Second Wind"],"picked":"Cleave","floor":1.0},{"not_picked":["Power Through","Flex"],"picked":"Carnage","floor":3.0},{"not_picked":["Infernal Blade","Pummel"],"picked":"Reaper","floor":6.0},{"not_picked":["Wild Strike","Seeing Red"],"picked":"Spot Weakness","floor":8.0},{"not_picked":["Heavy Blade","Searing Blow"],"picked":"Flame Barrier","floor":10.0},{"not_picked":["Warcry","Wild Strike"],"picked":"Ghostly Armor","floor":11.0},{"not_picked":["Sword Boomerang","Wild Strike"],"picked":"Shrug It Off","floor":12.0},{"not_picked":["Cleave","Perfected Strike"],"picked":"Brutality","floor":14.0},{"not_picked":["Barricade","Brutality"],"picked":"Impervious","floor":16.0},{"not_picked":["Twin Strike","Sword Boomerang","Wild Strike"],"picked":"SKIP","floor":18.0},{"not_picked":["Havoc+1","Flex","Warcry"],"picked":"SKIP","floor":22.0},{"not_picked":["Sword Boomerang","Evolve"],"picked":"Shockwave","floor":23.0},{"not_picked":["Fire Breathing","Twin Strike","Sentinel+1"],"picked":"SKIP","floor":24},{"not_picked":["Shrug It Off","Pummel","Rage"],"picked":"SKIP","floor":28},{"not_picked":["Wild Strike","Heavy Blade"],"picked":"Flame Barrier","floor":29},{"not_picked":["Sword Boomerang","Twin Strike","Iron Wave"],"picked":"SKIP","floor":30},{"not_picked":["Infernal Blade+1","Clothesline","True Grit"],"picked":"SKIP","floor":31},{"not_picked":["Bludgeon","Demon Form"],"picked":"Corruption","floor":33},{"not_picked":["Thunderclap","Iron Wave","Seeing Red"],"picked":"SKIP","floor":35},{"not_picked":["Anger+1","Sever Soul"],"picked":"Evolve","floor":37},{"not_picked":["Heavy Blade","Rupture"],"picked":"Spot Weakness+1","floor":38},{"not_picked":["Entrench+1","Perfected Strike","Power Through"],"picked":"SKIP","floor":40},{"not_picked":["Intimidate","Reaper"],"picked":"Feel No Pain","floor":41},{"not_picked":["Entrench","Hemokinesis"],"picked":"Disarm","floor":42},{"not_picked":["Havoc+1","Clothesline"],"picked":"Dark Embrace","floor":44},{"not_picked":["Twin Strike","Fire Breathing","Burning Pact"],"picked":"SKIP","floor":45},{"not_picked":["Cleave","Body Slam+1"],"picked":"Shrug It Off+1","floor":48},{"not_picked":["Searing Blow+1","Perfected Strike"],"picked":"Barricade","floor":55}],"player_experience":1991452,"relics_obtained":[{"floor":6.0,"key":"Bag of Preparation"},{"floor":8.0,"key":"Pantograph"},{"floor":9.0,"key":"PreservedInsect"},{"floor":10.0,"key":"CeramicFish"},{"floor":19.0,"key":"Enchiridion"},{"floor":23.0,"key":"Paper Frog"},{"floor":26,"key":"WingedGreaves"},{"floor":28,"key":"Bag of Marbles"},{"floor":31,"key":"Whetstone"},{"floor":40,"key":"MawBank"},{"floor":41,"key":"Centennial Puzzle"},{"floor":42,"key":"Gremlin Horn"},{"floor":44,"key":"Strawberry"},{"floor":55,"key":"Gambling Chip"}],"event_choices":[{"damage_healed":0.0,"max_hp_gain":0.0,"max_hp_loss":0.0,"gold_gain":0.0,"event_name":"Liars Game","player_choice":"Ignored","floor":2.0,"gold_loss":0.0,"damage_taken":0.0},{"cards_removed":["Strike_R"],"damage_healed":0.0,"max_hp_gain":0.0,"max_hp_loss":0.0,"gold_gain":0.0,"event_name":"The Cleric","player_choice":"Card Removal","floor":4.0,"gold_loss":75.0,"damage_taken":0.0},{"damage_healed":0.0,"max_hp_gain":0.0,"max_hp_loss":0.0,"gold_gain":55.0,"event_name":"Golden Wing","player_choice":"Gained Gold","floor":5.0,"gold_loss":0.0,"damage_taken":0.0},{"damage_healed":0.0,"max_hp_gain":0.0,"max_hp_loss":0.0,"gold_gain":0.0,"event_name":"Cursed Tome","player_choice":"Obtained Book","floor":19.0,"gold_loss":0.0,"damage_taken":21.0},{"damage_healed":0.0,"max_hp_gain":0.0,"max_hp_loss":0.0,"gold_gain":0.0,"event_name":"Back to Basics","player_choice":"Simplicity","floor":20.0,"gold_loss":0.0,"damage_taken":0.0,"cards_upgraded":["Strike_R","Strike_R","Strike_R","Defend_R","Defend_R","Defend_R","Defend_R"]},{"damage_healed":0,"gold_gain":50,"player_choice":"Stole From Cult","damage_taken":0,"max_hp_gain":0,"max_hp_loss":0,"event_name":"Nest","floor":25,"gold_loss":0},{"damage_healed":0,"gold_gain":0,"cards_transformed":["Strike_R"],"player_choice":"Transformed","damage_taken":0,"max_hp_gain":0,"max_hp_loss":0,"event_name":"Transmorgrifier","floor":36,"gold_loss":0,"cards_obtained":["Sever Soul"]},{"cards_removed":["Carnage"],"damage_healed":0,"gold_gain":0,"player_choice":"Removed Attack","damage_taken":0,"max_hp_gain":0,"max_hp_loss":0,"event_name":"Falling","floor":46,"gold_loss":0}],"is_beta":false,"boss_relics":[{"not_picked":["Tiny House","Astrolabe"],"picked":"Snecko Eye"},{"not_picked":["Calling Bell","Runic Pyramid"],"picked":"Mark of Pain"}],"items_purged_floors":[13,21,39],"is_endless":false,"potions_floor_spawned":[3,8,10,14,23,24,28,31,33,37,42,44,48],"ascension_level":20}}