{"host":"rolltorest","time":1614136808,"event":{"mods":["BaseMod","Minty Spire (QoL Compilation)","Relic Stats","Slay the Relics Exporter","StSLib"],"gold_per_floor":[162,179,329,345,54,84,84,84,84],"floor_reached":8,"language":"ENG","playtime":263,"items_purged":["Doubt"],"score":112,"play_id":"3849cb41-541e-4898-95e6-fcc56a800ad1","local_time":"20210223192008","is_ascension_mode":true,"campfire_choices":[{"floor":7,"key":"REST"}],"circlet_count":0,"master_deck":["AscendersBane","Strike_R","Strike_R","Strike_R","Strike_R","Strike_R","Defend_R","Defend_R","Defend_R","Defend_R","Bash+1","Combust","Iron Wave","Clash","The Bomb","Spot Weakness"],"relics":["Tiny House","Ornamental Fan"],"acts_visited":["Exordium"],"potions_floor_usage":[8],"damage_taken":[{"damage":6,"enemies":"2 Louse","floor":1,"turns":4},{"damage":10,"enemies":"Cultist","floor":2,"turns":4},{"damage":14,"enemies":"Jaw Worm","floor":4,"turns":4},{"damage":24,"enemies":"3 Sentries","floor":6,"turns":5},{"damage":34,"enemies":"Gremlin Nob","floor":8,"turns":4}],"seed_played":"1525565533591171001","potions_obtained":[{"floor":0,"key":"SpeedPotion"},{"floor":1,"key":"GamblersBrew"},{"floor":2,"key":"AttackPotion"}],"is_trial":false,"path_per_floor":["M","M","?","M","$","E","R","E"],"character_chosen":"IRONCLAD","items_purchased":["The Bomb"],"campfire_rested":1,"item_purchase_floors":[5],"current_hp_per_floor":[67,57,57,43,43,19,43,9,9],"gold":84,"neow_bonus":"BOSS_RELIC","is_daily":false,"chose_seed":false,"campfire_upgraded":0,"win_rate":0.0,"timestamp":1614136808,"path_taken":["M","M","?","M","$","E","R","E"],"items_purchased_type":["Card"],"build_version":"2020-12-18","purchased_purges":1,"victory":false,"max_hp_per_floor":[80,80,80,80,80,80,80,80,80],"relic_stats":{"counters":[5,21],"Ornamental Fan":[4],"obtain_stats":[{"Tiny House":0,"Ornamental Fan":6,"Burning Blood":0},{"Tiny House":0,"Ornamental Fan":4,"Burning Blood":0},{"Tiny House":0,"Ornamental Fan":17,"Burning Blood":0}]},"card_choices":[{"not_picked":["Pommel Strike","Twin Strike"],"picked":"Combust","floor":1},{"not_picked":["Reckless Charge","Heavy Blade"],"picked":"Iron Wave","floor":2},{"not_picked":["Rupture","Sword Boomerang"],"picked":"Clash","floor":4},{"not_picked":["Intimidate","Juggernaut"],"picked":"Spot Weakness","floor":6}],"player_experience":2027178,"relics_obtained":[{"floor":6,"key":"Ornamental Fan"}],"event_choices":[{"damage_healed":0,"gold_gain":150,"player_choice":"AGREE","damage_taken":0,"max_hp_gain":0,"max_hp_loss":0,"event_name":"Liars Game","floor":3,"gold_loss":0,"cards_obtained":["Doubt"]}],"is_beta":true,"boss_relics":[],"items_purged_floors":[5],"is_endless":false,"potions_floor_spawned":[1,2,6],"killed_by":"Gremlin Nob","ascension_level":20}}