{"host":"l8lkgdumzpe3823a","time":1614209471,"event":{"mods":["Always Whale","Aspiration","BaseMod","Beaked The Cultist","Better Note","Clockwork Mod","Colored Powertips","Curses Come First","Custom Start","DeckTracker","Defuse TimeMaze Blight","Highlight Path","Hubris","Infinite Spire","Minty Spire (QoL Compilation)","Quick Restart","Replay The Spire","Shop Mod","StSLib","SuperFastMode","The Construct","The Cursed","The Dragon Tamer","The Necromancer","The Servant 0.9.4"],"gold_per_floor":[117,117,117,135,66,80,80,115,115,115,129,147,147,181,181,279,379,395,395,395,405,422,422,436,436,459,472,507,507,538,552,552,651,651,662,679,536,556,556,556,556,556,556,575,575,575,588,516,533,533,533,533,533],"floor_reached":52,"language":"ENG","playtime":2452,"items_purged":["Strike_W","Delirium"],"score":782,"play_id":"1bfce1d8-17c0-44ea-8df4-872278c68eb8","local_time":"20210224173111","is_ascension_mode":true,"campfire_choices":[{"data":"Spectral_Armor","floor":10.0,"key":"SMITH"},{"data":"Bones_to_Steel","floor":13.0,"key":"SMITH"},{"data":"Grasp_Heart","floor":15.0,"key":"SMITH"},{"data":"Bone_Wall","floor":23.0,"key":"SMITH"},{"data":"Bone_Armor","floor":32.0,"key":"SMITH"},{"data":"Skeleton_Dragon","floor":40,"key":"SMITH"},{"data":"Summon_Lich","floor":43,"key":"SMITH"},{"data":"Negative_Energy_Sphere","floor":46,"key":"SMITH"},{"data":"Summon_Undead","floor":51,"key":"SMITH"}],"circlet_count":0,"master_deck":["Strike_W","Strike_W","Defend_W","Defend_W","Defend_W","Defend_W","Negative_Energy_Arrows","Bone_Wall+1","Bone_Armor+1","Spectral_Armor+1","Summon_Lich+1","Negative_Energy_Sphere+1","Bones_to_Steel+1","Grasp_Heart+1","Summon_Death_Knight+1","Bone_Armory+1","Acid_Javelin+1","Negative_Energy_Shield","Toxic_Smoke_Screen+1","Skeleton_Dragon+1","Bone_Armor+1","Bone_Shift+1","Summon_Lich+1","Summon_Undead+1","Summon_Undead+1"],"relics":["Coffee Dripper","Blood Vial","Torii","Shuriken","Replay:Wanted Poster","Guide Book","hubris:ScarierMask","Ring of Misfortune","Replay:Baseball","Omamori","infinitespire:ShieldingShard","MealTicket","construct:WeddingRing","MerchantsRug","Chameleon Ring"],"acts_visited":["Exordium","TheCity","TheBeyond"],"potions_floor_usage":[44,52,52],"damage_taken":[{"damage":0.0,"enemies":"Small Slimes","floor":1.0,"turns":4.0},{"damage":0.0,"enemies":"Cultist","floor":4.0,"turns":4.0},{"damage":1.0,"enemies":"Jaw Worm","floor":6.0,"turns":4.0},{"damage":41.0,"enemies":"Gremlin Nob","floor":8.0,"turns":6.0},{"damage":1.0,"enemies":"2 Fungi Beasts","floor":11.0,"turns":3.0},{"damage":11.0,"enemies":"Gremlin Gang","floor":12.0,"turns":4.0},{"damage":7.0,"enemies":"3 Sentries","floor":14.0,"turns":5.0},{"damage":0.0,"enemies":"The Guardian","floor":16.0,"turns":10.0},{"damage":1.0,"enemies":"Shell Parasite","floor":18.0,"turns":5.0},{"damage":0.0,"enemies":"2 Thieves","floor":21.0,"turns":3.0},{"damage":1.0,"enemies":"Cultist and Chosen","floor":22.0,"turns":4.0},{"damage":7.0,"enemies":"3 Cultists","floor":24.0,"turns":5.0},{"damage":1.0,"enemies":"Shelled Parasite and Fungi","floor":27.0,"turns":6.0},{"damage":2.0,"enemies":"Replay:Snechameleon","floor":28.0,"turns":7.0},{"damage":0.0,"enemies":"Slavers","floor":30.0,"turns":4.0},{"damage":6.0,"enemies":"Snake Plant","floor":31.0,"turns":5.0},{"damage":52,"enemies":"Champ","floor":33,"turns":11},{"damage":0,"enemies":"3 Darklings","floor":35,"turns":3},{"damage":0,"enemies":"3 Shapes","floor":36,"turns":2},{"damage":2,"enemies":"Writhing Mass","floor":38,"turns":5},{"damage":16,"enemies":"Jaw Worm Horde","floor":44,"turns":2},{"damage":9,"enemies":"3 Darklings","floor":47,"turns":2},{"damage":0,"enemies":"Writhing Mass","floor":49,"turns":5},{"damage":83,"enemies":"hubris:GrandSnecko","floor":52,"turns":10}],"seed_played":"-2072460213709930189","potions_obtained":[{"floor":1.0,"key":"LifebloodPotion"},{"floor":8.0,"key":"Fire Potion"},{"floor":11.0,"key":"Death Potion"},{"floor":14.0,"key":"Swift Potion"},{"floor":21.0,"key":"FearPotion"},{"floor":24.0,"key":"Explosive Potion"},{"floor":27.0,"key":"EssenceOfSteel"},{"floor":39,"key":"infinitespire:BlackPotion"},{"floor":39,"key":"AttackPotion"},{"floor":44,"key":"SpeedPotion"}],"is_trial":false,"path_per_floor":["M","?","$","M","$","M","?","E","T","R","M","M","R","E","R","B",null,"M","AVR","?","M","M","R","M","?","T","M","E","?","E","M","R","B",null,"M","M","$","M","?","R","PTL","PTL","R","M","T","R","M","$","M","?","R","B"],"character_chosen":"NECROMANCER","items_purchased":["Summon_Lich","MerchantsRug","Summon_Undead"],"campfire_rested":0,"item_purchase_floors":[5,37,48],"current_hp_per_floor":[68,68,68,68,68,67,67,26,26,26,27,18,18,13,13,15,60,61,61,61,63,64,64,59,59,59,60,60,60,62,58,58,8,58,60,62,75,73,73,73,73,73,73,59,59,59,52,67,75,75,75,0,0],"gold":533,"neow_bonus":"BOSS_RELIC","is_daily":false,"chose_seed":false,"campfire_upgraded":9,"win_rate":0.0,"timestamp":1614209471,"path_taken":["M","?","?","M","$","M","?","E","T","R","M","M","R","E","R","BOSS","M","AVR","?","?","M","R","M","?","T","M","E","?","E","M","R","BOSS","M","M","$","M","?","R","PTL","PTL","R","M","T","R","?","$","M","?","R","BOSS"],"items_purchased_type":["Card","Relic","Card"],"build_version":"2020-12-22","purchased_purges":2,"victory":false,"max_hp_per_floor":[75,75,75,75,75,75,75,75,75,75,75,75,75,75,75,75,75,75,75,75,75,75,75,75,75,75,75,75,75,75,75,75,75,75,75,75,75,75,75,75,75,75,75,75,75,75,75,75,75,75,75,75,75],"card_choices":[{"not_picked":["Death_Coil","Summon_Undead"],"picked":"Bone_Armor","floor":1.0},{"not_picked":["Negative_Energy_Mist","Shackles_Of_Pain"],"picked":"Spectral_Armor","floor":4.0},{"not_picked":["Summon_Lich","Blood_for_Blood","Negative_Energy_Mist"],"picked":"SKIP","floor":6.0},{"not_picked":["Bone_Bullets","Blood_Shield"],"picked":"Negative_Energy_Sphere","floor":8.0},{"not_picked":["Death_Coil","Blood_Whip","Chill_Blood"],"picked":"SKIP","floor":11.0},{"not_picked":["Chill_Blood","Consume_Illness"],"picked":"Bones_to_Steel","floor":12.0},{"not_picked":["Pandemic","Bone_Spikes"],"picked":"Grasp_Heart","floor":14.0},{"not_picked":["Hellfire","Grasp_Heart"],"picked":"Summon_Death_Knight","floor":16.0},{"not_picked":["Bone_Bullets+1","Slay_Living"],"picked":"Bone_Armory","floor":18.0},{"not_picked":["Deaths_Shadow","Death_March_Dance","Blood_Curse+1"],"picked":"SKIP","floor":21.0},{"not_picked":["Chill_Blood","Bone_Spikes","Death_Coil"],"picked":"SKIP","floor":22.0},{"not_picked":["Blood_Shield","Summon_Undead_Army+1"],"picked":"Acid_Javelin+1","floor":24.0},{"not_picked":["Death_March_Dance","Blood_Is_Power"],"picked":"Negative_Energy_Shield","floor":27.0},{"not_picked":["Bone_Spikes","Shackles_Of_Pain"],"picked":"Toxic_Smoke_Screen","floor":28.0},{"not_picked":["Negative_Energy_Javelin+1","Vampiric_Strike"],"picked":"Skeleton_Dragon","floor":30.0},{"not_picked":["Plague_Bolt+1","Death_Coil"],"picked":"Bone_Armor","floor":31.0},{"not_picked":["Negative_Energy_Shield+1","Death_March_Dance+1"],"picked":"Bone_Shift+1","floor":35},{"not_picked":["Life_Tap","Bones_to_Steel"],"picked":"Summon_Lich","floor":36},{"not_picked":["Flesh_Made_Foul+1","Bone_Spikes+1"],"picked":"Summon_Undead+1","floor":38},{"not_picked":["Blood_Whip","Negative_Energy_Sphere","Bone_Spikes+1"],"picked":"SKIP","floor":44},{"not_picked":["Toxic_Smoke_Screen","Negative_Energy_Mist","Consume_Illness"],"picked":"SKIP","floor":47},{"not_picked":["Death_Coil","Finger_Of_Death","Bone_Shift"],"picked":"SKIP","floor":49}],"player_experience":798539,"relics_obtained":[{"floor":8.0,"key":"Matryoshka"},{"floor":9.0,"key":"Blood Vial"},{"floor":9.0,"key":"Torii"},{"floor":14.0,"key":"Shuriken"},{"floor":25.0,"key":"Ring of Misfortune"},{"floor":26.0,"key":"Replay:Baseball"},{"floor":26.0,"key":"Omamori"},{"floor":28.0,"key":"infinitespire:ShieldingShard"},{"floor":30.0,"key":"MealTicket"},{"floor":45,"key":"Chameleon Ring"}],"event_choices":[{"cards_removed":["Strike_W"],"damage_healed":0.0,"max_hp_gain":0.0,"max_hp_loss":0.0,"gold_gain":0.0,"event_name":"Purifier","player_choice":"Purged","floor":2.0,"gold_loss":0.0,"damage_taken":0.0},{"damage_healed":0.0,"max_hp_gain":0.0,"max_hp_loss":0.0,"gold_gain":0.0,"event_name":"Upgrade Shrine","player_choice":"Upgraded","floor":20.0,"gold_loss":0.0,"damage_taken":0.0,"cards_upgraded":["Bone_Armor"]},{"damage_healed":0,"gold_gain":0,"player_choice":"Got Potions","damage_taken":0,"max_hp_gain":0,"max_hp_loss":0,"event_name":"Lab","floor":39,"gold_loss":0},{"damage_healed":0,"gold_gain":0,"player_choice":"Ignored","damage_taken":0,"max_hp_gain":0,"max_hp_loss":0,"event_name":"Tomb of Lord Red Mask","floor":50,"gold_loss":0}],"is_beta":false,"boss_relics":[{"not_picked":["Pandora\u0027s Box","Cursed Key"],"picked":"Replay:Wanted Poster"},{"not_picked":["Black Star","Empty Cage"],"picked":"construct:WeddingRing"}],"items_purged_floors":[19,37],"is_endless":false,"potions_floor_spawned":[1,8,11,14,21,24,27,30,36,44,49],"killed_by":"hubris:GrandSnecko","ascension_level":7}}