{"host":"vk2xyavtylxbvrfq","time":1614193390,"event":{"mods":["Bard","BaseMod","Bestiary","Better Altar","Better Match","Better Note","Better Sensory Stone","Better Skull","Better Vampires","Block Reminder","Bossed Relics","Colored Map","Curses Come First","Displayed Cursed Tome","Downfall","Extra Virgin Snecko Oil","Fox Events","Hermit","Ironclad Rager","Marked Mod","Minty Spire (QoL Compilation)","Quick Restart","Rare Cards Sparkle","Relic Sorter","Reliquary","Robot Space Explorer","StSLib","The Hayseed","The Runesmith","Unceasing Turn Reminder"],"gold_per_floor":[112,125,125,300,300,300,327,327,327,352,372,390,390,10,10,112,112,129,145,125,141,51,51,65,97,120,146,146,156,156,66,66,167,167,184,199,2,2,70,98,98,108,108,108,126,126,126,126],"floor_reached":47,"language":"ENG","playtime":1974,"items_purged":["hermit:Strike_Hermit"],"score":736,"play_id":"8c94eb88-93c1-4122-8ed3-e370d47233d3","local_time":"20210224140310","is_ascension_mode":true,"campfire_choices":[{"data":"hermit:ShadowCloak","floor":6.0,"key":"SMITH"},{"data":"hermit:LuckOfTheDraw","floor":8.0,"key":"SMITH"},{"floor":13.0,"key":"REST"},{"data":"hermit:Midnight","floor":15.0,"key":"SMITH"},{"floor":23.0,"key":"REST"},{"floor":28.0,"key":"REST"},{"floor":30.0,"key":"REST"},{"floor":32.0,"key":"RECALL"},{"floor":41.0,"key":"REST"},{"floor":44.0,"key":"REST"},{"floor":46.0,"key":"REST"}],"circlet_count":0,"master_deck":["hermit:Strike_Hermit","hermit:Strike_Hermit","hermit:Strike_Hermit","hermit:Defend_Hermit","hermit:Defend_Hermit","hermit:Defend_Hermit","hermit:Defend_Hermit","hermit:Snapshot","hermit:Covet","hermit:ShadowCloak+1","hermit:LuckOfTheDraw+1","Apotheosis+1","hermit:Virtue","hermit:GoldenBullet+1","hermit:Malice","hermit:Midnight+1","hermit:FromBeyond","hermit:Misfire","hermit:GhostlyPresence","PanicButton","hermit:Vantage+1","hermit:LoneWolf","hermit:Reprieve","hermit:Determination","hermit:Adapt","hermit:Cheat","hermit:HoleUp","hermit:LowProfile+1","hermit:Spite+1","hermit:SprayPray"],"relics":["hermit:Momento","Turnip","NeowsBlessing","TungstenRod","Bronze Scales","Pocketwatch","Fusion Hammer","Tiny Chest","reliquary:TuningFork","Ornamental Fan","reliquary:WritOfMandamus","ClockworkSouvenir","Blood Vial","Meat on the Bone"],"acts_visited":["Exordium","TheCity","TheBeyond"],"potions_floor_usage":[],"damage_taken":[{"damage":0.0,"enemies":"Small Slimes","floor":1.0,"turns":1.0},{"damage":0.0,"enemies":"2 Louse","floor":2.0,"turns":1.0},{"damage":0.0,"enemies":"Gremlin Nob","floor":7.0,"turns":1.0},{"damage":23.0,"enemies":"Lagavulin","floor":10.0,"turns":10.0},{"damage":6.0,"enemies":"Cultist","floor":11.0,"turns":4.0},{"damage":0.0,"enemies":"2 Fungi Beasts","floor":12.0,"turns":3.0},{"damage":30.0,"enemies":"Hexaghost","floor":16.0,"turns":9.0},{"damage":0.0,"enemies":"Spheric Guardian","floor":18.0,"turns":3.0},{"damage":12.0,"enemies":"Shell Parasite","floor":19.0,"turns":4.0},{"damage":35.0,"enemies":"Snecko","floor":21.0,"turns":6.0},{"damage":5.0,"enemies":"Shelled Parasite and Fungi","floor":24.0,"turns":6.0},{"damage":5.0,"enemies":"Book of Stabbing","floor":25.0,"turns":5.0},{"damage":35.0,"enemies":"Gremlin Leader","floor":27.0,"turns":7.0},{"damage":3.0,"enemies":"Centurion and Healer","floor":29.0,"turns":5.0},{"damage":5.0,"enemies":"Automaton","floor":33.0,"turns":11.0},{"damage":14.0,"enemies":"3 Shapes","floor":35.0,"turns":7.0},{"damage":38.0,"enemies":"3 Darklings","floor":36.0,"turns":5.0},{"damage":18.0,"enemies":"Nemesis","floor":40.0,"turns":7.0},{"damage":32.0,"enemies":"Spire Growth","floor":42.0,"turns":7.0},{"damage":19.0,"enemies":"Sphere and 2 Shapes","floor":45.0,"turns":6.0},{"damage":134,"enemies":"Giant Head","floor":47,"turns":10}],"seed_played":"-4848624230322668820","potions_obtained":[{"floor":2.0,"key":"hermit:Tonic"},{"floor":11.0,"key":"Energy Potion"},{"floor":12.0,"key":"Dexterity Potion"},{"floor":16.0,"key":"FairyPotion"},{"floor":20.0,"key":"sneckomod:MuddlingPotion"},{"floor":21.0,"key":"Swift Potion"},{"floor":27.0,"key":"FairyPotion"},{"floor":29.0,"key":"SkillPotion"},{"floor":40.0,"key":"hexamod:SoulburnPotion"},{"floor":42.0,"key":"LiquidMemories"}],"is_trial":false,"path_per_floor":["M","M","?","?","?","R","E","R","T","E","M","M","R","$","R","B",null,"M","M","?","M","$","R","M","E","T","E","R","M","R","?","R","B",null,"M","M","$","?","T","E","R","M","T","R","M","R","E"],"character_chosen":"HERMIT","items_purchased":["Pocketwatch","PanicButton","ClockworkSouvenir","hermit:HoleUp"],"campfire_rested":7,"item_purchase_floors":[14,22,37,37],"current_hp_per_floor":[68,68,68,68,68,68,68,68,68,45,39,39,61,61,61,31,64,64,52,52,17,17,39,34,29,29,22,44,53,75,75,75,70,74,60,26,26,66,66,52,66,34,34,53,36,55,0,0],"gold":126,"neow_bonus":"THREE_ENEMY_KILL","is_daily":false,"chose_seed":false,"campfire_upgraded":3,"win_rate":0.0,"timestamp":1614193390,"path_taken":["M","M","?","?","?","R","E","R","T","E","M","?","R","$","R","BOSS","M","M","?","M","$","R","M","E","T","E","R","?","R","?","R","BOSS","M","M","$","?","?","E","R","M","T","R","M","R","E"],"items_purchased_type":["Relic","Card","Relic","Card"],"build_version":"2020-12-22","purchased_purges":1,"victory":false,"max_hp_per_floor":[75,75,75,75,75,75,75,75,75,75,75,75,75,75,75,75,75,75,75,75,75,75,75,75,75,75,75,75,75,75,75,75,75,75,75,75,75,66,66,66,66,66,66,66,66,66,66,66],"card_choices":[{"not_picked":["hermit:Coalescence","hermit:CalledShot"],"picked":"hermit:ShadowCloak","floor":1.0},{"not_picked":["hermit:Dive","hermit:DeadMansHand"],"picked":"hermit:LuckOfTheDraw","floor":2.0},{"not_picked":["Finesse","Discovery"],"picked":"Apotheosis","floor":3.0},{"not_picked":["hermit:Glare","hermit:Snipe"],"picked":"hermit:Virtue","floor":7.0},{"not_picked":["hermit:HoleUp","hermit:ItchyTrigger"],"picked":"hermit:GoldenBullet","floor":10.0},{"not_picked":["hermit:Headshot","hermit:Maintenance"],"picked":"hermit:Malice","floor":11.0},{"not_picked":["hermit:Coalescence","hermit:Headshot"],"picked":"hermit:Midnight","floor":12.0},{"not_picked":["hermit:RoundhouseKick","hermit:HighNoon"],"picked":"hermit:FromBeyond","floor":16.0},{"not_picked":["hermit:LuckOfTheDraw","hermit:Midnight"],"picked":"hermit:Misfire","floor":18.0},{"not_picked":["hermit:BodyArmor","hermit:TrackingShot","hermit:Maintenance"],"picked":"SKIP","floor":19.0},{"not_picked":["hermit:Ricochet","hermit:HighCaliber"],"picked":"hermit:GhostlyPresence","floor":21.0},{"not_picked":["hermit:Horror","hermit:SprayPray"],"picked":"hermit:Vantage+1","floor":24.0},{"not_picked":["hermit:BigShot","hermit:BodyArmor"],"picked":"hermit:LoneWolf","floor":25.0},{"not_picked":["hermit:HighCaliber","hermit:EyeOfTheStorm"],"picked":"hermit:Reprieve","floor":27.0},{"not_picked":["hermit:HoleUp","hermit:NoHoldsBarred"],"picked":"hermit:Determination","floor":29.0},{"not_picked":["hermit:BlackWind","hermit:Dissolve"],"picked":"hermit:Adapt","floor":33.0},{"not_picked":["hermit:BodyArmor","hermit:TrackingShot+1","hermit:Ricochet"],"picked":"SKIP","floor":35.0},{"not_picked":["hermit:WideOpen","hermit:BodyArmor+1"],"picked":"hermit:Cheat","floor":36.0},{"not_picked":["hermit:Quickdraw","hermit:Shortfuse"],"picked":"hermit:LowProfile+1","floor":40.0},{"not_picked":["hermit:Showdown+1","hermit:Feint"],"picked":"hermit:Spite+1","floor":42.0},{"not_picked":["hermit:Shortfuse+1","hermit:Feint"],"picked":"hermit:SprayPray","floor":45.0}],"player_experience":1471630,"relics_obtained":[{"floor":7.0,"key":"Turnip"},{"floor":9.0,"key":"TungstenRod"},{"floor":10.0,"key":"Bronze Scales"},{"floor":25.0,"key":"Tiny Chest"},{"floor":26.0,"key":"reliquary:TuningFork"},{"floor":27.0,"key":"Ornamental Fan"},{"floor":40.0,"key":"Blood Vial"},{"floor":43.0,"key":"Meat on the Bone"}],"event_choices":[{"damage_healed":0.0,"max_hp_gain":0.0,"max_hp_loss":0.0,"gold_gain":1.0,"event_name":"betterStone:BetterStone","player_choice":"1","floor":3.0,"gold_loss":0.0,"damage_taken":0.0},{"damage_healed":0.0,"max_hp_gain":0.0,"max_hp_loss":0.0,"gold_gain":175.0,"event_name":"Liars Game","player_choice":"AGREE","floor":4.0,"gold_loss":0.0,"damage_taken":0.0,"cards_obtained":["Doubt"]},{"damage_healed":0.0,"max_hp_gain":0.0,"max_hp_loss":0.0,"gold_gain":0.0,"event_name":"Upgrade Shrine","player_choice":"Upgraded","floor":5.0,"gold_loss":0.0,"damage_taken":0.0,"cards_upgraded":["Apotheosis"]},{"damage_healed":0.0,"max_hp_gain":0.0,"max_hp_loss":0.0,"gold_gain":0.0,"event_name":"The Woman in Blue","player_choice":"Bought 1 Potion","floor":20.0,"gold_loss":0.0,"damage_taken":0.0},{"cards_removed":["Doubt"],"damage_healed":0.0,"max_hp_gain":0.0,"max_hp_loss":0.0,"gold_gain":0.0,"event_name":"Designer","player_choice":"Upgrade and Remove","floor":31.0,"gold_loss":90.0,"damage_taken":0.0,"cards_upgraded":["hermit:GoldenBullet"]},{"damage_healed":66.0,"max_hp_gain":0.0,"max_hp_loss":9.0,"gold_gain":0.0,"event_name":"The Moai Head","player_choice":"Heal","floor":38.0,"gold_loss":0.0,"damage_taken":0.0}],"is_beta":false,"boss_relics":[{"not_picked":["Tiny House","hermit:ClaspedLocket"],"picked":"Fusion Hammer"},{"not_picked":["reliquary:RedPaperclip","Black Star"],"picked":"reliquary:WritOfMandamus"}],"items_purged_floors":[14],"is_endless":false,"potions_floor_spawned":[2,11,12,16,21,27,29,40,42],"killed_by":"Giant Head","ascension_level":8}}