{"host":"watt8gvwfmxuscaf","time":1614205678,"event":{"mods":["100% Spire Juice","Act Like it!","Arknights","BaseMod","Bestiary","CatGirl Mod","Colored Map","Colored Powertips","Conspire","Downfall","GifTheSpireLib","Hermit","Hubris","Infinite Spire","Marisa????????","Minty Spire (QoL Compilation)","Quick Restart","Rare Cards Sparkle","Relic Stats","Replay The Spire","Shop Mod","StSLib","Stuff the Spire","SuperFastMode","The Alterego","The Animator","The Cursed","The Hierophant","The Marked","The Mystic","The Necromancer","The Poker Player","The Runesmith","The Servant 0.9.4","The Wild Card"],"gold_per_floor":[114,114,66,19,47,79,79,113,113,113,129,158,172,172,172,330,380,445,370,350,400,418,418,418,418],"floor_reached":24,"language":"ENG","playtime":1442,"items_purged":["animator:Strike"],"score":355,"play_id":"74d7047e-a42c-4fe3-b642-4ebb9422751d","local_time":"20210224172758","is_ascension_mode":true,"campfire_choices":[{"data":"animator:SayakaMiki","floor":7,"key":"SMITH"},{"data":"animator:KyokoSakura","floor":10,"key":"SMITH"},{"floor":15,"key":"REST"},{"floor":23,"key":"REST"}],"circlet_count":0,"master_deck":["animator:Strike_MadokaMagica","animator:Defend_MadokaMagica","animator:Strike","animator:Strike","animator:Defend","animator:Defend","animator:Defend","animator:IrohaTamaki","animator:YuiTsuruno","animator:IrohaTamaki","animator:Vesta","animator:IrohaTamaki","animator:IrohaTamaki","animator:SayakaMiki+1","animator:KyokoSakura+1","animator:MadokaKaname","animator:MamiTomoe","animator:MamiTomoe","animator:YuiTsuruno+1"],"relics":["animator:LivingPicture","animator:TheMissingPiece","NeowsBlessing","Centennial Puzzle","Bag of Preparation","Iron Hammer","hubris:MobiusCoin","ReplayTheSpireMod:Ring of Challenge","Replay:Bottled Flurry"],"acts_visited":["Exordium","TheCity"],"potions_floor_usage":[16,16,24],"damage_taken":[{"damage":0,"enemies":"Cultist","floor":1,"turns":1},{"damage":0,"enemies":"Small Slimes","floor":5,"turns":1},{"damage":0,"enemies":"Gremlin Nob","floor":6,"turns":1},{"damage":6,"enemies":"3 Sentries","floor":8,"turns":13},{"damage":0,"enemies":"Jaw Worm","floor":11,"turns":5},{"damage":0,"enemies":"Lagavulin","floor":12,"turns":8},{"damage":9,"enemies":"3 Louse","floor":13,"turns":5},{"damage":10,"enemies":"Fading Forest","floor":16,"turns":11},{"damage":5,"enemies":"Spheric Guardian","floor":18,"turns":9},{"damage":10,"enemies":"2 Thieves","floor":20,"turns":4},{"damage":16,"enemies":"Centurion and Healer","floor":22,"turns":10},{"damage":55,"enemies":"Book of Stabbing","floor":24,"turns":5}],"seed_played":"-7869263052830216738","potions_obtained":[{"floor":6,"key":"champ:CounterPotion"},{"floor":8,"key":"BlessingOfTheForge"},{"floor":11,"key":"Swift Potion"}],"is_trial":false,"path_per_floor":["M","?","$","$","M","E","R","E","T","R","M","E","M","?","R","B",null,"M","$","M","?","M","R","E"],"character_chosen":"THE_ANIMATOR","items_purchased":["animator:IrohaTamaki","animator:IrohaTamaki"],"campfire_rested":2,"item_purchase_floors":[3,4],"current_hp_per_floor":[66,66,66,66,66,67,67,61,61,61,61,61,52,52,67,61,67,64,64,60,43,27,47,0,0],"gold":418,"neow_bonus":"THREE_ENEMY_KILL","is_daily":false,"chose_seed":false,"campfire_upgraded":2,"win_rate":0.0,"timestamp":1614205678,"path_taken":["M","?","?","$","M","E","R","E","T","R","M","E","?","?","R","BOSS","M","$","M","?","M","R","E"],"items_purchased_type":["Card","Card"],"build_version":"2020-12-22","purchased_purges":1,"victory":false,"max_hp_per_floor":[66,66,66,66,66,67,67,67,67,67,67,67,67,67,67,67,67,68,68,68,68,68,68,68,68],"relic_stats":{"Centennial Puzzle":[21],"counters":[12,73],"Bag of Preparation":[16],"obtain_stats":[{"hubris:MobiusCoin":12,"Centennial Puzzle":6,"NeowsBlessing":0,"animator:TheMissingPiece":0,"animator:LivingPicture":0,"Iron Hammer":9,"Bag of Preparation":8,"Replay:Bottled Flurry":21,"ReplayTheSpireMod:Ring of Challenge":14},{"hubris:MobiusCoin":6,"Centennial Puzzle":3,"NeowsBlessing":0,"animator:TheMissingPiece":0,"animator:LivingPicture":0,"Iron Hammer":4,"Bag of Preparation":4,"Replay:Bottled Flurry":10,"ReplayTheSpireMod:Ring of Challenge":7},{"hubris:MobiusCoin":29,"Centennial Puzzle":3,"NeowsBlessing":0,"animator:TheMissingPiece":0,"animator:LivingPicture":0,"Iron Hammer":16,"Bag of Preparation":16,"Replay:Bottled Flurry":58,"ReplayTheSpireMod:Ring of Challenge":34}]},"card_choices":[{"not_picked":["animator:Jibril","animator:Mitsuba"],"picked":"animator:IrohaTamaki","floor":1},{"not_picked":["animator:IrohaTamaki","animator:Megumin"],"picked":"animator:SayakaMiki","floor":5},{"not_picked":["animator:Megumin","animator:Archer"],"picked":"animator:KyokoSakura","floor":6},{"not_picked":["animator:DolaSchwi","animator:Shigure","animator:DolaStephanie"],"picked":"SKIP","floor":11},{"not_picked":["animator:Yuuichirou","animator:Jibril","animator:ShinjiMatou"],"picked":"SKIP","floor":12},{"not_picked":["animator:Kuribayashi","animator:Mitsuba","animator:CrowleyEusford"],"picked":"SKIP","floor":13},{"not_picked":["animator:Shizu","animator:Kyubey"],"picked":"animator:MadokaKaname","floor":16},{"not_picked":["animator:OrikoMikuni","animator:SayakaMiki"],"picked":"animator:MamiTomoe","floor":18},{"not_picked":["animator:Lancer","animator:Kaijin"],"picked":"animator:MamiTomoe","floor":20},{"not_picked":["animator:Shion","animator:Assassin"],"picked":"animator:YuiTsuruno+1","floor":21},{"not_picked":["animator:ChlammyZell","animator:Gilgamesh","animator:DolaSchwi"],"picked":"SKIP","floor":22}],"player_experience":610141,"relics_obtained":[{"floor":6,"key":"Centennial Puzzle"},{"floor":8,"key":"Bag of Preparation"},{"floor":9,"key":"Iron Hammer"},{"floor":12,"key":"hubris:MobiusCoin"},{"floor":14,"key":"ReplayTheSpireMod:Ring of Challenge"},{"floor":21,"key":"Replay:Bottled Flurry"}],"event_choices":[{"damage_healed":0,"gold_gain":0,"player_choice":"1 cards matched","damage_taken":0,"max_hp_gain":0,"max_hp_loss":0,"event_name":"Match and Keep!","floor":2,"gold_loss":0,"cards_obtained":["animator:Vesta"]}],"is_beta":false,"boss_relics":[{"not_picked":["Busted Crown","Runic Dome","hubris:GrandSneckoEye"]}],"items_purged_floors":[19],"is_endless":false,"potions_floor_spawned":[6,8,11],"killed_by":"Book of Stabbing","ascension_level":1}}