{"host":"e5u7qs1emxzejr12","time":1614166767,"event":{"mods":["100% Spire Juice","2.2 Compatiblity","Act Like it!","Arknights","Ascension Unlocker","BaseMod","CapriCore","Card Forge","Colored Powertips","Custom Start","GifTheSpireLib","Highlight Path","KomeijiMod","Marisa£®ÏF”Í°°ƒß¿Ì…≥£©","Minty Spire (QoL Compilation)","Monster B Gone","MostiFishMod","Quick Restart","Relic Filter Mod","Reliquary","Replay The Spire","StSLib","SuperFastMode","The Blackbeard","WarShipGirlsR/’ΩΩ¢…Ÿ≈ÆR mod","Youmu£®ªÍ∆«—˝√Œ£©","ÛÙª÷∏ƒœ"],"gold_per_floor":[220,256,298,331,331,418,502,604,604],"floor_reached":8,"language":"ZHS","playtime":1420,"items_purged":[],"score":256,"play_id":"e08c7084-4427-4c41-bd01-92032624a0ea","local_time":"20210224193927","daily_mods":["Heirloom","Flight","DeadlyEvents","Midas"],"is_ascension_mode":true,"campfire_choices":[],"circlet_count":0,"master_deck":["AscendersBane","Strike_Remiria+1","Defend_Remirira+1","Absorbed+1","Scratch+1","SeparateFleshBlood+1","CurseofVladTepes+1","TrickFate+1"],"relics":["ThirstyCrossSpe","Hammer of Thor","Seething Fire","Anvil of the Gods","DaveBox","BirthdayGift-Icosahedron","Replay:PocketPolymizer","SynthV:TestCard","reliquary:TatteredRug","CeramicFish","Simple Rune"],"acts_visited":["Exordium"],"potions_floor_usage":[],"damage_taken":[{"damage":0,"enemies":"Cultist","floor":1,"turns":2},{"damage":0,"enemies":"2 Louse","floor":2,"turns":2},{"damage":0,"enemies":"ats:Genji","floor":3,"turns":2},{"damage":1,"enemies":"Blue Slaver","floor":4,"turns":2},{"damage":0,"enemies":"3 Sentries","floor":6,"turns":3},{"damage":0,"enemies":"Lagavulin","floor":7,"turns":4},{"damage":10,"enemies":"3 Sentries","floor":8,"turns":4}],"seed_played":"-2313151666465840247","potions_obtained":[{"floor":3,"key":"Adrenaline Potion"},{"floor":4,"key":"Explosive Potion"}],"is_trial":true,"path_per_floor":["M","M","M","M","?","E","E","E"],"character_chosen":"RemiriaScarlet","items_purchased":[],"campfire_rested":0,"item_purchase_floors":[],"current_hp_per_floor":[91,92,93,93,93,94,95,86,86],"gold":604,"neow_bonus":"","is_daily":false,"chose_seed":false,"campfire_upgraded":0,"win_rate":0.0,"timestamp":1614166767,"path_taken":["M","?","?","?","?","E","E","E"],"items_purchased_type":[],"build_version":"2020-12-22","purchased_purges":0,"victory":false,"max_hp_per_floor":[100,100,100,100,100,100,100,100,100],"card_choices":[{"not_picked":["FierceSweep","VampirishNight","RocketKickup"],"picked":"SKIP","floor":1},{"not_picked":["Impregnable","TricksterDevil","VampirishNight","BloodCleaner"],"picked":"SeparateFleshBlood","floor":2},{"not_picked":["DamonLordCradle_Remiria","Exsanguinate","ServantFlier","Paradox"],"picked":"CurseofVladTepes","floor":3},{"not_picked":["CombatMeter","BloodCleaner","DoubleEdge","ScarletNetherworld","Culling"],"picked":"SKIP","floor":4},{"not_picked":["StigmaNizer","TricksterDevil","PartStrengthen","BloodCleaner"],"picked":"TrickFate","floor":6},{"not_picked":["MiserableFate_Remiria","FierceSweep","BodyStrengthen","VampireKiss_Remiria","BloodCleaner"],"picked":"SKIP","floor":7}],"player_experience":31760,"relics_obtained":[{"floor":1,"key":"SynthV:TestCard"},{"floor":6,"key":"reliquary:TatteredRug"},{"floor":7,"key":"CeramicFish"},{"floor":8,"key":"Simple Rune"}],"event_choices":[],"is_beta":false,"boss_relics":[],"items_purged_floors":[],"is_endless":false,"potions_floor_spawned":[3,4,8],"killed_by":"3 Sentries","ascension_level":20}}