{"host":"mqhflsymjyczvjy0","time":1614172656,"event":{"mods":["BaseMod","Colored Powertips","Marisa£®ÏF”Í°°ƒß¿Ì…≥£©","Minty Spire (QoL Compilation)","Prisma Mod","Remilia£®¿Ÿ√◊¿Ú—«£©","StSLib","The Administrix","The Wild Card","Youmu£®ªÍ∆«—˝√Œ£©"],"gold_per_floor":[111,41,56,74,74,105,115,115,191,225,69,69,69,82,82,177,177,188,188,15,15,34,59,59,390,414,414,424,424,424],"floor_reached":29,"language":"ZHS","playtime":1675,"items_purged":["Strike_YM"],"score":321,"play_id":"771cb41e-7a79-4bd9-8cb9-63873411072b","local_time":"20210224211736","is_ascension_mode":false,"campfire_choices":[{"floor":8.0,"key":"REST"},{"floor":13.0,"key":"REST"},{"data":"HellFireSword","floor":15.0,"key":"SMITH"},{"floor":24,"key":"REST"}],"circlet_count":0,"master_deck":["Strike_YM","Defend_YM","SlashOfPresentWorld","WheelOfPainOfLivingAndDead+1","PhosphoricSlash","AsuraSword","HellFireSword+1","SwordOfBindingDesires","EchoesOfTheInclemencyOfAllBeings","ConstancyOfTheConventionalTruth+1","SuddenPhantomFormationSlashOfKarmicWind+1","ObsessionWithThePresentWorld","HumanGodSword+1","CelestialStarSword+1","SwordExtraction","SlashOfSaigyouSpringWind","Shame","LowerRealmReflectionSlash","SwordExtraction","HellGodSword","HellFireSword+1","SwordExtraction"],"relics":["Philosopher\u0027s Stone","Wakizashi","Frozen Egg 2","Strawberry","Empty Cage","Membership Card","War Paint","Old Coin","Boot"],"acts_visited":["Exordium","TheCity"],"potions_floor_usage":[28,29],"damage_taken":[{"damage":0.0,"enemies":"Cultist","floor":1.0,"turns":3.0},{"damage":1.0,"enemies":"2 Louse","floor":3.0,"turns":2.0},{"damage":7.0,"enemies":"Jaw Worm","floor":4.0,"turns":2.0},{"damage":31.0,"enemies":"Gremlin Nob","floor":6.0,"turns":5.0},{"damage":11.0,"enemies":"Looter","floor":7.0,"turns":2.0},{"damage":15.0,"enemies":"3 Sentries","floor":10.0,"turns":6.0},{"damage":5.0,"enemies":"Exordium Wildlife","floor":14.0,"turns":3.0},{"damage":1.0,"enemies":"Hexaghost","floor":16.0,"turns":9.0},{"damage":11.0,"enemies":"Shell Parasite","floor":18.0,"turns":6.0},{"damage":12.0,"enemies":"Chosen","floor":22.0,"turns":2.0},{"damage":46,"enemies":"Slavers","floor":23,"turns":5},{"damage":24,"enemies":"Gremlin Leader","floor":25,"turns":5},{"damage":2,"enemies":"Centurion and Healer","floor":28,"turns":7},{"damage":16,"enemies":"Slavers","floor":29,"turns":1}],"seed_played":"-4948061225172701244","potions_obtained":[{"floor":3.0,"key":"Block Potion"},{"floor":6.0,"key":"Weak Potion"},{"floor":7.0,"key":"SmokeBomb"},{"floor":22.0,"key":"Weak Potion"},{"floor":25,"key":"DistilledChaos"}],"is_trial":false,"path_per_floor":["M","$","M","M","?","E","M","R","T","E","$","?","R","M","R","B",null,"M","?","$","?","M","E","R","E","T","?","M","E"],"character_chosen":"YOUMU","items_purchased":["AsuraSword","SuddenPhantomFormationSlashOfKarmicWind+1","Membership Card","SwordExtraction"],"campfire_rested":3,"item_purchase_floors":[2,11,20,20],"current_hp_per_floor":[75,75,74,67,60,29,18,40,40,32,32,32,56,51,51,50,82,71,71,71,71,59,13,37,13,13,13,11,0,0],"gold":424,"neow_bonus":"BOSS_RELIC","is_daily":false,"chose_seed":false,"campfire_upgraded":1,"win_rate":0.0,"timestamp":1614172656,"path_taken":["M","?","M","?","?","E","M","R","T","E","$","?","R","M","R","BOSS","M","?","?","?","M","E","R","E","T","?","?","E"],"items_purchased_type":["Card","Card","Relic","Card"],"build_version":"2020-12-22","purchased_purges":1,"victory":false,"max_hp_per_floor":[75,75,75,75,75,75,75,75,75,82,82,82,82,82,82,82,82,82,82,82,82,82,82,82,82,82,82,82,82,82],"card_choices":[{"not_picked":["ThreeKonsSevenHakus","BizarrenessOfSixRealms"],"picked":"PhosphoricSlash","floor":1.0},{"not_picked":["HumanKnowledgeSword","FourBirthsSword"],"picked":"HellFireSword","floor":3.0},{"not_picked":["ThreeKonsSevenHakus","PhosphoricSlash"],"picked":"SwordOfBindingDesires","floor":4.0},{"not_picked":["TwoHundredYojanaInOneSlash","BizarrenessOfSixRealms"],"picked":"EchoesOfTheInclemencyOfAllBeings","floor":6.0},{"not_picked":["SwordOfBindingDesires","LifeCuttingSword","SpiritMediumsBind"],"picked":"SKIP","floor":7.0},{"not_picked":["SpiritCuttingSword","PhosphoricSlash"],"picked":"ConstancyOfTheConventionalTruth","floor":10.0},{"not_picked":["LifeCuttingSword","HumanRealmSword"],"picked":"HumanGodSword+1","floor":14.0},{"not_picked":["ASingleThoughtAndInfiniteKalpas","AsuraSword+1"],"picked":"CelestialStarSword+1","floor":16.0},{"not_picked":["SpiritCuttingSword","KarmicPunishmentOfTheIdleAndUnfocused+1"],"picked":"SwordExtraction","floor":18.0},{"not_picked":["HumanKnowledgeSword","SlashOfMeditation+1"],"picked":"HellGodSword","floor":22.0},{"not_picked":["SpiritCuttingSword","SuddenDivineSeveringOfKarmicWind"],"picked":"HellFireSword+1","floor":23},{"not_picked":["HumanKnowledgeSword","FlashingScatteredFlowers","BloodOfAsura"],"picked":"SKIP","floor":25},{"not_picked":["PretaSword","LowerRealmReflectionSlash"],"picked":"SwordExtraction","floor":28}],"player_experience":95938,"relics_obtained":[{"floor":6.0,"key":"Wakizashi"},{"floor":9.0,"key":"Frozen Egg 2"},{"floor":10.0,"key":"Strawberry"},{"floor":23,"key":"War Paint"},{"floor":25,"key":"Old Coin"},{"floor":26,"key":"Boot"}],"event_choices":[{"cards_removed":["Defend_YM"],"damage_healed":0.0,"max_hp_gain":0.0,"max_hp_loss":0.0,"gold_gain":0.0,"event_name":"Golden Wing","player_choice":"Card Removal","floor":5.0,"gold_loss":0.0,"damage_taken":7.0},{"damage_healed":0.0,"max_hp_gain":0.0,"max_hp_loss":0.0,"gold_gain":0.0,"cards_transformed":["Defend_YM"],"event_name":"Transmorgrifier","player_choice":"Transformed","floor":12.0,"gold_loss":0.0,"damage_taken":0.0,"cards_obtained":["ObsessionWithThePresentWorld"]},{"damage_healed":0.0,"max_hp_gain":0.0,"max_hp_loss":0.0,"gold_gain":0.0,"event_name":"Match and Keep!","player_choice":"3 cards matched","floor":19.0,"gold_loss":0.0,"damage_taken":0.0,"cards_obtained":["SlashOfSaigyouSpringWind","Shame","LowerRealmReflectionSlash"]},{"damage_healed":0.0,"max_hp_gain":0.0,"max_hp_loss":0.0,"gold_gain":0.0,"event_name":"Vampires","player_choice":"Ignored","floor":21.0,"gold_loss":0.0,"damage_taken":0.0},{"cards_removed":["Strike_YM"],"damage_healed":0,"gold_gain":0,"player_choice":"Elegance","damage_taken":0,"max_hp_gain":0,"max_hp_loss":0,"event_name":"Back to Basics","floor":27,"gold_loss":0}],"is_beta":false,"boss_relics":[{"not_picked":["Velvet Choker","SacredBark"],"picked":"Empty Cage"}],"items_purged_floors":[11],"is_endless":false,"potions_floor_spawned":[3,6,7,22,25],"killed_by":"Slavers","ascension_level":0}}