{"host":"6ggzka4dag2kvku2","time":1614191091,"event":{"mods":["AchievementEnabler","BaseMod","DeckTracker","Minty Spire (QoL Compilation)","Permanent Neow","Quick Restart","SuperFastMode"],"gold_per_floor":[119,119,129,140,152,152,187,187,260,270,290,290,2,19,19,119,119,119],"floor_reached":17,"language":"KOR","playtime":4966,"items_purged":[],"score":191,"play_id":"7f000e05-b334-48a4-8ed0-187e7c5cc080","local_time":"20210225032451","is_ascension_mode":true,"campfire_choices":[{"data":"Double Energy","floor":6,"key":"SMITH"},{"data":"Dualcast","floor":8,"key":"SMITH"},{"data":"Aggregate","floor":15,"key":"SMITH"}],"circlet_count":0,"master_deck":["Strike_B","Strike_B","Strike_B","Strike_B","Defend_B","Defend_B","Defend_B","Defend_B","Zap","Dualcast+1","Multi-Cast+1","Hologram","Redo","Double Energy+1","Cold Snap","Aggregate+1","Streamline","Electrodynamics"],"relics":["FrozenCore","Torii","Cables","Unceasing Top"],"acts_visited":["Exordium","TheCity"],"potions_floor_usage":[7,16,16,16],"damage_taken":[{"damage":7,"enemies":"2 Louse","floor":1,"turns":2},{"damage":0,"enemies":"Cultist","floor":3,"turns":2},{"damage":3,"enemies":"Small Slimes","floor":4,"turns":2},{"damage":8,"enemies":"Blue Slaver","floor":5,"turns":3},{"damage":57,"enemies":"3 Sentries","floor":7,"turns":9},{"damage":1,"enemies":"2 Fungi Beasts","floor":10,"turns":3},{"damage":0,"enemies":"Exordium Wildlife","floor":11,"turns":1},{"damage":0,"enemies":"Red Slaver","floor":14,"turns":1},{"damage":6,"enemies":"Hexaghost","floor":16,"turns":14}],"seed_played":"-4041632406259871425","potions_obtained":[{"floor":3,"key":"Weak Potion"},{"floor":5,"key":"Regen Potion"},{"floor":7,"key":"Weak Potion"},{"floor":14,"key":"DistilledChaos"}],"is_trial":false,"path_per_floor":["M","?","M","M","M","R","E","R","T","M","M","?","$","M","R","B",null],"character_chosen":"DEFECT","items_purchased":["Unceasing Top"],"campfire_rested":0,"item_purchase_floors":[13],"current_hp_per_floor":[61,61,61,58,50,50,8,8,8,7,7,7,7,7,7,1,68,68],"gold":119,"neow_bonus":"THREE_RARE_CARDS","is_daily":false,"chose_seed":false,"campfire_upgraded":3,"win_rate":0.0,"timestamp":1614191091,"path_taken":["M","?","M","M","M","R","E","R","T","M","?","?","$","M","R","BOSS"],"items_purchased_type":["Relic"],"build_version":"2020-12-22","purchased_purges":0,"victory":false,"max_hp_per_floor":[68,68,68,68,68,68,68,68,68,68,68,68,68,68,68,68,68,68],"card_choices":[{"not_picked":["Hyperbeam","Seek"],"picked":"Multi-Cast","floor":0},{"not_picked":["Rebound","Reprogram","Recycle"],"picked":"SKIP","floor":1},{"not_picked":["BootSequence","Fusion"],"picked":"Hologram","floor":3},{"not_picked":["Leap","Skim"],"picked":"Redo","floor":4},{"not_picked":["Gash","Consume"],"picked":"Double Energy","floor":5},{"not_picked":["Force Field","Tempest"],"picked":"Cold Snap","floor":7},{"not_picked":["Gash","Hologram"],"picked":"Aggregate","floor":10},{"not_picked":["Coolheaded","Chaos","Static Discharge"],"picked":"SKIP","floor":11},{"not_picked":["Sweeping Beam","FTL"],"picked":"Streamline","floor":14},{"not_picked":["All For One","Thunder Strike"],"picked":"Electrodynamics","floor":16}],"player_experience":146480,"relics_obtained":[{"floor":7,"key":"Torii"},{"floor":9,"key":"Cables"}],"event_choices":[{"damage_healed":0,"gold_gain":0,"player_choice":"Upgraded","damage_taken":0,"max_hp_gain":0,"max_hp_loss":0,"event_name":"Upgrade Shrine","floor":2,"gold_loss":0,"cards_upgraded":["Multi-Cast"]},{"damage_healed":0,"gold_gain":0,"player_choice":"Ignored","damage_taken":0,"max_hp_gain":0,"max_hp_loss":0,"event_name":"Shining Light","floor":12,"gold_loss":0}],"is_beta":false,"boss_relics":[{"not_picked":["Busted Crown","Fusion Hammer"],"picked":"FrozenCore"}],"items_purged_floors":[],"is_endless":false,"potions_floor_spawned":[3,5,7,14],"ascension_level":4}}