{"host":"2hz3p8f82lqex3pd","time":1614132828,"event":{"mods":["AchievementEnabler","BaseMod","Minty Spire (QoL Compilation)"],"gold_per_floor":[116,116,132,148,160,185,185,205,254,254,254,224,224,235,235,333,333,347,347,367,59,69,69,0,16,42,65,65,115,140,156,156,258,258,274,324,97,109,109,122,122,132,213,223,223,183,199,199,199,199,199],"floor_reached":50,"language":"ENG","playtime":2408,"items_purged":["Regret"],"score":514,"play_id":"970e9a5b-e376-49de-8520-1817cf064f06","local_time":"20210223211348","is_ascension_mode":false,"campfire_choices":[{"data":"TalkToTheHand","floor":7.0,"key":"SMITH"},{"data":"Eruption","floor":10.0,"key":"SMITH"},{"data":"Halt","floor":15.0,"key":"SMITH"},{"data":"WindmillStrike","floor":23,"key":"SMITH"},{"data":"SashWhip","floor":28,"key":"SMITH"},{"floor":32,"key":"REST"},{"floor":41,"key":"REST"},{"floor":45,"key":"REST"},{"floor":49,"key":"REST"}],"circlet_count":0,"master_deck":["Strike_P","Strike_P","Strike_P","Strike_P","Defend_P","Defend_P","Defend_P","Defend_P","Eruption+1","Vigilance","TalkToTheHand+1","Indignation","Prostrate","Halt+1","Vengeance+1","FollowUp","DeusExMachina","WindmillStrike+1","Crescendo+1","FearNoEvil","SashWhip+1","Scrawl","FollowUp+1","ClearTheMind+1","WheelKick+1"],"relics":["PureWater","Vajra","GoldenEye","Damaru","HornCleat","Pear","Philosopher\u0027s Stone","Lee\u0027s Waffle","PreservedInsect","Ancient Tea Set","Bag of Marbles","VioletLotus","Prayer Wheel","Lantern","Question Card"],"acts_visited":["Exordium","TheCity","TheBeyond"],"potions_floor_usage":[20,22,33,33,36,40,44,50],"damage_taken":[{"damage":0.0,"enemies":"Small Slimes","floor":1.0,"turns":3.0},{"damage":0.0,"enemies":"Cultist","floor":3.0,"turns":2.0},{"damage":9.0,"enemies":"Jaw Worm","floor":4.0,"turns":3.0},{"damage":5.0,"enemies":"Large Slime","floor":5.0,"turns":3.0},{"damage":10.0,"enemies":"Gremlin Nob","floor":6.0,"turns":3.0},{"damage":2.0,"enemies":"Looter","floor":8.0,"turns":2.0},{"damage":2.0,"enemies":"Exordium Wildlife","floor":14.0,"turns":4.0},{"damage":34.0,"enemies":"Slime Boss","floor":16.0,"turns":11.0},{"damage":23.0,"enemies":"Shell Parasite","floor":18.0,"turns":5.0},{"damage":35,"enemies":"3 Byrds","floor":20,"turns":6},{"damage":4,"enemies":"Centurion and Healer","floor":22,"turns":3},{"damage":21,"enemies":"3 Cultists","floor":25,"turns":4},{"damage":17,"enemies":"Book of Stabbing","floor":30,"turns":3},{"damage":12,"enemies":"Snake Plant","floor":31,"turns":3},{"damage":19,"enemies":"Collector","floor":33,"turns":6},{"damage":40,"enemies":"3 Darklings","floor":35,"turns":7},{"damage":7,"enemies":"Mind Bloom Boss Battle","floor":36,"turns":7},{"damage":6,"enemies":"3 Shapes","floor":38,"turns":5},{"damage":28,"enemies":"Transient","floor":40,"turns":5},{"damage":0,"enemies":"Sphere and 2 Shapes","floor":42,"turns":3},{"damage":15,"enemies":"Maw","floor":44,"turns":6},{"damage":0,"enemies":"Transient","floor":47,"turns":5},{"damage":90,"enemies":"Donu and Deca","floor":50,"turns":5}],"seed_played":"-6651576679993360024","potions_obtained":[{"floor":1.0,"key":"BottledMiracle"},{"floor":5.0,"key":"Swift Potion"},{"floor":16.0,"key":"ColorlessPotion"},{"floor":20,"key":"Fire Potion"},{"floor":30,"key":"DistilledChaos"},{"floor":31,"key":"BlessingOfTheForge"},{"floor":35,"key":"StancePotion"},{"floor":36,"key":"DuplicationPotion"},{"floor":40,"key":"SkillPotion"},{"floor":44,"key":"LiquidBronze"}],"is_trial":false,"path_per_floor":["M","?","M","M","M","E","R","M","T","R","?","?","T","M","R","B",null,"M","?","M","$","M","R","?","M","T","T","R","?","E","M","R","B",null,"M","?","$","M","?","M","R","M","T","M","R","?","M","?","R","B"],"character_chosen":"WATCHER","items_purchased":["Lee\u0027s Waffle","PreservedInsect","Lantern"],"campfire_rested":4,"item_purchase_floors":[21,21,37],"current_hp_per_floor":[72,72,72,63,58,48,48,46,46,46,46,46,56,54,54,20,82,59,43,8,94,90,90,90,69,69,69,69,69,52,40,68,49,94,54,47,47,41,41,13,41,41,41,26,54,54,54,54,82,0,0],"gold":199,"neow_bonus":"RANDOM_COMMON_RELIC","is_daily":false,"chose_seed":false,"campfire_upgraded":5,"win_rate":0.0,"timestamp":1614132828,"path_taken":["M","?","?","M","M","E","R","M","T","R","?","?","?","?","R","BOSS","M","?","M","$","M","R","?","M","T","?","R","?","E","?","R","BOSS","M","?","$","M","?","M","R","M","T","M","R","?","?","?","R","BOSS"],"items_purchased_type":["Relic","Relic","Relic"],"build_version":"2020-12-22","purchased_purges":1,"victory":false,"max_hp_per_floor":[72,72,72,72,72,72,72,72,72,72,72,72,82,82,82,82,82,82,87,87,94,94,94,94,94,94,94,94,94,94,94,94,94,94,94,94,94,94,94,94,94,94,94,94,94,94,94,94,94,94,94],"card_choices":[{"not_picked":["LikeWater","Crescendo"],"picked":"TalkToTheHand","floor":1.0},{"not_picked":["ThirdEye","WheelKick"],"picked":"Indignation","floor":3.0},{"not_picked":["CarveReality","Brilliance"],"picked":"Prostrate","floor":4.0},{"not_picked":["InnerPeace","CutThroughFate"],"picked":"Halt","floor":5.0},{"not_picked":["InnerPeace","Evaluate"],"picked":"Vengeance","floor":6.0},{"not_picked":["Evaluate","EmptyBody"],"picked":"FollowUp","floor":8.0},{"not_picked":["CarveReality","LikeWater","Meditate"],"picked":"SKIP","floor":14.0},{"not_picked":["Omniscience","Judgement"],"picked":"DeusExMachina","floor":16.0},{"not_picked":["Protect+1","ClearTheMind+1"],"picked":"WindmillStrike","floor":18.0},{"not_picked":["ClearTheMind","SashWhip"],"picked":"Crescendo+1","floor":20},{"not_picked":["CutThroughFate","EmptyMind+1"],"picked":"FearNoEvil","floor":22},{"not_picked":["ClearTheMind","Evaluate"],"picked":"SashWhip","floor":25},{"not_picked":["Omniscience","PathToVictory","EmptyMind"],"picked":"SKIP","floor":30},{"not_picked":["Halt","EmptyFist+1","PathToVictory"],"picked":"SKIP","floor":31},{"not_picked":["DeceiveReality+1","CrushJoints+1","WindmillStrike"],"picked":"SKIP","floor":35},{"not_picked":["CutThroughFate+1","FlyingSleeves"],"picked":"Scrawl","floor":36},{"not_picked":["FlurryOfBlows","EmptyFist","Halt+1"],"picked":"SKIP","floor":38},{"not_picked":["ThirdEye+1","MentalFortress","CrushJoints"],"picked":"SKIP","floor":38},{"not_picked":["PathToVictory","BattleHymn+1"],"picked":"FollowUp+1","floor":40},{"not_picked":["ThirdEye","JustLucky","ClearTheMind+1"],"picked":"SKIP","floor":40},{"not_picked":["ThirdEye","JustLucky"],"picked":"ClearTheMind+1","floor":40},{"not_picked":["EmptyBody","Conclude+1","PathToVictory"],"picked":"SKIP","floor":42},{"not_picked":["BowlingBash","EmptyBody+1","MentalFortress+1"],"picked":"SKIP","floor":42},{"not_picked":["ConjureBlade","BowlingBash+1","DeceiveReality"],"picked":"WheelKick+1","floor":44},{"not_picked":["Prostrate+1","CarveReality+1","LikeWater+1","EmptyBody+1"],"picked":"SKIP","floor":44},{"not_picked":["Crescendo","Study","WheelKick"],"picked":"Adaptation+1","floor":47},{"not_picked":["Meditate+1","ThirdEye","FearNoEvil","WreathOfFlame+1"],"picked":"SKIP","floor":47}],"player_experience":195907,"relics_obtained":[{"floor":6.0,"key":"GoldenEye"},{"floor":9.0,"key":"Damaru"},{"floor":13.0,"key":"Pear"},{"floor":27,"key":"Ancient Tea Set"},{"floor":30,"key":"Bag of Marbles"},{"floor":36,"key":"Prayer Wheel"},{"floor":43,"key":"Question Card"}],"event_choices":[{"damage_healed":0.0,"max_hp_gain":0.0,"max_hp_loss":0.0,"gold_gain":0.0,"event_name":"Match and Keep!","player_choice":"0 cards matched","floor":2.0,"gold_loss":0.0,"damage_taken":0.0,"cards_obtained":[]},{"damage_healed":0.0,"max_hp_gain":0.0,"max_hp_loss":0.0,"gold_gain":0.0,"event_name":"Big Fish","player_choice":"Box","floor":11.0,"gold_loss":0.0,"damage_taken":0.0,"relics_obtained":["HornCleat"],"cards_obtained":["Regret"]},{"damage_healed":0.0,"max_hp_gain":0.0,"max_hp_loss":0.0,"gold_gain":0.0,"event_name":"World of Goop","player_choice":"Left Gold","floor":12.0,"gold_loss":30.0,"damage_taken":0.0},{"damage_healed":0.0,"max_hp_gain":5.0,"max_hp_loss":0.0,"gold_gain":0.0,"event_name":"Forgotten Altar","player_choice":"Shed Blood","floor":19.0,"gold_loss":0.0,"damage_taken":21.0},{"damage_healed":0,"gold_gain":0,"player_choice":"Paid Fearfully","damage_taken":0,"max_hp_gain":0,"max_hp_loss":0,"event_name":"Masked Bandits","floor":24,"gold_loss":69},{"damage_healed":0,"gold_gain":100,"player_choice":"Bet on Murderer","damage_taken":0,"max_hp_gain":0,"max_hp_loss":0,"event_name":"The Joust","floor":29,"gold_loss":50},{"damage_healed":0,"gold_gain":0,"player_choice":"Fight","damage_taken":0,"max_hp_gain":0,"max_hp_loss":0,"event_name":"MindBloom","floor":36,"gold_loss":0},{"damage_healed":0,"gold_gain":0,"player_choice":"Ignored","damage_taken":0,"max_hp_gain":0,"max_hp_loss":0,"event_name":"Tomb of Lord Red Mask","floor":39,"gold_loss":0},{"damage_healed":0,"gold_gain":0,"player_choice":"Upgrade","damage_taken":0,"max_hp_gain":0,"max_hp_loss":0,"event_name":"Designer","floor":46,"gold_loss":40,"cards_upgraded":["Vengeance"]},{"cards_removed":["Adaptation"],"damage_healed":0,"gold_gain":0,"player_choice":"Removed Power","damage_taken":0,"max_hp_gain":0,"max_hp_loss":0,"event_name":"Falling","floor":48,"gold_loss":0}],"is_beta":false,"boss_relics":[{"not_picked":["Velvet Choker","Busted Crown"],"picked":"Philosopher\u0027s Stone"},{"not_picked":["Runic Dome","Black Star"],"picked":"VioletLotus"}],"items_purged_floors":[37],"is_endless":false,"potions_floor_spawned":[1,5,16,20,30,31,35,36,40,44],"killed_by":"Donu and Deca","ascension_level":0}}