{"host":"f97mkdti7dx29mjq","time":1614206272,"event":{"mods":["BaseMod","Colored Powertips","Minty Spire (QoL Compilation)","Quick Restart","Rare Cards Sparkle","StSLib"],"gold_per_floor":[114,130,142,142,168,207,219,257,317,346,375,387,399,399],"floor_reached":13,"language":"ENG","playtime":654,"items_purged":[],"score":100,"play_id":"8a5ea03d-b957-49bf-997b-1c2f15a33223","local_time":"20210224173752","is_ascension_mode":true,"campfire_choices":[{"data":"Pummel","floor":7,"key":"SMITH"},{"data":"Spot Weakness","floor":12,"key":"SMITH"}],"circlet_count":0,"master_deck":["Strike_R","Strike_R","Strike_R","Strike_R","Strike_R","Defend_R","Defend_R","Defend_R","Defend_R","Bash","Flash of Steel","Spot Weakness+1","Flex","Pummel+1","Regret","Metallicize+1","Armaments","Whirlwind","Fire Breathing+1"],"relics":["Burning Blood","Smiling Mask","MawBank","Frozen Egg 2","Red Skull","Centennial Puzzle"],"acts_visited":["Exordium"],"potions_floor_usage":[8,10,10,13],"damage_taken":[{"damage":1,"enemies":"Cultist","floor":1,"turns":3},{"damage":6,"enemies":"2 Louse","floor":2,"turns":2},{"damage":5,"enemies":"Jaw Worm","floor":3,"turns":4},{"damage":44,"enemies":"3 Sentries","floor":6,"turns":8},{"damage":36,"enemies":"Gremlin Nob","floor":8,"turns":5},{"damage":4,"enemies":"Red Slaver","floor":10,"turns":2},{"damage":9,"enemies":"Looter","floor":11,"turns":3},{"damage":11,"enemies":"3 Sentries","floor":13,"turns":3}],"seed_played":"5349011651898695680","potions_obtained":[{"floor":2,"key":"Dexterity Potion"},{"floor":6,"key":"Swift Potion"},{"floor":8,"key":"EssenceOfSteel"},{"floor":11,"key":"AttackPotion"}],"is_trial":false,"path_per_floor":["M","M","M","?","T","E","R","E","T","M","M","R","E"],"character_chosen":"IRONCLAD","items_purchased":[],"campfire_rested":0,"item_purchase_floors":[],"current_hp_per_floor":[80,80,80,80,80,42,42,12,12,14,11,11,0,0],"gold":399,"neow_bonus":"RANDOM_COLORLESS","is_daily":false,"chose_seed":false,"campfire_upgraded":2,"win_rate":0.0,"timestamp":1614206272,"path_taken":["M","?","M","?","?","E","R","E","T","?","M","R","E"],"items_purchased_type":[],"build_version":"2020-12-22","purchased_purges":0,"victory":false,"max_hp_per_floor":[80,80,80,80,80,80,80,80,80,80,80,80,80,80],"card_choices":[{"not_picked":["Blind","Dark Shackles"],"picked":"Flash of Steel","floor":0},{"not_picked":["Twin Strike","Hemokinesis"],"picked":"Spot Weakness","floor":1},{"not_picked":["Twin Strike","Perfected Strike"],"picked":"Flex","floor":2},{"not_picked":["Flex","Twin Strike"],"picked":"Pummel","floor":3},{"not_picked":["Iron Wave","Dual Wield"],"picked":"Metallicize+1","floor":6},{"not_picked":["Clash","Inflame+1"],"picked":"Armaments","floor":8},{"not_picked":["Twin Strike","Wild Strike"],"picked":"Whirlwind","floor":10},{"not_picked":["Searing Blow","Ghostly Armor"],"picked":"Fire Breathing+1","floor":11}],"player_experience":204303,"relics_obtained":[{"floor":5,"key":"MawBank"},{"floor":6,"key":"Frozen Egg 2"},{"floor":8,"key":"Red Skull"},{"floor":9,"key":"Centennial Puzzle"}],"event_choices":[{"damage_healed":0,"gold_gain":0,"player_choice":"Box","damage_taken":0,"relics_obtained":["Smiling Mask"],"max_hp_gain":0,"max_hp_loss":0,"event_name":"Big Fish","floor":4,"gold_loss":0,"cards_obtained":["Regret"]}],"is_beta":false,"boss_relics":[],"items_purged_floors":[],"is_endless":false,"potions_floor_spawned":[2,6,8,11],"killed_by":"3 Sentries","ascension_level":1}}