{"host":"q8ewzd1tf4mqkgtb","time":1614152404,"event":{"mods":["Ascension Unlocker","BaseMod","Colored Map","Faster Ascension Climbing","Minty Spire (QoL Compilation)","Relic Stats","StSLib","UnlockEverythingMod"],"gold_per_floor":[114,128,138,156,29,60,60,94,94,123,48,48,60,90,90,162,162,177,187,199,210,225,225,252,252,252,283,303,315,315,315,315],"floor_reached":31,"language":"ENG","playtime":6717,"items_purged":["Strike_R"],"score":598,"play_id":"7f966075-c453-4629-b818-f7e7aa553bb3","local_time":"20210224014004","is_ascension_mode":true,"campfire_choices":[{"floor":7.0,"key":"REST"},{"floor":15.0,"key":"REST"},{"floor":23.0,"key":"RECALL"},{"floor":25.0,"key":"REST"},{"floor":30,"key":"REST"}],"circlet_count":0,"master_deck":["AscendersBane","Strike_R","Strike_R","Defend_R","Defend_R","Defend_R","Defend_R","Bash","Headbutt","Iron Wave","Rage","Inflame","Clothesline","Exhume","Combust","Power Through","Armaments","Immolate","Pummel+1","Rupture+1","Brutality"],"relics":["Fusion Hammer","Strawberry","Charon\u0027s Ashes","Pocketwatch","Odd Mushroom","Gremlin Horn","Black Star","Self Forming Clay","HornCleat","Bag of Preparation","Potion Belt","Blue Candle"],"acts_visited":["Exordium","TheCity"],"potions_floor_usage":[],"damage_taken":[{"damage":0.0,"enemies":"Cultist","floor":1.0,"turns":4.0},{"damage":2.0,"enemies":"Jaw Worm","floor":2.0,"turns":3.0},{"damage":3.0,"enemies":"Small Slimes","floor":3.0,"turns":3.0},{"damage":11.0,"enemies":"2 Fungi Beasts","floor":4.0,"turns":3.0},{"damage":7.0,"enemies":"Gremlin Nob","floor":6.0,"turns":4.0},{"damage":15.0,"enemies":"Lagavulin","floor":8.0,"turns":6.0},{"damage":6.0,"enemies":"The Mushroom Lair","floor":10.0,"turns":4.0},{"damage":2.0,"enemies":"Large Slime","floor":13.0,"turns":2.0},{"damage":17.0,"enemies":"3 Sentries","floor":14.0,"turns":6.0},{"damage":28.0,"enemies":"Slime Boss","floor":16.0,"turns":8.0},{"damage":0.0,"enemies":"Spheric Guardian","floor":18.0,"turns":3.0},{"damage":13.0,"enemies":"2 Thieves","floor":19.0,"turns":4.0},{"damage":2.0,"enemies":"Centurion and Healer","floor":20.0,"turns":7.0},{"damage":7.0,"enemies":"Cultist and Chosen","floor":21.0,"turns":5.0},{"damage":7.0,"enemies":"Snecko","floor":22.0,"turns":4.0},{"damage":46.0,"enemies":"Slavers","floor":24.0,"turns":4.0},{"damage":11,"enemies":"Gremlin Leader","floor":27,"turns":3},{"damage":2,"enemies":"Centurion and Healer","floor":28,"turns":5},{"damage":16,"enemies":"Snake Plant","floor":29,"turns":4},{"damage":30,"enemies":"Slavers","floor":31,"turns":4}],"seed_played":"8387021338298527235","potions_obtained":[{"floor":4.0,"key":"Ancient Potion"},{"floor":8.0,"key":"GamblersBrew"},{"floor":13.0,"key":"BlessingOfTheForge"},{"floor":16.0,"key":"BloodPotion"},{"floor":19.0,"key":"Block Potion"}],"is_trial":false,"path_per_floor":["M","M","M","M","$","E","R","E","T","?","?","?","M","E","R","B",null,"M","M","M","M","M","R","E","R","T","E","M","M","R","E"],"character_chosen":"IRONCLAD","items_purchased":["Clothesline"],"campfire_rested":4,"item_purchase_floors":[5],"current_hp_per_floor":[68,66,63,52,52,52,76,61,61,55,55,55,53,36,60,32,70,70,73,71,64,57,57,11,35,35,24,22,6,30,0,0],"gold":315,"neow_bonus":"BOSS_RELIC","is_daily":false,"chose_seed":false,"campfire_upgraded":0,"win_rate":0.0,"timestamp":1614152404,"path_taken":["M","M","M","M","?","E","R","E","T","?","?","?","M","E","R","BOSS","M","M","M","M","M","R","E","R","T","E","M","M","R","E"],"items_purchased_type":["Card"],"build_version":"2020-12-22","purchased_purges":1,"victory":false,"max_hp_per_floor":[75,75,75,75,75,82,82,82,82,82,82,82,82,82,82,82,82,82,82,82,82,82,82,82,82,82,82,82,82,82,82,82],"relic_stats":{"Gremlin Horn":[12,12],"counters":[20,85],"Self Forming Clay":[51],"Blue Candle":[0],"Charon\u0027s Ashes":[173],"Black Star":2,"Bag of Preparation":[8],"obtain_stats":[{"Potion Belt":27,"Gremlin Horn":14,"Self Forming Clay":24,"Blue Candle":27,"Charon\u0027s Ashes":8,"Bag of Preparation":26,"Odd Mushroom":10,"Burning Blood":0,"HornCleat":24,"Strawberry":6,"Fusion Hammer":0,"Black Star":17,"Pocketwatch":9},{"Potion Belt":17,"Gremlin Horn":9,"Self Forming Clay":16,"Blue Candle":17,"Charon\u0027s Ashes":6,"Bag of Preparation":16,"Odd Mushroom":7,"Burning Blood":0,"HornCleat":16,"Strawberry":5,"Fusion Hammer":0,"Black Star":10,"Pocketwatch":6},{"Potion Belt":73,"Gremlin Horn":35,"Self Forming Clay":70,"Blue Candle":73,"Charon\u0027s Ashes":23,"Bag of Preparation":70,"Odd Mushroom":27,"Burning Blood":0,"HornCleat":70,"Strawberry":17,"Fusion Hammer":0,"Black Star":43,"Pocketwatch":23}],"Pocketwatch":[99]},"card_choices":[{"not_picked":["Havoc","True Grit"],"picked":"Headbutt","floor":1.0},{"not_picked":["Thunderclap","Clash"],"picked":"Iron Wave","floor":2.0},{"not_picked":["Heavy Blade","Twin Strike"],"picked":"Rage","floor":3.0},{"not_picked":["Evolve","Thunderclap"],"picked":"Inflame","floor":4.0},{"not_picked":["Sentinel","Flex"],"picked":"Exhume","floor":6.0},{"not_picked":["Flex","Warcry","Power Through"],"picked":"SKIP","floor":8.0},{"not_picked":["Flex","Warcry","Power Through"],"picked":"SKIP","floor":8.0},{"not_picked":["Clash","Warcry"],"picked":"Power Through","floor":13.0},{"not_picked":["Double Tap","Wild Strike"],"picked":"Armaments","floor":14.0},{"not_picked":["Bludgeon","Impervious"],"picked":"Immolate","floor":16.0},{"not_picked":["Fire Breathing","Twin Strike","Blood for Blood"],"picked":"SKIP","floor":18.0},{"not_picked":["True Grit","Cleave","Havoc"],"picked":"SKIP","floor":19.0},{"not_picked":["Iron Wave","Sword Boomerang+1"],"picked":"Pummel+1","floor":20.0},{"not_picked":["Havoc","Clothesline","Bloodletting"],"picked":"SKIP","floor":21.0},{"not_picked":["Havoc","Clothesline","Bloodletting"],"picked":"SKIP","floor":21.0},{"not_picked":["Dropkick","Bloodletting"],"picked":"Rupture+1","floor":22.0},{"not_picked":["Clash","Clothesline"],"picked":"Brutality","floor":24.0},{"not_picked":["Thunderclap","Armaments","Cleave+1"],"picked":"SKIP","floor":27},{"not_picked":["Thunderclap","Warcry","Anger"],"picked":"SKIP","floor":28},{"not_picked":["Pommel Strike","Demon Form","Body Slam"],"picked":"SKIP","floor":29}],"player_experience":566461,"relics_obtained":[{"floor":6.0,"key":"Strawberry"},{"floor":8.0,"key":"Charon\u0027s Ashes"},{"floor":9.0,"key":"Pocketwatch"},{"floor":10.0,"key":"Odd Mushroom"},{"floor":14.0,"key":"Gremlin Horn"},{"floor":24.0,"key":"Self Forming Clay"},{"floor":24.0,"key":"HornCleat"},{"floor":26,"key":"Bag of Preparation"},{"floor":27,"key":"Potion Belt"},{"floor":27,"key":"Blue Candle"}],"event_choices":[{"damage_healed":0.0,"max_hp_gain":0.0,"max_hp_loss":0.0,"gold_gain":0.0,"event_name":"Mushrooms","player_choice":"Fought Mushrooms","floor":10.0,"gold_loss":0.0,"damage_taken":0.0},{"cards_removed":["Strike_R"],"damage_healed":0.0,"max_hp_gain":0.0,"max_hp_loss":0.0,"gold_gain":0.0,"event_name":"The Cleric","player_choice":"Card Removal","floor":11.0,"gold_loss":75.0,"damage_taken":0.0},{"damage_healed":0.0,"max_hp_gain":0.0,"max_hp_loss":0.0,"gold_gain":0.0,"cards_transformed":["Strike_R"],"event_name":"Living Wall","player_choice":"Change","floor":12.0,"gold_loss":0.0,"damage_taken":0.0,"cards_obtained":["Combust"]}],"is_beta":false,"boss_relics":[{"not_picked":["Empty Cage","Philosopher\u0027s Stone"],"picked":"Black Star"}],"items_purged_floors":[5],"is_endless":false,"potions_floor_spawned":[4,8,13,16,19,21,22],"killed_by":"Slavers","ascension_level":20}}