{"host":"dlyy4wv9zatha4f7","time":1614192732,"event":{"mods":["Act Like it!","BaseMod","Colored Map","Curses Come First","GifTheSpireLib","Minty Spire (QoL Compilation)","Spicy Shops","StSLib","SuperFastMode","Unceasing Turn Reminder"],"gold_per_floor":[115,115,290,60,81,120,145,145,169,169,169,205,205,248,248,248,248],"floor_reached":16,"language":"ENG","playtime":521,"items_purged":["Doubt"],"score":190,"play_id":"34a5b3b4-d876-4111-a162-2bb67102d58b","local_time":"20210224205212","is_ascension_mode":true,"campfire_choices":[{"data":"Feed","floor":8.0,"key":"SMITH"},{"data":"Bash","floor":10.0,"key":"SMITH"},{"data":"Flex","floor":15,"key":"SMITH"}],"circlet_count":0,"master_deck":["Strike_R","Strike_R","Strike_R","Strike_R","Defend_R","Defend_R","Defend_R","Defend_R","Bash+1","Reckless Charge","Feed+1","Flex+1","Pummel","Twin Strike","Wild Strike"],"relics":["Burning Blood","NeowsBlessing","Golden Idol","Omamori","Ancient Tea Set","Eternal Feather","Prayer Wheel","StrikeDummy"],"acts_visited":["Exordium"],"potions_floor_usage":[12,16,16],"damage_taken":[{"damage":0.0,"enemies":"Small Slimes","floor":1.0,"turns":1.0},{"damage":0.0,"enemies":"Cultist","floor":5.0,"turns":1.0},{"damage":0.0,"enemies":"Lagavulin","floor":6.0,"turns":1.0},{"damage":13.0,"enemies":"Jaw Worm","floor":7.0,"turns":5.0},{"damage":20,"enemies":"3 Sentries","floor":12,"turns":8},{"damage":32,"enemies":"Gremlin Nob","floor":14,"turns":4},{"damage":40,"enemies":"The Guardian","floor":16,"turns":7}],"seed_played":"-6325595985807413015","potions_obtained":[{"floor":5.0,"key":"PowerPotion"},{"floor":7.0,"key":"SneckoOil"},{"floor":14,"key":"GamblersBrew"}],"is_trial":false,"path_per_floor":["M","?","?","$","M","E","M","R","T","R","?","E","?","E","R","B"],"character_chosen":"IRONCLAD","items_purchased":["Feed","Flex"],"campfire_rested":0,"item_purchase_floors":[4,4],"current_hp_per_floor":[78,58,58,58,64,73,69,69,69,69,66,56,56,30,39,0,0],"gold":248,"neow_bonus":"THREE_ENEMY_KILL","is_daily":false,"chose_seed":false,"campfire_upgraded":3,"win_rate":0.0,"timestamp":1614192732,"path_taken":["M","?","?","$","M","E","M","R","T","R","?","E","?","E","R","BOSS"],"items_purchased_type":["Card","Card"],"build_version":"2020-12-22","purchased_purges":1,"victory":false,"max_hp_per_floor":[80,80,80,80,80,83,86,86,86,86,86,90,90,90,90,90,90],"card_choices":[{"not_picked":["Armaments","Clash"],"picked":"Reckless Charge","floor":1.0},{"not_picked":["Shrug It Off","Body Slam"],"picked":"Pummel","floor":5.0},{"not_picked":["Fire Breathing","Dual Wield","Rage"],"picked":"SKIP","floor":6.0},{"not_picked":["Body Slam","Metallicize","Havoc"],"picked":"SKIP","floor":7.0},{"not_picked":["Body Slam","Metallicize","Havoc"],"picked":"SKIP","floor":7.0},{"not_picked":["Iron Wave","Evolve"],"picked":"Twin Strike","floor":12},{"not_picked":["Feed","Ghostly Armor"],"picked":"Wild Strike","floor":14}],"player_experience":2314519,"relics_obtained":[{"floor":6.0,"key":"Omamori"},{"floor":9.0,"key":"Ancient Tea Set"},{"floor":12,"key":"Prayer Wheel"},{"floor":14,"key":"StrikeDummy"}],"event_choices":[{"damage_healed":0.0,"max_hp_gain":0.0,"max_hp_loss":0.0,"gold_gain":0.0,"event_name":"Golden Idol","player_choice":"Take Damage","floor":2.0,"gold_loss":0.0,"damage_taken":20.0,"relics_obtained":["Golden Idol"]},{"damage_healed":0.0,"max_hp_gain":0.0,"max_hp_loss":0.0,"gold_gain":175.0,"event_name":"Liars Game","player_choice":"AGREE","floor":3.0,"gold_loss":0.0,"damage_taken":0.0,"cards_obtained":["Doubt"]},{"damage_healed":0.0,"max_hp_gain":0.0,"max_hp_loss":0.0,"gold_gain":0.0,"event_name":"Scrap Ooze","player_choice":"Success","floor":11.0,"gold_loss":0.0,"damage_taken":3.0,"relics_obtained":["Eternal Feather"]},{"cards_removed":["Strike_R"],"damage_healed":0,"gold_gain":0,"player_choice":"Card Removal","damage_taken":0,"max_hp_gain":0,"max_hp_loss":0,"event_name":"Wheel of Change","floor":13,"gold_loss":0}],"is_beta":false,"boss_relics":[],"items_purged_floors":[4],"is_endless":false,"potions_floor_spawned":[5,7,14],"killed_by":"The Guardian","ascension_level":7}}