{"host":"fdq5pmhluajjrf8d","time":1614202933,"event":{"mods":["BaseMod","Minty Spire (QoL Compilation)"],"gold_per_floor":[115,190,206,218,218,249,264,264,290,290,309,333,333,333],"floor_reached":13,"language":"ENG","playtime":553,"items_purged":[],"score":174,"play_id":"f405790f-ec6b-4f61-a29a-1206fd5e78d0","local_time":"20210224164213","is_ascension_mode":true,"campfire_choices":[],"circlet_count":0,"master_deck":["AscendersBane","Strike_B","Strike_B","Strike_B","Strike_B","Defend_B","Defend_B","Defend_B","Defend_B","Zap","Dualcast","Go for the Eyes","Cold Snap","Amplify","Injury","BootSequence"],"relics":["Cracked Core","Golden Idol","Du-Vu Doll","Singing Bowl"],"acts_visited":["Exordium"],"potions_floor_usage":[6,11,13,13],"damage_taken":[{"damage":3,"enemies":"2 Louse","floor":1,"turns":3},{"damage":4,"enemies":"Jaw Worm","floor":3,"turns":4},{"damage":0,"enemies":"Small Slimes","floor":4,"turns":3},{"damage":30,"enemies":"Lagavulin","floor":6,"turns":5},{"damage":19,"enemies":"Exordium Thugs","floor":7,"turns":7},{"damage":2,"enemies":"Large Slime","floor":11,"turns":5},{"damage":2,"enemies":"Red Slaver","floor":12,"turns":3},{"damage":15,"enemies":"Gremlin Nob","floor":13,"turns":3}],"seed_played":"1736297809677608075","potions_obtained":[{"floor":4,"key":"PowerPotion"},{"floor":7,"key":"Explosive Potion"},{"floor":11,"key":"LiquidBronze"},{"floor":12,"key":"PowerPotion"}],"is_trial":false,"path_per_floor":["M","?","M","M","?","E","M","T","T","?","M","M","E"],"character_chosen":"DEFECT","items_purchased":[],"campfire_rested":0,"item_purchase_floors":[],"current_hp_per_floor":[68,57,53,53,53,23,4,4,4,4,4,4,0,0],"gold":333,"neow_bonus":"TEN_PERCENT_HP_BONUS","is_daily":false,"chose_seed":false,"campfire_upgraded":0,"win_rate":0.0,"timestamp":1614202933,"path_taken":["M","?","M","M","?","E","M","?","T","?","M","M","E"],"items_purchased_type":[],"build_version":"2020-12-22","purchased_purges":0,"victory":false,"max_hp_per_floor":[78,78,78,78,78,78,78,78,78,78,80,82,82,82],"card_choices":[{"not_picked":["Cold Snap","Force Field"],"picked":"Go for the Eyes","floor":1},{"not_picked":["Stack","Steam"],"picked":"Cold Snap","floor":3},{"not_picked":["Sweeping Beam","Doom and Gloom"],"picked":"Amplify","floor":4},{"not_picked":["Aggregate","Compile Driver","Coolheaded"],"picked":"SKIP","floor":6},{"not_picked":["Hologram","Stack"],"picked":"BootSequence","floor":7},{"not_picked":["Beam Cell","Ball Lightning","Conserve Battery"],"picked":"Singing Bowl","floor":11},{"not_picked":["Streamline","Double Energy","Rebound"],"picked":"Singing Bowl","floor":12}],"player_experience":1988279,"relics_obtained":[{"floor":6,"key":"Du-Vu Doll"},{"floor":8,"key":"Singing Bowl"}],"event_choices":[{"damage_healed":0,"gold_gain":75,"player_choice":"Gather Gold","damage_taken":11,"max_hp_gain":0,"max_hp_loss":0,"event_name":"World of Goop","floor":2,"gold_loss":0},{"damage_healed":0,"gold_gain":0,"player_choice":"Take Wound","damage_taken":0,"relics_obtained":["Golden Idol"],"max_hp_gain":0,"max_hp_loss":0,"event_name":"Golden Idol","floor":5,"gold_loss":0,"cards_obtained":["Injury"]},{"damage_healed":0,"gold_gain":0,"player_choice":"Searched \u00270\u0027 times","damage_taken":0,"max_hp_gain":0,"max_hp_loss":0,"event_name":"Dead Adventurer","floor":10,"gold_loss":0}],"is_beta":false,"boss_relics":[],"items_purged_floors":[],"is_endless":false,"potions_floor_spawned":[4,7,11,12],"killed_by":"Gremlin Nob","ascension_level":20}}