{"host":"mvhzznpw3ffw85pv","time":1614159458,"event":{"mods":["AchievementEnabler","BaseMod","Bestiary","Block Reminder","Colored Map","Highlight Path","Minty Spire (QoL Compilation)","Relic Stats"],"gold_per_floor":[215,67,77,92,92,122,135,135,217,249,269,269,285,235,235,313,313,331,4,4,4,4,4,17,52,99,99,125,142,142,157,157,232,232,247,247,266,283,608,638,638,673,699,717,717,435,453,479,479,479,479,479,36,68,68],"floor_reached":56,"language":"ENG","playtime":5177,"items_purged":["Defend_P","Defend_P","Strike_P","Defend_P"],"score":2272,"play_id":"520c1ab9-d026-45ef-a9fd-46621c5ef60f","local_time":"20210224043738","is_ascension_mode":true,"campfire_choices":[{"data":"CarveReality","floor":8,"key":"SMITH"},{"data":"Eruption","floor":12,"key":"SMITH"},{"data":"Vigilance","floor":15,"key":"SMITH"},{"data":"MentalFortress","floor":23,"key":"SMITH"},{"data":"Vault","floor":27,"key":"SMITH"},{"floor":32,"key":"REST"},{"data":"Vault","floor":41,"key":"SMITH"},{"data":"EmptyBody","floor":45,"key":"SMITH"},{"floor":49,"key":"RECALL"},{"data":"LikeWater","floor":52,"key":"SMITH"}],"circlet_count":0,"master_deck":["AscendersBane","Strike_P","Strike_P","Defend_P","Eruption+1","Vigilance+1","ThirdEye","CarveReality+1","Tantrum","BowlingBash+1","ClearTheMind","ThirdEye","Evaluate","Vault+1","Halt","MentalFortress+1","InnerPeace","FlurryOfBlows","TalkToTheHand","Vault+1","EmptyBody+1","Meditate","LikeWater+1","FlurryOfBlows","EmptyFist+1","LikeWater+1"],"relics":["HolyWater","Gambling Chip","Ornamental Fan","Strawberry","SlaversCollar","ClockworkSouvenir","MutagenicStrength","Potion Belt","Ancient Tea Set","Dead Branch","Centennial Puzzle","Old Coin","Question Card","Pen Nib","Orichalcum","Mummified Hand","CaptainsWheel","Akabeko"],"acts_visited":["Exordium","TheCity","TheBeyond","TheEnding"],"potions_floor_usage":[25,39,42,55,55,55,55],"damage_taken":[{"damage":3,"enemies":"Jaw Worm","floor":1,"turns":6},{"damage":1,"enemies":"2 Louse","floor":3,"turns":3},{"damage":0,"enemies":"Small Slimes","floor":4,"turns":2},{"damage":16,"enemies":"Gremlin Nob","floor":6,"turns":3},{"damage":3,"enemies":"Blue Slaver","floor":7,"turns":4},{"damage":18,"enemies":"Lagavulin","floor":10,"turns":7},{"damage":0,"enemies":"2 Fungi Beasts","floor":11,"turns":3},{"damage":1,"enemies":"3 Louse","floor":13,"turns":3},{"damage":0,"enemies":"Slime Boss","floor":16,"turns":4},{"damage":8,"enemies":"2 Thieves","floor":18,"turns":4},{"damage":1,"enemies":"Chosen","floor":24,"turns":5},{"damage":0,"enemies":"Slavers","floor":25,"turns":3},{"damage":2,"enemies":"Book of Stabbing","floor":28,"turns":5},{"damage":14,"enemies":"Snake Plant","floor":29,"turns":3},{"damage":6,"enemies":"Centurion and Healer","floor":31,"turns":3},{"damage":15,"enemies":"Automaton","floor":33,"turns":6},{"damage":4,"enemies":"3 Darklings","floor":35,"turns":4},{"damage":0,"enemies":"Orb Walker","floor":37,"turns":4},{"damage":0,"enemies":"Sphere and 2 Shapes","floor":38,"turns":3},{"damage":0,"enemies":"Mind Bloom Boss Battle","floor":39,"turns":4},{"damage":0,"enemies":"Nemesis","floor":40,"turns":9},{"damage":0,"enemies":"Reptomancer","floor":42,"turns":8},{"damage":19,"enemies":"Spire Growth","floor":44,"turns":5},{"damage":0,"enemies":"Maw","floor":47,"turns":5},{"damage":0,"enemies":"Giant Head","floor":48,"turns":7},{"damage":0,"enemies":"Donu and Deca","floor":50,"turns":7},{"damage":0,"enemies":"Shield and Spear","floor":54,"turns":4},{"damage":58,"enemies":"The Heart","floor":55,"turns":10}],"seed_played":"-8211687790796886789","potions_obtained":[{"floor":3,"key":"StancePotion"},{"floor":4,"key":"BlessingOfTheForge"},{"floor":24,"key":"AttackPotion"},{"floor":28,"key":"Fire Potion"},{"floor":33,"key":"SkillPotion"},{"floor":38,"key":"Explosive Potion"},{"floor":39,"key":"Ancient Potion"},{"floor":40,"key":"Ambrosia"},{"floor":44,"key":"Fire Potion"},{"floor":54,"key":"FearPotion"}],"is_trial":false,"path_per_floor":["M","$","M","M","?","E","M","R","T","E","M","R","M","?","R","B",null,"M","$","?","?","?","R","M","E","T","R","E","M","?","M","R","B",null,"M","?","M","M","?","E","R","E","T","M","R","$","M","E","R","B",null,"R","$","E","B",null],"character_chosen":"WATCHER","items_purchased":["CarveReality","MentalFortress","ClockworkSouvenir","Orichalcum","CaptainsWheel"],"campfire_rested":1,"item_purchase_floors":[2,19,19,46,53],"current_hp_per_floor":[62,62,61,61,61,45,42,42,42,31,31,31,30,30,30,30,67,59,59,59,59,59,59,58,58,58,58,56,42,42,36,59,44,70,66,66,66,66,66,66,66,66,66,47,47,47,47,47,47,47,68,68,68,68,10],"gold":68,"neow_bonus":"HUNDRED_GOLD","is_daily":false,"chose_seed":false,"campfire_upgraded":8,"win_rate":0.0,"timestamp":1614159458,"path_taken":["M","$","M","M","?","E","M","R","T","E","M","R","M","?","R","BOSS","M","$","?","?","?","R","M","E","T","R","E","M","?","M","R","BOSS","M","?","M","M","?","E","R","E","T","M","R","$","M","E","R","BOSS","R","$","E","BOSS"],"items_purchased_type":["Card","Card","Relic","Relic","Relic"],"build_version":"2020-12-22","purchased_purges":4,"victory":true,"max_hp_per_floor":[72,72,72,72,72,72,72,72,72,79,79,79,79,79,79,79,79,79,79,79,79,79,79,79,79,79,79,79,79,79,79,79,79,79,79,75,75,75,75,75,75,75,75,75,75,75,75,75,75,75,75,75,75,75,75],"relic_stats":{"Centennial Puzzle":[15],"counters":[28,134],"Ornamental Fan":[300],"Mummified Hand":[15],"Gambling Chip":[65],"Dead Branch":[113],"Pen Nib":[15],"Orichalcum":[12],"Question Card":5,"obtain_stats":[{"Potion Belt":25,"Dead Branch":28,"Pen Nib":42,"Orichalcum":46,"Ancient Tea Set":26,"Question Card":40,"Akabeko":54,"ClockworkSouvenir":19,"Old Coin":39,"SlaversCollar":17,"Centennial Puzzle":30,"CaptainsWheel":53,"Ornamental Fan":9,"Mummified Hand":48,"Gambling Chip":6,"Strawberry":10,"MutagenicStrength":20,"HolyWater":34,"PureWater":0},{"Potion Belt":12,"Dead Branch":13,"Pen Nib":22,"Orichalcum":23,"Ancient Tea Set":12,"Question Card":21,"Akabeko":27,"ClockworkSouvenir":10,"Old Coin":20,"SlaversCollar":9,"Centennial Puzzle":14,"CaptainsWheel":26,"Ornamental Fan":5,"Mummified Hand":25,"Gambling Chip":4,"Strawberry":6,"MutagenicStrength":10,"HolyWater":16,"PureWater":0},{"Potion Belt":47,"Dead Branch":52,"Pen Nib":96,"Orichalcum":101,"Ancient Tea Set":47,"Question Card":88,"Akabeko":124,"ClockworkSouvenir":39,"Old Coin":79,"SlaversCollar":35,"Centennial Puzzle":55,"CaptainsWheel":120,"Ornamental Fan":18,"Mummified Hand":113,"Gambling Chip":14,"Strawberry":25,"MutagenicStrength":39,"HolyWater":64,"PureWater":0}]},"card_choices":[{"not_picked":["Indignation","FlyingSleeves"],"picked":"ThirdEye","floor":1},{"not_picked":["ReachHeaven","PathToVictory"],"picked":"Tantrum","floor":3},{"not_picked":["FollowUp","CrushJoints"],"picked":"BowlingBash","floor":4},{"not_picked":["Prostrate","Crescendo"],"picked":"ClearTheMind","floor":6},{"not_picked":["Fasting2","Omniscience","Crescendo"],"picked":"SKIP","floor":7},{"not_picked":["Consecrate","FollowUp"],"picked":"ThirdEye","floor":10},{"not_picked":["CarveReality","WindmillStrike"],"picked":"Evaluate","floor":11},{"not_picked":["BowlingBash","WheelKick","Fasting2"],"picked":"SKIP","floor":13},{"not_picked":["Wish","LessonLearned"],"picked":"Vault","floor":16},{"not_picked":["BowlingBash","SashWhip"],"picked":"Halt","floor":18},{"not_picked":["CutThroughFate","BowlingBash"],"picked":"InnerPeace","floor":24},{"not_picked":["CutThroughFate","FlyingSleeves"],"picked":"FlurryOfBlows","floor":25},{"not_picked":["Collect","ThirdEye"],"picked":"TalkToTheHand","floor":28},{"not_picked":["Evaluate","Wish","Perseverance+1"],"picked":"SKIP","floor":29},{"not_picked":["SashWhip+1","Weave","CutThroughFate"],"picked":"SKIP","floor":31},{"not_picked":["Brilliance","DevaForm"],"picked":"Vault","floor":33},{"not_picked":["PathToVictory","Sanctity"],"picked":"EmptyBody","floor":35},{"not_picked":["Conclude","Prostrate","SashWhip+1"],"picked":"SKIP","floor":37},{"not_picked":["WindmillStrike","FlyingSleeves+1","PathToVictory"],"picked":"SKIP","floor":38},{"not_picked":["Evaluate+1","SashWhip"],"picked":"Meditate","floor":39},{"not_picked":["Halt","CrushJoints"],"picked":"LikeWater+1","floor":40},{"not_picked":["BowlingBash","ThirdEye","MasterReality"],"picked":"FlurryOfBlows","floor":42},{"not_picked":["SignatureMove+1","FlurryOfBlows+1","FollowUp"],"picked":"EmptyFist+1","floor":44},{"not_picked":["JustLucky","FlurryOfBlows","Nirvana"],"picked":"LikeWater","floor":47},{"not_picked":["ClearTheMind","Halt","BowlingBash+1","Swivel"],"picked":"SKIP","floor":48},{"not_picked":["EmptyBody","Establishment","Crescendo","BowlingBash"],"picked":"SKIP","floor":54}],"player_experience":663204,"relics_obtained":[{"floor":6,"key":"Gambling Chip"},{"floor":9,"key":"Ornamental Fan"},{"floor":10,"key":"Strawberry"},{"floor":25,"key":"Potion Belt"},{"floor":26,"key":"Ancient Tea Set"},{"floor":28,"key":"Dead Branch"},{"floor":39,"key":"Old Coin"},{"floor":40,"key":"Question Card"},{"floor":42,"key":"Pen Nib"},{"floor":48,"key":"Mummified Hand"},{"floor":54,"key":"Akabeko"}],"event_choices":[{"damage_healed":0,"gold_gain":0,"player_choice":"Grow","damage_taken":0,"max_hp_gain":0,"max_hp_loss":0,"event_name":"Living Wall","floor":5,"gold_loss":0,"cards_upgraded":["BowlingBash"]},{"cards_removed":["Strike_P"],"damage_healed":0,"gold_gain":0,"player_choice":"Card Removal","damage_taken":0,"max_hp_gain":0,"max_hp_loss":0,"event_name":"The Cleric","floor":14,"gold_loss":50},{"damage_healed":0,"gold_gain":0,"player_choice":"Inject Mutagens","damage_taken":0,"relics_obtained":["MutagenicStrength"],"max_hp_gain":0,"max_hp_loss":0,"event_name":"Drug Dealer","floor":20,"gold_loss":0},{"damage_healed":0,"gold_gain":0,"player_choice":"Ignored","damage_taken":0,"max_hp_gain":0,"max_hp_loss":0,"event_name":"Vampires","floor":21,"gold_loss":0},{"damage_healed":0,"gold_gain":0,"player_choice":"Ignored","damage_taken":0,"max_hp_gain":0,"max_hp_loss":0,"event_name":"Ghosts","floor":22,"gold_loss":0},{"damage_healed":0,"gold_gain":0,"player_choice":"Opened","damage_taken":0,"relics_obtained":["Centennial Puzzle"],"max_hp_gain":0,"max_hp_loss":0,"event_name":"The Mausoleum","floor":30,"gold_loss":0},{"damage_healed":0,"gold_gain":0,"player_choice":"Max HP","damage_taken":0,"max_hp_gain":0,"max_hp_loss":4,"event_name":"Winding Halls","floor":36,"gold_loss":0},{"damage_healed":0,"gold_gain":0,"player_choice":"Fight","damage_taken":0,"max_hp_gain":0,"max_hp_loss":0,"event_name":"MindBloom","floor":39,"gold_loss":0}],"is_beta":false,"boss_relics":[{"not_picked":["Pandora\u0027s Box","Runic Dome"],"picked":"SlaversCollar"},{"not_picked":["SacredBark","Tiny House"],"picked":"HolyWater"}],"items_purged_floors":[2,19,46,53],"is_endless":false,"potions_floor_spawned":[3,4,10,13,24,28,33,38,39,40,44,47,54],"ascension_level":13}}