{"host":"js2su9tbbk4rmjfl","time":1614183845,"event":{"mods":["AchievementEnabler","BaseMod","Block Reminder","Colored Map","Colored Powertips","Highlight Path","Minty Spire (QoL Compilation)","Relic Stats"],"gold_per_floor":[112,77,2,2,15,15,46,65,65,85,102,102,119,119,119,193,193,204,216,216,291,291,323,323,358,385,397,397,50,68,68,68,147,147,167,222,232,232,243,243,243],"floor_reached":40,"language":"ENG","playtime":3793,"items_purged":["Regret"],"score":856,"play_id":"fdc72361-16e6-40be-90c2-50f232a16021","local_time":"20210224172405","is_ascension_mode":true,"campfire_choices":[{"data":"Armaments","floor":6,"key":"SMITH"},{"data":"Berserk","floor":12,"key":"SMITH"},{"data":"Metallicize","floor":15,"key":"SMITH"},{"data":"Barricade","floor":24,"key":"SMITH"},{"data":"Bash","floor":28,"key":"SMITH"},{"data":"Dual Wield","floor":32,"key":"SMITH"}],"circlet_count":0,"master_deck":["AscendersBane","Defend_R","Defend_R","Defend_R","Bash+1","Headbutt","Cleave+1","Armaments+1","Flame Barrier","Berserk+1","Metallicize+1","Barricade+1","Shrug It Off","Necronomicurse","RitualDagger+1","Body Slam","Dual Wield+1","Bite","Bite","Bite","Bite","CurseOfTheBell","Battle Trance+1","Impervious"],"relics":["Burning Blood","Thread and Needle","Meat on the Bone","Coffee Dripper","Necronomicon","Mercury Hourglass","Du-Vu Doll","Pear","Whetstone","Incense Burner","Calling Bell","Bag of Marbles","Eternal Feather","Mango","Champion Belt"],"acts_visited":["Exordium","TheCity","TheBeyond"],"potions_floor_usage":[7,13,23,27,33,36,40],"damage_taken":[{"damage":11,"enemies":"2 Louse","floor":1,"turns":2},{"damage":14,"enemies":"Small Slimes","floor":5,"turns":4},{"damage":45,"enemies":"3 Sentries","floor":7,"turns":9},{"damage":3,"enemies":"Jaw Worm","floor":8,"turns":4},{"damage":3,"enemies":"2 Fungi Beasts","floor":10,"turns":4},{"damage":6,"enemies":"3 Louse","floor":11,"turns":4},{"damage":1,"enemies":"Large Slime","floor":13,"turns":5},{"damage":54,"enemies":"Hexaghost","floor":16,"turns":12},{"damage":18,"enemies":"Shell Parasite","floor":18,"turns":8},{"damage":0,"enemies":"Chosen","floor":19,"turns":10},{"damage":53,"enemies":"Book of Stabbing","floor":23,"turns":6},{"damage":22,"enemies":"Gremlin Leader","floor":25,"turns":8},{"damage":4,"enemies":"Snake Plant","floor":27,"turns":4},{"damage":9,"enemies":"Chosen and Byrds","floor":30,"turns":6},{"damage":13,"enemies":"Champ","floor":33,"turns":11},{"damage":3,"enemies":"3 Shapes","floor":35,"turns":3},{"damage":86,"enemies":"2 Orb Walkers","floor":36,"turns":6},{"damage":8,"enemies":"Orb Walker","floor":37,"turns":3},{"damage":3,"enemies":"Sphere and 2 Shapes","floor":39,"turns":7},{"damage":90,"enemies":"Giant Head","floor":40,"turns":11}],"seed_played":"8685901645939193571","potions_obtained":[{"floor":5,"key":"SkillPotion"},{"floor":8,"key":"AttackPotion"},{"floor":11,"key":"FairyPotion"},{"floor":16,"key":"Regen Potion"},{"floor":25,"key":"BlessingOfTheForge"},{"floor":27,"key":"BlessingOfTheForge"},{"floor":30,"key":"GamblersBrew"},{"floor":35,"key":"FairyPotion"},{"floor":37,"key":"Swift Potion"}],"is_trial":false,"path_per_floor":["M","?","$","?","M","R","E","M","T","M","M","R","M","?","R","B",null,"M","M","?","T","?","E","R","E","T","M","R","$","M","?","R","B",null,"M","?","M","?","M","E"],"character_chosen":"IRONCLAD","items_purchased":["Incense Burner"],"campfire_rested":0,"item_purchase_floors":[29],"current_hp_per_floor":[63,75,75,75,67,67,28,31,31,46,46,46,51,75,75,39,66,54,60,39,39,33,40,40,46,46,60,60,60,57,57,57,59,73,73,44,46,46,65,0,0],"gold":243,"neow_bonus":"TRANSFORM_TWO_CARDS","is_daily":false,"chose_seed":false,"campfire_upgraded":6,"win_rate":0.0,"timestamp":1614183845,"path_taken":["M","?","$","?","M","R","E","M","T","M","M","R","M","?","R","BOSS","M","M","?","?","?","E","R","E","T","M","R","$","M","?","R","BOSS","M","?","M","?","M","E"],"items_purchased_type":["Relic"],"build_version":"2020-12-22","purchased_purges":1,"victory":false,"max_hp_per_floor":[75,75,75,75,75,75,75,75,75,75,75,75,75,75,75,75,75,75,75,75,75,75,75,75,85,85,85,85,85,85,59,59,59,73,73,73,73,73,73,73,73],"relic_stats":{"counters":[20,127],"Eternal Feather":0,"Necronomicon":[14],"Whetstone":["RitualDagger","Cleave"],"Champion Belt":[11],"obtain_stats":[{"Pear":25,"Thread and Needle":7,"Eternal Feather":34,"Mango":34,"Incense Burner":29,"Whetstone":26,"Burning Blood":0,"Mercury Hourglass":21,"Du-Vu Doll":23,"Calling Bell":34,"Coffee Dripper":17,"Necronomicon":20,"Bag of Marbles":34,"Champion Belt":36,"Meat on the Bone":9},{"Pear":12,"Thread and Needle":3,"Eternal Feather":15,"Mango":15,"Incense Burner":13,"Whetstone":12,"Burning Blood":0,"Mercury Hourglass":10,"Du-Vu Doll":11,"Calling Bell":15,"Coffee Dripper":8,"Necronomicon":10,"Bag of Marbles":15,"Champion Belt":17,"Meat on the Bone":4},{"Pear":76,"Thread and Needle":15,"Eternal Feather":97,"Mango":97,"Incense Burner":80,"Whetstone":76,"Burning Blood":0,"Mercury Hourglass":62,"Du-Vu Doll":68,"Calling Bell":97,"Coffee Dripper":44,"Necronomicon":62,"Bag of Marbles":97,"Champion Belt":106,"Meat on the Bone":19}],"Burning Blood":103,"Meat on the Bone":72,"Mercury Hourglass":[198]},"card_choices":[{"not_picked":["Pummel","Dark Embrace"],"picked":"Armaments","floor":1},{"not_picked":["Wild Strike","Heavy Blade","Clothesline"],"picked":"SKIP","floor":5},{"not_picked":["Twin Strike","Havoc"],"picked":"Flame Barrier","floor":7},{"not_picked":["Pommel Strike","Body Slam","Second Wind"],"picked":"SKIP","floor":8},{"not_picked":["Armaments","Headbutt"],"picked":"Berserk","floor":10},{"not_picked":["Sever Soul","Wild Strike"],"picked":"Metallicize","floor":11},{"not_picked":["Second Wind","Body Slam","Rupture"],"picked":"SKIP","floor":13},{"not_picked":["Impervious","Brutality"],"picked":"Barricade","floor":16},{"not_picked":["Havoc","Warcry"],"picked":"Shrug It Off","floor":18},{"not_picked":["Intimidate","Inflame+1","Perfected Strike"],"picked":"SKIP","floor":19},{"not_picked":["Wild Strike","Thunderclap","Sentinel"],"picked":"SKIP","floor":23},{"not_picked":["Rampage","Havoc+1"],"picked":"Body Slam","floor":25},{"not_picked":["Shockwave","Clash+1","True Grit"],"picked":"SKIP","floor":27},{"not_picked":["Rampage","Cleave"],"picked":"Dual Wield","floor":30},{"not_picked":["Armaments+1","Pommel Strike","Shrug It Off"],"picked":"SKIP","floor":35},{"not_picked":["Perfected Strike","Heavy Blade"],"picked":"Battle Trance+1","floor":36},{"not_picked":["True Grit","Pummel","Inflame"],"picked":"SKIP","floor":37},{"not_picked":["Clothesline","Thunderclap"],"picked":"Impervious","floor":39}],"player_experience":905064,"relics_obtained":[{"floor":7,"key":"Thread and Needle"},{"floor":9,"key":"Meat on the Bone"},{"floor":20,"key":"Necronomicon"},{"floor":21,"key":"Mercury Hourglass"},{"floor":23,"key":"Du-Vu Doll"},{"floor":25,"key":"Pear"},{"floor":26,"key":"Whetstone"},{"floor":34,"key":"Bag of Marbles"},{"floor":34,"key":"Eternal Feather"},{"floor":34,"key":"Mango"},{"floor":36,"key":"Champion Belt"}],"event_choices":[{"damage_healed":18,"gold_gain":0,"player_choice":"Healed","damage_taken":0,"max_hp_gain":0,"max_hp_loss":0,"event_name":"The Cleric","floor":2,"gold_loss":35},{"damage_healed":0,"gold_gain":0,"player_choice":"Ignored","damage_taken":0,"max_hp_gain":0,"max_hp_loss":0,"event_name":"Liars Game","floor":4,"gold_loss":0},{"damage_healed":25,"gold_gain":0,"player_choice":"Banana","damage_taken":0,"max_hp_gain":0,"max_hp_loss":0,"event_name":"Big Fish","floor":14,"gold_loss":0},{"damage_healed":0,"gold_gain":0,"player_choice":"Obtained Book","damage_taken":21,"max_hp_gain":0,"max_hp_loss":0,"event_name":"Cursed Tome","floor":20,"gold_loss":0},{"damage_healed":0,"gold_gain":0,"player_choice":"Joined the Cult","damage_taken":6,"max_hp_gain":0,"max_hp_loss":0,"event_name":"Nest","floor":22,"gold_loss":0,"cards_obtained":["RitualDagger"]},{"damage_healed":0,"gold_gain":0,"player_choice":"Became a vampire","damage_taken":0,"max_hp_gain":0,"max_hp_loss":26,"event_name":"Vampires","floor":31,"gold_loss":0,"cards_obtained":["Bite","Bite","Bite","Bite","Bite"]},{"damage_healed":0,"gold_gain":0,"player_choice":"Fight","damage_taken":0,"max_hp_gain":0,"max_hp_loss":0,"event_name":"Mysterious Sphere","floor":36,"gold_loss":0},{"cards_removed":["Bite"],"damage_healed":0,"gold_gain":0,"player_choice":"Removed Attack","damage_taken":0,"max_hp_gain":0,"max_hp_loss":0,"event_name":"Falling","floor":38,"gold_loss":0}],"is_beta":false,"boss_relics":[{"not_picked":["SacredBark","Ectoplasm"],"picked":"Coffee Dripper"},{"not_picked":["SlaversCollar","Astrolabe"],"picked":"Calling Bell"}],"items_purged_floors":[3],"is_endless":false,"potions_floor_spawned":[5,8,11,16,18,25,27,30,35,37],"killed_by":"Giant Head","ascension_level":19}}