{"host":"xvcswx52z80fmg13","time":1614201493,"event":{"mods":["BaseMod","Colored Map","Colored Powertips","Highlight Path","Minty Spire (QoL Compilation)"],"gold_per_floor":[12,25,39,57,57,57,89,105,105,124,124,155,105,122,122,218,218,236,253,253,353,370,404,419,419,419,344,344,359,87,101,101,203,203,223,223,271,271,291,291,301,301,328,328,203,53,53,73,73,73,73,73,25,51,51,51],"floor_reached":55,"language":"ENG","playtime":3551,"items_purged":["Strike_R","Strike_R","Strike_R","Defend_R"],"score":701,"play_id":"e1260404-f698-4a01-953a-96592b633326","local_time":"20210224171813","is_ascension_mode":false,"campfire_choices":[{"data":"Strike_R","floor":6,"key":"SMITH"},{"data":"Armaments","floor":15,"key":"SMITH"},{"floor":25,"key":"REST"},{"data":"Apotheosis","floor":32,"key":"SMITH"},{"data":"Barricade","floor":40,"key":"SMITH"},{"floor":42,"key":"RECALL"},{"floor":44,"key":"REST"},{"data":"Panache","floor":47,"key":"SMITH"},{"floor":49,"key":"REST"},{"data":"Warcry","floor":52,"key":"SMITH"}],"circlet_count":0,"master_deck":["Strike_R+1","Defend_R","Bash","Panache+1","Shrug It Off","Clash","Shrug It Off","Anger","Armaments+1","Rampage","Barricade+1","Warcry+1","Rampage+1","Apotheosis+1","Warcry+1","Panacea","Good Instincts","Panacea","Disarm+1","Hemokinesis+1"],"relics":["Burning Blood","Sundial","Gremlin Horn","Oddly Smooth Stone","CaptainsWheel","Busted Crown","Vajra","Bottled Flame","Runic Cube","Ice Cream","Torii"],"acts_visited":["Exordium","TheCity","TheBeyond","TheEnding"],"potions_floor_usage":[7,16,22,28,33,37,50,50,50,54],"damage_taken":[{"damage":0,"enemies":"Small Slimes","floor":1,"turns":3},{"damage":0,"enemies":"2 Louse","floor":2,"turns":3},{"damage":6,"enemies":"Cultist","floor":3,"turns":3},{"damage":2,"enemies":"Blue Slaver","floor":4,"turns":5},{"damage":32,"enemies":"3 Sentries","floor":7,"turns":9},{"damage":2,"enemies":"Looter","floor":8,"turns":3},{"damage":0,"enemies":"Lots of Slimes","floor":10,"turns":3},{"damage":14,"enemies":"Gremlin Nob","floor":12,"turns":3},{"damage":13,"enemies":"Red Slaver","floor":14,"turns":3},{"damage":0,"enemies":"Slime Boss","floor":16,"turns":6},{"damage":20,"enemies":"2 Thieves","floor":18,"turns":3},{"damage":1,"enemies":"Spheric Guardian","floor":19,"turns":4},{"damage":0,"enemies":"3 Cultists","floor":22,"turns":5},{"damage":51,"enemies":"Slavers","floor":23,"turns":5},{"damage":24,"enemies":"Snake Plant","floor":24,"turns":4},{"damage":0,"enemies":"Shelled Parasite and Fungi","floor":28,"turns":1},{"damage":0,"enemies":"Sentry and Sphere","floor":29,"turns":4},{"damage":14,"enemies":"Centurion and Healer","floor":31,"turns":5},{"damage":8,"enemies":"Collector","floor":33,"turns":7},{"damage":8,"enemies":"3 Shapes","floor":35,"turns":6},{"damage":67,"enemies":"2 Orb Walkers","floor":37,"turns":6},{"damage":7,"enemies":"Orb Walker","floor":39,"turns":4},{"damage":3,"enemies":"Maw","floor":41,"turns":7},{"damage":7,"enemies":"Spire Growth","floor":48,"turns":4},{"damage":64,"enemies":"Donu and Deca","floor":50,"turns":10},{"damage":37,"enemies":"Shield and Spear","floor":54,"turns":7},{"damage":61,"enemies":"The Heart","floor":55,"turns":8}],"seed_played":"3985770240196969293","potions_obtained":[{"floor":1,"key":"LiquidBronze"},{"floor":8,"key":"Energy Potion"},{"floor":10,"key":"SmokeBomb"},{"floor":14,"key":"SpeedPotion"},{"floor":19,"key":"Block Potion"},{"floor":29,"key":"BloodPotion"},{"floor":31,"key":"Swift Potion"},{"floor":33,"key":"BloodPotion"},{"floor":35,"key":"LiquidMemories"},{"floor":41,"key":"Swift Potion"}],"is_trial":false,"path_per_floor":["M","M","M","M","?","R","E","M","T","M","?","E","?","M","R","B",null,"M","M","?","?","M","E","M","R","T","$","M","M","$","M","R","B",null,"M","?","?","?","M","R","M","R","T","R","$","$","R","M","R","B",null,"R","$","E","B"],"character_chosen":"IRONCLAD","items_purchased":["Apotheosis","Energy Potion"],"campfire_rested":3,"item_purchase_floors":[30,53],"current_hp_per_floor":[80,80,80,80,73,73,47,51,51,57,45,37,37,30,30,36,80,66,71,71,71,77,32,14,38,38,38,44,50,50,42,42,40,80,78,68,23,23,22,22,25,25,25,49,49,49,49,48,72,30,80,80,80,49,0,0],"gold":51,"neow_bonus":"RANDOM_COLORLESS_2","is_daily":false,"chose_seed":false,"campfire_upgraded":6,"win_rate":0.0,"timestamp":1614201493,"path_taken":["M","M","M","M","?","R","E","M","T","M","?","E","?","M","R","BOSS","M","M","?","?","M","E","M","R","T","$","M","M","$","M","R","BOSS","M","?","?","?","?","R","M","R","T","R","?","$","R","M","R","BOSS","R","$","E","BOSS"],"items_purchased_type":["Card","Potion"],"build_version":"2020-12-22","purchased_purges":4,"victory":false,"max_hp_per_floor":[80,80,80,80,80,80,80,80,80,80,80,80,80,80,80,80,80,80,80,80,80,80,80,80,80,80,80,80,80,80,80,80,80,80,80,80,80,80,80,80,80,80,80,80,80,80,80,80,80,80,80,80,80,80,80,80],"card_choices":[{"not_picked":["Master of Strategy","Secret Technique"],"picked":"Panache","floor":0},{"not_picked":["Clothesline","Havoc","Heavy Blade"],"picked":"SKIP","floor":1},{"not_picked":["Rampage","Shockwave"],"picked":"Shrug It Off","floor":2},{"not_picked":["Perfected Strike","Headbutt"],"picked":"Clash","floor":3},{"not_picked":["Fire Breathing","Pommel Strike"],"picked":"Shrug It Off","floor":4},{"not_picked":["Clothesline","Sword Boomerang","Whirlwind"],"picked":"SKIP","floor":7},{"not_picked":["Infernal Blade","Wild Strike"],"picked":"Anger","floor":8},{"not_picked":["Clash","Havoc"],"picked":"Armaments","floor":10},{"not_picked":["Infernal Blade","Sword Boomerang","Whirlwind"],"picked":"SKIP","floor":12},{"not_picked":["Thunderclap","Flame Barrier"],"picked":"Rampage","floor":14},{"not_picked":["Exhume","Berserk"],"picked":"Barricade","floor":16},{"not_picked":["Perfected Strike+1"],"picked":"SKIP","floor":18},{"not_picked":["Twin Strike"],"picked":"SKIP","floor":19},{"not_picked":["Clash"],"picked":"SKIP","floor":22},{"not_picked":["True Grit"],"picked":"SKIP","floor":23},{"not_picked":["Havoc"],"picked":"SKIP","floor":24},{"not_picked":[],"picked":"Rampage+1","floor":29},{"not_picked":["Iron Wave+1"],"picked":"SKIP","floor":31},{"not_picked":[],"picked":"Warcry+1","floor":35},{"not_picked":[],"picked":"Panacea","floor":36},{"not_picked":[],"picked":"Good Instincts","floor":36},{"not_picked":[],"picked":"Panacea","floor":36},{"not_picked":[],"picked":"Disarm+1","floor":39},{"not_picked":["Armaments+1"],"picked":"SKIP","floor":41},{"not_picked":[],"picked":"Hemokinesis+1","floor":48},{"not_picked":["Blood for Blood"],"picked":"SKIP","floor":54}],"player_experience":1345885,"relics_obtained":[{"floor":7,"key":"Sundial"},{"floor":9,"key":"Gremlin Horn"},{"floor":12,"key":"CaptainsWheel"},{"floor":23,"key":"Vajra"},{"floor":26,"key":"Bottled Flame"},{"floor":37,"key":"Ice Cream"},{"floor":54,"key":"Torii"}],"event_choices":[{"cards_removed":["Defend_R"],"damage_healed":0,"gold_gain":0,"player_choice":"Card Removal","damage_taken":7,"max_hp_gain":0,"max_hp_loss":0,"event_name":"Golden Wing","floor":5,"gold_loss":0},{"damage_healed":0,"gold_gain":0,"player_choice":"Success","damage_taken":12,"relics_obtained":["Oddly Smooth Stone"],"max_hp_gain":0,"max_hp_loss":0,"event_name":"Scrap Ooze","floor":11,"gold_loss":0},{"cards_removed":["Defend_R"],"damage_healed":0,"gold_gain":0,"player_choice":"Card Removal","damage_taken":0,"max_hp_gain":0,"max_hp_loss":0,"event_name":"The Cleric","floor":13,"gold_loss":50},{"damage_healed":0,"gold_gain":0,"player_choice":"Read","damage_taken":0,"max_hp_gain":0,"max_hp_loss":0,"event_name":"The Library","floor":20,"gold_loss":0,"cards_obtained":["Warcry"]},{"damage_healed":0,"gold_gain":100,"player_choice":"Pray","damage_taken":0,"max_hp_gain":0,"max_hp_loss":0,"event_name":"Golden Shrine","floor":21,"gold_loss":0},{"damage_healed":0,"gold_gain":0,"player_choice":"Memory 3","damage_taken":10,"max_hp_gain":0,"max_hp_loss":0,"event_name":"SensoryStone","floor":36,"gold_loss":0},{"damage_healed":0,"gold_gain":0,"player_choice":"Fight","damage_taken":0,"max_hp_gain":0,"max_hp_loss":0,"event_name":"Mysterious Sphere","floor":37,"gold_loss":0},{"cards_removed":["Strike_R"],"damage_healed":0,"gold_gain":0,"player_choice":"Purged","damage_taken":0,"max_hp_gain":0,"max_hp_loss":0,"event_name":"Purifier","floor":38,"gold_loss":0}],"is_beta":false,"boss_relics":[{"not_picked":["Cursed Key","Velvet Choker"],"picked":"Busted Crown"},{"not_picked":["Mark of Pain","Pandora\u0027s Box"],"picked":"Runic Cube"}],"items_purged_floors":[27,30,45,46],"is_endless":false,"potions_floor_spawned":[1,8,10,14,19,28,29,31,33,35,41],"killed_by":"The Heart","ascension_level":0}}