{"host":"lufzn74xe9ct3rkf","time":1614129662,"event":{"mods":["AchievementEnabler","BaseMod","Evolution","Minty Spire (QoL Compilation)","StSLib","Treasure Hunter"],"gold_per_floor":[1022,1036,660,670,681,681,681,681,681,385,398,416,426,443,443,545,545,562,157,176,89,104,133,133,152,177,202,202,202,202,213,213,315,315,330,350,94,111,111,111,111,131,131,157,157,157,157],"floor_reached":46,"language":"ENG","playtime":2883,"items_purged":[],"score":579,"play_id":"81cc37c2-23f2-4959-a7cc-999dd261a244","local_time":"20210223172102","is_ascension_mode":false,"campfire_choices":[{"data":"Outmaneuver","floor":6.0,"key":"SMITH"},{"data":"Neutralize","floor":8.0,"key":"SMITH"},{"data":"Deadly Poison","floor":15.0,"key":"SMITH"},{"data":"Adrenaline","floor":24.0,"key":"SMITH"},{"floor":29.0,"key":"REST"},{"data":"Tools of the Trade","floor":32,"key":"SMITH"},{"floor":40,"key":"REST"}],"circlet_count":0,"master_deck":["Bane","Bane","Bane","Bane","Bane","Dodge and Roll","Dodge and Roll","Defend_G","Defend_G","Defend_G","Survivor","Neutralize+1","Enlightenment","Slice","Blur","Outmaneuver+1","Quick Slash","Cloak And Dagger","Deadly Poison+1","Deflect","TH:ElvenBoots","Endless Agony","Deflect","Cloak And Dagger","Backflip","Backflip","Bane","Tools of the Trade+1","TH:CursedSword","Die Die Die","Adrenaline+1","Slice","Backstab","Forethought+1","Deflect","Escape Plan","Poisoned Stab+1","TH:CursedSword","Catalyst+1","Bane+1","TH:PixieDust","TH:ElvenBoots","Riddle With Holes+1","Writhe","TH:DeckOfManyThings","Die Die Die","Armaments+1","Stack+1","Endless Agony","Bouncing Flask","Bullet Time","Poisoned Stab+1","TH:DeckOfManyThings","TH:EnergyPotion","Shockwave+1","TH:Mimic","TH:DeckOfManyThings"],"relics":["Ring of the Snake","EVO:Axolotl","Matryoshka","FaceOfCleric","White Beast Statue","Unceasing Top","ClockworkSouvenir","Philosopher\u0027s Stone","PrismaticShard","Blue Candle","Smiling Mask","Tiny Chest","Happy Flower","Darkstone Periapt","SlaversCollar","Ancient Tea Set","Paper Crane","Pantograph","Centennial Puzzle"],"acts_visited":["Exordium","TheCity","TheBeyond"],"potions_floor_usage":[33,42,46,46,46],"damage_taken":[{"damage":0.0,"enemies":"Small Slimes","floor":1.0,"turns":4.0},{"damage":0.0,"enemies":"Cultist","floor":2.0,"turns":4.0},{"damage":0.0,"enemies":"2 Louse","floor":4.0,"turns":2.0},{"damage":7.0,"enemies":"Exordium Wildlife","floor":5.0,"turns":4.0},{"damage":3.0,"enemies":"Red Slaver","floor":11.0,"turns":3.0},{"damage":0.0,"enemies":"3 Louse","floor":12.0,"turns":3.0},{"damage":6.0,"enemies":"Lots of Slimes","floor":13.0,"turns":4.0},{"damage":4.0,"enemies":"Exordium Thugs","floor":14.0,"turns":5.0},{"damage":8.0,"enemies":"Hexaghost","floor":16.0,"turns":7.0},{"damage":0.0,"enemies":"Spheric Guardian","floor":18.0,"turns":5.0},{"damage":7.0,"enemies":"3 Byrds","floor":20.0,"turns":5.0},{"damage":15.0,"enemies":"Snake Plant","floor":22.0,"turns":3.0},{"damage":16.0,"enemies":"Slavers","floor":23.0,"turns":5.0},{"damage":13.0,"enemies":"Shelled Parasite and Fungi","floor":25.0,"turns":5.0},{"damage":4.0,"enemies":"Book of Stabbing","floor":27.0,"turns":4.0},{"damage":19.0,"enemies":"3 Cultists","floor":31.0,"turns":5.0},{"damage":66,"enemies":"Collector","floor":33,"turns":8},{"damage":36,"enemies":"3 Shapes","floor":35,"turns":4},{"damage":17,"enemies":"Orb Walker","floor":36,"turns":2},{"damage":0,"enemies":"Maw","floor":38,"turns":5},{"damage":39,"enemies":"Transient","floor":42,"turns":5},{"damage":19,"enemies":"Sphere and 2 Shapes","floor":46,"turns":3}],"seed_played":"-200841808395543482","potions_obtained":[{"floor":2.0,"key":"PowerPotion"},{"floor":4.0,"key":"SteroidPotion"},{"floor":11.0,"key":"AttackPotion"},{"floor":13.0,"key":"GamblersBrew"},{"floor":14.0,"key":"LiquidMemories"},{"floor":16.0,"key":"LiquidBronze"},{"floor":18.0,"key":"SpeedPotion"},{"floor":20.0,"key":"PowerPotion"},{"floor":22.0,"key":"CunningPotion"},{"floor":23.0,"key":"BlessingOfTheForge"},{"floor":25.0,"key":"Fire Potion"},{"floor":27.0,"key":"Energy Potion"},{"floor":31.0,"key":"Fire Potion"},{"floor":33,"key":"ColorlessPotion"},{"floor":35,"key":"SteroidPotion"},{"floor":36,"key":"PowerPotion"},{"floor":42,"key":"SkillPotion"}],"is_trial":false,"path_per_floor":["M","M","$","M","M","R","?","R","T","$","M","M","M","M","R","B",null,"M","$","M","$","M","E","R","M","T","E","?","R","?","M","R","B",null,"M","M","$","M","T","R","T","M","T","T","?","M"],"character_chosen":"THE_SILENT","items_purchased":["Outmaneuver","Matryoshka","Quick Slash","Cloak And Dagger","ClockworkSouvenir","Endless Agony","Deflect","Cloak And Dagger","Adrenaline","Slice","Backstab","PrismaticShard","Deflect","Escape Plan","Endless Agony","Bouncing Flask","Bullet Time"],"campfire_rested":2,"item_purchase_floors":[3,3,3,3,10,10,10,10,19,19,19,19,21,21,37,37,37],"current_hp_per_floor":[70,70,70,70,63,63,63,63,63,63,61,62,57,54,54,47,75,76,76,70,70,56,41,41,29,29,26,32,58,87,69,69,4,89,54,38,38,39,39,66,66,28,28,28,28,9,9],"gold":157,"neow_bonus":"RANDOM_COLORLESS","is_daily":false,"chose_seed":false,"campfire_upgraded":5,"win_rate":0.0,"timestamp":1614129662,"path_taken":["M","M","$","M","M","R","?","R","T","$","M","M","M","M","R","BOSS","M","$","?","$","M","E","R","M","T","E","?","R","?","M","R","BOSS","M","M","$","M","?","R","?","?","T","?","?","M"],"items_purchased_type":["Card","Relic","Card","Card","Relic","Card","Card","Card","Card","Card","Card","Relic","Card","Card","Card","Card","Card"],"build_version":"2020-12-22","purchased_purges":0,"victory":false,"max_hp_per_floor":[70,70,70,70,70,70,70,70,70,70,71,72,73,74,74,75,75,76,76,77,77,78,79,79,80,80,81,87,87,87,88,88,89,89,90,91,91,92,92,92,92,93,93,93,93,93,93],"card_choices":[{"not_picked":["Forethought","Impatience"],"picked":"Enlightenment","floor":0.0},{"not_picked":["Dodge and Roll","Deadly Poison"],"picked":"Slice","floor":1.0},{"not_picked":["Predator","Slice"],"picked":"Blur","floor":2.0},{"not_picked":["Sucker Punch","Bane"],"picked":"Deadly Poison","floor":4.0},{"not_picked":["Quick Slash","Well Laid Plans"],"picked":"Deflect","floor":5.0},{"not_picked":["TH:ArmorSpikes"],"picked":"TH:ElvenBoots","floor":9.0},{"not_picked":["Outmaneuver","Calculated Gamble"],"picked":"Backflip","floor":11.0},{"not_picked":["Deflect","Dodge and Roll"],"picked":"Backflip","floor":12.0},{"not_picked":["Bouncing Flask","Expertise"],"picked":"Bane","floor":13.0},{"not_picked":["Quick Slash","Dagger Throw"],"picked":"Tools of the Trade","floor":14.0},{"not_picked":["TH:PixieDust"],"picked":"TH:CursedSword","floor":16.0},{"not_picked":["Storm of Steel","Burst"],"picked":"Die Die Die","floor":16.0},{"not_picked":["Quick Slash","Infinite Blades"],"picked":"Dash+1","floor":18.0},{"not_picked":["Sanctity","True Grit+1"],"picked":"Forethought+1","floor":20.0},{"not_picked":["Defragment+1","Slice"],"picked":"Poisoned Stab+1","floor":22.0},{"not_picked":["TH:ArmorSpikes"],"picked":"TH:CursedSword","floor":23.0},{"not_picked":["True Grit","Heavy Blade+1"],"picked":"Catalyst+1","floor":23.0},{"not_picked":["Battle Trance","Anger"],"picked":"Bane+1","floor":25.0},{"not_picked":["TH:ArmorSpikes"],"picked":"TH:PixieDust","floor":26.0},{"not_picked":["TH:ArmorSpikes"],"picked":"TH:ElvenBoots","floor":27.0},{"not_picked":["Stack","Go for the Eyes"],"picked":"Riddle With Holes+1","floor":27.0},{"not_picked":["Conserve Battery","Entrench+1"],"picked":"Footwork","floor":31.0},{"not_picked":["TH:TreasureMap"],"picked":"TH:DeckOfManyThings","floor":33},{"not_picked":["Tools of the Trade","Doppelganger"],"picked":"Die Die Die","floor":33},{"not_picked":["Stack+1","Doom and Gloom"],"picked":"Armaments+1","floor":35},{"not_picked":["Slice","Perfected Strike"],"picked":"Stack+1","floor":36},{"not_picked":["Amplify","Sever Soul+1"],"picked":"Poisoned Stab+1","floor":38},{"not_picked":["TH:BikiniMail"],"picked":"TH:DeckOfManyThings","floor":39},{"not_picked":["TH:TreasureMap"],"picked":"TH:EnergyPotion","floor":41},{"not_picked":["Expertise","Dagger Spray"],"picked":"Shockwave+1","floor":42},{"not_picked":["TH:ElvenBoots"],"picked":"TH:Mimic","floor":43},{"not_picked":["TH:ArmorSpikes"],"picked":"TH:DeckOfManyThings","floor":44}],"player_experience":39416,"relics_obtained":[{"floor":9.0,"key":"White Beast Statue"},{"floor":9.0,"key":"Unceasing Top"},{"floor":23.0,"key":"Blue Candle"},{"floor":26.0,"key":"Smiling Mask"},{"floor":26.0,"key":"Tiny Chest"},{"floor":27.0,"key":"Happy Flower"},{"floor":39,"key":"Ancient Tea Set"},{"floor":41,"key":"Paper Crane"},{"floor":43,"key":"Pantograph"},{"floor":44,"key":"Centennial Puzzle"}],"event_choices":[{"damage_healed":0.0,"max_hp_gain":0.0,"max_hp_loss":0.0,"gold_gain":0.0,"event_name":"FaceTrader","player_choice":"Trade","floor":7.0,"gold_loss":0.0,"damage_taken":0.0,"relics_obtained":["FaceOfCleric"]},{"damage_healed":0.0,"max_hp_gain":0.0,"max_hp_loss":0.0,"gold_gain":0.0,"event_name":"The Mausoleum","player_choice":"Opened","floor":28.0,"gold_loss":0.0,"damage_taken":0.0,"relics_obtained":["Darkstone Periapt"],"cards_obtained":["Writhe"]},{"cards_removed":["Dash"],"damage_healed":29.0,"max_hp_gain":0.0,"max_hp_loss":0.0,"gold_gain":0.0,"event_name":"Bonfire Elementals","player_choice":"Offered Uncommon","floor":30.0,"gold_loss":0.0,"damage_taken":0.0},{"cards_removed":["Footwork"],"damage_healed":0,"gold_gain":0,"player_choice":"Removed Power","damage_taken":0,"max_hp_gain":0,"max_hp_loss":0,"event_name":"Falling","floor":45,"gold_loss":0}],"is_beta":false,"boss_relics":[{"not_picked":["Velvet Choker","Astrolabe"],"picked":"Philosopher\u0027s Stone"},{"not_picked":["Busted Crown","Black Star"],"picked":"SlaversCollar"}],"items_purged_floors":[],"is_endless":false,"potions_floor_spawned":[2,4,11,12,13,14,16,18,20,22,23,25,27,31,33,35,36,38,42],"killed_by":"Sphere and 2 Shapes","ascension_level":0}}