{"host":"7jxhn92mkgyil7o5","time":1614205388,"event":{"mods":["BaseMod","Colored Map","Colored Powertips","Friendly Minions","Hermit","Kiyohime????","Marisa????????","Minty Spire (QoL Compilation)","Permanent Neow","StSLib","The Cursed","The Disciple","The Hierophant","The Poker Player","The Runesmith"],"gold_per_floor":[137,137,148,184,184,184,219,219,219,219,219,219,262,317,317,413,413,457,511,511,69,112,146,146,71,71,94,94,159,184,29,29,128,128,178,178,196,8,8,76,92,125,125,145,145,208,253,296,296,296,296],"floor_reached":50,"language":"ENG","playtime":2534,"items_purged":["Shame","Writhe"],"score":1460,"play_id":"adb62d67-9e76-4870-8f81-0633313091de","local_time":"20210224232308","is_ascension_mode":true,"campfire_choices":[{"floor":6.0,"key":"REST"},{"data":"Tantrum","floor":8.0,"key":"SMITH"},{"data":"Vigilance","floor":12.0,"key":"SMITH"},{"data":"WheelKick","floor":15.0,"key":"SMITH"},{"data":"TalkToTheHand","floor":24.0,"key":"SMITH"},{"floor":32.0,"key":"REST"},{"floor":45.0,"key":"REST"},{"floor":49.0,"key":"RECALL"}],"circlet_count":0,"master_deck":["AscendersBane","Strike_P","Strike_P","Defend_P","Defend_P","Defend_P","Defend_P","Eruption","Vigilance+1","Wish+1","Tantrum+1","EmptyFist","CarveReality","WheelKick+1","Conclude","Scrawl","Crescendo+1","WreathOfFlame","TalkToTheHand+1","Fasting2","FlyingSleeves+1","Consecrate+1","JustLucky+1","FlurryOfBlows+1","Establishment","ForeignInfluence","Consecrate+1","Apotheosis","Metamorphosis","WaveOfTheHand","CrushJoints+1","ClearTheMind","JustLucky+1","JustLucky+1","FlyingSleeves+1"],"relics":["PureWater","Unceasing Top","Bottled Flame","CloakClasp","Golden Idol","Question Card","Busted Crown","Regal Pillow","PreservedInsect","Ancient Tea Set","Molten Egg 2","Runesmith:Nanobots","Omamori","Gambling Chip","Fusion Hammer","OrangePellets","White Beast Statue","Potion Belt","Vajra"],"acts_visited":["Exordium","TheCity","TheBeyond"],"potions_floor_usage":[50],"damage_taken":[{"damage":12.0,"enemies":"2 Louse","floor":1.0,"turns":4.0},{"damage":0.0,"enemies":"Jaw Worm","floor":3.0,"turns":4.0},{"damage":5.0,"enemies":"Small Slimes","floor":4.0,"turns":4.0},{"damage":20.0,"enemies":"3 Sentries","floor":7.0,"turns":12.0},{"damage":8.0,"enemies":"Lagavulin","floor":13.0,"turns":5.0},{"damage":0.0,"enemies":"Gremlin Gang","floor":14.0,"turns":6.0},{"damage":4.0,"enemies":"Hexaghost","floor":16.0,"turns":6.0},{"damage":2.0,"enemies":"Spheric Guardian","floor":18.0,"turns":3.0},{"damage":6.0,"enemies":"2 Thieves","floor":19.0,"turns":3.0},{"damage":1.0,"enemies":"Centurion and Healer","floor":22.0,"turns":3.0},{"damage":0.0,"enemies":"Book of Stabbing","floor":23.0,"turns":3.0},{"damage":0.0,"enemies":"Cultist and Chosen","floor":27.0,"turns":2.0},{"damage":32.0,"enemies":"Gremlin Leader","floor":29.0,"turns":4.0},{"damage":0.0,"enemies":"Snake Plant","floor":30.0,"turns":1.0},{"damage":0.0,"enemies":"Collector","floor":33.0,"turns":2.0},{"damage":0.0,"enemies":"3 Darklings","floor":35.0,"turns":6.0},{"damage":0.0,"enemies":"Orb Walker","floor":37.0,"turns":2.0},{"damage":21.0,"enemies":"Giant Head","floor":40.0,"turns":5.0},{"damage":0.0,"enemies":"3 Darklings","floor":41.0,"turns":2.0},{"damage":0.0,"enemies":"Nemesis","floor":42.0,"turns":1.0},{"damage":4.0,"enemies":"Writhing Mass","floor":44.0,"turns":5.0},{"damage":0.0,"enemies":"Reptomancer","floor":46.0,"turns":2.0},{"damage":22.0,"enemies":"Maw","floor":47.0,"turns":3.0},{"damage":0.0,"enemies":"3 Darklings","floor":48.0,"turns":4.0},{"damage":38,"enemies":"Awakened One","floor":50,"turns":3}],"seed_played":"2260670224666778740","potions_obtained":[{"floor":3.0,"key":"Weak Potion"},{"floor":14.0,"key":"Swift Potion"},{"floor":16.0,"key":"Regen Potion"},{"floor":18.0,"key":"SpeedPotion"},{"floor":19.0,"key":"DistilledChaos"},{"floor":29.0,"key":"Energy Potion"},{"floor":40.0,"key":"BlessingOfTheForge"},{"floor":41.0,"key":"AttackPotion"},{"floor":42.0,"key":"EssenceOfSteel"},{"floor":44.0,"key":"Explosive Potion"},{"floor":46.0,"key":"GamblersBrew"},{"floor":47.0,"key":"Energy Potion"},{"floor":48.0,"key":"Weak Potion"}],"is_trial":false,"path_per_floor":["M","?","M","M","?","R","E","R","T","?","?","R","E","M","R","B",null,"M","M","?","$","M","E","R","?","T","M","?","E","M","$","R","B",null,"M","?","M","$","?","E","M","E","T","M","R","E","M","M","R","B"],"character_chosen":"WATCHER","items_purchased":["TalkToTheHand","PreservedInsect","Ancient Tea Set","FlurryOfBlows+1","OrangePellets","Consecrate+1"],"campfire_rested":3,"item_purchase_floors":[21,21,21,31,38,38],"current_hp_per_floor":[49,42,42,37,26,46,26,26,26,26,26,26,18,18,18,14,50,57,51,51,51,50,50,50,50,50,50,50,18,18,18,51,51,59,59,59,59,59,49,28,28,28,28,24,57,57,35,35,35,0,0],"gold":296,"neow_bonus":"ONE_RANDOM_RARE_CARD","is_daily":false,"chose_seed":false,"campfire_upgraded":4,"win_rate":0.0,"timestamp":1614205388,"path_taken":["M","?","M","M","?","R","E","R","T","?","?","R","E","M","R","BOSS","M","?","?","$","M","E","R","?","T","M","?","E","M","?","R","BOSS","M","?","M","$","?","E","M","E","T","M","R","E","M","?","R","BOSS"],"items_purchased_type":["Card","Relic","Relic","Card","Relic","Card"],"build_version":"2020-12-22","purchased_purges":2,"victory":false,"max_hp_per_floor":[68,68,68,68,68,68,68,68,68,62,62,62,62,62,62,62,62,62,62,62,62,62,62,62,62,62,62,62,62,62,62,62,62,62,62,62,62,62,62,62,62,62,62,62,62,62,62,62,62,62,62],"card_choices":[{"not_picked":["FlyingSleeves","EmptyFist"],"picked":"Tantrum","floor":1.0},{"not_picked":["FollowUp","Fasting2"],"picked":"EmptyFist","floor":3.0},{"not_picked":["SandsOfTime","WindmillStrike"],"picked":"CarveReality","floor":4.0},{"not_picked":["BowlingBash","Pray"],"picked":"WheelKick","floor":7.0},{"not_picked":["ClearTheMind","Prostrate"],"picked":"Conclude","floor":13.0},{"not_picked":["Nirvana","WindmillStrike","EmptyBody","FlyingSleeves"],"picked":"SKIP","floor":14.0},{"not_picked":["ConjureBlade","SpiritShield","Wish"],"picked":"Scrawl","floor":16.0},{"not_picked":["CrushJoints"],"picked":"Crescendo+1","floor":18.0},{"not_picked":["PathToVictory"],"picked":"WreathOfFlame","floor":19.0},{"not_picked":["WreathOfFlame","Weave"],"picked":"SKIP","floor":22.0},{"not_picked":["Vengeance"],"picked":"Fasting2","floor":23.0},{"not_picked":["EmptyFist+1"],"picked":"FlyingSleeves+1","floor":27.0},{"not_picked":["CutThroughFate+1"],"picked":"Consecrate+1","floor":29.0},{"not_picked":["Halt"],"picked":"JustLucky+1","floor":30.0},{"not_picked":["Blasphemy"],"picked":"Establishment","floor":33.0},{"not_picked":["ThirdEye"],"picked":"ForeignInfluence","floor":35.0},{"not_picked":["BowlingBash+1","BattleHymn"],"picked":"SKIP","floor":37.0},{"not_picked":["Discovery"],"picked":"Apotheosis","floor":39.0},{"not_picked":["Magnetism"],"picked":"Metamorphosis","floor":39.0},{"not_picked":["Halt"],"picked":"WaveOfTheHand","floor":40.0},{"not_picked":["Conclude+1"],"picked":"CrushJoints+1","floor":41.0},{"not_picked":["Collect+1"],"picked":"ClearTheMind","floor":42.0},{"not_picked":["Crescendo","CrushJoints+1"],"picked":"SKIP","floor":44.0},{"not_picked":["Weave+1"],"picked":"JustLucky+1","floor":46.0},{"not_picked":["Crescendo+1"],"picked":"JustLucky+1","floor":47.0},{"not_picked":["Ragnarok+1"],"picked":"FlyingSleeves+1","floor":48.0}],"player_experience":2044139,"relics_obtained":[{"floor":7.0,"key":"Bottled Flame"},{"floor":9.0,"key":"CloakClasp"},{"floor":13.0,"key":"Question Card"},{"floor":23.0,"key":"Molten Egg 2"},{"floor":26.0,"key":"Runesmith:Nanobots"},{"floor":29.0,"key":"Gambling Chip"},{"floor":40.0,"key":"White Beast Statue"},{"floor":42.0,"key":"Potion Belt"},{"floor":46.0,"key":"Vajra"}],"event_choices":[{"cards_removed":["Strike_P"],"damage_healed":0.0,"max_hp_gain":0.0,"max_hp_loss":0.0,"gold_gain":0.0,"event_name":"Golden Wing","player_choice":"Card Removal","floor":2.0,"gold_loss":0.0,"damage_taken":7.0},{"damage_healed":0.0,"max_hp_gain":0.0,"max_hp_loss":0.0,"gold_gain":0.0,"event_name":"Scrap Ooze","player_choice":"Success","floor":5.0,"gold_loss":0.0,"damage_taken":11.0,"relics_obtained":["Unceasing Top"]},{"damage_healed":0.0,"max_hp_gain":0.0,"max_hp_loss":6.0,"gold_gain":0.0,"event_name":"Golden Idol","player_choice":"Lose Max HP","floor":10.0,"gold_loss":0.0,"damage_taken":0.0,"relics_obtained":["Golden Idol"]},{"damage_healed":0.0,"max_hp_gain":0.0,"max_hp_loss":0.0,"gold_gain":0.0,"event_name":"Upgrade Shrine","player_choice":"Upgraded","floor":11.0,"gold_loss":0.0,"damage_taken":0.0,"cards_upgraded":["Wish"]},{"damage_healed":0.0,"max_hp_gain":0.0,"max_hp_loss":0.0,"gold_gain":0.0,"event_name":"Addict","player_choice":"Stole Relic","floor":20.0,"gold_loss":0.0,"damage_taken":0.0,"relics_obtained":["Regal Pillow"],"cards_obtained":["Shame"]},{"cards_removed":["Strike_P"],"damage_healed":0.0,"max_hp_gain":0.0,"max_hp_loss":0.0,"gold_gain":0.0,"event_name":"Beggar","player_choice":"Gave Gold","floor":25.0,"gold_loss":75.0,"damage_taken":0.0},{"damage_healed":0.0,"max_hp_gain":0.0,"max_hp_loss":0.0,"gold_gain":0.0,"event_name":"The Mausoleum","player_choice":"Opened","floor":28.0,"gold_loss":0.0,"damage_taken":0.0,"relics_obtained":["Omamori"],"cards_obtained":["Writhe"]},{"damage_healed":0.0,"max_hp_gain":0.0,"max_hp_loss":0.0,"gold_gain":0.0,"event_name":"Tomb of Lord Red Mask","player_choice":"Ignored","floor":36.0,"gold_loss":0.0,"damage_taken":0.0},{"damage_healed":0.0,"max_hp_gain":0.0,"max_hp_loss":0.0,"gold_gain":0.0,"event_name":"SensoryStone","player_choice":"Memory 3","floor":39.0,"gold_loss":0.0,"damage_taken":10.0}],"is_beta":false,"boss_relics":[{"not_picked":["Tiny House","Calling Bell"],"picked":"Busted Crown"},{"not_picked":["SlaversCollar","Coffee Dripper"],"picked":"Fusion Hammer"}],"items_purged_floors":[21,31],"is_endless":false,"potions_floor_spawned":[3,14,16,18,19,29,40,41,42,44,46,47,48],"killed_by":"Awakened One","ascension_level":20}}