{"host":"e7sl0pd4xxdbbdh2","time":1614131742,"event":{"mods":["AchievementEnabler","BaseMod","Colored Map","Colored Powertips","Minty Spire (QoL Compilation)","StSLib"],"gold_per_floor":[169,187,199,212,82,82,140,140,167,204,204,245,270,294,294,376,376,400,400,414,423,447,447,447,447],"floor_reached":24,"language":"SPA","playtime":1551,"items_purged":["Strike_G"],"score":416,"play_id":"103786cd-05b4-41af-b358-11bc28a738b8","local_time":"20210223225542","is_ascension_mode":true,"campfire_choices":[{"data":"Terror","floor":6.0,"key":"SMITH"},{"data":"Neutralize","floor":11.0,"key":"SMITH"},{"data":"Noxious Fumes","floor":15.0,"key":"SMITH"},{"data":"Catalyst","floor":23.0,"key":"SMITH"}],"circlet_count":0,"master_deck":["AscendersBane","Strike_G","Strike_G","Strike_G","Strike_G","Defend_G","Defend_G+1","Defend_G","Defend_G","Defend_G","Survivor","Neutralize+1","Flying Knee","Terror+1","Bouncing Flask","Eviscerate","Blade Dance","Well Laid Plans+1","Adrenaline","PiercingWail","Noxious Fumes+1","After Image","Tactician+1","Dash","Catalyst+1"],"relics":["Tiny House","Pen Nib","CeramicFish","Anchor","Bird Faced Urn","Snecko Eye"],"acts_visited":["Exordium","TheCity"],"potions_floor_usage":[24,24],"damage_taken":[{"damage":7.0,"enemies":"Jaw Worm","floor":1.0,"turns":4.0},{"damage":0.0,"enemies":"2 Louse","floor":2.0,"turns":2.0},{"damage":0.0,"enemies":"Cultist","floor":3.0,"turns":3.0},{"damage":0.0,"enemies":"Looter","floor":4.0,"turns":2.0},{"damage":20.0,"enemies":"Lagavulin Event","floor":7.0,"turns":5.0},{"damage":19.0,"enemies":"3 Sentries","floor":10.0,"turns":7.0},{"damage":6.0,"enemies":"Gremlin Nob","floor":12.0,"turns":3.0},{"damage":9.0,"enemies":"Lots of Slimes","floor":13.0,"turns":4.0},{"damage":4.0,"enemies":"Blue Slaver","floor":14.0,"turns":4.0},{"damage":14.0,"enemies":"Hexaghost","floor":16.0,"turns":9.0},{"damage":9.0,"enemies":"Chosen","floor":18.0,"turns":5.0},{"damage":6.0,"enemies":"2 Thieves","floor":20.0,"turns":4.0},{"damage":3.0,"enemies":"Snake Plant","floor":22.0,"turns":4.0},{"damage":66,"enemies":"Gremlin Leader","floor":24,"turns":5}],"seed_played":"1420695703073479090","potions_obtained":[{"floor":0.0,"key":"DuplicationPotion"},{"floor":2.0,"key":"DistilledChaos"},{"floor":3.0,"key":"Block Potion"},{"floor":10.0,"key":"LiquidBronze"},{"floor":12.0,"key":"CultistPotion"},{"floor":18.0,"key":"Weak Potion"}],"is_trial":false,"path_per_floor":["M","M","M","M","$","R","?","?","T","E","R","E","M","M","R","B",null,"M","?","M","?","M","R","E"],"character_chosen":"THE_SILENT","items_purchased":["SteroidPotion"],"campfire_rested":0,"item_purchase_floors":[5],"current_hp_per_floor":[57,57,57,57,57,57,37,71,71,52,52,46,37,35,35,25,60,55,55,51,51,54,54,0,0],"gold":447,"neow_bonus":"BOSS_RELIC","is_daily":false,"chose_seed":false,"campfire_upgraded":4,"win_rate":0.0,"timestamp":1614131742,"path_taken":["M","M","M","M","$","R","?","?","T","E","R","E","M","?","R","BOSS","M","?","?","?","M","R","E"],"items_purchased_type":["Potion"],"build_version":"2020-12-22","purchased_purges":1,"victory":false,"max_hp_per_floor":[71,71,71,71,71,71,71,71,71,71,71,71,71,71,71,71,71,71,71,71,71,71,71,71,71],"card_choices":[{"not_picked":["Underhanded Strike","Terror"],"picked":"Flying Knee","floor":0.0},{"not_picked":["Well Laid Plans","Backflip"],"picked":"Terror","floor":1.0},{"not_picked":["Underhanded Strike","Backstab"],"picked":"Bouncing Flask","floor":2.0},{"not_picked":["Concentrate","Outmaneuver"],"picked":"Masterful Stab","floor":3.0},{"not_picked":["Burst","Riddle With Holes"],"picked":"Eviscerate","floor":4.0},{"not_picked":["Acrobatics","Dagger Spray"],"picked":"Blade Dance","floor":7.0},{"not_picked":["Heel Hook","Slice"],"picked":"Well Laid Plans","floor":10.0},{"not_picked":["Concentrate","Dagger Throw"],"picked":"Adrenaline","floor":12.0},{"not_picked":["Choke","Slice"],"picked":"PiercingWail","floor":13.0},{"not_picked":["Blur","Concentrate"],"picked":"Noxious Fumes","floor":14.0},{"not_picked":["Glass Knife","Venomology"],"picked":"After Image","floor":16.0},{"not_picked":["Concentrate","Blade Dance"],"picked":"Tactician+1","floor":18.0},{"not_picked":["Prepared","Underhanded Strike","Sucker Punch"],"picked":"SKIP","floor":20.0},{"not_picked":["Masterful Stab","Expertise"],"picked":"Catalyst","floor":22.0}],"player_experience":1694423,"relics_obtained":[{"floor":7.0,"key":"Pen Nib"},{"floor":9.0,"key":"CeramicFish"},{"floor":10.0,"key":"Anchor"},{"floor":12.0,"key":"Bird Faced Urn"}],"event_choices":[{"damage_healed":0.0,"max_hp_gain":0.0,"max_hp_loss":0.0,"gold_gain":0.0,"event_name":"Dead Adventurer","player_choice":"Searched \u00271\u0027 times","floor":7.0,"gold_loss":0.0,"damage_taken":0.0},{"cards_removed":["Masterful Stab"],"damage_healed":34.0,"max_hp_gain":0.0,"max_hp_loss":0.0,"gold_gain":0.0,"event_name":"Bonfire Elementals","player_choice":"Offered Uncommon","floor":8.0,"gold_loss":0.0,"damage_taken":0.0},{"damage_healed":0.0,"max_hp_gain":0.0,"max_hp_loss":0.0,"gold_gain":0.0,"event_name":"Upgrade Shrine","player_choice":"Upgraded","floor":19.0,"gold_loss":0.0,"damage_taken":0.0,"cards_upgraded":["Well Laid Plans"]},{"damage_healed":0.0,"max_hp_gain":0.0,"max_hp_loss":0.0,"gold_gain":0.0,"event_name":"The Library","player_choice":"Read","floor":21.0,"gold_loss":0.0,"damage_taken":0.0,"cards_obtained":["Dash"]}],"is_beta":false,"boss_relics":[{"not_picked":["Runic Dome","Cursed Key"],"picked":"Snecko Eye"}],"items_purged_floors":[5],"is_endless":false,"potions_floor_spawned":[2,3,10,12,14,18,20],"killed_by":"Gremlin Leader","ascension_level":20}}