{"host":"fnk117zi8wf5078t","time":1614178919,"event":{"mods":["AchievementEnabler","BaseMod","Colored Map","Minty Spire (QoL Compilation)","Rare Cards Sparkle","SuperFastMode","everything is the same but u backflip on backflip"],"gold_per_floor":[19,19,19,42,56,56,56,56,56,126,151,191,211,234,234,353,353,367,367,387,387,401,401,419,344,344,344,678,396,417,441,441,567,567,580,151,220,233,233,233],"floor_reached":39,"language":"KOR","playtime":1130,"items_purged":["Zap","Defend_B"],"score":935,"play_id":"5a89ac8d-2c2b-4160-bf7c-b211e1484e9b","local_time":"20210225000159","is_ascension_mode":true,"campfire_choices":[{"floor":6.0,"key":"REST"},{"data":"Hyperbeam","floor":8.0,"key":"SMITH"},{"data":"Beam Cell","floor":15.0,"key":"SMITH"},{"floor":23.0,"key":"REST"},{"floor":27.0,"key":"REST"},{"data":"Reprogram","floor":32.0,"key":"SMITH"}],"circlet_count":0,"master_deck":["AscendersBane","Strike_B","Strike_B","Defend_B","Defend_B","Defend_B","Dualcast","Beam Cell+1","Hyperbeam+1","Aggregate","Madness","Turbo","Gash","Self Repair","Biased Cognition","Machine Learning","Steam Power","Genetic Algorithm+1","Reprogram+1","Rebound","Steam","Machine Learning","Gash","Go for the Eyes","Meteor Strike","Beam Cell+1","Violence"],"relics":["Cracked Core","TungstenRod","Golden Idol","Bottled Flame","CaptainsWheel","Pear","Philosopher\u0027s Stone","Peace Pipe","Old Coin","Lee\u0027s Waffle","Nuclear Battery","Membership Card","FossilizedHelix","Emotion Chip"],"acts_visited":["Exordium","TheCity","TheBeyond"],"potions_floor_usage":[],"damage_taken":[{"damage":14.0,"enemies":"Small Slimes","floor":1.0,"turns":3.0},{"damage":0.0,"enemies":"Cultist","floor":4.0,"turns":3.0},{"damage":11.0,"enemies":"Jaw Worm","floor":5.0,"turns":2.0},{"damage":9.0,"enemies":"3 Sentries","floor":10.0,"turns":3.0},{"damage":13.0,"enemies":"Large Slime","floor":11.0,"turns":4.0},{"damage":4.0,"enemies":"Gremlin Nob","floor":12.0,"turns":3.0},{"damage":0.0,"enemies":"2 Fungi Beasts","floor":13.0,"turns":1.0},{"damage":5.0,"enemies":"Looter","floor":14.0,"turns":2.0},{"damage":33.0,"enemies":"The Guardian","floor":16.0,"turns":11.0},{"damage":20.0,"enemies":"3 Byrds","floor":18.0,"turns":4.0},{"damage":0.0,"enemies":"Spheric Guardian","floor":20.0,"turns":1.0},{"damage":29.0,"enemies":"Snecko","floor":22.0,"turns":6.0},{"damage":40.0,"enemies":"Centurion and Healer","floor":24.0,"turns":7.0},{"damage":34.0,"enemies":"Slavers","floor":28.0,"turns":2.0},{"damage":0.0,"enemies":"3 Cultists","floor":30.0,"turns":2.0},{"damage":18.0,"enemies":"Snake Plant","floor":31.0,"turns":2.0},{"damage":56.0,"enemies":"Automaton","floor":33.0,"turns":7.0},{"damage":0.0,"enemies":"Orb Walker","floor":35.0,"turns":1.0},{"damage":45,"enemies":"2 Orb Walkers","floor":37,"turns":5},{"damage":9,"enemies":"3 Shapes","floor":38,"turns":3},{"damage":37,"enemies":"Jaw Worm Horde","floor":39,"turns":2}],"seed_played":"3611389234910060","potions_obtained":[{"floor":4.0,"key":"FearPotion"},{"floor":11.0,"key":"EssenceOfDarkness"},{"floor":12.0,"key":"FocusPotion"},{"floor":16.0,"key":"EntropicBrew"},{"floor":28.0,"key":"CultistPotion"},{"floor":30.0,"key":"DuplicationPotion"},{"floor":37,"key":"SmokeBomb"}],"is_trial":false,"path_per_floor":["M","?","?","M","M","R","?","R","T","?","M","E","M","M","R","B",null,"M","?","M","?","M","R","M","?","T","R","E","$","M","M","R","B",null,"M","$","?","M","M"],"character_chosen":"DEFECT","items_purchased":["Lee\u0027s Waffle","Gash","Membership Card","Violence","FossilizedHelix"],"campfire_rested":3,"item_purchase_floors":[29,29,36,36,36],"current_hp_per_floor":[54,37,37,37,26,48,42,42,42,33,27,33,40,42,42,16,68,55,55,55,55,33,58,25,25,25,50,16,92,92,74,74,25,75,75,75,37,35,0,0],"gold":233,"neow_bonus":"ONE_RARE_RELIC","is_daily":false,"chose_seed":false,"campfire_upgraded":3,"win_rate":0.0,"timestamp":1614178919,"path_taken":["M","?","?","?","M","R","?","R","T","?","M","E","M","M","R","BOSS","M","?","M","?","M","R","M","?","T","R","E","?","M","M","R","BOSS","M","$","?","M","M"],"items_purchased_type":["Relic","Card","Relic","Card","Relic"],"build_version":"2020-12-22","purchased_purges":2,"victory":false,"max_hp_per_floor":[75,75,75,75,75,75,75,75,75,75,75,85,85,85,85,85,85,85,85,85,85,85,85,85,85,85,85,85,92,92,92,92,92,92,92,92,92,92,92,92],"card_choices":[{"not_picked":["Streamline","Redo"],"picked":"Beam Cell","floor":1.0},{"not_picked":["Ball Lightning","Lockon"],"picked":"Gash","floor":4.0},{"not_picked":["Glacier","Redo","Turbo"],"picked":"SKIP","floor":5.0},{"not_picked":["Leap","Conserve Battery"],"picked":"Self Repair","floor":10.0},{"not_picked":["Gash","Hologram"],"picked":"Biased Cognition","floor":11.0},{"not_picked":["Recycle","Compile Driver","Force Field"],"picked":"SKIP","floor":12.0},{"not_picked":["Chaos","Sweeping Beam","Coolheaded"],"picked":"SKIP","floor":13.0},{"not_picked":["Redo","Barrage","Cold Snap"],"picked":"SKIP","floor":14.0},{"not_picked":["Buffer","Thunder Strike"],"picked":"Machine Learning","floor":16.0},{"not_picked":["Glacier","Compile Driver"],"picked":"Steam Power","floor":18.0},{"not_picked":["Hologram","BootSequence"],"picked":"Genetic Algorithm+1","floor":20.0},{"not_picked":["Rebound","Conserve Battery","Redo"],"picked":"SKIP","floor":22.0},{"not_picked":["Conserve Battery","Redo"],"picked":"Rebound","floor":22.0},{"not_picked":["Compile Driver","Turbo"],"picked":"Steam","floor":24.0},{"not_picked":["Gash","Chill"],"picked":"Machine Learning","floor":28.0},{"not_picked":["Sweeping Beam","Streamline","Blizzard"],"picked":"SKIP","floor":30.0},{"not_picked":["Hologram","Cold Snap"],"picked":"Go for the Eyes","floor":31.0},{"not_picked":["Core Surge","Machine Learning"],"picked":"Meteor Strike","floor":33.0},{"not_picked":["Coolheaded+1","Stack"],"picked":"Beam Cell+1","floor":35.0},{"not_picked":["Stack","Turbo","Hologram"],"picked":"SKIP","floor":38}],"player_experience":434077,"relics_obtained":[{"floor":9.0,"key":"Bottled Flame"},{"floor":10.0,"key":"CaptainsWheel"},{"floor":12.0,"key":"Pear"},{"floor":26.0,"key":"Peace Pipe"},{"floor":28.0,"key":"Old Coin"},{"floor":37,"key":"Emotion Chip"}],"event_choices":[{"damage_healed":0.0,"max_hp_gain":0.0,"max_hp_loss":0.0,"gold_gain":0.0,"event_name":"Golden Idol","player_choice":"Take Damage","floor":2.0,"gold_loss":0.0,"damage_taken":18.0,"relics_obtained":["Golden Idol"]},{"damage_healed":0.0,"max_hp_gain":0.0,"max_hp_loss":0.0,"gold_gain":0.0,"event_name":"Match and Keep!","player_choice":"4 cards matched","floor":3.0,"gold_loss":0.0,"damage_taken":0.0,"cards_obtained":["Hyperbeam","Aggregate","Madness","Turbo"]},{"cards_removed":["Strike_B"],"damage_healed":0.0,"max_hp_gain":0.0,"max_hp_loss":0.0,"gold_gain":0.0,"event_name":"Golden Wing","player_choice":"Card Removal","floor":7.0,"gold_loss":0.0,"damage_taken":7.0},{"damage_healed":0.0,"max_hp_gain":0.0,"max_hp_loss":0.0,"gold_gain":0.0,"event_name":"Dead Adventurer","player_choice":"Searched \u00272\u0027 times","floor":10.0,"gold_loss":0.0,"damage_taken":0.0},{"damage_healed":0.0,"max_hp_gain":0.0,"max_hp_loss":0.0,"gold_gain":0.0,"event_name":"Ghosts","player_choice":"Ignored","floor":19.0,"gold_loss":0.0,"damage_taken":0.0},{"damage_healed":0.0,"max_hp_gain":0.0,"max_hp_loss":0.0,"gold_gain":0.0,"event_name":"The Library","player_choice":"Read","floor":21.0,"gold_loss":0.0,"damage_taken":0.0,"cards_obtained":["Reprogram"]},{"cards_removed":["Strike_B"],"damage_healed":0.0,"max_hp_gain":0.0,"max_hp_loss":0.0,"gold_gain":0.0,"event_name":"Beggar","player_choice":"Gave Gold","floor":25.0,"gold_loss":75.0,"damage_taken":0.0},{"damage_healed":0,"gold_gain":0,"player_choice":"Fight","damage_taken":0,"max_hp_gain":0,"max_hp_loss":0,"event_name":"Mysterious Sphere","floor":37,"gold_loss":0}],"is_beta":false,"boss_relics":[{"not_picked":["Runic Pyramid","Cursed Key"],"picked":"Philosopher\u0027s Stone"},{"not_picked":["Pandora\u0027s Box","SacredBark"],"picked":"Nuclear Battery"}],"items_purged_floors":[29,36],"is_endless":false,"potions_floor_spawned":[4,11,12,16,28,30,37],"killed_by":"Jaw Worm Horde","ascension_level":12}}