{"host":"248yztqkronaa9ae","time":1614136275,"event":{"mods":["AchievementEnabler","BaseMod","Minty Spire (QoL Compilation)","StSLib"],"gold_per_floor":[109,124,199,217,142,142,177,177,177,193,193,193,213,233,233,328,328,346,364,378,378,378],"floor_reached":21,"language":"ENG","playtime":1121,"items_purged":[],"score":210,"play_id":"287207a5-075f-4b78-bc9e-3370be142fcf","local_time":"20210223221115","is_ascension_mode":true,"campfire_choices":[{"floor":6,"key":"REST"},{"floor":8,"key":"REST"},{"floor":12,"key":"REST"},{"floor":15,"key":"REST"}],"circlet_count":0,"master_deck":["Strike_G","Strike_G","Strike_G","Strike_G","Strike_G","Defend_G","Defend_G","Defend_G","Defend_G","Survivor","Neutralize","Flying Knee","Underhanded Strike","All Out Attack","Leg Sweep","Riddle With Holes","Storm of Steel","Distraction","Underhanded Strike","Night Terror","Cloak And Dagger","Dagger Throw"],"relics":["Ring of the Snake","NeowsBlessing","Bottled Flame","Ornamental Fan","Black Star"],"acts_visited":["Exordium","TheCity"],"potions_floor_usage":[7,16,16,19,20],"damage_taken":[{"damage":0,"enemies":"Small Slimes","floor":1,"turns":1},{"damage":0,"enemies":"Cultist","floor":2,"turns":1},{"damage":0,"enemies":"2 Louse","floor":4,"turns":1},{"damage":39,"enemies":"Lagavulin","floor":7,"turns":11},{"damage":4,"enemies":"Large Slime","floor":10,"turns":9},{"damage":8,"enemies":"3 Louse","floor":13,"turns":3},{"damage":2,"enemies":"Looter","floor":14,"turns":2},{"damage":39,"enemies":"Hexaghost","floor":16,"turns":16},{"damage":4,"enemies":"3 Byrds","floor":18,"turns":5},{"damage":19,"enemies":"Chosen","floor":19,"turns":8},{"damage":32,"enemies":"3 Cultists","floor":20,"turns":8},{"damage":21,"enemies":"Snecko","floor":21,"turns":3}],"seed_played":"6640208459329901293","potions_obtained":[{"floor":2,"key":"Strength Potion"},{"floor":4,"key":"SpeedPotion"},{"floor":13,"key":"Ancient Potion"},{"floor":14,"key":"LiquidMemories"},{"floor":19,"key":"GamblersBrew"}],"is_trial":false,"path_per_floor":["M","M","?","M","$","R","E","R","T","M","?","R","M","M","R","B",null,"M","M","M","M"],"character_chosen":"THE_SILENT","items_purchased":["Leg Sweep"],"campfire_rested":4,"item_purchase_floors":[5],"current_hp_per_floor":[70,70,59,59,59,70,31,52,52,48,48,69,61,59,70,31,70,66,47,15,0,0],"gold":378,"neow_bonus":"THREE_ENEMY_KILL","is_daily":false,"chose_seed":false,"campfire_upgraded":0,"win_rate":0.0,"timestamp":1614136275,"path_taken":["M","M","?","M","$","R","E","R","T","M","?","R","M","M","R","BOSS","M","?","M","M"],"items_purchased_type":["Card"],"build_version":"2020-12-22","purchased_purges":0,"victory":false,"max_hp_per_floor":[70,70,70,70,70,70,70,70,70,70,70,70,70,70,70,70,70,70,70,70,70,70],"card_choices":[{"not_picked":["Deflect","Eviscerate"],"picked":"Flying Knee","floor":1},{"not_picked":["Slice","Backstab"],"picked":"Underhanded Strike","floor":2},{"not_picked":["Caltrops","Catalyst"],"picked":"All Out Attack","floor":4},{"not_picked":["Deflect","Bane"],"picked":"Riddle With Holes","floor":7},{"not_picked":["Catalyst","Slice"],"picked":"Storm of Steel","floor":10},{"not_picked":["Quick Slash","Choke"],"picked":"Distraction","floor":13},{"not_picked":["Infinite Blades","Bane"],"picked":"Underhanded Strike","floor":14},{"not_picked":["Glass Knife","Tools of the Trade"],"picked":"Night Terror","floor":16},{"not_picked":["Dagger Spray","Prepared"],"picked":"Cloak And Dagger","floor":18},{"not_picked":["Eviscerate","Distraction","Deadly Poison"],"picked":"SKIP","floor":19},{"not_picked":["Backflip+1","Poisoned Stab+1"],"picked":"Dagger Throw","floor":20}],"player_experience":358152,"relics_obtained":[{"floor":7,"key":"Bottled Flame"},{"floor":9,"key":"Ornamental Fan"}],"event_choices":[{"damage_healed":0,"gold_gain":75,"player_choice":"Gather Gold","damage_taken":11,"max_hp_gain":0,"max_hp_loss":0,"event_name":"World of Goop","floor":3,"gold_loss":0},{"cards_removed":["Defend_G"],"damage_healed":0,"gold_gain":0,"player_choice":"Purged","damage_taken":0,"max_hp_gain":0,"max_hp_loss":0,"event_name":"Purifier","floor":11,"gold_loss":0}],"is_beta":false,"boss_relics":[{"not_picked":["Empty Cage","Busted Crown"],"picked":"Black Star"}],"items_purged_floors":[],"is_endless":false,"potions_floor_spawned":[2,4,13,14,19],"killed_by":"Snecko","ascension_level":3}}