{"host":"1eshbq9n813iloto","time":1614173425,"event":{"mods":["AchievementEnabler","BaseMod","Better Third Choice","Hubris","Infinite Spire","Minty Spire (QoL Compilation)","Spire Arcade","StSLib"],"gold_per_floor":[116,41,55,65,76,76,106,119,119,119,119,133,151,164,164,263,263,273,273,308,319,319,319,333,347,347,347,358,358,376,396,396,396,396],"floor_reached":33,"language":"ENG","playtime":2302,"items_purged":["Strike_R"],"score":255,"play_id":"ec8d8dc3-8350-4cd1-a56a-889d66dfc92d","local_time":"20210224083025","is_ascension_mode":false,"campfire_choices":[{"data":"Metallicize","floor":6,"key":"SMITH"},{"data":"Uppercut","floor":11,"key":"SMITH"},{"floor":15,"key":"REST"},{"floor":23,"key":"REST"},{"floor":32,"key":"REST"}],"circlet_count":0,"master_deck":["Strike_R","Strike_R","Strike_R","Defend_R","Defend_R","Defend_R","Defend_R","Bash+1","Headbutt","Metallicize+1","Uppercut+1","Twin Strike","hubris:SharpeningStone","Reaper","Feed","Sword Boomerang","Thunderclap+1","Evolve","Fiend Fire","Cleave","Seeing Red"],"relics":["Burning Blood","Happy Flower","Potion Belt","SacredBark","Red Mask","hubris:Reverence","Ice Cream","hubris:FruitBowl"],"acts_visited":["Exordium","TheCity"],"potions_floor_usage":[3,5,7,7,12,16,18,24,28,31,33,33],"damage_taken":[{"damage":6,"enemies":"Cultist","floor":1,"turns":3},{"damage":6,"enemies":"Jaw Worm","floor":3,"turns":3},{"damage":0,"enemies":"2 Louse","floor":4,"turns":2},{"damage":4,"enemies":"Blue Slaver","floor":5,"turns":3},{"damage":36,"enemies":"Gremlin Nob","floor":7,"turns":5},{"damage":21,"enemies":"Lots of Slimes","floor":8,"turns":5},{"damage":15,"enemies":"Large Slime","floor":12,"turns":4},{"damage":12,"enemies":"Blue Slaver","floor":13,"turns":3},{"damage":8,"enemies":"Exordium Wildlife","floor":14,"turns":4},{"damage":52,"enemies":"Slime Boss","floor":16,"turns":15},{"damage":17,"enemies":"Shell Parasite","floor":18,"turns":5},{"damage":58,"enemies":"Masked Bandits","floor":20,"turns":6},{"damage":4,"enemies":"Chosen","floor":21,"turns":4},{"damage":19,"enemies":"Shelled Parasite and Fungi","floor":24,"turns":4},{"damage":23,"enemies":"Cultist and Chosen","floor":25,"turns":7},{"damage":0,"enemies":"Snake Plant","floor":28,"turns":2},{"damage":9,"enemies":"Centurion and Healer","floor":30,"turns":6},{"damage":13,"enemies":"3 Cultists","floor":31,"turns":4},{"damage":68,"enemies":"Automaton","floor":33,"turns":6}],"seed_played":"1305973078663303947","potions_obtained":[{"floor":3,"key":"EntropicBrew"},{"floor":8,"key":"Dexterity Potion"},{"floor":14,"key":"Fire Potion"},{"floor":16,"key":"Ancient Potion"},{"floor":20,"key":"Fire Potion"},{"floor":21,"key":"Swift Potion"},{"floor":24,"key":"Ancient Potion"},{"floor":30,"key":"DuplicationPotion"},{"floor":31,"key":"Strength Potion"}],"is_trial":false,"path_per_floor":["M","$","M","M","M","R","E","M","T","?","R","M","M","M","R","B",null,"M","?","?","M","T","R","M","M","T","$","M","?","M","M","R","B"],"character_chosen":"IRONCLAD","items_purchased":["hubris:FruitBowl"],"campfire_rested":3,"item_purchase_floors":[27],"current_hp_per_floor":[80,80,80,80,80,80,50,35,35,35,35,26,20,28,52,12,80,72,72,20,25,25,50,40,35,35,16,22,22,33,26,53,0,0],"gold":396,"neow_bonus":"UPGRADE_CARD","is_daily":false,"chose_seed":false,"campfire_upgraded":2,"win_rate":0.0,"timestamp":1614173425,"path_taken":["M","$","M","M","M","R","E","?","T","?","R","?","M","M","R","BOSS","M","?","?","M","?","R","M","M","T","?","M","?","?","M","R","BOSS"],"items_purchased_type":["Relic"],"build_version":"2020-12-13","purchased_purges":1,"victory":false,"max_hp_per_floor":[80,80,80,80,80,80,80,80,80,80,80,80,80,80,80,80,80,83,83,83,86,86,86,89,89,89,89,89,89,93,93,93,93,93],"card_choices":[{"not_picked":["Flex","Warcry"],"picked":"Headbutt","floor":1},{"not_picked":["Clash","Flex","Warcry"],"picked":"SKIP","floor":3},{"not_picked":["Pommel Strike","Anger","Rampage"],"picked":"SKIP","floor":4},{"not_picked":["Anger","Whirlwind"],"picked":"Metallicize","floor":5},{"not_picked":["Twin Strike","Feel No Pain"],"picked":"Uppercut","floor":7},{"not_picked":["Clash","Pommel Strike"],"picked":"Twin Strike","floor":8},{"not_picked":["Warcry","Twin Strike","Anger"],"picked":"SKIP","floor":12},{"not_picked":["Dark Embrace","Hemokinesis"],"picked":"Reaper","floor":13},{"not_picked":["Pommel Strike","hubris:ReadiedAction","Sever Soul"],"picked":"SKIP","floor":14},{"not_picked":["Berserk","Offering"],"picked":"Feed","floor":16},{"not_picked":["hubris:ReadiedAction","Perfected Strike"],"picked":"Sword Boomerang","floor":18},{"not_picked":["hubris:ReadiedAction+1","Anger"],"picked":"Thunderclap+1","floor":20},{"not_picked":["Twin Strike","Clash+1"],"picked":"Evolve","floor":21},{"not_picked":["Blood for Blood","Shrug It Off"],"picked":"Fiend Fire","floor":24},{"not_picked":["Headbutt","Body Slam+1","Pommel Strike+1"],"picked":"SKIP","floor":25},{"not_picked":["Warcry","Burning Pact","hubris:ReadiedAction"],"picked":"SKIP","floor":28},{"not_picked":["Juggernaut","True Grit+1"],"picked":"Cleave","floor":30},{"not_picked":["Cleave+1","Sword Boomerang"],"picked":"Seeing Red","floor":31}],"player_experience":58679,"relics_obtained":[{"floor":7,"key":"Happy Flower"},{"floor":9,"key":"Potion Belt"},{"floor":20,"key":"Red Mask"},{"floor":22,"key":"hubris:Reverence"},{"floor":26,"key":"Ice Cream"}],"event_choices":[{"damage_healed":0,"gold_gain":0,"cards_transformed":["Strike_R"],"player_choice":"Transformed","damage_taken":0,"max_hp_gain":0,"max_hp_loss":0,"event_name":"Transmorgrifier","floor":10,"gold_loss":0,"cards_obtained":["hubris:SharpeningStone"]},{"damage_healed":0,"gold_gain":0,"player_choice":"Ignored","damage_taken":0,"max_hp_gain":0,"max_hp_loss":0,"event_name":"Vampires","floor":19,"gold_loss":0},{"damage_healed":0,"gold_gain":0,"player_choice":"Fought Bandits","damage_taken":0,"max_hp_gain":0,"max_hp_loss":0,"event_name":"Masked Bandits","floor":20,"gold_loss":0},{"damage_healed":0,"gold_gain":0,"player_choice":"Ignored","damage_taken":0,"max_hp_gain":0,"max_hp_loss":0,"event_name":"Cursed Tome","floor":29,"gold_loss":0}],"is_beta":false,"boss_relics":[{"not_picked":["Snecko Eye","hubris:HollowSoul"],"picked":"SacredBark"}],"items_purged_floors":[2],"is_endless":false,"potions_floor_spawned":[3,8,14,16,20,21,24,30,31],"killed_by":"Automaton","ascension_level":0}}