{"host":"rdkn868dy8jmb7gs","time":1614147643,"event":{"mods":["Act Like it!","Arknights","BaseMod","BetterRewards","Colored Map","Colored Powertips","Custom Start","Gensokyo","Hubris","Marisa£®ÏF”Í°°ƒß¿Ì…≥£©","Minty Spire (QoL Compilation)","Reimu£®≤©¿ˆ¡È√Œ£©","Remilia£®¿Ÿ√◊¿Ú—«£©","Replay The Spire","Spicy Shops","StSLib","The Servant 0.9.4","Youmu£®ªÍ∆«—˝√Œ£©","°æ“≈ŒÔø®≈∆°øREMEMod","ÛÙª÷∏ƒœ"],"gold_per_floor":[110,110,1,17,328,328,542,573,627,640,675,675,709,709,709,788,788,803,803,819,79,98,132,132,132,132,152,168,199,199,233,233,305,305,321,231,231,247,264,264,289,289,289,303,335,335,355,381,381,381,381,381,0,31,31],"floor_reached":56,"language":"ZHS","playtime":3202,"items_purged":["ats:Strike V","ats:Strike S","Pain","ats:Armor Crushing Shot"],"score":2793,"play_id":"64cc041d-4b38-4f31-91e6-0f828b420470","local_time":"20210224142043","is_ascension_mode":true,"campfire_choices":[{"data":"Barricade","floor":6.0,"key":"SMITH"},{"floor":15.0,"key":"DIG"},{"data":"ats:Soul Absorption","floor":25.0,"key":"SMITH"},{"data":"ats:Healing Strengthening","floor":30.0,"key":"SMITH"},{"data":"ats:Assault Order","floor":32.0,"key":"SMITH"},{"data":"ats:Shadow Assault","floor":40.0,"key":"SMITH"},{"data":"ats:Durian","floor":42.0,"key":"SMITH"},{"data":"ats:Thorns","floor":42.0,"key":"SMITH"},{"floor":49.0,"key":"RECALL"},{"data":"ats:Emotion Absorption","floor":52.0,"key":"SMITH"},{"data":"ats:Apocalypse","floor":52.0,"key":"SMITH"}],"circlet_count":0,"master_deck":["AscendersBane","ats:Defend+1","ats:Defend","ats:Defend","ats:Defend+1","ats:Emotion Absorption+1","Barricade+1","ats:Directed Diagnosis","ats:Curse Doll","ats:LN2 Cannon","ats:Sword Rain","ats:Composite Medical Shells+1","ats:Apocalypse+1","ats:Healing Drone","Panacea","ats:Hook Shot","ats:Hook Shot","ats:Sashimi Platter","ats:Assault Order+1","ats:Red Shift","ats:Thorns+1","ats:True Silver Slash","AbeCurse","ats:Soul Absorption+1","ats:Healing Strengthening+1","ats:Nebulous Foxfire","ats:Phantom+1","ats:Shadow Assault+1","ats:Part Time Job+1","Gensokyo:CustomPotion","ats:Durian+1","ats:Healing Strengthening+1","ats:Shadow Raid","ats:Defend Order+1"],"relics":["ats:Sanity","REME_ComplimentaryCards","BargainBundle","Bag of Preparation","ReplayTheSpireMod:Ninjato","ClockworkSouvenir","Question Card","hubris:DeckOfHolding","hubris:SphereOfDissonance","ats:Berate","Bottled Flame","War Paint","Gensokyo:LunaticRedEyes","ats:Originium","Mango","Pocketwatch","Orichalcum","ReplayTheSpireMod:Lightbulb","Letter Opener","Abe\u0027s Treasure","Gensokyo:SongOfSouls","Chemical X","Mummified Hand","HandDrill","Replay:Ringing Soul","Gremlin Food","PreservedInsect","Frozen Egg 2","Coffee Dripper","Replay:Arrowhead","Vajra","Omamori","Regal Pillow","ReplayTheSpireMod:CursedCoin","ats:Special","ats:Lavender"],"acts_visited":["Exordium","Gensokyo:Gensokyo","Gensokyo:Gensokyoer","TheEnding"],"potions_floor_usage":[55,55],"damage_taken":[{"damage":0.0,"enemies":"Gensokyo:Python","floor":1.0,"turns":3.0},{"damage":16.0,"enemies":"Gensokyo:2_Kodama","floor":4.0,"turns":13.0},{"damage":10.0,"enemies":"Gensokyo:Gryphon","floor":5.0,"turns":5.0},{"damage":8.0,"enemies":"Gensokyo:VengefulSpirit","floor":7.0,"turns":7.0},{"damage":48.0,"enemies":"Gensokyo:Aya","floor":8.0,"turns":7.0},{"damage":21.0,"enemies":"Gensokyo:3_Kodama","floor":10.0,"turns":19.0},{"damage":11.0,"enemies":"Gensokyo:Mamizou","floor":11.0,"turns":9.0},{"damage":24.0,"enemies":"Gensokyo:Cirno","floor":13.0,"turns":6.0},{"damage":10.0,"enemies":"Gensokyo:Reimu","floor":16.0,"turns":9.0},{"damage":6.0,"enemies":"Gensokyo:AngelMirror","floor":18.0,"turns":5.0},{"damage":8.0,"enemies":"Gensokyo:Chomper","floor":20.0,"turns":3.0},{"damage":26.0,"enemies":"Gensokyo:Swordslinger","floor":22.0,"turns":4.0},{"damage":46.0,"enemies":"Gensokyo:Koishi","floor":23.0,"turns":8.0},{"damage":8.0,"enemies":"Gensokyo:Slime_Group","floor":27.0,"turns":5.0},{"damage":0.0,"enemies":"Gensokyo:3_Gloops","floor":28.0,"turns":3.0},{"damage":0.0,"enemies":"Gensokyo:Reisen","floor":29.0,"turns":4.0},{"damage":13.0,"enemies":"Gensokyo:Koishi","floor":31.0,"turns":4.0},{"damage":2.0,"enemies":"Gensokyo:Eternal_Rivals","floor":33.0,"turns":8.0},{"damage":2.0,"enemies":"Gensokyo:3_Boulders","floor":35.0,"turns":3.0},{"damage":0.0,"enemies":"Gensokyo:3_Bats","floor":38.0,"turns":2.0},{"damage":0.0,"enemies":"Gensokyo:3_Boulders","floor":39.0,"turns":2.0},{"damage":18.0,"enemies":"Gensokyo:Kasen","floor":41.0,"turns":5.0},{"damage":18.0,"enemies":"Gensokyo:4_Bats","floor":44.0,"turns":3.0},{"damage":47.0,"enemies":"Gensokyo:Marisa","floor":45.0,"turns":5.0},{"damage":2.0,"enemies":"Gensokyo:Sharpion","floor":47.0,"turns":5.0},{"damage":14.0,"enemies":"Gensokyo:Doremy","floor":48.0,"turns":4.0},{"damage":5.0,"enemies":"Gensokyo:Scarlet_Devils","floor":50.0,"turns":9.0},{"damage":37.0,"enemies":"Shield and Spear","floor":54.0,"turns":5.0},{"damage":122,"enemies":"The Heart","floor":55,"turns":10}],"seed_played":"-5040043060985735287","potions_obtained":[{"floor":1.0,"key":"Milkshake"},{"floor":7.0,"key":"Energy Potion"},{"floor":8.0,"key":"Death Potion"},{"floor":16.0,"key":"ZuzhouPotion:ReiMu"},{"floor":18.0,"key":"Swift Potion"},{"floor":23.0,"key":"Swift Potion"},{"floor":38.0,"key":"Ancient Potion"},{"floor":47.0,"key":"EssenceOfSteel"},{"floor":48.0,"key":"EssenceOfSteel"}],"is_trial":false,"path_per_floor":["M","?","COS","M","M","R","M","E","T","M","E","T","E","?","R_BF","B",null,"M","?","M","$","M","E","?","R","T","M","M","E","R","E","R","B",null,"M","?","?","M","M","R","E","R","T","M","E","?","M","E","R","B",null,"R","$","E","B",null],"character_chosen":"DOCTOR_CLASS","items_purchased":["BargainBundle","Bag of Preparation","ats:Directed Diagnosis","ats:Curse Doll","ats:LN2 Cannon","ats:Sword Rain","ats:Composite Medical Shells+1","ats:Apocalypse","ats:Healing Drone","ats:Volcano","ReplayTheSpireMod:Ninjato","ClockworkSouvenir","Question Card","Panacea","hubris:DeckOfHolding","hubris:SphereOfDissonance","ats:Berate","Bottled Flame","War Paint","ats:Hook Shot","ats:Healing Strengthening","Chemical X","Mummified Hand","HandDrill","ReplayTheSpireMod:CursedCoin","ats:Shadow Raid","ats:Special"],"campfire_rested":0,"item_purchase_floors":[0,0,0,0,0,0,0,0,0,0,0,0,0,0,0,0,0,0,0,0,21,21,21,21,53,53,53],"current_hp_per_floor":[38,38,38,72,68,68,60,45,45,86,85,85,79,79,79,82,85,86,86,85,85,72,55,55,55,55,74,74,88,88,90,90,95,95,98,101,101,104,104,104,104,104,104,90,103,106,110,110,110,110,110,110,113,99,116],"gold":31,"neow_bonus":"","is_daily":false,"chose_seed":false,"campfire_upgraded":9,"win_rate":0.0,"timestamp":1614147643,"path_taken":["M","?","COS","M","?","R","M","E","T","M","E","?","E","?","R_BF","BOSS","M","?","M","$","M","E","?","R","T","?","M","E","R","E","R","BOSS","BOSS","M","?","?","M","M","R","E","R","T","M","E","?","M","E","R","BOSS","R","$","E","BOSS"],"items_purchased_type":["Relic","Relic","Card","Card","Card","Card","Card","Card","Card","Card","Relic","Relic","Relic","Card","Relic","Relic","Relic","Relic","Relic","Card","Card","Relic","Relic","Relic","Relic","Card","Relic"],"build_version":"2020-12-22","purchased_purges":4,"victory":true,"max_hp_per_floor":[72,72,72,72,72,72,72,86,86,86,86,86,86,86,86,86,86,86,86,86,86,86,86,86,86,86,86,86,89,89,92,92,95,95,98,101,101,104,104,104,104,104,104,104,107,110,110,110,110,110,110,110,113,116,116],"card_choices":[{"not_picked":["ats:Shell Defense","ats:Composite Medical Shells","ats:Sunburst","ats:Absolute Focus"],"picked":"SKIP","floor":1.0},{"not_picked":["ats:Shell Defense","ats:Leaping Hammer","ats:Encircling Forest","ats:Curse Doll"],"picked":"SKIP","floor":4.0},{"not_picked":["ats:Flame Of Heaven","ats:Revitalization","ats:Ignite"],"picked":"ats:Hook Shot","floor":5.0},{"not_picked":["ats:Revitalization","ats:Cat Scratch","ats:Leaping Hammer","ats:Directed Diagnosis"],"picked":"SKIP","floor":7.0},{"not_picked":["ats:Nebulous Foxfire","ats:True Silver Slash","ats:Blood Oath"],"picked":"ats:Sashimi Platter","floor":8.0},{"not_picked":["ats:Flexible Camouflage","ats:Ignite","ats:Blood Oath"],"picked":"ats:Assault Order","floor":10.0},{"not_picked":["ats:Composite Medical Shells","ats:Blood Oath","ats:Spore Proliferation","ats:Cat Scratch"],"picked":"SKIP","floor":11.0},{"not_picked":["ats:Calcification","ats:Flame Of Heaven","ats:Support Order","ats:Flexible Camouflage"],"picked":"SKIP","floor":13.0},{"not_picked":["ats:Shell Defense","ats:Curse Doll","ats:Composite Medical Shells"],"picked":"ats:Red Shift","floor":14.0},{"not_picked":["ats:Defend Order","ats:Powerful Strike","ats:Guardian Obelisk"],"picked":"ats:Thorns","floor":14.0},{"not_picked":["ats:Durian","ats:Dogmatic Field","ats:Roar Of Ursus"],"picked":"ats:True Silver Slash","floor":16.0},{"not_picked":["ats:Absolute Focus","ats:Overload","ats:Curse Doll"],"picked":"ats:Soul Absorption","floor":18.0},{"not_picked":["ats:Sword Rain","ats:Ignite+1","ats:Very Hot Blade","ats:Directed Diagnosis+1"],"picked":"SKIP","floor":20.0},{"not_picked":["ats:Neurotoxin","ats:Apocalypse","ats:Assault Order","ats:Powerful Strike"],"picked":"SKIP","floor":22.0},{"not_picked":["ats:Absolute Focus","ats:Shell Defense","ats:Blood Oath","ats:Leaping Hammer"],"picked":"SKIP","floor":23.0},{"not_picked":["ats:Chain Hook","ats:Directed Diagnosis+1","ats:Spore Proliferation","ats:Hook Shot"],"picked":"SKIP","floor":27.0},{"not_picked":["ats:Sunburst","ats:Guardian Obelisk+1","ats:Guard Mode","ats:Thorns"],"picked":"SKIP","floor":28.0},{"not_picked":["ats:Burning Ground","ats:Powerful Strike","ats:Very Hot Blade"],"picked":"ats:Nebulous Foxfire","floor":29.0},{"not_picked":["ats:Curse Doll","ats:Poison Spread","ats:Hammer On"],"picked":"ats:Phantom+1","floor":31.0},{"not_picked":["ats:Roar Of Ursus+1","ats:Volcano","ats:Nebulous Foxfire"],"picked":"ats:Shadow Assault","floor":33.0},{"not_picked":["ats:Encircling Forest","ats:Assault Order","ats:Curse Doll+1"],"picked":"ats:Part Time Job+1","floor":35.0},{"not_picked":["ats:Thorns+1","ats:Assault Order","ats:Powerful Strike"],"picked":"ats:Durian","floor":38.0},{"not_picked":["ats:Explosion Area Strengthen","ats:Chain Hook","ats:Blood Oath+1","ats:Phantom+1"],"picked":"SKIP","floor":39.0},{"not_picked":["ats:Flexible Camouflage","ats:Powerful Strike","ats:Leaping Hammer","ats:Explosion Area Strengthen"],"picked":"SKIP","floor":41.0},{"not_picked":["ats:Consecutive Shot Auto","ats:Assault Order","ats:Apocalypse","ats:Guardian Obelisk"],"picked":"SKIP","floor":44.0},{"not_picked":["ats:Assault Order","ats:Blood Oath+1","ats:Explosion Area Strengthen"],"picked":"ats:Healing Strengthening+1","floor":45.0},{"not_picked":["ats:Sunburst","ats:Very Hot Blade","ats:Poison Spread","ats:Shadow Assault"],"picked":"SKIP","floor":47.0},{"not_picked":["ats:Spore Proliferation","ats:Soul Absorption","ats:Ignite","ats:Assault Order"],"picked":"SKIP","floor":48.0},{"not_picked":["ats:Collapsing Strike","ats:Absolute Focus","ats:Hammer On"],"picked":"ats:Defend Order+1","floor":54}],"player_experience":518359,"relics_obtained":[{"floor":8.0,"key":"ats:Originium"},{"floor":8.0,"key":"Mango"},{"floor":11.0,"key":"ats:Originium"},{"floor":11.0,"key":"Pocketwatch"},{"floor":12.0,"key":"Orichalcum"},{"floor":13.0,"key":"ats:Originium"},{"floor":13.0,"key":"ReplayTheSpireMod:Lightbulb"},{"floor":15.0,"key":"Letter Opener"},{"floor":23.0,"key":"ats:Originium"},{"floor":23.0,"key":"Replay:Ringing Soul"},{"floor":26.0,"key":"Gremlin Food"},{"floor":29.0,"key":"PreservedInsect"},{"floor":31.0,"key":"Frozen Egg 2"},{"floor":41.0,"key":"Replay:Arrowhead"},{"floor":43.0,"key":"Vajra"},{"floor":45.0,"key":"Omamori"},{"floor":48.0,"key":"Regal Pillow"},{"floor":54,"key":"ats:Lavender"}],"event_choices":[],"is_beta":false,"boss_relics":[{"not_picked":["Replay:Drink Me","Philosopher\u0027s Stone"],"picked":"Abe\u0027s Treasure"},{"not_picked":["Fusion Hammer","ats:Sanity Plus"],"picked":"Coffee Dripper"}],"items_purged_floors":[0,0,21,53],"is_endless":false,"potions_floor_spawned":[1,7,8,16,18,22,23,38,47,48],"ascension_level":19}}