{"host":"7tncuco8wmu6m2y5","time":1614207587,"event":{"mods":["AchievementEnabler","BaseMod","Better Note","Card Forge","Colored Map","Colored Powertips","Downfall","Minty Spire (QoL Compilation)","Permanent Neow","Quick Restart","Rare Cards Sparkle","Remove Card Discount Mod","Replay The Spire","Spire Birthday Party","StSLib","SuperFastMode","The IronCluck","everything is the same but u backflip on backflip"],"gold_per_floor":[118,167,167,187,198,233,233,267,267,297,308,337,350,362,362,462,462,473,483,243,253,253,282,296,622,672,705,725,92,92,7,7,108,108,128,177,194,194,194,219,239,272,340,357,371,389,418,434,434,434,434,434,115,141,141],"floor_reached":56,"language":"ENG","playtime":2690,"items_purged":[],"score":1948,"play_id":"3564eb5b-ff29-4550-ad60-57030b124089","local_time":"20210224225947","is_ascension_mode":true,"campfire_choices":[{"floor":15,"key":"RECALL"}],"circlet_count":0,"master_deck":["Barricade+1","Feed+1","Seeing Red+1","A Thousand Cuts+1","Accuracy+1","Impervious+1","Adrenaline+1","Backstab+1","Burst+1","Cloak And Dagger+1","Bouncing Flask+1","Blade Dance+1","Catalyst+1","Caltrops+1","Dash+1","Distraction+1","Envenom+1","Footwork+1","Hidden Blade+1","Leg Sweep+1","Infinite Blades+1","Noxious Fumes+1","Toxin Wave+1","Amplify+1","Wraith Form v2+1","Buffer+1","Genetic Algorithm+1","Self Repair+1","Seek+1","Bandage Up+1","Dramatic Entrance+1","Discovery+1","Finesse+1","Insight+1","Master of Strategy+1","ReplayTheSpireMod:Private Reserves+1","ThroughViolence+1","Impervious+1","Adrenaline+1","Accuracy+1","A Thousand Cuts+1","Footwork+1","Genetic Algorithm+1","Self Repair+1","Seek+1","Bandage Up+1","Finesse+1","ReplayTheSpireMod:Private Reserves+1","ThroughViolence+1","Bouncing Flask+1","Adrenaline+1","Outmaneuver"],"relics":["Ring of the Snake","Hammer of Thor","Seething Fire","Anvil of the Gods","Omamori","Bottled Flame","The Courier","downfall:ExtraCursedBell","Akabeko","Mirror","Basket Of Snakes","Chameleon Ring","Counterbalance","Du-Vu Doll","Fusion Hammer","Mango","Oddly Smooth Stone","Old Coin","Replay:Wax Seal","Kunai","Matryoshka","Nunchaku","Replay:WaspNest","OrangePellets","Calipers","Honey Jar","Replay:Kaleidoscope","Ninja Scroll","Shuriken","Pen Nib","InkBottle","Centennial Puzzle","Ring of Panic","Ring of Fury","ReplayTheSpireMod:Shallot","DollysMirror","Snack Pack"],"acts_visited":["Exordium","TheCity","TheBeyond","TheEnding"],"potions_floor_usage":[21,33,47,55,55,55,55,55,55],"damage_taken":[{"damage":0,"enemies":"Jaw Worm","floor":1,"turns":1},{"damage":0,"enemies":"Small Slimes","floor":4,"turns":1},{"damage":0,"enemies":"2 Louse","floor":5,"turns":1},{"damage":0,"enemies":"Replay:BlueRogue","floor":6,"turns":1},{"damage":0,"enemies":"3 Sentries","floor":8,"turns":3},{"damage":7,"enemies":"Replay:BlueRogue","floor":10,"turns":2},{"damage":0,"enemies":"Lots of Slimes","floor":11,"turns":1},{"damage":0,"enemies":"Lagavulin","floor":12,"turns":4},{"damage":0,"enemies":"Gremlin Gang","floor":13,"turns":1},{"damage":0,"enemies":"Blue Slaver","floor":14,"turns":1},{"damage":0,"enemies":"Slime Boss","floor":16,"turns":1},{"damage":0,"enemies":"Spheric Guardian","floor":18,"turns":1},{"damage":0,"enemies":"2 Thieves","floor":19,"turns":1},{"damage":0,"enemies":"Shelled Parasite and Fungi","floor":21,"turns":1},{"damage":21,"enemies":"Slavers","floor":23,"turns":2},{"damage":0,"enemies":"Snake Plant","floor":24,"turns":2},{"damage":0,"enemies":"Gremlin Leader","floor":25,"turns":2},{"damage":27,"enemies":"Slavers","floor":27,"turns":2},{"damage":0,"enemies":"Sentry and Sphere","floor":28,"turns":2},{"damage":12,"enemies":"Pondfish","floor":33,"turns":4},{"damage":0,"enemies":"3 Darklings","floor":35,"turns":2},{"damage":0,"enemies":"2 Orb Walkers","floor":36,"turns":2},{"damage":4,"enemies":"3 Shapes","floor":37,"turns":1},{"damage":0,"enemies":"R_Hoarder","floor":40,"turns":3},{"damage":0,"enemies":"Writhing Mass","floor":41,"turns":2},{"damage":0,"enemies":"Nemesis","floor":42,"turns":3},{"damage":0,"enemies":"Transient","floor":44,"turns":5},{"damage":4,"enemies":"Sphere and 2 Shapes","floor":45,"turns":2},{"damage":0,"enemies":"Jaw Worm Horde","floor":46,"turns":1},{"damage":0,"enemies":"R_Hoarder","floor":47,"turns":3},{"damage":0,"enemies":"3 Darklings","floor":48,"turns":1},{"damage":18,"enemies":"Donu and Deca","floor":50,"turns":5},{"damage":9,"enemies":"Shield and Spear","floor":54,"turns":2},{"damage":6,"enemies":"The Heart","floor":55,"turns":2}],"seed_played":"-1746101700144018622","potions_obtained":[{"floor":1,"key":"SpeedPotion"},{"floor":10,"key":"GhostInAJar"},{"floor":14,"key":"Weak Potion"},{"floor":16,"key":"Fire Potion"},{"floor":19,"key":"DuplicationPotion"},{"floor":21,"key":"hexamod:SoulburnPotion"},{"floor":23,"key":"Reflective Coating"},{"floor":32,"key":"CultistPotion"},{"floor":33,"key":"SkillPotion"},{"floor":41,"key":"Energy Potion"},{"floor":44,"key":"SkillPotion"},{"floor":45,"key":"Regen Potion"},{"floor":46,"key":"EntropicBrew"},{"floor":47,"key":"LifebloodPotion"},{"floor":52,"key":"Slimebound:ThreeZeroPotion"},{"floor":52,"key":"EntropicBrew"}],"is_trial":false,"path_per_floor":["M","?","?","M","M","E","?","E","T","E","M","E","M","M","R","B",null,"M","M","$","M","?","E","M","E","T","E","M","$","R","?","R","B",null,"M","?","M","?","?","E","M","E","T","M","M","M","E","M","R_BF","B",null,"R","$","E","B",null],"character_chosen":"THE_SILENT","items_purchased":["Mango","Matryoshka","Nunchaku","Replay:WaspNest","OrangePellets","ReplayTheSpireMod:Shallot","DollysMirror"],"campfire_rested":0,"item_purchase_floors":[20,29,29,29,29,53,53],"current_hp_per_floor":[74,56,56,56,56,56,61,79,79,72,72,79,79,79,79,79,79,79,79,93,93,93,76,86,97,97,96,97,97,97,97,97,91,97,97,101,101,101,101,101,101,101,101,101,101,101,105,105,105,109,109,109,109,109,109],"gold":141,"neow_bonus":"RANDOM_EVENT","is_daily":false,"chose_seed":false,"campfire_upgraded":0,"win_rate":0.0,"timestamp":1614207587,"path_taken":["M","?","?","?","?","E","?","E","T","E","M","E","M","M","R","BOSS","M","M","$","M","?","E","M","E","T","E","M","$","R","?","R","BOSS","M","?","M","?","?","E","M","E","T","M","?","M","E","M","R_BF","BOSS","R","$","E","BOSS"],"items_purchased_type":["Relic","Relic","Relic","Relic","Relic","Relic","Relic"],"build_version":"2020-12-22","purchased_purges":0,"victory":true,"max_hp_per_floor":[74,74,74,74,74,74,79,79,79,79,79,79,79,79,79,79,79,79,79,93,93,93,97,97,97,97,97,97,97,97,97,97,97,97,97,101,101,101,101,101,101,101,101,101,101,101,105,105,105,109,109,109,109,109,109],"card_choices":[{"not_picked":["Concentrate","ReplayTheSpireMod:Tripwire","Backflip"],"picked":"SKIP","floor":1},{"not_picked":["Escape Plan","Sucker Punch","Dagger Throw"],"picked":"SKIP","floor":4},{"not_picked":["All Out Attack","Underhanded Strike","Dash"],"picked":"SKIP","floor":5},{"not_picked":["Flying Knee","Predator","Backflip"],"picked":"SKIP","floor":6},{"not_picked":["Quick Slash","Backflip","Flying Knee"],"picked":"SKIP","floor":8},{"not_picked":["ReplayTheSpireMod:Speed Training","Draining Mist","Bane"],"picked":"SKIP","floor":10},{"not_picked":["Blade Dance","Slice","Reflex"],"picked":"SKIP","floor":11},{"not_picked":["Replay:Poison Smokescreen","ReplayTheSpireMod:Scrap Shanks","Backflip"],"picked":"SKIP","floor":12},{"not_picked":["Infinite Blades","Dagger Throw","ReplayTheSpireMod:Scrap Shanks"],"picked":"SKIP","floor":13},{"not_picked":["Wraith Form v2","Slice","Endless Agony"],"picked":"SKIP","floor":14},{"not_picked":["Dagger Throw","Prepared","Backflip"],"picked":"SKIP","floor":18},{"not_picked":["ReplayTheSpireMod:Shiv Toss","Concentrate","Endless Agony"],"picked":"SKIP","floor":19},{"not_picked":["Backflip","Blade Dance+1","Terror"],"picked":"SKIP","floor":21},{"not_picked":["Caltrops","Hidden Blade","Outmaneuver"],"picked":"SKIP","floor":23},{"not_picked":["Noxious Fumes","Quick Slash","Backstab"],"picked":"SKIP","floor":24},{"not_picked":["Noxious Fumes","All Out Attack","Backstab"],"picked":"SKIP","floor":25},{"not_picked":["Dodge and Roll+1","Expertise","Replay:Bag of Tricks"],"picked":"SKIP","floor":27},{"not_picked":["Expertise","Blur","Bane"],"picked":"SKIP","floor":28},{"not_picked":["Deadly Poison+1","Bane+1","Masterful Stab+1"],"picked":"Escape Plan+1","floor":35},{"not_picked":["Dodge and Roll","Cloak And Dagger","Heel Hook"],"picked":"Catalyst+1","floor":36},{"not_picked":["Hidden Blade","PiercingWail+1","Sucker Punch+1"],"picked":"Cloak And Dagger+1","floor":37},{"not_picked":["Purity","Panacea","Good Instincts"],"picked":"Poisoned Strike","floor":38},{"not_picked":["Choke","Dagger Throw","Dagger Spray+1"],"picked":"Escape Plan+1","floor":40},{"not_picked":["Sneak Up+1","Sucker Punch","Reflex"],"picked":"Slice+1","floor":41},{"not_picked":["Outmaneuver","ReplayTheSpireMod:Exploit Weakness+1","Dagger Spray+1"],"picked":"Cloak And Dagger+1","floor":42},{"not_picked":["Caltrops","PiercingWail","ReplayTheSpireMod:The Works"],"picked":"Hidden Blade","floor":44},{"not_picked":["Quick Slash","Underhanded Strike+1","Dagger Spray"],"picked":"PiercingWail","floor":45},{"not_picked":["Quick Slash+1","Eviscerate+1","Acrobatics+1"],"picked":"Dodge and Roll","floor":46},{"not_picked":["Flechettes","Draining Mist","ReplayTheSpireMod:From All Sides"],"picked":"Hidden Blade+1","floor":47},{"not_picked":["ReplayTheSpireMod:Scrap Shanks+1","Blur","Dagger Throw"],"picked":"Prepared","floor":48},{"not_picked":["Prepared","Corpse Explosion","Underhanded Strike"],"picked":"Outmaneuver","floor":54}],"player_experience":318031,"relics_obtained":[{"floor":2,"key":"Bottled Flame"},{"floor":6,"key":"The Courier"},{"floor":7,"key":"Akabeko"},{"floor":7,"key":"Mirror"},{"floor":7,"key":"Basket Of Snakes"},{"floor":8,"key":"Chameleon Ring"},{"floor":10,"key":"Counterbalance"},{"floor":12,"key":"Du-Vu Doll"},{"floor":23,"key":"Oddly Smooth Stone"},{"floor":25,"key":"Old Coin"},{"floor":26,"key":"Replay:Wax Seal"},{"floor":27,"key":"Kunai"},{"floor":36,"key":"Replay:Kaleidoscope"},{"floor":40,"key":"Ninja Scroll"},{"floor":42,"key":"Shuriken"},{"floor":43,"key":"Pen Nib"},{"floor":43,"key":"InkBottle"},{"floor":47,"key":"Centennial Puzzle"},{"floor":49,"key":"Ring of Panic"},{"floor":49,"key":"Ring of Fury"},{"floor":54,"key":"Snack Pack"}],"event_choices":[{"damage_healed":0,"gold_gain":0,"player_choice":"Box","damage_taken":0,"relics_obtained":["Omamori"],"max_hp_gain":0,"max_hp_loss":0,"event_name":"Big Fish","floor":0,"gold_loss":0,"cards_obtained":["Regret"]},{"damage_healed":0,"gold_gain":0,"player_choice":"Ignored","damage_taken":0,"max_hp_gain":0,"max_hp_loss":0,"event_name":"Purifier","floor":3,"gold_loss":0},{"damage_healed":0,"gold_gain":0,"player_choice":"Read","damage_taken":0,"max_hp_gain":0,"max_hp_loss":0,"event_name":"The Library","floor":22,"gold_loss":0,"cards_obtained":["Bouncing Flask"]},{"damage_healed":0,"gold_gain":0,"player_choice":"Obtained Relic","damage_taken":0,"relics_obtained":["Calipers"],"max_hp_gain":0,"max_hp_loss":0,"event_name":"Addict","floor":31,"gold_loss":85},{"damage_healed":0,"gold_gain":0,"player_choice":"Fight","damage_taken":0,"max_hp_gain":0,"max_hp_loss":0,"event_name":"Mysterious Sphere","floor":36,"gold_loss":0},{"damage_healed":0,"gold_gain":0,"player_choice":"Memory 1","damage_taken":0,"max_hp_gain":0,"max_hp_loss":0,"event_name":"SensoryStone","floor":38,"gold_loss":0},{"damage_healed":0,"gold_gain":0,"player_choice":"Ignored","damage_taken":0,"max_hp_gain":0,"max_hp_loss":0,"event_name":"Transmorgrifier","floor":39,"gold_loss":0}],"is_beta":false,"boss_relics":[{"not_picked":["bronze:MakeshiftBattery","Sozu"],"picked":"Fusion Hammer"},{"not_picked":["Snecko Eye","Abe\u0027s Treasure"],"picked":"Honey Jar"}],"items_purged_floors":[],"is_endless":false,"potions_floor_spawned":[1,10,12,14,16,19,21,23,33,41,44,45,46,47],"ascension_level":3}}