{"host":"050ensmz1fh1c58u","time":1614176525,"event":{"mods":["BaseMod","Downfall","Hubris","JesterMod","Minty Spire (QoL Compilation)","READ ME - Guardian Mod","StSLib","The Disciple","The Marked","The Necromancer","The Servant 0.9.4"],"gold_per_floor":[115,39,39,39,53,86,96,130,202,202,31,43,78,95,95,195,195,207,117,136,136,136],"floor_reached":21,"language":"ENG","playtime":1499,"items_purged":["theMarked:Strike"],"score":249,"play_id":"0e6856ef-1d4a-4df2-826d-48ff7eb93d8b","local_time":"20210224152205","is_ascension_mode":false,"campfire_choices":[{"data":"theMarked:SoldierOfQuellstein","floor":10,"key":"SMITH"},{"data":"Forethought","floor":15,"key":"SMITH"}],"circlet_count":0,"master_deck":["theMarked:Strike","theMarked:Strike","theMarked:Strike","theMarked:Defend","theMarked:Defend","theMarked:Defend","theMarked:Defend","theMarked:SoldierOfQuellstein+1","theMarked:Seal","theMarked:MysticalArsenal","theMarked:Seal","theMarked:WardOff","theMarked:TakeCover","Forethought+1","theMarked:Electrify+1","theMarked:EternalStudent"],"relics":["theMarked:ArtifactOfAir","NeowsBlessing","hubris:Towel","Art of War","Bottled Lightning","Matryoshka","Bag of Marbles","theMarked:SpiritSword"],"acts_visited":["Exordium","TheCity"],"potions_floor_usage":[8,8,16],"damage_taken":[{"damage":0,"enemies":"2 Louse","floor":1,"turns":1},{"damage":0,"enemies":"Small Slimes","floor":5,"turns":1},{"damage":0,"enemies":"Lagavulin","floor":6,"turns":3},{"damage":0,"enemies":"Cultist","floor":7,"turns":3},{"damage":0,"enemies":"3 Sentries","floor":8,"turns":12},{"damage":0,"enemies":"Looter","floor":12,"turns":3},{"damage":8,"enemies":"Lagavulin","floor":13,"turns":5},{"damage":0,"enemies":"Exordium Wildlife","floor":14,"turns":4},{"damage":7,"enemies":"The Guardian","floor":16,"turns":8},{"damage":0,"enemies":"Chosen","floor":18,"turns":4},{"damage":24,"enemies":"2 Thieves","floor":20,"turns":4},{"damage":48,"enemies":"Sentry and Sphere","floor":21,"turns":5}],"seed_played":"2016645223315051759","potions_obtained":[{"floor":1,"key":"SpeedPotion"},{"floor":5,"key":"EssenceOfSteel"},{"floor":12,"key":"theMarked:SummonPotion"},{"floor":14,"key":"Strength Potion"}],"is_trial":false,"path_per_floor":["M","$","?","?","M","E","M","E","T","R","$","M","E","M","R","B",null,"M","?","M","M"],"character_chosen":"THE_DEFAULT","items_purchased":["theMarked:MysticalArsenal","Forethought"],"campfire_rested":0,"item_purchase_floors":[2,11],"current_hp_per_floor":[72,72,72,72,72,72,72,72,72,72,72,72,64,64,64,57,72,72,72,48,0,0],"gold":136,"neow_bonus":"THREE_ENEMY_KILL","is_daily":false,"chose_seed":false,"campfire_upgraded":2,"win_rate":0.0,"timestamp":1614176525,"path_taken":["M","$","?","?","M","E","M","E","T","R","$","M","E","M","R","BOSS","M","?","M","?"],"items_purchased_type":["Card","Card"],"build_version":"2020-12-22","purchased_purges":1,"victory":false,"max_hp_per_floor":[72,72,72,72,72,72,72,72,72,72,72,72,72,72,72,72,72,72,72,72,72,72],"card_choices":[{"not_picked":["theMarked:Electrocute","theMarked:ContemptForTheProud"],"picked":"theMarked:Seal","floor":1},{"not_picked":["theMarked:ResourceFulStrike","theMarked:ShockingTouch","theMarked:Seal"],"picked":"SKIP","floor":5},{"not_picked":["theMarked:WardOff","theMarked:BanishingStrike","theMarked:Heritage"],"picked":"SKIP","floor":6},{"not_picked":["theMarked:BanishingStrike","theMarked:Heritage"],"picked":"theMarked:WardOff","floor":6},{"not_picked":["theMarked:ChainLightning","theMarked:Pokerface"],"picked":"theMarked:TakeCover","floor":7},{"not_picked":["theMarked:Overthink","theMarked:Pokerface","theMarked:BanishingStrike"],"picked":"SKIP","floor":8},{"not_picked":["theMarked:ResourceFulStrike","theMarked:TakeCover"],"picked":"theMarked:Electrify","floor":12},{"not_picked":["theMarked:Generate","theMarked:EmpowerWeapon","theMarked:SwordAndMagic"],"picked":"SKIP","floor":13},{"not_picked":["theMarked:StartUp","theMarked:EmpowerWeapon","theMarked:SwordAndMagic"],"picked":"SKIP","floor":14},{"not_picked":["theMarked:DispelDoubt","theMarked:Snap"],"picked":"theMarked:EternalStudent","floor":16},{"not_picked":["theMarked:WastefulAttack+1","theMarked:EmpowerWeapon","theMarked:TwofoldDefense+1"],"picked":"SKIP","floor":18},{"not_picked":["theMarked:ElectricStrings","theMarked:Memento","theMarked:UnarmedFury"],"picked":"SKIP","floor":20}],"player_experience":1413345,"relics_obtained":[{"floor":6,"key":"Art of War"},{"floor":8,"key":"Bottled Lightning"},{"floor":9,"key":"Matryoshka"},{"floor":13,"key":"Bag of Marbles"}],"event_choices":[{"cards_removed":["theMarked:Strike"],"damage_healed":0,"gold_gain":0,"player_choice":"Upgrade and Remove","damage_taken":0,"max_hp_gain":0,"max_hp_loss":0,"event_name":"Designer","floor":19,"gold_loss":90,"cards_upgraded":["theMarked:Electrify"]}],"is_beta":false,"boss_relics":[{"not_picked":["SacredBark","Pandora\u0027s Box"],"picked":"theMarked:SpiritSword"}],"items_purged_floors":[11],"is_endless":false,"potions_floor_spawned":[1,5,12,14],"killed_by":"Sentry and Sphere","ascension_level":0}}