{"host":"iudiqz5bwex5meyb","time":1614181985,"event":{"mods":["AchievementEnabler","BaseMod","Block Reminder","Colored Map","Minty Spire (QoL Compilation)","StSLib","ojb\u0027s Better Paths Mod","ojb\u0027s Info Mod"],"gold_per_floor":[417,429,379,335,345,380,380,150,174,187,38,65,79,106,106,206,206,216,216,230,250,269,303,303,303,374,374,374,393,407,440,440,440,440],"floor_reached":33,"language":"ENG","playtime":1557,"items_purged":["Strike_G"],"score":543,"play_id":"7958a07c-cf81-48c0-ac65-e92fd154936b","local_time":"20210224095305","is_ascension_mode":true,"campfire_choices":[{"data":"Blade Dance","floor":7,"key":"SMITH"},{"data":"Blade Dance","floor":15,"key":"SMITH"},{"floor":25,"key":"RECALL"},{"data":"Burst","floor":27,"key":"SMITH"},{"data":"Blade Dance","floor":32,"key":"SMITH"}],"circlet_count":0,"master_deck":["Defend_G+1","Defend_G+1","Defend_G","Defend_G","Defend_G","Survivor","Neutralize","CurseOfTheBell","Blade Dance+1","Blade Dance+1","Accuracy+1","PiercingWail","Blade Dance+1","Burst+1","Corpse Explosion","Finisher","Bite","Bite","Bite","Bite","Bite","Backflip+1","Leg Sweep","Infinite Blades+1"],"relics":["Calling Bell","Nunchaku","Frozen Egg 2","Old Coin","PreservedInsect","War Paint","Bag of Preparation","Bag of Marbles","Bottled Lightning","Unceasing Top","Sozu","Juzu Bracelet","The Courier","Pantograph"],"acts_visited":["Exordium","TheCity"],"potions_floor_usage":[22,22],"damage_taken":[{"damage":0,"enemies":"Jaw Worm","floor":1,"turns":5},{"damage":11,"enemies":"2 Louse","floor":2,"turns":3},{"damage":0,"enemies":"Small Slimes","floor":5,"turns":3},{"damage":22,"enemies":"Gremlin Nob","floor":6,"turns":4},{"damage":0,"enemies":"Blue Slaver","floor":10,"turns":2},{"damage":2,"enemies":"3 Sentries","floor":12,"turns":4},{"damage":0,"enemies":"Exordium Thugs","floor":13,"turns":3},{"damage":7,"enemies":"Lagavulin","floor":14,"turns":5},{"damage":0,"enemies":"Hexaghost","floor":16,"turns":6},{"damage":0,"enemies":"3 Byrds","floor":18,"turns":2},{"damage":0,"enemies":"Chosen","floor":20,"turns":1},{"damage":4,"enemies":"Centurion and Healer","floor":21,"turns":4},{"damage":13,"enemies":"Snecko","floor":22,"turns":3},{"damage":16,"enemies":"Book of Stabbing","floor":23,"turns":3},{"damage":2,"enemies":"Shelled Parasite and Fungi","floor":29,"turns":3},{"damage":0,"enemies":"Cultist and Chosen","floor":30,"turns":2},{"damage":5,"enemies":"Slavers","floor":31,"turns":4},{"damage":70,"enemies":"Automaton","floor":33,"turns":6}],"seed_played":"439710353847172501","potions_obtained":[{"floor":1,"key":"Weak Potion"},{"floor":5,"key":"ColorlessPotion"},{"floor":6,"key":"ColorlessPotion"},{"floor":14,"key":"Strength Potion"}],"is_trial":false,"path_per_floor":["M","M","?","?","M","E","R","$","T","M","$","E","M","E","R","B",null,"M","?","M","M","M","E","?","R","T","R","?","M","M","E","R","B"],"character_chosen":"THE_SILENT","items_purchased":["War Paint","Bag of Marbles"],"campfire_rested":0,"item_purchase_floors":[8,11],"current_hp_per_floor":[63,52,52,52,52,30,30,30,30,30,30,28,28,21,21,21,58,58,58,58,54,41,25,25,25,25,25,25,31,37,40,40,0,0],"gold":440,"neow_bonus":"BOSS_RELIC","is_daily":false,"chose_seed":false,"campfire_upgraded":4,"win_rate":0.0,"timestamp":1614181985,"path_taken":["M","M","?","?","M","E","R","$","T","M","$","E","M","E","R","BOSS","M","?","M","M","M","E","?","R","T","R","?","M","M","E","R","BOSS"],"items_purchased_type":["Relic","Relic"],"build_version":"2020-12-22","purchased_purges":1,"victory":false,"max_hp_per_floor":[70,70,70,70,70,70,70,70,70,70,70,70,70,70,70,70,70,70,70,70,70,70,70,70,70,70,70,49,49,49,49,49,49,49],"card_choices":[{"not_picked":["Bane","All Out Attack"],"picked":"Blade Dance","floor":1},{"not_picked":["Cloak And Dagger","Bane"],"picked":"Blade Dance","floor":2},{"not_picked":["Catalyst","Dagger Spray"],"picked":"Accuracy+1","floor":5},{"not_picked":["Masterful Stab","Bane"],"picked":"PiercingWail","floor":6},{"not_picked":["Bullet Time","Expertise"],"picked":"Blade Dance","floor":10},{"not_picked":["Deflect","Calculated Gamble","PiercingWail"],"picked":"SKIP","floor":12},{"not_picked":["Poisoned Stab","Calculated Gamble","Heel Hook"],"picked":"SKIP","floor":13},{"not_picked":["Concentrate","Acrobatics"],"picked":"Burst","floor":14},{"not_picked":["Unload","Burst"],"picked":"Corpse Explosion","floor":16},{"not_picked":["Backstab","Slice"],"picked":"Finisher","floor":18},{"not_picked":["Dagger Spray","Reflex","Slice"],"picked":"SKIP","floor":20},{"not_picked":["Setup","Sucker Punch","Dagger Throw"],"picked":"SKIP","floor":21},{"not_picked":["Tactician","Poisoned Stab","Catalyst"],"picked":"SKIP","floor":22},{"not_picked":["Night Terror","Blur","All Out Attack"],"picked":"SKIP","floor":23},{"not_picked":["All Out Attack","Bouncing Flask"],"picked":"Backflip+1","floor":29},{"not_picked":["Poisoned Stab","Crippling Poison"],"picked":"Leg Sweep","floor":30},{"not_picked":["Dash","Predator"],"picked":"Infinite Blades+1","floor":31}],"player_experience":370589,"relics_obtained":[{"floor":0,"key":"Nunchaku"},{"floor":0,"key":"Frozen Egg 2"},{"floor":0,"key":"Old Coin"},{"floor":6,"key":"PreservedInsect"},{"floor":9,"key":"Bag of Preparation"},{"floor":12,"key":"Bottled Lightning"},{"floor":14,"key":"Unceasing Top"},{"floor":23,"key":"Juzu Bracelet"},{"floor":26,"key":"The Courier"},{"floor":31,"key":"Pantograph"}],"event_choices":[{"cards_removed":["Strike_G"],"damage_healed":0,"gold_gain":0,"player_choice":"Card Removal","damage_taken":0,"max_hp_gain":0,"max_hp_loss":0,"event_name":"The Cleric","floor":3,"gold_loss":50},{"damage_healed":0,"gold_gain":0,"player_choice":"Left Gold","damage_taken":0,"max_hp_gain":0,"max_hp_loss":0,"event_name":"World of Goop","floor":4,"gold_loss":44},{"damage_healed":0,"gold_gain":0,"player_choice":"Ignored","damage_taken":0,"max_hp_gain":0,"max_hp_loss":0,"event_name":"The Mausoleum","floor":19,"gold_loss":0},{"cards_removed":["Strike_G"],"damage_healed":0,"gold_gain":0,"player_choice":"Offered Basic","damage_taken":0,"max_hp_gain":0,"max_hp_loss":0,"event_name":"Bonfire Elementals","floor":24,"gold_loss":0},{"damage_healed":0,"gold_gain":0,"player_choice":"Became a vampire","damage_taken":0,"max_hp_gain":0,"max_hp_loss":21,"event_name":"Vampires","floor":28,"gold_loss":0,"cards_obtained":["Bite","Bite","Bite","Bite","Bite"]}],"is_beta":false,"boss_relics":[{"not_picked":["Black Star","Ectoplasm"],"picked":"Sozu"}],"items_purged_floors":[8],"is_endless":false,"potions_floor_spawned":[1,5,6,14,20,22,23],"killed_by":"Automaton","ascension_level":9}}