{"host":"f97mkdti7dx29mjq","time":1614200154,"event":{"mods":["BaseMod","Colored Powertips","Minty Spire (QoL Compilation)","Quick Restart","Rare Cards Sparkle","StSLib"],"gold_per_floor":[114,125,300,318,318,318,344,344,371,396,410,423,423,433,433,530,530,547,495,465,499,499,499],"floor_reached":22,"language":"ENG","playtime":1411,"items_purged":[],"score":205,"play_id":"8cb94caf-5dd0-480b-8cff-bac53790bd55","local_time":"20210224155554","is_ascension_mode":true,"campfire_choices":[{"data":"Inflame","floor":6,"key":"SMITH"},{"data":"Power Through","floor":8,"key":"SMITH"},{"data":"Infernal Blade","floor":13,"key":"SMITH"},{"data":"Dual Wield","floor":15,"key":"SMITH"}],"circlet_count":0,"master_deck":["Bash","Cleave","Inflame+1","Sever Soul","Power Through+1","Reaper","Heavy Blade","Infernal Blade+1","Dual Wield+1","Double Tap","Corruption","Reckless Charge","Clash","Disarm","Disarm","Sentinel","Iron Wave","Bloodletting","Headbutt","Iron Wave","Shrug It Off","Armaments+1"],"relics":["Burning Blood","TungstenRod","Spirit Poop","Smiling Mask","PreservedInsect","Centennial Puzzle","Pandora\u0027s Box","Red Mask"],"acts_visited":["Exordium","TheCity"],"potions_floor_usage":[12,16,16,16],"damage_taken":[{"damage":1,"enemies":"Small Slimes","floor":1,"turns":4},{"damage":9,"enemies":"Jaw Worm","floor":2,"turns":4},{"damage":0,"enemies":"Cultist","floor":4,"turns":4},{"damage":35,"enemies":"3 Sentries","floor":7,"turns":7},{"damage":13,"enemies":"Gremlin Nob","floor":10,"turns":3},{"damage":4,"enemies":"Large Slime","floor":11,"turns":5},{"damage":2,"enemies":"3 Louse","floor":12,"turns":2},{"damage":5,"enemies":"2 Fungi Beasts","floor":14,"turns":2},{"damage":52,"enemies":"The Guardian","floor":16,"turns":12},{"damage":14,"enemies":"Shell Parasite","floor":18,"turns":3},{"damage":19,"enemies":"2 Thieves","floor":20,"turns":5},{"damage":19,"enemies":"Masked Bandits","floor":21,"turns":3},{"damage":23,"enemies":"Cultist and Chosen","floor":22,"turns":5}],"seed_played":"-7936130058863806285","potions_obtained":[{"floor":7,"key":"Fire Potion"},{"floor":10,"key":"Dexterity Potion"},{"floor":11,"key":"DistilledChaos"},{"floor":14,"key":"Weak Potion"},{"floor":20,"key":"EntropicBrew"}],"is_trial":false,"path_per_floor":["M","M","?","M","?","R","E","R","T","E","M","M","R","M","R","B",null,"M","$","M","?","M"],"character_chosen":"IRONCLAD","items_purchased":["Shrug It Off"],"campfire_rested":0,"item_purchase_floors":[19],"current_hp_per_floor":[61,58,58,64,64,64,35,35,35,28,30,44,44,54,54,25,80,72,72,66,65,50,50],"gold":499,"neow_bonus":"ONE_RARE_RELIC","is_daily":false,"chose_seed":false,"campfire_upgraded":4,"win_rate":0.0,"timestamp":1614200154,"path_taken":["M","M","?","M","?","R","E","R","T","E","M","M","R","M","R","BOSS","M","$","M","?","M"],"items_purchased_type":["Card"],"build_version":"2020-12-22","purchased_purges":0,"victory":false,"max_hp_per_floor":[80,80,80,80,80,80,80,80,80,80,80,80,80,80,80,80,80,80,80,80,80,80,80],"card_choices":[{"not_picked":["Perfected Strike","Anger"],"picked":"Cleave","floor":1},{"not_picked":["Flex","Anger"],"picked":"Inflame","floor":2},{"not_picked":["Headbutt","Wild Strike"],"picked":"Sever Soul","floor":4},{"not_picked":["Whirlwind","Twin Strike"],"picked":"Power Through","floor":7},{"not_picked":["Headbutt","Uppercut"],"picked":"Reaper","floor":10},{"not_picked":["Cleave","Headbutt"],"picked":"Heavy Blade","floor":11},{"not_picked":["True Grit","Metallicize"],"picked":"Infernal Blade","floor":12},{"not_picked":["Perfected Strike","Thunderclap"],"picked":"Dual Wield","floor":14},{"not_picked":["Immolate","Impervious"],"picked":"Double Tap","floor":16},{"not_picked":["Headbutt","Ghostly Armor"],"picked":"Iron Wave","floor":18},{"not_picked":["Carnage","Rage+1","Clothesline"],"picked":"SKIP","floor":20},{"not_picked":["Body Slam","Sword Boomerang"],"picked":"Armaments+1","floor":21}],"player_experience":202892,"relics_obtained":[{"floor":7,"key":"Smiling Mask"},{"floor":9,"key":"PreservedInsect"},{"floor":10,"key":"Centennial Puzzle"},{"floor":21,"key":"Red Mask"}],"event_choices":[{"damage_healed":0,"gold_gain":175,"player_choice":"AGREE","damage_taken":0,"max_hp_gain":0,"max_hp_loss":0,"event_name":"Liars Game","floor":3,"gold_loss":0,"cards_obtained":["Doubt"]},{"cards_removed":["Doubt"],"damage_healed":0,"gold_gain":0,"player_choice":"Offered Curse","damage_taken":0,"relics_obtained":["Spirit Poop"],"max_hp_gain":0,"max_hp_loss":0,"event_name":"Bonfire Elementals","floor":5,"gold_loss":0},{"damage_healed":0,"gold_gain":0,"player_choice":"Fought Bandits","damage_taken":0,"max_hp_gain":0,"max_hp_loss":0,"event_name":"Masked Bandits","floor":21,"gold_loss":0}],"is_beta":false,"boss_relics":[{"not_picked":["Runic Pyramid","Fusion Hammer"],"picked":"Pandora\u0027s Box"}],"items_purged_floors":[],"is_endless":false,"potions_floor_spawned":[7,10,11,14,20],"killed_by":"Cultist and Chosen","ascension_level":1}}