{"host":"i29s15dsg0c43zmx","time":1614185416,"event":{"mods":["AchievementEnabler","BaseMod","Colored Map","Minty Spire (QoL Compilation)","StSLib"],"gold_per_floor":[113,113,188,188,199,533,533,547,571,588,600,600,610,624,624,725,725,744,756,756,756,774,774,774,774],"floor_reached":24,"language":"ENG","playtime":829,"items_purged":[],"score":200,"play_id":"9dfdadec-9df5-40c2-bed9-16d12ba10398","local_time":"20210224175016","is_ascension_mode":false,"campfire_choices":[{"data":"Lockon","floor":7,"key":"SMITH"},{"data":"Redo","floor":12,"key":"SMITH"},{"floor":15,"key":"REST"},{"data":"Echo Form","floor":23,"key":"SMITH"}],"circlet_count":0,"master_deck":["Zap","Dualcast","Clumsy","BootSequence","Undo","Lockon+1","Conserve Battery","Cold Snap","Redo+1","Echo Form+1","Redo","FTL","Tempest","Ball Lightning","Turbo+1","Conserve Battery","Fission","Aggregate","Rebound+1"],"relics":["Cracked Core","Tiny Chest","Old Coin","Akabeko","Pandora\u0027s Box","Turnip"],"acts_visited":["Exordium","TheCity"],"potions_floor_usage":[16],"damage_taken":[{"damage":6,"enemies":"Jaw Worm","floor":1,"turns":5},{"damage":3,"enemies":"Small Slimes","floor":5,"turns":2},{"damage":39,"enemies":"Gremlin Nob","floor":6,"turns":5},{"damage":0,"enemies":"2 Louse","floor":8,"turns":3},{"damage":0,"enemies":"Red Slaver","floor":10,"turns":4},{"damage":0,"enemies":"Looter","floor":11,"turns":3},{"damage":1,"enemies":"Large Slime","floor":13,"turns":3},{"damage":1,"enemies":"Red Slaver","floor":14,"turns":3},{"damage":16,"enemies":"The Guardian","floor":16,"turns":11},{"damage":36,"enemies":"3 Byrds","floor":18,"turns":4},{"damage":12,"enemies":"Shell Parasite","floor":19,"turns":4},{"damage":21,"enemies":"Snake Plant","floor":22,"turns":4},{"damage":8,"enemies":"Slavers","floor":24,"turns":1}],"seed_played":"765194734214050027","potions_obtained":[{"floor":1,"key":"SmokeBomb"},{"floor":5,"key":"Fire Potion"},{"floor":11,"key":"EntropicBrew"},{"floor":19,"key":"EntropicBrew"}],"is_trial":false,"path_per_floor":["M","?","?","?","M","E","R","M","T","M","M","R","M","M","R","B",null,"M","M","T","?","M","R","E"],"character_chosen":"DEFECT","items_purchased":[],"campfire_rested":1,"item_purchase_floors":[],"current_hp_per_floor":[69,62,51,51,48,9,9,9,9,9,9,9,8,7,29,13,75,39,27,27,27,6,6,0,0],"gold":774,"neow_bonus":"TRANSFORM_TWO_CARDS","is_daily":false,"chose_seed":false,"campfire_upgraded":3,"win_rate":0.0,"timestamp":1614185416,"path_taken":["M","?","?","?","M","E","R","M","T","M","?","R","M","M","R","BOSS","M","M","?","?","M","R","E"],"items_purchased_type":[],"build_version":"2020-12-22","purchased_purges":0,"victory":false,"max_hp_per_floor":[75,75,75,75,75,75,75,75,75,75,75,75,75,75,75,75,75,75,75,75,75,75,75,75,75],"card_choices":[{"not_picked":["Cold Snap","Undo"],"picked":"Lockon","floor":1},{"not_picked":["Recycle","Steam","Stack"],"picked":"SKIP","floor":5},{"not_picked":["Cold Snap","Darkness"],"picked":"Conserve Battery","floor":6},{"not_picked":["Fusion","Sunder","Coolheaded"],"picked":"SKIP","floor":8},{"not_picked":["Sweeping Beam","Sunder"],"picked":"Cold Snap","floor":10},{"not_picked":["Gash","Ball Lightning"],"picked":"Redo","floor":11},{"not_picked":["Compile Driver","Gash","Leap"],"picked":"SKIP","floor":13},{"not_picked":["Rebound","Skim","Stack"],"picked":"SKIP","floor":14},{"not_picked":["Seek","Multi-Cast"],"picked":"Echo Form","floor":16},{"not_picked":["Scrape+1","Hologram"],"picked":"Turbo+1","floor":18},{"not_picked":["Steam+1","Ball Lightning"],"picked":"Conserve Battery","floor":19},{"not_picked":["Compile Driver","Force Field"],"picked":"Rebound+1","floor":22}],"player_experience":130009,"relics_obtained":[{"floor":6,"key":"Old Coin"},{"floor":9,"key":"Akabeko"},{"floor":20,"key":"Turnip"}],"event_choices":[{"damage_healed":0,"gold_gain":0,"player_choice":"Success","damage_taken":7,"relics_obtained":["Tiny Chest"],"max_hp_gain":0,"max_hp_loss":0,"event_name":"Scrap Ooze","floor":2,"gold_loss":0},{"damage_healed":0,"gold_gain":75,"player_choice":"Gather Gold","damage_taken":11,"max_hp_gain":0,"max_hp_loss":0,"event_name":"World of Goop","floor":3,"gold_loss":0},{"damage_healed":0,"gold_gain":0,"player_choice":"Ignored","damage_taken":0,"max_hp_gain":0,"max_hp_loss":0,"event_name":"Liars Game","floor":4,"gold_loss":0},{"damage_healed":0,"gold_gain":0,"cards_transformed":["Hello World","Hello World"],"player_choice":"Became Test Subject","damage_taken":0,"max_hp_gain":0,"max_hp_loss":0,"event_name":"Drug Dealer","floor":21,"gold_loss":0,"cards_obtained":["Fission","Aggregate"]}],"is_beta":false,"boss_relics":[{"not_picked":["Nuclear Battery","Runic Dome"],"picked":"Pandora\u0027s Box"}],"items_purged_floors":[],"is_endless":false,"potions_floor_spawned":[1,5,11,19],"killed_by":"Slavers","ascension_level":0}}