{"host":"wbs0wzz0alz01mnq","time":1614205582,"event":{"mods":["2.2 Compatiblity","AchievementEnabler","BaseMod","Bestiary","Colored Map","Colored Powertips","Curses Come First","Dark Map","DeckTracker","GifTheSpireLib","Googly Eyes","Highlight Path","Minty Spire (QoL Compilation)","Morshu Shopkeeper - ENHANCED","Permanent Neow","Quick Restart","RNG Fix","Rare Cards Sparkle","Robot Space Explorer","Smile Girya","StSLib","SuperFastMode","UnlockEverythingMod","Waifu the Spire","Weighted Paths"],"gold_per_floor":[111,111,128,142,153,187,187,46,126,126,160,160,160,171,171,171,171],"floor_reached":16,"language":"ENG","playtime":419,"items_purged":[],"score":116,"play_id":"d686af58-31f5-4871-81bd-90e56ac392c1","local_time":"20210224172622","is_ascension_mode":true,"campfire_choices":[{"floor":7,"key":"REST"},{"floor":10,"key":"REST"},{"floor":12,"key":"REST"},{"floor":15,"key":"REST"}],"circlet_count":0,"master_deck":["RobotSpaceExplorer:Strike","RobotSpaceExplorer:Strike","RobotSpaceExplorer:Strike","RobotSpaceExplorer:Strike","RobotSpaceExplorer:Defend","RobotSpaceExplorer:Defend","RobotSpaceExplorer:Defend","RobotSpaceExplorer:Defend","RobotSpaceExplorer:Scan","RobotSpaceExplorer:MiniLasers","RobotSpaceExplorer:StarDust+1","RobotSpaceExplorer:MiniDrones","RobotSpaceExplorer:Explosion","RobotSpaceExplorer:ScrapToss","RobotSpaceExplorer:StarDust","RobotSpaceExplorer:Counterblock","RobotSpaceExplorer:Comet","RobotSpaceExplorer:FreezeRay","RobotSpaceExplorer:Multitool","RobotSpaceExplorer:FreezeRay","RobotSpaceExplorer:Pulsar","RobotSpaceExplorer:StarDust"],"relics":["RobotSpaceExplorer:RoboCore","Dream Catcher","Art of War","Tiny Chest","Shuriken","RobotSpaceExplorer:PlasmaHourglass"],"acts_visited":["Exordium"],"potions_floor_usage":[11,11],"damage_taken":[{"damage":0,"enemies":"Small Slimes","floor":1,"turns":3},{"damage":9,"enemies":"Cultist","floor":3,"turns":4},{"damage":8,"enemies":"Jaw Worm","floor":4,"turns":4},{"damage":9,"enemies":"2 Fungi Beasts","floor":5,"turns":3},{"damage":45,"enemies":"Lagavulin","floor":6,"turns":6},{"damage":14,"enemies":"Gremlin Nob","floor":11,"turns":4},{"damage":15,"enemies":"Exordium Thugs","floor":14,"turns":4},{"damage":40,"enemies":"Slime Boss","floor":16,"turns":7}],"seed_played":"-1142478783402339175","potions_obtained":[{"floor":4,"key":"LiquidMemories"},{"floor":6,"key":"Dexterity Potion"},{"floor":14,"key":"FearPotion"}],"is_trial":false,"path_per_floor":["M","?","M","M","M","E","R","$","T","R","E","R","?","M","R","B"],"character_chosen":"RobotSpaceExplorer","items_purchased":["RobotSpaceExplorer:Comet"],"campfire_rested":4,"item_purchase_floors":[8],"current_hp_per_floor":[75,75,66,58,49,4,26,26,26,48,34,56,56,41,63,23,23],"gold":171,"neow_bonus":"RANDOM_COMMON_RELIC","is_daily":false,"chose_seed":false,"campfire_upgraded":0,"win_rate":0.0,"timestamp":1614205582,"path_taken":["M","?","M","M","M","E","R","$","T","R","E","R","?","?","R","BOSS"],"items_purchased_type":["Card"],"build_version":"2020-12-22","purchased_purges":0,"victory":false,"max_hp_per_floor":[75,75,75,75,75,75,75,75,75,75,75,75,75,75,75,75,75],"card_choices":[{"not_picked":["RobotSpaceExplorer:LuckyStrike","RobotSpaceExplorer:Probe"],"picked":"RobotSpaceExplorer:StarDust","floor":1},{"not_picked":["RobotSpaceExplorer:ShockKick","RobotSpaceExplorer:MetalStrike"],"picked":"RobotSpaceExplorer:MiniDrones","floor":3},{"not_picked":["RobotSpaceExplorer:Probe","RobotSpaceExplorer:Electropulse"],"picked":"RobotSpaceExplorer:Explosion","floor":4},{"not_picked":["RobotSpaceExplorer:ShockKick","RobotSpaceExplorer:SlimeMissile"],"picked":"RobotSpaceExplorer:ScrapToss","floor":5},{"not_picked":["RobotSpaceExplorer:FranticSearch","RobotSpaceExplorer:Electroshield"],"picked":"RobotSpaceExplorer:StarDust","floor":6},{"not_picked":["RobotSpaceExplorer:FranticSearch","RobotSpaceExplorer:ImprovisedAttack"],"picked":"RobotSpaceExplorer:Counterblock","floor":7},{"not_picked":["RobotSpaceExplorer:Electroshield","RobotSpaceExplorer:ShovelStrike"],"picked":"RobotSpaceExplorer:FreezeRay","floor":10},{"not_picked":["RobotSpaceExplorer:Counterblock","RobotSpaceExplorer:FranticSearch"],"picked":"RobotSpaceExplorer:Multitool","floor":11},{"not_picked":["RobotSpaceExplorer:Counterblock","RobotSpaceExplorer:FrostMissile"],"picked":"RobotSpaceExplorer:FreezeRay","floor":12},{"not_picked":["RobotSpaceExplorer:MetalStrike","RobotSpaceExplorer:FrostMissile"],"picked":"RobotSpaceExplorer:Pulsar","floor":14},{"not_picked":["RobotSpaceExplorer:Smokescreen","RobotSpaceExplorer:GearShield"],"picked":"RobotSpaceExplorer:StarDust","floor":15}],"player_experience":67238,"relics_obtained":[{"floor":3,"key":"Art of War"},{"floor":6,"key":"Tiny Chest"},{"floor":9,"key":"Shuriken"},{"floor":11,"key":"RobotSpaceExplorer:PlasmaHourglass"}],"event_choices":[{"damage_healed":0,"gold_gain":0,"player_choice":"1 cards matched","damage_taken":0,"max_hp_gain":0,"max_hp_loss":0,"event_name":"Match and Keep!","floor":2,"gold_loss":0,"cards_obtained":["RobotSpaceExplorer:LuckyFind"]},{"damage_healed":0,"gold_gain":0,"player_choice":"Forge","damage_taken":0,"max_hp_gain":0,"max_hp_loss":0,"event_name":"Accursed Blacksmith","floor":13,"gold_loss":0,"cards_upgraded":["RobotSpaceExplorer:StarDust"]}],"is_beta":false,"boss_relics":[],"items_purged_floors":[],"is_endless":false,"potions_floor_spawned":[4,6,14],"killed_by":"Slime Boss","ascension_level":1}}