{"host":"2ifzph3yvi2kkz1c","time":1614190455,"event":{"mods":["BaseMod","BetterRewards","Colored Map","Conspire","Minty Spire (QoL Compilation)","Permanent Neow","Replay The Spire","StSLib"],"gold_per_floor":[368,368,443,460,228,260,260,274,274,306,306,38,38,54,54,131,131,145,145,179,197,222,222,222],"floor_reached":23,"language":"ENG","playtime":2814,"items_purged":["Decay","Dualcast"],"score":405,"play_id":"f363c942-e043-4990-925a-48cf12a9561e","local_time":"20210224131415","is_ascension_mode":true,"campfire_choices":[{"floor":7,"key":"REST"},{"floor":15,"key":"REST"}],"circlet_count":0,"master_deck":["AscendersBane","conspire:GhostlyStrike","conspire:GhostlyStrike","conspire:GhostlyStrike","conspire:GhostlyStrike","conspire:GhostlyDefend","conspire:GhostlyDefend","conspire:GhostlyDefend","conspire:GhostlyDefend","Zap","Gash","conspire:Rain","Capacitor","Core Surge","Defragment","Undo","Conserve Battery","ReplayTheSpireMod:Dual Polarity"],"relics":["Cracked Core","Orrery","conspire:GiftBox","TungstenRod","Replay:Bottled Steam","DataDisk","Sozu","Prayer Wheel","MutagenicStrength","Red Mask"],"acts_visited":["Exordium","TheCity"],"potions_floor_usage":[10,16,20],"damage_taken":[{"damage":0,"enemies":"conspire:RoseBush","floor":1,"turns":4},{"damage":6,"enemies":"Jaw Worm","floor":4,"turns":4},{"damage":44,"enemies":"Gremlin Nob","floor":6,"turns":5},{"damage":0,"enemies":"2 Louse","floor":8,"turns":3},{"damage":11,"enemies":"Replay:BlueRogue","floor":10,"turns":7},{"damage":10,"enemies":"Looter","floor":14,"turns":3},{"damage":28,"enemies":"Slime Boss","floor":16,"turns":8},{"damage":12,"enemies":"Shell Parasite","floor":18,"turns":8},{"damage":20,"enemies":"Masked Bandits","floor":20,"turns":5},{"damage":2,"enemies":"conspire:FuzzyDice","floor":21,"turns":8},{"damage":25,"enemies":"conspire:Head Lice","floor":23,"turns":6}],"seed_played":"-1068617624144688581","potions_obtained":[{"floor":1,"key":"Elixir"},{"floor":6,"key":"FocusPotion"},{"floor":8,"key":"AttackPotion"},{"floor":16,"key":"ColorlessPotion"}],"is_trial":false,"path_per_floor":["M","?","?","M","$","E","R","M","T","E","?","$","?","M","R","B",null,"M","?","?","M","T","E"],"character_chosen":"DEFECT","items_purchased":["Orrery","DataDisk"],"campfire_rested":2,"item_purchase_floors":[5,12],"current_hp_per_floor":[64,69,58,52,52,8,30,30,30,19,19,19,19,9,31,3,58,46,46,26,24,24,0,0],"gold":222,"neow_bonus":"TWO_FIFTY_GOLD","is_daily":false,"chose_seed":false,"campfire_upgraded":0,"win_rate":0.0,"timestamp":1614190455,"path_taken":["M","?","?","M","$","E","R","?","T","E","?","$","?","M","R","BOSS","M","?","?","M","?","E"],"items_purchased_type":["Relic","Relic"],"build_version":"2020-12-22","purchased_purges":2,"victory":false,"max_hp_per_floor":[71,76,76,76,76,76,76,76,76,76,76,76,76,76,76,76,76,76,76,76,76,76,76,76],"card_choices":[{"not_picked":["Skim","Steam"],"picked":"Gash","floor":1},{"not_picked":["ReplayTheSpireMod:Reroute Power","Streamline"],"picked":"conspire:Rain","floor":4},{"not_picked":["Doom and Gloom","Melter"],"picked":"Capacitor","floor":5},{"not_picked":["Machine Learning","Buffer"],"picked":"Core Surge","floor":6},{"not_picked":["Darkness","conspire:Rain","Melter"],"picked":"SKIP","floor":6},{"not_picked":["Static Discharge","ReplayTheSpireMod:GoodbyeWorld","conspire:SharedLibrary"],"picked":"SKIP","floor":8},{"not_picked":["Static Discharge","ReplayTheSpireMod:GoodbyeWorld","conspire:SharedLibrary"],"picked":"SKIP","floor":8},{"not_picked":["Streamline","BasicCrystalCard"],"picked":"Defragment","floor":10},{"not_picked":["Go for the Eyes","Panic Button"],"picked":"Undo","floor":14},{"not_picked":["Creative AI","Thunder Strike"],"picked":"ReplayTheSpireMod:Fabricate Wheel","floor":16},{"not_picked":["Sweeping Beam","Ball Lightning"],"picked":"Conserve Battery","floor":18},{"not_picked":["Sweeping Beam","Skim","Go for the Eyes"],"picked":"SKIP","floor":18},{"not_picked":["Sunder","Rebound"],"picked":"ReplayTheSpireMod:Dual Polarity","floor":21},{"not_picked":["Go for the Eyes","Beam Cell","Stack"],"picked":"SKIP","floor":21}],"player_experience":375092,"relics_obtained":[{"floor":6,"key":"conspire:GiftBox"},{"floor":9,"key":"TungstenRod"},{"floor":10,"key":"Replay:Bottled Steam"},{"floor":20,"key":"Red Mask"}],"event_choices":[{"damage_healed":0,"gold_gain":0,"player_choice":"Donut","damage_taken":0,"max_hp_gain":5,"max_hp_loss":0,"event_name":"Big Fish","floor":2,"gold_loss":0},{"damage_healed":0,"gold_gain":75,"player_choice":"Gather Gold","damage_taken":11,"max_hp_gain":0,"max_hp_loss":0,"event_name":"World of Goop","floor":3,"gold_loss":0},{"damage_healed":0,"gold_gain":0,"player_choice":"Searched \u00270\u0027 times","damage_taken":0,"max_hp_gain":0,"max_hp_loss":0,"event_name":"Dead Adventurer","floor":11,"gold_loss":0},{"damage_healed":0,"gold_gain":0,"player_choice":"Agree","damage_taken":0,"max_hp_gain":0,"max_hp_loss":0,"event_name":"conspire:LoneGhost","floor":13,"gold_loss":0},{"damage_healed":0,"gold_gain":0,"player_choice":"Inject Mutagens","damage_taken":0,"relics_obtained":["MutagenicStrength"],"max_hp_gain":0,"max_hp_loss":0,"event_name":"Drug Dealer","floor":19,"gold_loss":0},{"damage_healed":0,"gold_gain":0,"player_choice":"Fought Bandits","damage_taken":0,"max_hp_gain":0,"max_hp_loss":0,"event_name":"Masked Bandits","floor":20,"gold_loss":0}],"is_beta":false,"boss_relics":[{"not_picked":["Inserter","Philosopher\u0027s Stone"],"picked":"Sozu"}],"items_purged_floors":[5,12],"is_endless":false,"potions_floor_spawned":[1,6,8,16,18,20],"killed_by":"conspire:Head Lice","ascension_level":16}}