{"host":"qp7xs8nuzfsyommi","time":1614194179,"event":{"mods":["2.2 Compatiblity","BaseMod","Colored Powertips","DeckTracker","Highlight Path","Minty Spire (QoL Compilation)","Permanent Neow","Quick Restart","StSLib","Weighted Paths"],"gold_per_floor":[119,132,147,147,159,184,184,184,207,207,219,235,235,235,235,235,235],"floor_reached":16,"language":"ENG","playtime":501,"items_purged":[],"score":254,"play_id":"2031bd3b-5777-412d-bf43-d348f45aaf5d","local_time":"20210224141619","is_ascension_mode":true,"campfire_choices":[{"data":"Loop","floor":10.0,"key":"SMITH"},{"data":"Hologram","floor":13.0,"key":"SMITH"},{"data":"Conserve Battery","floor":15.0,"key":"SMITH"}],"circlet_count":0,"master_deck":["AscendersBane","Strike_B","Strike_B","Strike_B","Strike_B","Defend_B","Defend_B","Defend_B","Defend_B","Zap","Dualcast","Metamorphosis+1","Hologram+1","Loop+1","Heatsinks","Leap","Conserve Battery+1","Gash","Go for the Eyes","Injury"],"relics":["Cracked Core","PreservedInsect","Golden Idol"],"acts_visited":["Exordium"],"potions_floor_usage":[16,16],"damage_taken":[{"damage":0.0,"enemies":"Small Slimes","floor":1.0,"turns":3.0},{"damage":0.0,"enemies":"Cultist","floor":2.0,"turns":3.0},{"damage":8.0,"enemies":"2 Louse","floor":3.0,"turns":3.0},{"damage":18.0,"enemies":"Looter","floor":5.0,"turns":4.0},{"damage":0.0,"enemies":"Gremlin Nob","floor":6.0,"turns":2.0},{"damage":4.0,"enemies":"Large Slime","floor":11.0,"turns":5.0},{"damage":8.0,"enemies":"Blue Slaver","floor":12.0,"turns":3.0},{"damage":32,"enemies":"Hexaghost","floor":16,"turns":7}],"seed_played":"-8597170114555155674","potions_obtained":[{"floor":1.0,"key":"SteroidPotion"},{"floor":5.0,"key":"SkillPotion"},{"floor":6.0,"key":"SpeedPotion"},{"floor":11.0,"key":"DistilledChaos"}],"is_trial":false,"path_per_floor":["M","M","M","?","M","E","?","?","T","R","M","M","R","?","R","B"],"character_chosen":"DEFECT","items_purchased":[],"campfire_rested":0,"item_purchase_floors":[],"current_hp_per_floor":[64,64,56,56,38,38,43,43,43,43,39,31,31,31,31,0,0],"gold":235,"neow_bonus":"RANDOM_COLORLESS_2","is_daily":false,"chose_seed":false,"campfire_upgraded":3,"win_rate":0.0,"timestamp":1614194179,"path_taken":["M","M","M","?","?","E","?","?","T","R","M","M","R","?","R","BOSS"],"items_purchased_type":[],"build_version":"2020-12-22","purchased_purges":0,"victory":false,"max_hp_per_floor":[64,64,64,64,64,64,69,69,69,69,69,69,69,69,69,69,69],"card_choices":[{"not_picked":["Sadistic Nature","Master of Strategy"],"picked":"Metamorphosis","floor":0.0},{"not_picked":["Sweeping Beam","Static Discharge"],"picked":"Hologram","floor":1.0},{"not_picked":["Heatsinks","Barrage"],"picked":"Loop","floor":2.0},{"not_picked":["Barrage","Ball Lightning"],"picked":"Heatsinks","floor":3.0},{"not_picked":["FTL","Reinforced Body"],"picked":"Leap","floor":5.0},{"not_picked":["Darkness","Ball Lightning"],"picked":"Conserve Battery","floor":6.0},{"not_picked":["Go for the Eyes","Rebound"],"picked":"Gash","floor":11.0},{"not_picked":["Heatsinks","Fusion"],"picked":"Go for the Eyes","floor":12.0}],"player_experience":1507105,"relics_obtained":[{"floor":6.0,"key":"PreservedInsect"}],"event_choices":[{"damage_healed":0.0,"max_hp_gain":0.0,"max_hp_loss":0.0,"gold_gain":0.0,"event_name":"Upgrade Shrine","player_choice":"Upgraded","floor":4.0,"gold_loss":0.0,"damage_taken":0.0,"cards_upgraded":["Metamorphosis"]},{"damage_healed":0.0,"max_hp_gain":5.0,"max_hp_loss":0.0,"gold_gain":0.0,"event_name":"Big Fish","player_choice":"Donut","floor":7.0,"gold_loss":0.0,"damage_taken":0.0},{"damage_healed":0.0,"max_hp_gain":0.0,"max_hp_loss":0.0,"gold_gain":0.0,"event_name":"Scrap Ooze","player_choice":"Fled","floor":8.0,"gold_loss":0.0,"damage_taken":0.0},{"damage_healed":0.0,"max_hp_gain":0.0,"max_hp_loss":0.0,"gold_gain":0.0,"event_name":"Golden Idol","player_choice":"Take Wound","floor":14.0,"gold_loss":0.0,"damage_taken":0.0,"relics_obtained":["Golden Idol"],"cards_obtained":["Injury"]}],"is_beta":false,"boss_relics":[],"items_purged_floors":[],"is_endless":false,"potions_floor_spawned":[1,5,6,11],"killed_by":"Hexaghost","ascension_level":20}}