{"host":"a4s27ghlnr83kbqz","time":1614173093,"event":{"mods":["AchievementEnabler","BaseMod","Colored Map","Minty Spire (QoL Compilation)","Permanent Neow","SuperFastMode"],"gold_per_floor":[216,227,80,94,94,94,120,137,188,199,199,210,224,224,224,297,297,317,336,236,252,252,284,284,284,307,307,322,322,341,358,358,358,358],"floor_reached":33,"language":"KOR","playtime":802,"items_purged":["Strike_G","Bullet Time"],"score":474,"play_id":"5cc6395c-a9bb-4601-8bb2-72bea53c3ef1","local_time":"20210224222453","is_ascension_mode":true,"campfire_choices":[{"data":"Crippling Poison","floor":6,"key":"SMITH"},{"floor":11,"key":"REST"},{"data":"Deadly Poison","floor":15,"key":"SMITH"},{"floor":25,"key":"REST"},{"floor":27,"key":"REST"},{"data":"Envenom","floor":29,"key":"SMITH"},{"floor":32,"key":"REST"}],"circlet_count":0,"master_deck":["AscendersBane","Survivor","Neutralize","Poisoned Stab","Dash+1","Crippling Poison+1","Deadly Poison+1","Dagger Spray+1","Escape Plan","Corpse Explosion","Backflip","Endless Agony","Envenom+1","Eviscerate","Bullet Time","Dagger Throw","Distraction","Crippling Poison","PiercingWail","Predator","Calculated Gamble","Masterful Stab","PiercingWail+1","Leg Sweep"],"relics":["Ring of the Snake","White Beast Statue","Potion Belt","Pandora\u0027s Box","Centennial Puzzle","Boot"],"acts_visited":["Exordium","TheCity"],"potions_floor_usage":[12,13,16,16,19,23,23,23,23,30,31,33,33],"damage_taken":[{"damage":0,"enemies":"Small Slimes","floor":1,"turns":4},{"damage":0,"enemies":"Cultist","floor":2,"turns":4},{"damage":0,"enemies":"Jaw Worm","floor":4,"turns":5},{"damage":17,"enemies":"3 Sentries","floor":7,"turns":7},{"damage":0,"enemies":"Exordium Wildlife","floor":8,"turns":2},{"damage":15,"enemies":"Large Slime","floor":10,"turns":5},{"damage":11,"enemies":"Lots of Slimes","floor":12,"turns":3},{"damage":0,"enemies":"Blue Slaver","floor":13,"turns":3},{"damage":31,"enemies":"Slime Boss","floor":16,"turns":10},{"damage":10,"enemies":"Spheric Guardian","floor":18,"turns":5},{"damage":1,"enemies":"Chosen","floor":19,"turns":4},{"damage":19,"enemies":"Snake Plant","floor":21,"turns":4},{"damage":14,"enemies":"Book of Stabbing","floor":23,"turns":4},{"damage":0,"enemies":"3 Cultists","floor":28,"turns":2},{"damage":2,"enemies":"Snecko","floor":30,"turns":4},{"damage":24,"enemies":"Chosen and Byrds","floor":31,"turns":5},{"damage":57,"enemies":"Champ","floor":33,"turns":10}],"seed_played":"-6440070700602399700","potions_obtained":[{"floor":4,"key":"SmokeBomb"},{"floor":7,"key":"CultistPotion"},{"floor":8,"key":"ColorlessPotion"},{"floor":10,"key":"LiquidMemories"},{"floor":12,"key":"Swift Potion"},{"floor":13,"key":"Poison Potion"},{"floor":16,"key":"EssenceOfSteel"},{"floor":18,"key":"FearPotion"},{"floor":19,"key":"Swift Potion"},{"floor":21,"key":"Strength Potion"},{"floor":23,"key":"PowerPotion"},{"floor":28,"key":"SkillPotion"},{"floor":30,"key":"BlessingOfTheForge"},{"floor":31,"key":"AttackPotion"}],"is_trial":false,"path_per_floor":["M","M","$","M","?","R","E","M","T","M","R","M","M","?","R","B",null,"M","M","$","M","?","E","?","R","T","R","M","R","M","M","R","B"],"character_chosen":"THE_SILENT","items_purchased":["Crippling Poison"],"campfire_rested":4,"item_purchase_floors":[3],"current_hp_per_floor":[59,59,59,59,59,59,42,42,42,27,46,35,35,35,35,4,51,41,40,40,21,21,7,7,26,26,45,45,45,43,19,38,0,0],"gold":358,"neow_bonus":"HUNDRED_GOLD","is_daily":false,"chose_seed":false,"campfire_upgraded":3,"win_rate":0.0,"timestamp":1614173093,"path_taken":["M","M","$","M","?","R","E","M","T","?","R","M","M","?","R","BOSS","M","M","$","M","?","E","?","R","T","R","M","R","M","M","R","BOSS"],"items_purchased_type":["Card"],"build_version":"2020-12-22","purchased_purges":2,"victory":false,"max_hp_per_floor":[66,66,66,66,66,66,66,66,66,66,66,66,66,66,66,66,66,66,66,66,66,66,66,66,66,66,66,66,66,66,66,66,66,66],"card_choices":[{"not_picked":["Backflip","Underhanded Strike"],"picked":"Poisoned Stab","floor":1},{"not_picked":["Footwork","Deadly Poison"],"picked":"Dash","floor":2},{"not_picked":["Backflip","Acrobatics"],"picked":"Deadly Poison","floor":4},{"not_picked":["Dash","Footwork"],"picked":"Dagger Spray","floor":7},{"not_picked":["Quick Slash","Accuracy","Reflex"],"picked":"SKIP","floor":8},{"not_picked":["Concentrate","Poisoned Stab","Slice"],"picked":"SKIP","floor":10},{"not_picked":["Grand Finale","Sucker Punch"],"picked":"Escape Plan","floor":12},{"not_picked":["Slice","Distraction","Quick Slash"],"picked":"SKIP","floor":13},{"not_picked":["Glass Knife","A Thousand Cuts"],"picked":"Corpse Explosion","floor":16},{"not_picked":["Outmaneuver","Dagger Spray"],"picked":"PiercingWail","floor":18},{"not_picked":["Endless Agony","Riddle With Holes"],"picked":"Predator","floor":19},{"not_picked":["Slice","Dagger Throw"],"picked":"Calculated Gamble","floor":21},{"not_picked":["Flying Knee","Predator"],"picked":"Masterful Stab","floor":23},{"not_picked":["Dagger Throw","Corpse Explosion","Sucker Punch"],"picked":"SKIP","floor":28},{"not_picked":["Deadly Poison+1","Eviscerate"],"picked":"PiercingWail+1","floor":30},{"not_picked":["Dagger Spray","Choke"],"picked":"Leg Sweep","floor":31}],"player_experience":1152190,"relics_obtained":[{"floor":7,"key":"White Beast Statue"},{"floor":9,"key":"Potion Belt"},{"floor":23,"key":"Centennial Puzzle"},{"floor":26,"key":"Boot"}],"event_choices":[{"damage_healed":0,"gold_gain":0,"player_choice":"Upgraded","damage_taken":0,"max_hp_gain":0,"max_hp_loss":0,"event_name":"Upgrade Shrine","floor":5,"gold_loss":0,"cards_upgraded":["Dash"]},{"damage_healed":0,"gold_gain":0,"player_choice":"Grow","damage_taken":0,"max_hp_gain":0,"max_hp_loss":0,"event_name":"Living Wall","floor":14,"gold_loss":0,"cards_upgraded":["Dagger Spray"]},{"damage_healed":0,"gold_gain":0,"player_choice":"Ignored","damage_taken":0,"max_hp_gain":0,"max_hp_loss":0,"event_name":"The Mausoleum","floor":22,"gold_loss":0},{"damage_healed":0,"gold_gain":0,"player_choice":"0 cards matched","damage_taken":0,"max_hp_gain":0,"max_hp_loss":0,"event_name":"Match and Keep!","floor":24,"gold_loss":0,"cards_obtained":[]}],"is_beta":false,"boss_relics":[{"not_picked":["Black Star","Runic Pyramid"],"picked":"Pandora\u0027s Box"}],"items_purged_floors":[3,20],"is_endless":false,"potions_floor_spawned":[4,7,8,10,12,13,16,18,19,21,23,28,30,31],"killed_by":"Champ","ascension_level":15}}