{"host":"Vert","time":1614189156,"event":{"mods":["AlwaysNeverKeys","BaseMod","Better Note","Better Third Choice","Colored Powertips","Downfall","Hermit","Marisa????????","Minty Spire (QoL Compilation)","Replay The Spire","StSLib","Td1madao Mod","The Cursed","The Disciple","The Gatherer","The Marked","The Servant 0.9.4","Together in Spire","Transform Curses","everything is the same but u backflip on backflip"],"gold_per_floor":[99,109,284,209,222,222,222,322,272,292,361,374,324,374,386,482,482,510,520,536,12,31,45,45,107,107,107,35,85,96,110,60,80,97,97,97,97],"floor_reached":35,"language":"ENG","playtime":2323,"items_purged":["Doubt","downfall:Bewildered"],"score":330,"play_id":"dbf7ef63-9319-4bdf-9990-1069bb98ed24","local_time":"20210224205236","is_ascension_mode":false,"campfire_choices":[{"data":"Slimebound:CorrosiveSpit","floor":1,"key":"SMITH"},{"floor":9,"key":"REST"},{"floor":13,"key":"REST"},{"data":"Slimebound:MinionMaster","floor":32,"key":"SMITH"}],"circlet_count":0,"master_deck":["Slimebound:Strike_Slimebound","Slimebound:Strike_Slimebound","Slimebound:Strike_Slimebound","Slimebound:Tackle","Slimebound:Defend_Slimebound","Slimebound:Defend_Slimebound","Slimebound:Defend_Slimebound","Slimebound:Defend_Slimebound","Slimebound:Split","Slimebound:CorrosiveSpit+1","Slimebound:LeechEnergy","Slimebound:SplitMire","Slimebound:PressTheAttack","Slimebound:LivingWall","Slimebound:SplitLeeching","Slimebound:Split","Slimebound:MinionMaster+1","Slimebound:Schlurp+1","Slimebound:Schlurp+1","Slimebound:RallyTheTroops","Slimebound:SlimeSpikes","Slimebound:SamplingLick+1","Slimebound:SpikyOuterGoop"],"relics":["Slimebound:AbsorbEndCombatUpgraded","Slimebound:GreedOozeRelic","Centennial Puzzle","downfall:CloakOfManyFaces","CultistMask","FaceOfCleric","NlothsMask","GremlinMask","SsserpentHead","Question Card","ReplayTheSpireMod:CursedCoin","Oddly Smooth Stone"],"acts_visited":["Exordium","TheCity"],"potions_floor_usage":[22,23,25,28,35],"damage_taken":[{"damage":11,"enemies":"Jaw Worm","floor":2,"turns":4},{"damage":3,"enemies":"2 Louse","floor":5,"turns":2},{"damage":29,"enemies":"downfall:FaceTrader","floor":8,"turns":11},{"damage":6,"enemies":"Small Slimes","floor":10,"turns":2},{"damage":30,"enemies":"Exordium Thugs","floor":11,"turns":4},{"damage":10,"enemies":"downfall:LooterAlt","floor":12,"turns":3},{"damage":7,"enemies":"Gremlin Gang","floor":15,"turns":4},{"damage":10,"enemies":"SI_SHIV_ARCHETYPE","floor":16,"turns":8},{"damage":31,"enemies":"downfall:LooterAlt2","floor":19,"turns":5},{"damage":35,"enemies":"Shell Parasite","floor":20,"turns":6},{"damage":10,"enemies":"downfall:FleeingMerchant","floor":21,"turns":4},{"damage":48,"enemies":"3 Cultists","floor":22,"turns":6},{"damage":12,"enemies":"Cultist and Chosen","floor":23,"turns":5},{"damage":13,"enemies":"Shelled Parasite and Fungi","floor":25,"turns":7},{"damage":9,"enemies":"downfall:FleeingMerchant","floor":28,"turns":4},{"damage":14,"enemies":"Centurion and Healer","floor":30,"turns":8},{"damage":2,"enemies":"Snecko","floor":31,"turns":4},{"damage":15,"enemies":"3 Cultists","floor":33,"turns":5},{"damage":16,"enemies":"Snake Plant","floor":34,"turns":4},{"damage":103,"enemies":"IC_MUSHROOM_ARCHETYPE","floor":35,"turns":11}],"seed_played":"-7175854706662204721","potions_obtained":[{"floor":11,"key":"Adrenaline Potion"},{"floor":12,"key":"Weak Potion"},{"floor":16,"key":"Energy Potion"},{"floor":25,"key":"SkillPotion"},{"floor":31,"key":"Slimebound:SlimyTonguePotion"},{"floor":33,"key":"PowerPotion"},{"floor":34,"key":"hexamod:SoulburnPotion"}],"is_trial":false,"path_per_floor":["R","M","?","?","M","?","T","?","R","M","M","M","R","?","M","B",null,"R","M","M","$","M","M","T","M","PTL","PTL","$","?","M","M","R","M","M","B"],"character_chosen":"SLIMEBOUND","items_purchased":["Question Card","expansioncontent:DashGenerateEvil","ReplayTheSpireMod:CursedCoin","Oddly Smooth Stone"],"campfire_rested":2,"item_purchase_floors":[21,21,28,28],"current_hp_per_floor":[71,66,66,66,65,58,58,37,58,55,32,27,49,49,47,46,76,76,58,39,42,10,11,11,11,11,11,12,93,86,94,94,89,77,0,0,0],"gold":97,"neow_bonus":"TEN_PERCENT_HP_BONUS","is_daily":false,"chose_seed":false,"campfire_upgraded":2,"win_rate":0.0,"timestamp":1614189156,"path_taken":["R","M","?","?","M","?","T","?","R","M","?","M","R","?","M","BOSS","R","M","M","$","M","M","T","?","PTL","PTL","?","?","M","M","R","M","M","BOSS"],"items_purchased_type":["Relic","Card","Relic","Relic"],"build_version":"2020-12-18","purchased_purges":2,"victory":false,"max_hp_per_floor":[71,71,71,71,71,71,71,71,71,72,73,74,74,74,75,76,76,76,77,78,79,80,81,81,82,82,82,83,93,94,95,95,96,97,97,97,97],"card_choices":[{"not_picked":["Slimebound:Schlurp","Slimebound:GoopTackle"],"picked":"Slimebound:LeechEnergy","floor":2},{"not_picked":["Slimebound:LeechingTouch","Slimebound:ComboTackle"],"picked":"Slimebound:SplitMire","floor":5},{"not_picked":["Slimebound:FinishingTackle","Slimebound:SplitAcid"],"picked":"Slimebound:PressTheAttack","floor":10},{"not_picked":["Slimebound:SpikyOuterGoop","Slimebound:GoopTackle"],"picked":"Slimebound:LivingWall","floor":11},{"not_picked":["Slimebound:DisruptingSlam","Slimebound:SamplingLick"],"picked":"Slimebound:SplitLeeching","floor":12},{"not_picked":["Slimebound:PressTheAttack","Slimebound:SplitMire","Slimebound:GoopSpray"],"picked":"SKIP","floor":15},{"not_picked":["Slimebound:OneTwoCombo","Slimebound:SlimeSlap"],"picked":"Slimebound:MinionMaster","floor":16},{"not_picked":["Slimebound:TongueLash","Slimebound:GoopTackle","Slimebound:SplitBruiser+1"],"picked":"SKIP","floor":19},{"not_picked":["Slimebound:RainOfGoop","Slimebound:SplitLeeching+1"],"picked":"Slimebound:Schlurp+1","floor":20},{"not_picked":["Slimebound:AcidTongue","Slimebound:Chomp"],"picked":"Slimebound:Schlurp+1","floor":21},{"not_picked":["Slimebound:HauntingLick+1","Slimebound:PressTheAttack+1","Slimebound:FinishingTackle"],"picked":"Slimebound:RallyTheTroops","floor":22},{"not_picked":["Slimebound:SplitMire","Slimebound:DisruptingSlam","Slimebound:ItLooksTasty+1"],"picked":"Slimebound:SlimeSpikes","floor":23},{"not_picked":["Slimebound:LeechEnergy+1","Slimebound:ProtectTheBoss","Slimebound:GoopSpray"],"picked":"Slimebound:SamplingLick+1","floor":25},{"not_picked":["Slimebound:SelfFormingGoo","Slimebound:SlimeBrawl","Slimebound:LevelUp"],"picked":"Slimebound:SpikyOuterGoop","floor":28},{"not_picked":["Slimebound:Dissolve","Slimebound:FinishingTackle","Slimebound:HauntingLick+1","Slimebound:Prepare"],"picked":"SKIP","floor":30},{"not_picked":["Slimebound:ViciousTackle","Slimebound:Prepare+1","Slimebound:ItLooksTasty","Slimebound:SplitAcid"],"picked":"SKIP","floor":31},{"not_picked":["Slimebound:Repurpose","Slimebound:RejuvenatingLick","Slimebound:Gluttony+1","Slimebound:BestDefense"],"picked":"SKIP","floor":33},{"not_picked":["Slimebound:LeechEnergy","Slimebound:SamplingLick","Slimebound:SplitMire+1","Slimebound:GrowthPunch"],"picked":"SKIP","floor":34}],"player_experience":545351,"relics_obtained":[{"floor":8,"key":"downfall:CloakOfManyFaces"}],"event_choices":[{"damage_healed":0,"gold_gain":0,"player_choice":"Success","damage_taken":7,"relics_obtained":["Centennial Puzzle"],"max_hp_gain":0,"max_hp_loss":0,"event_name":"Scrap Ooze","floor":6,"gold_loss":0},{"cards_removed":["expansioncontent:DashGenerateEvil"],"damage_healed":71,"gold_gain":0,"player_choice":"Offered Rare","damage_taken":0,"max_hp_gain":10,"max_hp_loss":0,"event_name":"Bonfire Elementals","floor":29,"gold_loss":0}],"is_beta":true,"boss_relics":[{"not_picked":["Black Star","ReplayTheSpireMod:DimensionalGlitch"],"picked":"Slimebound:AbsorbEndCombatUpgraded"}],"items_purged_floors":[21,28],"is_endless":false,"potions_floor_spawned":[11,12,16,19,25,31,33,34],"killed_by":"IC_MUSHROOM_ARCHETYPE","ascension_level":0}}