{"host":"uo2uiso6cn7k493z","time":1614184962,"event":{"mods":["BaseMod","Colored Map","DeckTracker","Minty Spire (QoL Compilation)","Random Character Button","Unceasing Turn Reminder"],"gold_per_floor":[119,130,48,60,72,103,158,158,158,158,111,111,123,155,155,251,251,267,267,192,203,223,223,223],"floor_reached":23,"language":"ENG","playtime":1024,"items_purged":[],"score":231,"play_id":"36323747-0e97-43ea-8197-eb30f1770534","local_time":"20210224184242","is_ascension_mode":true,"campfire_choices":[{"floor":8,"key":"REST"},{"data":"PathToVictory","floor":10,"key":"SMITH"},{"data":"Eruption","floor":12,"key":"SMITH"},{"data":"Alpha","floor":15,"key":"SMITH"}],"circlet_count":0,"master_deck":["Strike_P","Strike_P","Strike_P","Defend_P","Defend_P","Defend_P","Defend_P","Eruption+1","Vigilance","PathToVictory+1","PathToVictory","FearNoEvil","Consecrate","EmptyBody","Alpha+1","ClearTheMind","Crescendo","ThirdEye","JustLucky","DeusExMachina","Evaluate+1"],"relics":["PureWater","NeowsBlessing","Nunchaku","Yang","Potion Belt","Omamori","Calling Bell","Bag of Marbles","Question Card","FossilizedHelix"],"acts_visited":["Exordium","TheCity"],"potions_floor_usage":[16,18,23],"damage_taken":[{"damage":0,"enemies":"Cultist","floor":1,"turns":1},{"damage":0,"enemies":"Jaw Worm","floor":2,"turns":1},{"damage":0,"enemies":"Small Slimes","floor":4,"turns":1},{"damage":5,"enemies":"Looter","floor":5,"turns":3},{"damage":36,"enemies":"Gremlin Nob","floor":6,"turns":4},{"damage":22,"enemies":"Lagavulin Event","floor":7,"turns":5},{"damage":2,"enemies":"2 Fungi Beasts","floor":13,"turns":4},{"damage":20,"enemies":"Lagavulin","floor":14,"turns":7},{"damage":6,"enemies":"Hexaghost","floor":16,"turns":7},{"damage":25,"enemies":"2 Thieves","floor":18,"turns":4},{"damage":21,"enemies":"Spheric Guardian","floor":21,"turns":5},{"damage":9,"enemies":"Chosen and Byrds","floor":22,"turns":5},{"damage":21,"enemies":"Book of Stabbing","floor":23,"turns":3}],"seed_played":"-1107821804469706974","potions_obtained":[{"floor":1,"key":"SkillPotion"},{"floor":2,"key":"Swift Potion"},{"floor":6,"key":"SteroidPotion"},{"floor":16,"key":"Dexterity Potion"},{"floor":21,"key":"Swift Potion"}],"is_trial":false,"path_per_floor":["M","M","$","M","M","E","?","R","T","R","$","R","M","E","R","B",null,"M","?","?","M","M","E"],"character_chosen":"WATCHER","items_purchased":["FearNoEvil","Consecrate","ThirdEye"],"campfire_rested":1,"item_purchase_floors":[3,3,11],"current_hp_per_floor":[72,72,72,72,67,31,9,30,30,30,30,30,28,8,8,2,72,47,47,47,26,17,0,0],"gold":223,"neow_bonus":"THREE_ENEMY_KILL","is_daily":false,"chose_seed":false,"campfire_upgraded":3,"win_rate":0.0,"timestamp":1614184962,"path_taken":["M","M","$","?","M","E","?","R","T","R","$","R","M","E","R","BOSS","M","?","?","M","M","E"],"items_purchased_type":["Card","Card","Card"],"build_version":"2020-12-22","purchased_purges":0,"victory":false,"max_hp_per_floor":[72,72,72,72,72,72,72,72,72,72,72,72,72,72,72,72,72,72,72,72,72,72,72,72],"card_choices":[{"not_picked":["BattleHymn","MentalFortress"],"picked":"PathToVictory","floor":1},{"not_picked":["FlyingSleeves","FlurryOfBlows"],"picked":"PathToVictory","floor":2},{"not_picked":["Halt","WreathOfFlame"],"picked":"EmptyBody","floor":4},{"not_picked":["JustLucky","Protect"],"picked":"Alpha","floor":5},{"not_picked":["Vengeance","Prostrate"],"picked":"ClearTheMind","floor":6},{"not_picked":["ClearTheMind","Halt"],"picked":"Crescendo","floor":7},{"not_picked":["FearNoEvil","Weave","Meditate"],"picked":"SKIP","floor":13},{"not_picked":["Vengeance","ThirdEye"],"picked":"JustLucky","floor":14},{"not_picked":["Omniscience","Ragnarok"],"picked":"DeusExMachina","floor":16},{"not_picked":["Swivel","Crescendo","Weave"],"picked":"Evaluate+1","floor":18},{"not_picked":["Consecrate+1","SignatureMove","EmptyFist+1","Conclude"],"picked":"SKIP","floor":21},{"not_picked":["Collect","EmptyBody+1","FlurryOfBlows","CutThroughFate+1"],"picked":"SKIP","floor":22}],"player_experience":478217,"relics_obtained":[{"floor":6,"key":"Nunchaku"},{"floor":7,"key":"Yang"},{"floor":9,"key":"Potion Belt"},{"floor":14,"key":"Omamori"},{"floor":17,"key":"Bag of Marbles"},{"floor":17,"key":"Question Card"},{"floor":17,"key":"FossilizedHelix"}],"event_choices":[{"damage_healed":0,"gold_gain":0,"player_choice":"Searched \u00272\u0027 times","damage_taken":0,"max_hp_gain":0,"max_hp_loss":0,"event_name":"Dead Adventurer","floor":7,"gold_loss":0},{"damage_healed":0,"gold_gain":0,"player_choice":"Ignored","damage_taken":0,"max_hp_gain":0,"max_hp_loss":0,"event_name":"Vampires","floor":19,"gold_loss":0},{"cards_removed":["Strike_P"],"damage_healed":0,"gold_gain":0,"player_choice":"Gave Gold","damage_taken":0,"max_hp_gain":0,"max_hp_loss":0,"event_name":"Beggar","floor":20,"gold_loss":75}],"is_beta":false,"boss_relics":[{"not_picked":["SacredBark","Cursed Key"],"picked":"Calling Bell"}],"items_purged_floors":[],"is_endless":false,"potions_floor_spawned":[1,2,6,16,21],"killed_by":"Book of Stabbing","ascension_level":3}}