{"host":"9l1knhxfturzliqa","time":1614134948,"event":{"mods":["AchievementEnabler","BaseMod","Colored Map","Colored Powertips","DeckTracker","Highlight Path","Keyboard Shortcuts","Minty Spire (QoL Compilation)","Random Character Button"],"gold_per_floor":[113,130,141,141,160,160,193,193,240,240,257,267,267,278,278,354,354,367,384,394,409,424,424,424,424,424,441,468,482,499,499,499],"floor_reached":31,"language":"KOR","playtime":2486,"items_purged":[],"score":561,"play_id":"578a5241-17c9-4b2a-a0ff-cf258957c85f","local_time":"20210224114908","is_ascension_mode":true,"campfire_choices":[{"data":"Zap","floor":6.0,"key":"SMITH"},{"floor":10.0,"key":"REST"},{"data":"Echo Form","floor":13.0,"key":"SMITH"},{"data":"Electrodynamics","floor":15.0,"key":"SMITH"},{"floor":23.0,"key":"REST"},{"data":"Tempest","floor":25.0,"key":"SMITH"}],"circlet_count":0,"master_deck":["AscendersBane","Strike_B","Strike_B","Strike_B","Strike_B","Defend_B","Defend_B","Defend_B","Defend_B","Zap+1","Dualcast","Echo Form+1","Ball Lightning","BootSequence","Capacitor","Turbo","Electrodynamics+1","Melter","Seek","CurseOfTheBell","Defragment","Redo+1","Double Energy+1","Tempest+1","Chill","Amplify"],"relics":["Cracked Core","Shuriken","Toy Ornithopter","Calling Bell","Strawberry","StoneCalendar","Nloth\u0027s Gift","Mango","Nunchaku"],"acts_visited":["Exordium","TheCity"],"potions_floor_usage":[],"damage_taken":[{"damage":6.0,"enemies":"2 Louse","floor":1.0,"turns":4.0},{"damage":7.0,"enemies":"Jaw Worm","floor":2.0,"turns":2.0},{"damage":3.0,"enemies":"Small Slimes","floor":3.0,"turns":3.0},{"damage":10.0,"enemies":"Gremlin Gang","floor":5.0,"turns":3.0},{"damage":36.0,"enemies":"Gremlin Nob","floor":7.0,"turns":4.0},{"damage":3.0,"enemies":"Exordium Thugs","floor":11.0,"turns":2.0},{"damage":3.0,"enemies":"Blue Slaver","floor":12.0,"turns":3.0},{"damage":0.0,"enemies":"3 Louse","floor":14.0,"turns":2.0},{"damage":0.0,"enemies":"Slime Boss","floor":16.0,"turns":6.0},{"damage":2.0,"enemies":"2 Thieves","floor":18.0,"turns":2.0},{"damage":8.0,"enemies":"3 Byrds","floor":19.0,"turns":2.0},{"damage":18.0,"enemies":"Shelled Parasite and Fungi","floor":20.0,"turns":3.0},{"damage":6.0,"enemies":"Cultist and Chosen","floor":21.0,"turns":4.0},{"damage":33.0,"enemies":"Snake Plant","floor":22.0,"turns":4.0},{"damage":2.0,"enemies":"Chosen and Byrds","floor":27.0,"turns":3.0},{"damage":21.0,"enemies":"Gremlin Leader","floor":28.0,"turns":4.0},{"damage":0.0,"enemies":"Centurion and Healer","floor":29.0,"turns":2.0},{"damage":13.0,"enemies":"3 Cultists","floor":30.0,"turns":3.0},{"damage":41,"enemies":"Book of Stabbing","floor":31,"turns":4}],"seed_played":"-1282927042287066554","potions_obtained":[{"floor":1.0,"key":"GamblersBrew"},{"floor":2.0,"key":"SneckoOil"},{"floor":7.0,"key":"FocusPotion"},{"floor":12.0,"key":"SneckoOil"},{"floor":14.0,"key":"DistilledChaos"},{"floor":19.0,"key":"SmokeBomb"},{"floor":22.0,"key":"FocusPotion"},{"floor":27.0,"key":"SkillPotion"},{"floor":29.0,"key":"FearPotion"}],"is_trial":false,"path_per_floor":["M","M","M","?","M","R","E","?","T","R","M","M","R","M","R","B",null,"M","M","M","M","M","R","?","R","T","M","E","M","M","E"],"character_chosen":"DEFECT","items_purchased":[],"campfire_rested":2,"item_purchase_floors":[],"current_hp_per_floor":[58,51,48,53,43,43,7,7,7,27,29,26,26,26,26,26,75,78,70,57,51,18,43,43,43,57,55,44,44,36,0,0],"gold":499,"neow_bonus":"THREE_RARE_CARDS","is_daily":false,"chose_seed":false,"campfire_upgraded":4,"win_rate":0.0,"timestamp":1614134948,"path_taken":["M","M","M","?","M","R","E","?","T","R","?","M","R","M","R","BOSS","M","M","M","M","M","R","?","R","T","M","E","M","?","E"],"items_purchased_type":[],"build_version":"2020-12-22","purchased_purges":0,"victory":false,"max_hp_per_floor":[64,64,64,69,69,69,69,69,69,69,69,69,69,69,69,69,86,86,86,86,86,86,86,86,86,100,100,100,100,100,100,100],"card_choices":[{"not_picked":["Multi-Cast","Creative AI"],"picked":"Echo Form","floor":0.0},{"not_picked":["Force Field","Leap"],"picked":"Ball Lightning","floor":1.0},{"not_picked":["Compile Driver","Static Discharge"],"picked":"BootSequence","floor":2.0},{"not_picked":["Turbo","Streamline"],"picked":"Capacitor","floor":3.0},{"not_picked":["Auto Shields","Ball Lightning"],"picked":"Turbo","floor":5.0},{"not_picked":["Coolheaded","Cold Snap"],"picked":"Electrodynamics","floor":7.0},{"not_picked":["Gash","Cold Snap"],"picked":"Melter","floor":11.0},{"not_picked":["Leap","Ball Lightning","Redo"],"picked":"SKIP","floor":12.0},{"not_picked":["Doom and Gloom","Turbo","Undo"],"picked":"SKIP","floor":14.0},{"not_picked":["Core Surge","Electrodynamics"],"picked":"Seek","floor":16.0},{"not_picked":["Capacitor","Compile Driver"],"picked":"Defragment","floor":18.0},{"not_picked":["Sweeping Beam","Cold Snap"],"picked":"Redo+1","floor":19.0},{"not_picked":["Compile Driver","White Noise"],"picked":"Double Energy+1","floor":20.0},{"not_picked":["Doom and Gloom","Steam+1"],"picked":"Tempest","floor":21.0},{"not_picked":["Redo","Meteor Strike"],"picked":"Chill","floor":22.0},{"not_picked":["Sunder","Stack"],"picked":"Amplify","floor":27.0},{"not_picked":["Redo","Creative AI","Rebound"],"picked":"SKIP","floor":28.0},{"not_picked":["Streamline","Recycle","Gash"],"picked":"SKIP","floor":29.0},{"not_picked":["Beam Cell","Gash","Tempest"],"picked":"SKIP","floor":30.0}],"player_experience":717678,"relics_obtained":[{"floor":7.0,"key":"Shuriken"},{"floor":9.0,"key":"Toy Ornithopter"},{"floor":17.0,"key":"Strawberry"},{"floor":17.0,"key":"Pear"},{"floor":17.0,"key":"StoneCalendar"},{"floor":26.0,"key":"Mango"},{"floor":28.0,"key":"Nunchaku"}],"event_choices":[{"damage_healed":0.0,"max_hp_gain":5.0,"max_hp_loss":0.0,"gold_gain":0.0,"event_name":"Big Fish","player_choice":"Donut","floor":4.0,"gold_loss":0.0,"damage_taken":0.0},{"damage_healed":0.0,"max_hp_gain":0.0,"max_hp_loss":0.0,"gold_gain":0.0,"event_name":"Golden Wing","player_choice":"Ignored","floor":8.0,"gold_loss":0.0,"damage_taken":0.0},{"damage_healed":0.0,"max_hp_gain":0.0,"max_hp_loss":0.0,"gold_gain":0.0,"event_name":"N\u0027loth","player_choice":"Traded Relic","floor":24.0,"relics_lost":["Pear"],"gold_loss":0.0,"damage_taken":0.0,"relics_obtained":["Nloth\u0027s Gift"]}],"is_beta":false,"boss_relics":[{"not_picked":["Runic Pyramid","Ectoplasm"],"picked":"Calling Bell"}],"items_purged_floors":[],"is_endless":false,"potions_floor_spawned":[1,2,7,12,14,19,22,27,29],"killed_by":"Book of Stabbing","ascension_level":14}}