{"host":"ufhw4cf0hh51lveu","time":1614143579,"event":{"mods":["BaseMod","DeckTracker","Lobotomy","Minty Spire (QoL Compilation)","SuperFastMode"],"gold_per_floor":[114,61,61,81,101,101,119,130,155,178,178,190,190,206,206,301,301,319,331,281,281,281],"floor_reached":21,"language":"KOR","playtime":885,"items_purged":[],"score":198,"play_id":"560cac71-3b5e-447d-802b-6af584bcfc16","local_time":"20210224141259","is_ascension_mode":false,"campfire_choices":[],"circlet_count":0,"master_deck":["SpecialBullet","SpecialBullet","SpecialBullet","SpecialBullet","SpecialBullet","SpecialBullet","SpecialBullet","DisciplinaryCode","SecurityCode","CentralCode","Pinks+1","UniverseFragment","BearPaw","FourthMatchFlame","Wingbeat","ShyLook","SomewhereSpear","InformationCode","Penitence","RedEyes","VoidDream","Wellcheers","FourthMatchFlame","OldLady","WristCuter","GoldRush","Gaze"],"relics":["CogitoBucket","Happy Flower","Odd Mushroom","AspirationHeart","Velvet Choker"],"acts_visited":["Exordium","TheCity"],"potions_floor_usage":[10,16,16,21],"damage_taken":[{"damage":0,"enemies":"Small Slimes","floor":1,"turns":2},{"damage":0,"enemies":"Cultist","floor":4,"turns":3},{"damage":10,"enemies":"Jaw Worm","floor":5,"turns":3},{"damage":12,"enemies":"3 Louse","floor":7,"turns":4},{"damage":16,"enemies":"Exordium Wildlife","floor":8,"turns":3},{"damage":5,"enemies":"The Mushroom Lair","floor":10,"turns":4},{"damage":25,"enemies":"Gremlin Gang","floor":12,"turns":5},{"damage":4,"enemies":"Blue Slaver","floor":14,"turns":2},{"damage":68,"enemies":"Hexaghost","floor":16,"turns":11},{"damage":3,"enemies":"Chosen","floor":18,"turns":2},{"damage":9,"enemies":"Spheric Guardian","floor":19,"turns":3},{"damage":79,"enemies":"Chosen and Byrds","floor":21,"turns":12}],"seed_played":"4198847631115410460","potions_obtained":[{"floor":8,"key":"BlessingOfTheForge"},{"floor":10,"key":"Regen Potion"},{"floor":14,"key":"Block Potion"},{"floor":19,"key":"Strength Potion"}],"is_trial":false,"path_per_floor":["M","$","?","M","M","R","M","M","T","?","R","M","R","M","R","B",null,"M","M","?","M"],"character_chosen":"Angela","items_purchased":["FourthMatchFlame"],"campfire_rested":0,"item_purchase_floors":[2],"current_hp_per_floor":[70,70,70,70,70,70,70,68,68,70,70,69,69,79,79,26,80,80,71,71,0,0],"gold":281,"neow_bonus":"ONE_RANDOM_RARE_CARD","is_daily":false,"chose_seed":false,"campfire_upgraded":0,"win_rate":0.0,"timestamp":1614143579,"path_taken":["M","$","?","?","?","R","M","M","T","?","R","M","R","M","R","BOSS","M","M","?","?"],"items_purchased_type":["Card"],"build_version":"2020-12-22","purchased_purges":0,"victory":false,"max_hp_per_floor":[70,70,70,70,70,70,70,70,70,70,70,80,80,80,80,80,80,80,80,80,80,80],"card_choices":[{"not_picked":["WhiteNight","CherryBlossoms"],"picked":"UniverseFragment","floor":1},{"not_picked":["SomewhereSpear"],"picked":"BearPaw","floor":1},{"not_picked":["Tough"],"picked":"Wingbeat","floor":4},{"not_picked":["MHz","LittlePrince"],"picked":"ShyLook","floor":5},{"not_picked":["Penitence"],"picked":"SomewhereSpear","floor":5},{"not_picked":["SolemnVow"],"picked":"Penitence","floor":7},{"not_picked":["Scorched","BeautyBeast"],"picked":"BigBird","floor":8},{"not_picked":["Noise"],"picked":"RedEyes","floor":8},{"not_picked":["BlackSwan","NakedNest"],"picked":"VoidDream","floor":10},{"not_picked":["Scorched","FieryBird"],"picked":"Wellcheers","floor":12},{"not_picked":["RapturousDream"],"picked":"FourthMatchFlame","floor":12},{"not_picked":["HappyTeddy","NakedNest"],"picked":"OldLady","floor":14},{"not_picked":["Penitence"],"picked":"WristCuter","floor":14},{"not_picked":["Laetitia","QueenBee"],"picked":"LongBird","floor":16},{"not_picked":["ParadiseLost"],"picked":"GoldRush","floor":16},{"not_picked":["Lantern","TodaysExpression"],"picked":"SKIP","floor":18},{"not_picked":["FairyFestival","Scorched"],"picked":"PunishingBird","floor":19},{"not_picked":["Laetitia_ego"],"picked":"Gaze","floor":19}],"player_experience":72645,"relics_obtained":[{"floor":9,"key":"Happy Flower"},{"floor":10,"key":"Odd Mushroom"}],"event_choices":[{"damage_healed":0,"gold_gain":0,"player_choice":"Forge","damage_taken":0,"max_hp_gain":0,"max_hp_loss":0,"event_name":"Accursed Blacksmith","floor":3,"gold_loss":0,"cards_upgraded":["Pinks"]},{"damage_healed":0,"gold_gain":0,"player_choice":"Fought Mushrooms","damage_taken":0,"max_hp_gain":0,"max_hp_loss":0,"event_name":"Mushrooms","floor":10,"gold_loss":0},{"damage_healed":0,"gold_gain":0,"player_choice":"Bet on Owner","damage_taken":0,"max_hp_gain":0,"max_hp_loss":0,"event_name":"The Joust","floor":20,"gold_loss":50}],"is_beta":false,"boss_relics":[{"not_picked":["Cursed Key","Philosopher\u0027s Stone"],"picked":"Velvet Choker"}],"items_purged_floors":[],"is_endless":false,"potions_floor_spawned":[8,10,14,19],"killed_by":"Chosen and Byrds","ascension_level":0}}