{"host":"test","time":1614137934,"event":{"mods":["BaseMod","Bestiary","Colored Map","Colored Powertips","Minty Spire (QoL Compilation)","Relic Stats","Slay the Relics Exporter","SpireBot","StSLib","ojb\u0027s Better Paths Mod","ojb\u0027s Info Mod: The sequel"],"gold_per_floor":[141,141,189,339,369,471,471,531,531,531,50,50,143,143,143,387,387,439,488,488,488,533,608,608,710,710,797,45,78,78,168,168,390,390,420,450,450,495,495,495,585,585,594,690,750,801,858,978,990,1002,1014],"floor_reached":52,"language":"JPN","playtime":1959,"items_purged":[],"score":3106,"play_id":"85c27f74-d8de-4653-88df-d3a24a9145b8","local_time":"20210224123854","daily_mods":["Insanity","Vintage","Midas"],"is_ascension_mode":true,"campfire_choices":[{"floor":7.0,"key":"DIG"},{"floor":10.0,"key":"DIG"},{"floor":12.0,"key":"DIG"},{"floor":15.0,"key":"DIG"},{"floor":24.0,"key":"DIG"},{"floor":30.0,"key":"DIG"},{"floor":32.0,"key":"DIG"},{"floor":40,"key":"DIG"},{"floor":42,"key":"DIG"},{"floor":49,"key":"DIG"}],"circlet_count":0,"master_deck":["AscendersBane","PiercingWail","Flying Knee","Riddle With Holes","Underhanded Strike","Quick Slash","Acrobatics","Slice","Deadly Poison","Cloak And Dagger","Masterful Stab","Flying Knee","Riddle With Holes","Backstab+1","Expertise","Slice","Caltrops","Bane","Quick Slash","Blade Dance","Finisher","Backflip","Escape Plan","PiercingWail","Poisoned Stab","Blade Dance","Prepared","Backflip","Prepared","Prepared","Flying Knee","Slice","Accuracy","Leg Sweep","Sucker Punch","Slice","Outmaneuver","Flechettes","Masterful Stab","Blade Dance","Dash","Crippling Poison","Flying Knee","Deadly Poison","Backflip","Caltrops","Dagger Throw","PiercingWail","Backflip","Riddle With Holes","Leg Sweep","Doubt","Outmaneuver","Doppelganger+1","Riddle With Holes","Injury","Adrenaline+1","Deflect+1","Envenom","Leg Sweep+1","Quick Slash","Quick Slash","Malaise+1","Masterful Stab","Decay","Adrenaline+1","Accuracy+1"],"relics":["Ring of the Snake","Mummified Hand","Ornamental Fan","Potion Belt","Shovel","Ancient Tea Set","Paper Crane","Matryoshka","Lantern","Toxic Egg 2","Boot","Smiling Mask","Bloody Idol","Kunai","Fusion Hammer","Omamori","Ninja Scroll","HornCleat","Bottled Flame","Akabeko","Bronze Scales","Centennial Puzzle","Shuriken","Anchor","Question Card","ClockworkSouvenir","White Beast Statue","Singing Bowl","Bag of Preparation","Nunchaku","Bottled Lightning","Blue Candle","Cursed Key","Bag of Marbles","CeramicFish","WarpedTongs","InkBottle","Darkstone Periapt","StoneCalendar","FossilizedHelix","Orichalcum","Mercury Hourglass","Girya","MawBank","The Courier","Letter Opener","Strawberry","Pear"],"acts_visited":["Exordium","TheCity","TheBeyond"],"potions_floor_usage":[33,33,51,51,51,51,51,51],"damage_taken":[{"damage":0.0,"enemies":"Cultist","floor":1.0,"turns":2.0},{"damage":0.0,"enemies":"2 Louse","floor":3.0,"turns":1.0},{"damage":0.0,"enemies":"Small Slimes","floor":5.0,"turns":2.0},{"damage":16.0,"enemies":"Gremlin Nob","floor":6.0,"turns":4.0},{"damage":0.0,"enemies":"Looter","floor":8.0,"turns":2.0},{"damage":1.0,"enemies":"3 Sentries","floor":13.0,"turns":4.0},{"damage":0.0,"enemies":"Slime Boss","floor":16.0,"turns":3.0},{"damage":0.0,"enemies":"3 Byrds","floor":18.0,"turns":2.0},{"damage":0.0,"enemies":"Chosen","floor":19.0,"turns":3.0},{"damage":0.0,"enemies":"Snecko","floor":22.0,"turns":3.0},{"damage":0.0,"enemies":"Slavers","floor":23.0,"turns":2.0},{"damage":0.0,"enemies":"Book of Stabbing","floor":25.0,"turns":2.0},{"damage":0.0,"enemies":"Slavers","floor":27.0,"turns":3.0},{"damage":0.0,"enemies":"Chosen and Byrds","floor":29.0,"turns":2.0},{"damage":0.0,"enemies":"Gremlin Leader","floor":31.0,"turns":3.0},{"damage":1,"enemies":"Champ","floor":33,"turns":2},{"damage":0,"enemies":"Orb Walker","floor":35,"turns":1},{"damage":0,"enemies":"3 Darklings","floor":36,"turns":1},{"damage":0,"enemies":"Transient","floor":38,"turns":6},{"damage":0,"enemies":"Nemesis","floor":41,"turns":1},{"damage":0,"enemies":"Giant Head","floor":44,"turns":2},{"damage":0,"enemies":"Jaw Worm Horde","floor":45,"turns":1},{"damage":0,"enemies":"Spire Growth","floor":46,"turns":1},{"damage":0,"enemies":"3 Darklings","floor":47,"turns":1},{"damage":0,"enemies":"Nemesis","floor":48,"turns":1},{"damage":1,"enemies":"Awakened One","floor":50,"turns":6},{"damage":0,"enemies":"Donu and Deca","floor":51,"turns":4}],"seed_played":"-9036960533450815835","potions_obtained":[{"floor":5.0,"key":"Weak Potion"},{"floor":8.0,"key":"SpeedPotion"},{"floor":13.0,"key":"PowerPotion"},{"floor":19.0,"key":"LiquidBronze"},{"floor":23.0,"key":"AttackPotion"},{"floor":29.0,"key":"FearPotion"},{"floor":31.0,"key":"SteroidPotion"},{"floor":33,"key":"Swift Potion"},{"floor":35,"key":"EntropicBrew"},{"floor":45,"key":"CultistPotion"}],"is_trial":true,"path_per_floor":["M","?","M","?","M","E","R","M","T","R","$","R","E","?","R","B",null,"M","M","?","?","M","E","R","E","T","E","$","M","R","E","R","B",null,"M","M","?","M","?","R","E","R","T","E","M","M","M","E","R","B","B",null],"character_chosen":"THE_SILENT","items_purchased":["Toxic Egg 2","Doppelganger+1","SteroidPotion","ClockworkSouvenir","White Beast Statue","Singing Bowl","Quick Slash"],"campfire_rested":0,"item_purchase_floors":[11,11,11,28,28,28,28],"current_hp_per_floor":[59,59,59,59,59,43,43,43,43,43,43,43,42,42,42,42,60,60,60,60,60,65,66,66,66,66,66,66,66,66,66,66,66,66,66,66,66,66,66,66,66,66,72,72,72,72,72,79,89,88,89],"gold":1026,"neow_bonus":"","is_daily":false,"chose_seed":false,"campfire_upgraded":0,"win_rate":0.0,"timestamp":1614137934,"path_taken":["M","?","M","?","M","E","R","M","T","R","$","R","E","?","R","BOSS","M","M","?","?","M","E","R","E","T","E","$","M","R","E","R","BOSS","M","M","?","?","?","R","E","R","T","E","M","M","M","E","R","BOSS","BOSS"],"items_purchased_type":["Relic","Card","Potion","Relic","Relic","Relic","Card"],"build_version":"2020-12-18","purchased_purges":0,"victory":true,"max_hp_per_floor":[66,66,66,66,66,66,66,66,66,66,66,66,66,66,66,66,66,66,66,66,66,66,66,66,66,66,66,66,66,66,66,66,66,66,66,66,66,66,66,66,66,66,72,72,72,72,72,79,89,89,89],"relic_stats":{"Darkstone Periapt":6,"Singing Bowl":0,"CeramicFish":36,"StoneCalendar":[0],"Bag of Preparation":[0],"Boot":[168],"Smiling Mask":0,"Cursed Key":1,"Centennial Puzzle":[6],"Nunchaku":[20],"Shovel":10,"Mummified Hand":[16],"Kunai":[84],"InkBottle":[19],"Ring of the Snake":[54],"counters":[27,65],"Blue Candle":[2],"Letter Opener":[70],"Orichalcum":[0],"Question Card":5,"MawBank":84,"WarpedTongs":[23],"Mercury Hourglass":[60],"Ornamental Fan":[368],"Shuriken":[63],"Bloody Idol":8,"Bronze Scales":[72],"obtain_stats":[{"CeramicFish":36,"Boot":12,"Centennial Puzzle":25,"HornCleat":21,"Strawberry":48,"Fusion Hammer":17,"Kunai":15,"Toxic Egg 2":11,"Girya":44,"Pear":49,"Blue Candle":32,"Letter Opener":47,"Paper Crane":8,"Question Card":27,"Akabeko":23,"WarpedTongs":37,"Bottled Flame":22,"Shuriken":26,"Bronze Scales":24,"Darkstone Periapt":40,"Lantern":10,"Singing Bowl":28,"StoneCalendar":41,"Bag of Preparation":29,"Ancient Tea Set":7,"Smiling Mask":13,"Cursed Key":34,"ClockworkSouvenir":28,"Nunchaku":30,"Shovel":6,"Matryoshka":9,"Mummified Hand":1,"Ninja Scroll":19,"InkBottle":38,"Ring of the Snake":0,"Potion Belt":5,"Golden Idol":14,"The Courier":46,"Omamori":18,"Orichalcum":43,"MawBank":45,"White Beast Statue":28,"Mercury Hourglass":43,"Anchor":26,"Ornamental Fan":3,"Bloody Idol":20,"Bag of Marbles":35,"Bottled Lightning":31,"FossilizedHelix":42},{"CeramicFish":18,"Boot":5,"Centennial Puzzle":12,"HornCleat":9,"Strawberry":25,"Fusion Hammer":7,"Kunai":6,"Toxic Egg 2":5,"Girya":21,"Pear":25,"Blue Candle":15,"Letter Opener":24,"Paper Crane":5,"Question Card":13,"Akabeko":11,"WarpedTongs":18,"Bottled Flame":10,"Shuriken":12,"Bronze Scales":11,"Darkstone Periapt":19,"Lantern":5,"Singing Bowl":13,"StoneCalendar":20,"Bag of Preparation":14,"Ancient Tea Set":4,"Smiling Mask":6,"Cursed Key":16,"ClockworkSouvenir":13,"Nunchaku":14,"Shovel":4,"Matryoshka":5,"Mummified Hand":1,"Ninja Scroll":9,"InkBottle":19,"Ring of the Snake":0,"Potion Belt":3,"Golden Idol":6,"The Courier":23,"Omamori":8,"Orichalcum":20,"MawBank":22,"White Beast Statue":13,"Mercury Hourglass":20,"Anchor":12,"Ornamental Fan":2,"Bloody Idol":9,"Bag of Marbles":17,"Bottled Lightning":15,"FossilizedHelix":20},{"CeramicFish":42,"Boot":11,"Centennial Puzzle":30,"HornCleat":23,"Strawberry":55,"Fusion Hammer":18,"Kunai":15,"Toxic Egg 2":11,"Girya":51,"Pear":55,"Blue Candle":38,"Letter Opener":54,"Paper Crane":11,"Question Card":33,"Akabeko":28,"WarpedTongs":42,"Bottled Flame":26,"Shuriken":30,"Bronze Scales":28,"Darkstone Periapt":48,"Lantern":11,"Singing Bowl":33,"StoneCalendar":49,"Bag of Preparation":35,"Ancient Tea Set":9,"Smiling Mask":15,"Cursed Key":40,"ClockworkSouvenir":33,"Nunchaku":35,"Shovel":9,"Matryoshka":11,"Mummified Hand":2,"Ninja Scroll":23,"InkBottle":48,"Ring of the Snake":0,"Potion Belt":5,"Golden Idol":15,"The Courier":53,"Omamori":20,"Orichalcum":49,"MawBank":52,"White Beast Statue":33,"Mercury Hourglass":49,"Anchor":30,"Ornamental Fan":3,"Bloody Idol":23,"Bag of Marbles":41,"Bottled Lightning":38,"FossilizedHelix":49}]},"card_choices":[{"not_picked":["Skewer","Heel Hook"],"picked":"Outmaneuver","floor":6.0},{"not_picked":["Flying Knee","Sucker Punch"],"picked":"Riddle With Holes","floor":13.0},{"not_picked":["Venomology+1","A Thousand Cuts"],"picked":"Adrenaline+1","floor":16.0},{"not_picked":["Underhanded Strike","Escape Plan+1"],"picked":"Deflect+1","floor":23.0},{"not_picked":["Quick Slash","Sucker Punch"],"picked":"Envenom","floor":25.0},{"not_picked":["Dash","Distraction+1"],"picked":"Leg Sweep+1","floor":27.0},{"not_picked":["Escape Plan+1","Backflip+1","Poisoned Stab+1"],"picked":"Quick Slash","floor":31.0},{"not_picked":["Phantasmal Killer+1","Burst+1","Corpse Explosion+1"],"picked":"Malaise+1","floor":33},{"not_picked":["Storm of Steel+1","Dagger Spray","Slice"],"picked":"Masterful Stab","floor":41},{"not_picked":["Blur+1","Quick Slash","Escape Plan+1"],"picked":"Adrenaline+1","floor":44},{"not_picked":["Dagger Throw","Quick Slash","Skewer"],"picked":"Accuracy+1","floor":48}],"player_experience":2107683,"relics_obtained":[{"floor":1.0,"key":"Mummified Hand"},{"floor":3.0,"key":"Ornamental Fan"},{"floor":5.0,"key":"Potion Belt"},{"floor":6.0,"key":"Shovel"},{"floor":7.0,"key":"Ancient Tea Set"},{"floor":8.0,"key":"Paper Crane"},{"floor":9.0,"key":"Matryoshka"},{"floor":10.0,"key":"Lantern"},{"floor":12.0,"key":"Boot"},{"floor":13.0,"key":"Smiling Mask"},{"floor":15.0,"key":"Kunai"},{"floor":18.0,"key":"Omamori"},{"floor":19.0,"key":"Ninja Scroll"},{"floor":22.0,"key":"Bottled Flame"},{"floor":23.0,"key":"Akabeko"},{"floor":24.0,"key":"Bronze Scales"},{"floor":25.0,"key":"Centennial Puzzle"},{"floor":26.0,"key":"Shuriken"},{"floor":26.0,"key":"Anchor"},{"floor":27.0,"key":"Question Card"},{"floor":29.0,"key":"Bag of Preparation"},{"floor":30.0,"key":"Nunchaku"},{"floor":31.0,"key":"Bottled Lightning"},{"floor":32.0,"key":"Blue Candle"},{"floor":35,"key":"Bag of Marbles"},{"floor":36,"key":"CeramicFish"},{"floor":38,"key":"InkBottle"},{"floor":40,"key":"Darkstone Periapt"},{"floor":41,"key":"StoneCalendar"},{"floor":42,"key":"FossilizedHelix"},{"floor":43,"key":"Orichalcum"},{"floor":43,"key":"Mercury Hourglass"},{"floor":44,"key":"Girya"},{"floor":45,"key":"MawBank"},{"floor":46,"key":"The Courier"},{"floor":47,"key":"Letter Opener"},{"floor":48,"key":"Strawberry"},{"floor":49,"key":"Pear"}],"event_choices":[{"damage_healed":0.0,"max_hp_gain":0.0,"max_hp_loss":0.0,"gold_gain":0.0,"event_name":"Living Wall","player_choice":"Grow","floor":2.0,"gold_loss":0.0,"damage_taken":0.0,"cards_upgraded":["Backstab"]},{"damage_healed":0.0,"max_hp_gain":0.0,"max_hp_loss":0.0,"gold_gain":150.0,"event_name":"Liars Game","player_choice":"AGREE","floor":4.0,"gold_loss":0.0,"damage_taken":0.0,"cards_obtained":["Doubt"]},{"damage_healed":0.0,"max_hp_gain":0.0,"max_hp_loss":0.0,"gold_gain":0.0,"event_name":"Golden Idol","player_choice":"Take Wound","floor":14.0,"gold_loss":0.0,"damage_taken":0.0,"relics_obtained":["Golden Idol"],"cards_obtained":["Injury"]},{"damage_healed":0.0,"max_hp_gain":0.0,"max_hp_loss":0.0,"gold_gain":0.0,"event_name":"Forgotten Altar","player_choice":"Gave Idol","floor":20.0,"relics_lost":["Golden Idol"],"gold_loss":0.0,"damage_taken":0.0,"relics_obtained":["Bloody Idol"]},{"damage_healed":0.0,"max_hp_gain":0.0,"max_hp_loss":0.0,"gold_gain":0.0,"event_name":"The Mausoleum","player_choice":"Opened","floor":21.0,"gold_loss":0.0,"damage_taken":0.0,"relics_obtained":["HornCleat"],"cards_obtained":["Writhe"]},{"damage_healed":0,"gold_gain":0,"player_choice":"Rummage","damage_taken":0,"relics_obtained":["WarpedTongs"],"max_hp_gain":0,"max_hp_loss":0,"event_name":"Accursed Blacksmith","floor":37,"gold_loss":0,"cards_obtained":["Pain"]},{"damage_healed":0,"gold_gain":0,"player_choice":"Ignored","damage_taken":0,"max_hp_gain":0,"max_hp_loss":0,"event_name":"Tomb of Lord Red Mask","floor":39,"gold_loss":0}],"is_beta":true,"boss_relics":[{"not_picked":["Runic Dome","Astrolabe"],"picked":"Fusion Hammer"},{"not_picked":["Empty Cage","Ring of the Serpent"],"picked":"Cursed Key"}],"items_purged_floors":[],"is_endless":false,"potions_floor_spawned":[5,8,13,19,23,29,31,33,35,36,38,41,44,45,46,47,48],"ascension_level":20}}