{"host":"pifa3o3uv2a0m12r","time":1614139337,"event":{"mods":["AchievementEnabler","BaseMod","Colored Map","Minty Spire (QoL Compilation)","Quick Restart","StSLib","SuperFastMode"],"gold_per_floor":[109,121,121,134,149,176,176,190,215,249,261,125,125,137,137,242,242,261,0,99,116,116,116],"floor_reached":22,"language":"FRA","playtime":681,"items_purged":["Strike_P"],"score":243,"play_id":"3052fb42-dd92-4539-9356-9f75b9d38c04","local_time":"20210223180217","is_ascension_mode":true,"campfire_choices":[{"floor":7,"key":"RECALL"},{"data":"Eruption","floor":15,"key":"SMITH"}],"circlet_count":0,"master_deck":["Strike_P","Strike_P","Defend_P","Defend_P","Defend_P","Defend_P","Eruption+1","Vigilance","ClearTheMind","FearNoEvil","FlurryOfBlows","Vengeance","FlurryOfBlows","LikeWater","FlurryOfBlows","ClearTheMind","DevaForm","EmptyFist"],"relics":["PureWater","NeowsBlessing","Boot","MawBank","VioletLotus"],"acts_visited":["Exordium","TheCity"],"potions_floor_usage":[8,8,16,21],"damage_taken":[{"damage":0,"enemies":"Small Slimes","floor":1,"turns":1},{"damage":0,"enemies":"Jaw Worm","floor":2,"turns":1},{"damage":0,"enemies":"2 Louse","floor":4,"turns":1},{"damage":13,"enemies":"Blue Slaver","floor":5,"turns":4},{"damage":13,"enemies":"Lagavulin","floor":6,"turns":5},{"damage":5,"enemies":"Lots of Slimes","floor":8,"turns":6},{"damage":0,"enemies":"Gremlin Nob","floor":10,"turns":2},{"damage":0,"enemies":"3 Louse","floor":14,"turns":3},{"damage":31,"enemies":"Hexaghost","floor":16,"turns":8},{"damage":26,"enemies":"Shell Parasite","floor":18,"turns":8},{"damage":25,"enemies":"Spheric Guardian","floor":21,"turns":4},{"damage":21,"enemies":"Shelled Parasite and Fungi","floor":22,"turns":2}],"seed_played":"7187362131570472162","potions_obtained":[{"floor":1,"key":"PowerPotion"},{"floor":2,"key":"Dexterity Potion"},{"floor":4,"key":"Block Potion"},{"floor":5,"key":"Swift Potion"},{"floor":10,"key":"Block Potion"},{"floor":18,"key":"Ambrosia"}],"is_trial":false,"path_per_floor":["M","M","?","M","M","E","R","M","T","E","?","$","?","M","R","B",null,"M","?","?","M","M"],"character_chosen":"WATCHER","items_purchased":["FlurryOfBlows","ClearTheMind"],"campfire_rested":0,"item_purchase_floors":[12,12],"current_hp_per_floor":[72,72,72,72,59,46,46,41,41,41,34,34,58,58,58,27,72,46,46,46,21,0,0],"gold":116,"neow_bonus":"THREE_ENEMY_KILL","is_daily":false,"chose_seed":false,"campfire_upgraded":1,"win_rate":0.0,"timestamp":1614139337,"path_taken":["M","M","?","M","M","E","R","M","T","E","?","$","?","M","R","BOSS","M","?","?","M","M"],"items_purchased_type":["Card","Card"],"build_version":"2020-12-22","purchased_purges":1,"victory":false,"max_hp_per_floor":[72,72,72,72,72,72,72,72,72,72,72,72,72,72,72,72,72,72,72,72,72,72,72],"card_choices":[{"not_picked":["CarveReality","InnerPeace"],"picked":"ClearTheMind","floor":1},{"not_picked":["CrushJoints","JustLucky"],"picked":"FearNoEvil","floor":2},{"not_picked":["CarveReality","DeusExMachina"],"picked":"FlurryOfBlows","floor":4},{"not_picked":["Collect","Weave"],"picked":"Vengeance","floor":5},{"not_picked":["Crescendo","Prostrate"],"picked":"FlurryOfBlows","floor":6},{"not_picked":["ThirdEye","EmptyBody"],"picked":"LikeWater","floor":8},{"not_picked":["Evaluate","Collect","Perseverance"],"picked":"SKIP","floor":10},{"not_picked":["FlyingSleeves","Protect","Worship"],"picked":"SKIP","floor":14},{"not_picked":["Brilliance","ConjureBlade"],"picked":"DevaForm","floor":16},{"not_picked":["CutThroughFate","BowlingBash"],"picked":"EmptyFist","floor":18},{"not_picked":["InnerPeace","Sanctity+1","Pray"],"picked":"SKIP","floor":21}],"player_experience":154055,"relics_obtained":[{"floor":6,"key":"Boot"},{"floor":10,"key":"MawBank"}],"event_choices":[{"damage_healed":0,"gold_gain":0,"player_choice":"Ignored","damage_taken":0,"max_hp_gain":0,"max_hp_loss":0,"event_name":"Liars Game","floor":3,"gold_loss":0},{"cards_removed":["Strike_P"],"damage_healed":0,"gold_gain":0,"player_choice":"Card Removal","damage_taken":7,"max_hp_gain":0,"max_hp_loss":0,"event_name":"Golden Wing","floor":11,"gold_loss":0},{"damage_healed":24,"gold_gain":0,"player_choice":"Banana","damage_taken":0,"max_hp_gain":0,"max_hp_loss":0,"event_name":"Big Fish","floor":13,"gold_loss":0},{"damage_healed":0,"gold_gain":0,"player_choice":"Paid Fearfully","damage_taken":0,"max_hp_gain":0,"max_hp_loss":0,"event_name":"Masked Bandits","floor":19,"gold_loss":261},{"damage_healed":0,"gold_gain":99,"player_choice":"Stole From Cult","damage_taken":0,"max_hp_gain":0,"max_hp_loss":0,"event_name":"Nest","floor":20,"gold_loss":0}],"is_beta":false,"boss_relics":[{"not_picked":["Coffee Dripper","Busted Crown"],"picked":"VioletLotus"}],"items_purged_floors":[12],"is_endless":false,"potions_floor_spawned":[1,2,4,5,10,18],"killed_by":"Shelled Parasite and Fungi","ascension_level":2}}