{"host":"yassvrowvc2yfwp2","time":1614136147,"event":{"mods":["2.2 Compatiblity","Act Like it!","BaseMod","Better Note","Curses Come First","Dota2Spire","Downfall","HololiveMod","Jorbs\u0027s Wanderer Trilogy","Minty Spire (QoL Compilation)","Prisma Mod","Rare Cards Sparkle","Reimu£®≤©¿ˆ¡È√Œ£©","Replay The Spire","Say the Spire","Spicy Shops","StSLib","The Bug Knight","The Cursed","The Servant 0.9.4"],"gold_per_floor":[117,117,130,148,148,148,178,178,205,238,255,283,158,175,175,280,280,291,31,134,146,61,86,106,123,176,208,208,228,228,263,263,358,358,370,22,22,22,35,35,0,13,38,70,70,101,117,141,141,141],"floor_reached":51,"language":"ZHS","playtime":2287,"items_purged":[],"score":1000,"play_id":"cb8bb276-2693-4e00-8bb0-8a84d415a891","local_time":"20210224110907","is_ascension_mode":true,"campfire_choices":[{"data":"PrismaMod:MiyuCheapChannelDefend","floor":6.0,"key":"SMITH"},{"floor":8.0,"key":"REST"},{"floor":15.0,"key":"REST"},{"floor":30,"key":"REST"},{"floor":32,"key":"REST"},{"data":"PrismaMod:MiyuDefendChannelDefend","floor":40,"key":"SMITH"},{"data":"PrismaMod:MiyuChannelAttackEvoke","floor":45,"key":"SMITH"},{"floor":49,"key":"REST"}],"circlet_count":0,"master_deck":["PrismaMod:MiyuCommonDefend","PrismaMod:MiyuCommonDefend","PrismaMod:MiyuCommonDefend","PrismaMod:MiyuCommonAttack","PrismaMod:MiyuCommonAttack","PrismaMod:MiyuCommonAttack","PrismaMod:MiyuCommonAttack","PrismaMod:MiyuCommonAttack","PrismaMod:MiyuCheapChannelAttack","PrismaMod:MiyuCheapChannelDefend+1","PrismaMod:MiyuOrbIncreasePerm+1","PrismaMod:MiyuUncommonDefend","PrismaMod:MiyuAttackChannelAttack","PrismaMod:MiyuAttackChannelVul","PrismaMod:MiyuCheapStrBuff","PrismaMod:MiyuEvokeCheapAttack","PrismaMod:MiyuUncommonPlate","PrismaMod:MiyuUncommonDexBuff","PrismaMod:MiyuDefendChannelDefend+1","PrismaMod:MiyuEvokeCheapAttack+1","PrismaMod:MiyuCheapStrBuff","PrismaMod:MiyuUncommonAOEAttack","PrismaMod:MiyuCheapDefend1","PrismaMod:MiyuCheapStrBuff+1","PrismaMod:MiyuDefenseRemoval","PrismaMod:MiyuCheapChannelDefend","PrismaMod:MiyuUncommonAOEAttack","PrismaMod:MiyuDefenseAbsorbMinor","PrismaMod:MiyuCheapStrBuff+1","PrismaMod:MiyuUncommonAttack+1","PrismaMod:MiyuChannelAttackEvoke+1","PrismaMod:MiyuOrbIncreasePerm+1","PrismaMod:MiyuUncommonStrBuff+1","PrismaMod:MiyuUncommonStrBuff","Mayhem","PrismaMod:MiyuCheapDexBuff+1","PrismaMod:MiyuUberDefend","PrismaMod:MiyuCheapDefend1+1"],"relics":["ReplayTheSpireMod:Onyx Gauntlets","Tea:ReiMu","Gremlin Food","Lizard Tail","Simple Rune","Replay:Bottled Flurry","Runic Dome","ClockworkSouvenir","ReplayFunnel","Dota2Spire:ShadowBlade","Centennial Puzzle","Akabeko","Anchor","Black Star","Membership Card","HollowMod:JonisBlessing","Red Mask","Dota2Spire:UrnOfShadows","Dota2Spire:CrimsonGuard","Smiling Mask","Dota2Spire:AghanimScepter","Blood Vial","Replay:Baseball"],"acts_visited":["Exordium","TheCity","TheBeyond"],"potions_floor_usage":[27,50,50],"damage_taken":[{"damage":1.0,"enemies":"Jaw Worm","floor":1.0,"turns":3.0},{"damage":0.0,"enemies":"Cultist","floor":3.0,"turns":5.0},{"damage":7.0,"enemies":"Small Slimes","floor":4.0,"turns":4.0},{"damage":29.0,"enemies":"Gremlin Nob","floor":7.0,"turns":6.0},{"damage":0.0,"enemies":"Lagavulin","floor":10.0,"turns":8.0},{"damage":4.0,"enemies":"Looter","floor":11.0,"turns":3.0},{"damage":11.0,"enemies":"3 Sentries","floor":12.0,"turns":6.0},{"damage":0.0,"enemies":"3 Louse","floor":14.0,"turns":4.0},{"damage":0.0,"enemies":"Hexaghost","floor":16.0,"turns":8.0},{"damage":3.0,"enemies":"2 Thieves","floor":18.0,"turns":5.0},{"damage":0.0,"enemies":"Shell Parasite","floor":21.0,"turns":4.0},{"damage":7.0,"enemies":"Book of Stabbing","floor":23.0,"turns":7.0},{"damage":2,"enemies":"3 Cultists","floor":24,"turns":4},{"damage":4,"enemies":"Snake Plant","floor":25,"turns":5},{"damage":30,"enemies":"Gremlin Leader","floor":27,"turns":10},{"damage":0,"enemies":"Cultist and Chosen","floor":29,"turns":6},{"damage":16,"enemies":"Slavers","floor":31,"turns":3},{"damage":28,"enemies":"Champ","floor":33,"turns":11},{"damage":18,"enemies":"3 Darklings","floor":35,"turns":6},{"damage":0,"enemies":"3 Shapes","floor":39,"turns":5},{"damage":7,"enemies":"Writhing Mass","floor":42,"turns":8},{"damage":0,"enemies":"Nemesis","floor":44,"turns":9},{"damage":12,"enemies":"Giant Head","floor":46,"turns":9},{"damage":0,"enemies":"Maw","floor":47,"turns":7},{"damage":25,"enemies":"Awakened One","floor":50,"turns":13}],"seed_played":"-2123223427755881670","potions_obtained":[{"floor":3.0,"key":"Weak Potion"},{"floor":4.0,"key":"Dota2Spire:Clarity"},{"floor":7.0,"key":"Weak Potion"},{"floor":11.0,"key":"ColorlessPotion"},{"floor":29,"key":"Strength Potion"}],"is_trial":false,"path_per_floor":["M","?","M","M","?","R","E","R","T","E","M","E","$","M","R","B",null,"M","$","?","M","?","E","M","M","T","E","?","M","R","E","R","B",null,"M","$","?","$","M","R","?","M","T","E","R","E","M","T","R","B",null],"character_chosen":"MIYU","items_purchased":["Replay:Bottled Flurry","ClockworkSouvenir","PrismaMod:MiyuCheapStrBuff","Membership Card","PrismaMod:MiyuUncommonStrBuff","Mayhem","HollowMod:JonisBlessing"],"campfire_rested":5,"item_purchase_floors":[13,19,19,36,36,36,36],"current_hp_per_floor":[74,74,74,67,67,67,38,60,60,60,56,45,45,45,67,67,75,72,72,72,72,72,65,63,59,59,29,29,29,51,35,57,29,75,57,57,57,57,57,75,75,68,68,68,68,56,56,56,75,50],"gold":141,"neow_bonus":"BOSS_RELIC","is_daily":false,"chose_seed":false,"campfire_upgraded":3,"win_rate":0.0,"timestamp":1614136147,"path_taken":["M","?","?","M","?","R","E","R","T","E","M","E","$","M","R","BOSS","M","?","?","M","?","E","?","M","T","E","?","M","R","E","R","BOSS","M","$","?","?","M","R","?","M","T","E","R","E","?","?","R","BOSS"],"items_purchased_type":["Relic","Relic","Card","Relic","Card","Card","Relic"],"build_version":"2020-12-22","purchased_purges":0,"victory":true,"max_hp_per_floor":[75,75,75,75,75,75,75,75,75,75,75,75,75,75,75,75,75,75,75,75,75,75,75,75,75,75,75,75,75,75,75,75,75,75,75,75,75,75,75,75,75,75,75,75,75,75,75,75,75,75],"card_choices":[{"not_picked":["PrismaMod:MiyuCheapEvoke","PrismaMod:MiyuCheapDefend1"],"picked":"PrismaMod:MiyuOrbIncreasePerm","floor":1.0},{"not_picked":["PrismaMod:MiyuDefenseRemoval","PrismaMod:MiyuEvokeCheapDefend"],"picked":"PrismaMod:MiyuUncommonDefend","floor":3.0},{"not_picked":["PrismaMod:MiyuEvokeBuffDex","PrismaMod:MiyuUberAttack"],"picked":"PrismaMod:MiyuAttackChannelAttack","floor":4.0},{"not_picked":["PrismaMod:MiyuEvokeBuffStr","PrismaMod:MiyuEvokeCheapDefend"],"picked":"PrismaMod:MiyuAttackChannelVul","floor":7.0},{"not_picked":["PrismaMod:MiyuUberAOEAttack","PrismaMod:MiyuAttackChannelVul"],"picked":"PrismaMod:MiyuCheapStrBuff","floor":10.0},{"not_picked":["PrismaMod:MiyuEvokeBuffDex","PrismaMod:MiyuCheapChannelWeak"],"picked":"PrismaMod:MiyuEvokeCheapAttack","floor":11.0},{"not_picked":["PrismaMod:MiyuCarnivalAttack","PrismaMod:MiyuMaid"],"picked":"PrismaMod:MiyuUncommonPlate","floor":12.0},{"not_picked":["PrismaMod:MiyuCheapChannelVul","PrismaMod:MiyuCheapChannelRandom"],"picked":"PrismaMod:MiyuUncommonDexBuff","floor":14.0},{"not_picked":["PrismaMod:MiyuDefenseAbsorbMinor","PrismaMod:MiyuEvokeAllAttack"],"picked":"PrismaMod:MiyuDefendChannelDefend","floor":16.0},{"not_picked":["PrismaMod:MiyuCheapChannelVul","PrismaMod:MiyuCheapChannelWeak"],"picked":"PrismaMod:MiyuEvokeCheapAttack+1","floor":18.0},{"not_picked":["PrismaMod:MiyuCheapChannelVul","PrismaMod:MiyuOrbIncreasePerm"],"picked":"PrismaMod:MiyuUncommonAOEAttack","floor":20.0},{"not_picked":["PrismaMod:MiyuEvokeBuffDex+1","PrismaMod:MiyuEvokeCheapDefend"],"picked":"PrismaMod:MiyuCheapDefend1","floor":20.0},{"not_picked":["PrismaMod:MiyuUberAOEAttack+1","PrismaMod:MiyuDefenseRemoval"],"picked":"PrismaMod:MiyuCheapStrBuff+1","floor":21.0},{"not_picked":["PrismaMod:MiyuUberAOEAttack+1","PrismaMod:MiyuCarnivalAttack"],"picked":"PrismaMod:MiyuDefenseRemoval","floor":23},{"not_picked":["PrismaMod:MiyuDefenseRemoval","PrismaMod:MiyuCheapChannelWeak"],"picked":"PrismaMod:MiyuCheapChannelDefend","floor":24},{"not_picked":["PrismaMod:MiyuCheapEvoke","PrismaMod:MiyuEvokeBuffStr"],"picked":"PrismaMod:MiyuUncommonAOEAttack","floor":25},{"not_picked":["PrismaMod:MiyuUncommonAOEAttack","PrismaMod:MiyuEvokeCheapAttack+1"],"picked":"PrismaMod:MiyuDefenseAbsorbMinor","floor":27},{"not_picked":["PrismaMod:MiyuAttackChannelWeak","PrismaMod:MiyuEvokeCheapAttack"],"picked":"PrismaMod:MiyuCheapStrBuff+1","floor":29},{"not_picked":["PrismaMod:MiyuDefenseAbsorbMinor","PrismaMod:MiyuEvokeAll"],"picked":"PrismaMod:MiyuUncommonAttack+1","floor":31},{"not_picked":["PrismaMod:MiyuUberDefend","PrismaMod:MiyuBride"],"picked":"PrismaMod:MiyuChannelAttackEvoke","floor":33},{"not_picked":["PrismaMod:MiyuDefenseExplosion+1","PrismaMod:MiyuCheapAttack2"],"picked":"PrismaMod:MiyuOrbIncreasePerm+1","floor":35},{"not_picked":["PrismaMod:MiyuUncommonPlate+1","PrismaMod:MiyuAttackChannelWeak+1"],"picked":"PrismaMod:MiyuCheapDexBuff+1","floor":39},{"not_picked":["PrismaMod:MiyuCarnivalAttack","PrismaMod:MiyuUncommonAttack+1","PrismaMod:MiyuDefenseExplosion+1"],"picked":"SKIP","floor":42},{"not_picked":["PrismaMod:MiyuCheapChannelWeak+1","PrismaMod:MiyuCheapEvoke+1","PrismaMod:MiyuEvokeBuffStr"],"picked":"SKIP","floor":44},{"not_picked":["PrismaMod:MiyuAttackChannelWeak","PrismaMod:MiyuUncommonDefend+1"],"picked":"PrismaMod:MiyuUberDefend","floor":46},{"not_picked":["PrismaMod:MiyuUncommonDexBuff","PrismaMod:MiyuCheapChannelDefend"],"picked":"PrismaMod:MiyuCheapDefend1+1","floor":47}],"player_experience":2198808,"relics_obtained":[{"floor":7.0,"key":"Tea:ReiMu"},{"floor":9.0,"key":"Gremlin Food"},{"floor":10.0,"key":"Lizard Tail"},{"floor":12.0,"key":"Simple Rune"},{"floor":20.0,"key":"ReplayFunnel"},{"floor":26,"key":"Centennial Puzzle"},{"floor":27,"key":"Akabeko"},{"floor":31,"key":"Anchor"},{"floor":43,"key":"Dota2Spire:UrnOfShadows"},{"floor":44,"key":"Dota2Spire:CrimsonGuard"},{"floor":44,"key":"Smiling Mask"},{"floor":46,"key":"Dota2Spire:AghanimScepter"},{"floor":46,"key":"Blood Vial"},{"floor":48,"key":"Replay:Baseball"}],"event_choices":[{"damage_healed":0.0,"max_hp_gain":0.0,"max_hp_loss":0.0,"gold_gain":0.0,"event_name":"Upgrade Shrine","player_choice":"Upgraded","floor":2.0,"gold_loss":0.0,"damage_taken":0.0,"cards_upgraded":["PrismaMod:MiyuOrbIncreasePerm"]},{"cards_removed":["PrismaMod:MiyuCommonDefend"],"damage_healed":0.0,"max_hp_gain":0.0,"max_hp_loss":0.0,"gold_gain":0.0,"event_name":"Bonfire Elementals","player_choice":"Offered Basic","floor":5.0,"gold_loss":0.0,"damage_taken":0.0},{"damage_healed":0.0,"max_hp_gain":0.0,"max_hp_loss":0.0,"gold_gain":0.0,"event_name":"Addict","player_choice":"Obtained Relic","floor":22.0,"gold_loss":85.0,"damage_taken":0.0,"relics_obtained":["Dota2Spire:ShadowBlade"]},{"cards_removed":["PrismaMod:MiyuCommonDefend"],"damage_healed":0,"gold_gain":0,"player_choice":"Card Removal","damage_taken":0,"max_hp_gain":0,"max_hp_loss":0,"event_name":"Wheel of Change","floor":37,"gold_loss":0},{"damage_healed":0,"gold_gain":0,"player_choice":"Paid","damage_taken":0,"relics_obtained":["Red Mask"],"max_hp_gain":0,"max_hp_loss":0,"event_name":"Tomb of Lord Red Mask","floor":41,"gold_loss":35}],"is_beta":false,"boss_relics":[{"not_picked":["Fusion Hammer","Ring of Chaos"],"picked":"Runic Dome"},{"not_picked":["Coffee Dripper","RedLine:ReiMu"],"picked":"Black Star"}],"items_purged_floors":[],"is_endless":false,"potions_floor_spawned":[3,4,7,11,14,18,23,29,31,46],"ascension_level":1}}