{"host":"tr0r177cvmpvg89h","time":1614175690,"event":{"mods":["BaseMod","Colored Map","DeckTracker","Minty Spire (QoL Compilation)","StSLib","SuperFastMode"],"gold_per_floor":[112,112,130,150,165,165,181,32,56,81,81,81,99,128,128,128,128],"floor_reached":16,"language":"KOR","playtime":1121,"items_purged":["Strike_B"],"score":112,"play_id":"514cc805-b642-4803-9b39-268e07e7dd4d","local_time":"20210224230810","is_ascension_mode":false,"campfire_choices":[{"data":"Redo","floor":6,"key":"SMITH"},{"data":"Amplify","floor":11,"key":"SMITH"},{"data":"Fusion","floor":15,"key":"SMITH"}],"circlet_count":0,"master_deck":["Strike_B","Strike_B","Defend_B","Defend_B","Defend_B","Defend_B","Zap","Dualcast","Cold Snap","Self Repair","Redo+1","Stack","Fusion+1","Capacitor","Amplify+1","Compile Driver"],"relics":["Cracked Core","Bag of Preparation","Toy Ornithopter","Art of War","Potion Belt"],"acts_visited":["Exordium"],"potions_floor_usage":[10,14,16],"damage_taken":[{"damage":9,"enemies":"2 Louse","floor":1,"turns":3},{"damage":3,"enemies":"Small Slimes","floor":3,"turns":3},{"damage":0,"enemies":"Jaw Worm","floor":4,"turns":4},{"damage":6,"enemies":"Looter","floor":5,"turns":5},{"damage":2,"enemies":"Blue Slaver","floor":7,"turns":4},{"damage":53,"enemies":"Gremlin Nob","floor":10,"turns":5},{"damage":15,"enemies":"2 Fungi Beasts","floor":13,"turns":4},{"damage":23,"enemies":"3 Sentries","floor":14,"turns":8},{"damage":46,"enemies":"Slime Boss","floor":16,"turns":10}],"seed_played":"3325838128838185003","potions_obtained":[{"floor":1,"key":"SteroidPotion"},{"floor":4,"key":"ColorlessPotion"},{"floor":10,"key":"Energy Potion"},{"floor":14,"key":"Swift Potion"}],"is_trial":false,"path_per_floor":["M","?","M","M","M","R","M","$","T","E","R","?","M","E","R","B"],"character_chosen":"DEFECT","items_purchased":["Capacitor"],"campfire_rested":0,"item_purchase_floors":[8],"current_hp_per_floor":[66,59,56,63,64,64,69,69,69,28,28,53,52,41,41,0,0],"gold":128,"neow_bonus":"RANDOM_COMMON_RELIC","is_daily":false,"chose_seed":false,"campfire_upgraded":3,"win_rate":0.0,"timestamp":1614175690,"path_taken":["M","?","M","M","M","R","M","$","T","E","R","?","M","E","R","BOSS"],"items_purchased_type":["Card"],"build_version":"2020-12-22","purchased_purges":1,"victory":false,"max_hp_per_floor":[75,75,75,75,75,75,75,75,75,75,75,75,75,75,75,75,75],"card_choices":[{"not_picked":["Compile Driver","Go for the Eyes"],"picked":"Cold Snap","floor":1},{"not_picked":["Compile Driver","Stack"],"picked":"Self Repair","floor":3},{"not_picked":["Barrage","Ball Lightning"],"picked":"Redo","floor":4},{"not_picked":["Beam Cell","Barrage"],"picked":"Stack","floor":5},{"not_picked":["Cold Snap","Ball Lightning"],"picked":"Fusion","floor":7},{"not_picked":["Rip and Tear","Coolheaded"],"picked":"Amplify","floor":10},{"not_picked":["Tempest","Ball Lightning"],"picked":"Compile Driver","floor":13},{"not_picked":["Redo","Hologram","Barrage"],"picked":"SKIP","floor":14}],"player_experience":132305,"relics_obtained":[{"floor":9,"key":"Toy Ornithopter"},{"floor":10,"key":"Art of War"},{"floor":14,"key":"Potion Belt"}],"event_choices":[{"cards_removed":["Strike_B"],"damage_healed":0,"gold_gain":0,"player_choice":"Card Removal","damage_taken":7,"max_hp_gain":0,"max_hp_loss":0,"event_name":"Golden Wing","floor":2,"gold_loss":0},{"damage_healed":25,"gold_gain":0,"player_choice":"Banana","damage_taken":0,"max_hp_gain":0,"max_hp_loss":0,"event_name":"Big Fish","floor":12,"gold_loss":0}],"is_beta":false,"boss_relics":[],"items_purged_floors":[8],"is_endless":false,"potions_floor_spawned":[1,4,10,14],"killed_by":"Slime Boss","ascension_level":0}}