{"host":"etc34k4ck9qyv0fa","time":1614192640,"event":{"mods":["AchievementEnabler","BaseMod","Colored Map","Colored Powertips","Marisa????????","Minty Spire (QoL Compilation)","Reimu??????","Replay The Spire","StSLib","The Animator","The Servant 0.9.4"],"gold_per_floor":[116,2,2,2,12,41,66,66,66,106,135,160,13,13,13,114,114,133,182,42,42,42,42,101,101,149,195,241,283,340,77,77,183,183,218,218,218,248,248,248,308,348,348,443,204,271,304,360,360,360,360,360,9,77,113,113],"floor_reached":55,"language":"ENG","playtime":4097,"items_purged":["Strike_MRS","Regret","Pain","Defend_MRS"],"score":2087,"play_id":"2b276da6-f15e-4418-b940-4ed03c6dfbcc","local_time":"20210224195040","is_ascension_mode":true,"campfire_choices":[{"floor":15.0,"key":"REST"},{"data":"EscapeVelocity","floor":23,"key":"SMITH"},{"data":"DarkMatter","floor":25,"key":"SMITH"},{"data":"BinaryStars","floor":32,"key":"SMITH"},{"data":"MillisecondPulsars","floor":40,"key":"SMITH"},{"floor":49,"key":"RECALL"},{"data":"Orbital","floor":52,"key":"SMITH"}],"circlet_count":0,"master_deck":["AscendersBane","Defend_MRS","Defend_MRS","Defend_MRS","MasterSpark","UpSweep","PulseMagic","MillisecondPulsars+1","EscapeVelocity+1","Robbery","EarthLightRay","EarthLightRay","Parasite","CasketOfStar","ShootingEcho","GasGiant+1","DarkMatter+1","WitchOfGreed","Ghostly","Ghostly","Ghostly","StarlightTyphoon","Orbital","BinaryStars+1","Singularity","SatelliteIllusion","GasGiant+1","EscapeVelocity+1","JA+1","Madness","Madness","Ghostly","ManaConvection","Orbital+1"],"relics":["MiniHakkero","NeowsBlessing","ReplayTheSpireMod:Ring of Addiction","ReplayTheSpireMod:Ring of Collecting","Potion Belt","Chameleon Ring","WingedGreaves","Ring of Fury","Blue Doll","Orichalcum","ReplayTheSpireMod:Ring of Challenge","AmplifyWand","Mastiff:ReiMu","Runic Dome","Ancient Tea Set","Enchiridion","Replay:Mystery Machine","Ring of Peace","Pet Ghost","Replay:Bottled Snecko","Strawberry","RuthlessExorcism:ReiMu","Astrolabe","PreservedInsect","Juzu Bracelet","Meat on the Bone","ReplayTheSpireMod:TigerMarble","Centennial Puzzle"],"acts_visited":["Exordium","TheCity","TheBeyond","TheEnding"],"potions_floor_usage":[24,27,28,29,30,30,33,35,38,41,41,41,44,46,47,48,50,50,54,55,55],"damage_taken":[{"damage":0.0,"enemies":"Small Slimes","floor":1.0,"turns":1.0},{"damage":0.0,"enemies":"2 Louse","floor":5.0,"turns":1.0},{"damage":0.0,"enemies":"Lagavulin","floor":6.0,"turns":2.0},{"damage":28.0,"enemies":"3 Sentries","floor":10.0,"turns":8.0},{"damage":6.0,"enemies":"Cultist","floor":11.0,"turns":4.0},{"damage":27.0,"enemies":"Exordium Thugs","floor":12.0,"turns":6.0},{"damage":36.0,"enemies":"Hexaghost","floor":16.0,"turns":8.0},{"damage":17.0,"enemies":"Shell Parasite","floor":18.0,"turns":4.0},{"damage":1,"enemies":"Slavers","floor":24,"turns":5},{"damage":0,"enemies":"2 Thieves","floor":27,"turns":4},{"damage":0,"enemies":"Book of Stabbing","floor":28,"turns":5},{"damage":0,"enemies":"3 Cultists","floor":29,"turns":5},{"damage":0,"enemies":"Slavers","floor":30,"turns":5},{"damage":0,"enemies":"Automaton","floor":33,"turns":8},{"damage":0,"enemies":"3 Shapes","floor":35,"turns":3},{"damage":0,"enemies":"3 Darklings","floor":38,"turns":4},{"damage":0,"enemies":"Reptomancer","floor":41,"turns":4},{"damage":12,"enemies":"Jaw Worm Horde","floor":42,"turns":5},{"damage":0,"enemies":"Giant Head","floor":44,"turns":6},{"damage":3,"enemies":"R_Hoarder","floor":46,"turns":8},{"damage":0,"enemies":"4 Shapes","floor":47,"turns":3},{"damage":0,"enemies":"Transient","floor":48,"turns":6},{"damage":53,"enemies":"Time Eater","floor":50,"turns":11},{"damage":0,"enemies":"Shield and Spear","floor":54,"turns":6},{"damage":48,"enemies":"The Heart","floor":55,"turns":5}],"seed_played":"-1988413701962746784","potions_obtained":[{"floor":3.0,"key":"Adrenaline Potion"},{"floor":3.0,"key":"Milkshake"},{"floor":3.0,"key":"Toxic Potion"},{"floor":5.0,"key":"Venom Potion"},{"floor":10.0,"key":"Strength Potion"},{"floor":16.0,"key":"Toxic Potion"},{"floor":18.0,"key":"DuplicationPotion"},{"floor":19.0,"key":"Dexterity Potion"},{"floor":24,"key":"FairyPotion"},{"floor":27,"key":"BlessingOfTheForge"},{"floor":28,"key":"PowerPotion"},{"floor":29,"key":"Fire Potion"},{"floor":29,"key":"BlessingOfTheForge"},{"floor":30,"key":"MagicPotion:ReiMu"},{"floor":33,"key":"BottledSpark"},{"floor":33,"key":"Explosive Potion"},{"floor":35,"key":"BottledSpark"},{"floor":35,"key":"Block Potion"},{"floor":38,"key":"Strength Potion"},{"floor":41,"key":"Elixir"},{"floor":42,"key":"Strength Potion"},{"floor":42,"key":"Explosive Potion"},{"floor":44,"key":"SkillPotion"},{"floor":46,"key":"Swift Potion"},{"floor":47,"key":"Ancient Potion"},{"floor":48,"key":"Dexterity Potion"},{"floor":54,"key":"Strength Potion"}],"is_trial":false,"path_per_floor":["M","$","?","?","M","E","T","T","T","E","M","M","$","?","R","B",null,"M","?","$","?","?","R","E","R","T","M","E","M","E","$","R","B",null,"M","?","?","M","?","R","E","M","T","E","$","E","M","M","R_BF","B",null,"R","$","E","B"],"character_chosen":"MARISA","items_purchased":["PulseMagic","EarthLightRay","WitchOfGreed","RuthlessExorcism:ReiMu","Singularity","ManaConvection","ReplayTheSpireMod:TigerMarble","DistilledChaos","ColorlessPotion","SpeedPotion"],"campfire_rested":1,"item_purchase_floors":[2,13,20,31,31,45,53,53,53,53],"current_hp_per_floor":[63,63,63,63,63,63,63,63,63,35,29,2,2,18,37,9,50,41,41,41,20,20,20,27,27,27,29,29,29,36,36,36,36,36,36,30,30,36,36,36,36,32,32,36,36,33,36,36,36,28,34,34,34,34,0,0],"gold":113,"neow_bonus":"THREE_ENEMY_KILL","is_daily":false,"chose_seed":false,"campfire_upgraded":5,"win_rate":0.0,"timestamp":1614192640,"path_taken":["M","$","?","?","?","E","?","?","T","E","M","M","$","?","R","BOSS","M","?","$","?","?","R","E","R","T","M","E","M","E","$","R","BOSS","M","?","?","?","?","R","E","M","T","E","$","E","M","M","R_BF","BOSS","R","$","E","BOSS"],"items_purchased_type":["Card","Card","Card","Relic","Card","Card","Relic","Potion","Potion","Potion"],"build_version":"2020-12-22","purchased_purges":4,"victory":false,"max_hp_per_floor":[70,70,70,70,70,70,68,68,68,66,66,66,66,64,64,64,64,64,64,62,62,31,31,29,29,29,29,29,29,36,36,36,36,36,36,36,36,36,36,36,36,36,36,36,36,36,36,36,36,36,36,36,36,34,34,34],"card_choices":[{"not_picked":["LuminesStrike","IllusionStar","DoubleSpark"],"picked":"SKIP","floor":1.0},{"not_picked":["OneTimeOff","WitchOfGreed"],"picked":"EscapeVelocity","floor":5.0},{"not_picked":["BlazeAway","GravityBeat"],"picked":"Robbery","floor":6.0},{"not_picked":["FinalSpark","SporeBomb","IllusionStar"],"picked":"SKIP","floor":10.0},{"not_picked":["GrandCross","OneTimeOff","DC"],"picked":"SKIP","floor":11.0},{"not_picked":["NonDirectionalLaser","MagicChant","OrrerysSun"],"picked":"SKIP","floor":12.0},{"not_picked":["UltimateShortwave","BigCrunch"],"picked":"CasketOfStar","floor":16.0},{"not_picked":["DoubleSpark","DC"],"picked":"ShootingEcho","floor":18.0},{"not_picked":["ChargingUp","MagicChant"],"picked":"GasGiant+1","floor":19.0},{"not_picked":["SporeBomb","Acceleration"],"picked":"DarkMatter","floor":19.0},{"not_picked":["StarBarrage","Acceleration"],"picked":"StarlightTyphoon","floor":24},{"not_picked":["WitchLeyline","MilkyWay","AlicesGift"],"picked":"SKIP","floor":27},{"not_picked":["GalacticHalo","PropBag+1","WitchOfGreed"],"picked":"SKIP","floor":28},{"not_picked":["DC","OrrerysSun"],"picked":"Orbital","floor":29},{"not_picked":["DC","ChargeUpSpray"],"picked":"BinaryStars","floor":30},{"not_picked":["MaximisePower","EscapeVelocity"],"picked":"SatelliteIllusion","floor":33},{"not_picked":["EventHorizon","DeepEcoloBomb","PowerUp"],"picked":"SKIP","floor":35},{"not_picked":["WitchOfGreed","NonDirectionalLaser","Occultation"],"picked":"SKIP","floor":38},{"not_picked":["NonDirectionalLaser+1","EarthLightRay","MilkyWay"],"picked":"SKIP","floor":41},{"not_picked":["IllusionStar","PulseMagic","PowerUp"],"picked":"SKIP","floor":42},{"not_picked":["SporeBomb","6A","ShootingEcho"],"picked":"SKIP","floor":44},{"not_picked":["WitchOfGreed","EnergyRecoil"],"picked":"Orbital","floor":46},{"not_picked":["WitchOfGreed","AsteroidBelt","MilkyWay"],"picked":"SKIP","floor":47},{"not_picked":["MachineGunSpark+1","WitchLeyline","DoubleSpark"],"picked":"SKIP","floor":48},{"not_picked":["DeepEcoloBomb+1","LuminesStrike","ShootingEcho"],"picked":"SKIP","floor":54}],"player_experience":510150,"relics_obtained":[{"floor":3.0,"key":"ReplayTheSpireMod:Ring of Addiction"},{"floor":3.0,"key":"ReplayTheSpireMod:Ring of Collecting"},{"floor":3.0,"key":"Potion Belt"},{"floor":3.0,"key":"Chameleon Ring"},{"floor":6.0,"key":"WingedGreaves"},{"floor":7.0,"key":"Ring of Fury"},{"floor":7.0,"key":"Blue Doll"},{"floor":8.0,"key":"Orichalcum"},{"floor":9.0,"key":"ReplayTheSpireMod:Ring of Challenge"},{"floor":9.0,"key":"AmplifyWand"},{"floor":10.0,"key":"Mastiff:ReiMu"},{"floor":19.0,"key":"Ancient Tea Set"},{"floor":21.0,"key":"Enchiridion"},{"floor":24,"key":"Replay:Mystery Machine"},{"floor":26,"key":"Ring of Peace"},{"floor":26,"key":"Pet Ghost"},{"floor":28,"key":"Replay:Bottled Snecko"},{"floor":30,"key":"Strawberry"},{"floor":41,"key":"PreservedInsect"},{"floor":44,"key":"Juzu Bracelet"},{"floor":46,"key":"Meat on the Bone"},{"floor":54,"key":"Centennial Puzzle"}],"event_choices":[{"damage_healed":0.0,"max_hp_gain":0.0,"max_hp_loss":0.0,"gold_gain":0.0,"event_name":"Match and Keep!","player_choice":"1 cards matched","floor":4.0,"gold_loss":0.0,"damage_taken":0.0,"cards_obtained":["MillisecondPulsars"]},{"damage_healed":16.0,"max_hp_gain":0.0,"max_hp_loss":0.0,"gold_gain":0.0,"event_name":"Mushrooms_MRS","player_choice":"Healed and dodged fight","floor":14.0,"gold_loss":0.0,"damage_taken":0.0,"cards_obtained":["Parasite"]},{"damage_healed":0.0,"max_hp_gain":0.0,"max_hp_loss":0.0,"gold_gain":0.0,"event_name":"Cursed Tome","player_choice":"Obtained Book","floor":21.0,"gold_loss":0.0,"damage_taken":21.0},{"damage_healed":0.0,"max_hp_gain":0.0,"max_hp_loss":31.0,"gold_gain":0.0,"event_name":"Ghosts","player_choice":"Became a Ghost","floor":22.0,"gold_loss":0.0,"damage_taken":0.0,"cards_obtained":["Ghostly","Ghostly","Ghostly"]},{"damage_healed":0,"gold_gain":0,"player_choice":"Embrace Madness","damage_taken":6,"max_hp_gain":0,"max_hp_loss":0,"event_name":"Winding Halls","floor":36,"gold_loss":0,"cards_obtained":["Madness","Madness"]},{"damage_healed":0,"gold_gain":0,"player_choice":"Ignored","damage_taken":0,"max_hp_gain":0,"max_hp_loss":0,"event_name":"SecretPortal","floor":37,"gold_loss":0},{"damage_healed":0,"gold_gain":0,"player_choice":"Copied","damage_taken":0,"max_hp_gain":0,"max_hp_loss":0,"event_name":"Duplicator","floor":39,"gold_loss":0,"cards_obtained":["Ghostly"]}],"is_beta":false,"boss_relics":[{"not_picked":["Ectoplasm","SacredBark"],"picked":"Runic Dome"},{"not_picked":["Snecko Eye","Replay:Ancient Bell"],"picked":"Astrolabe"}],"items_purged_floors":[2,13,20,45],"is_endless":false,"potions_floor_spawned":[5,6,10,16,18,28,29,33,35,42,46,48],"killed_by":"The Heart","ascension_level":19}}