{"host":"to2s10i0cynxbiqz","time":1614154977,"event":{"mods":["BaseMod","Colored Powertips","Highlight Path","Minty Spire (QoL Compilation)","Quick Restart","StSLib","slay the spire mod where everything is the same but ironclad has a cowboy hat"],"gold_per_floor":[117,128,128,143,154,154,172,172,219,247,263,38,55,55,55,154,154,174,192,210,222,321,349,349,349,349,57,75,90,105,136,136,237,237,249,124,224,235,235,235,249,249,249,249,1,28,45,93,93,93,93,93,45,72,72],"floor_reached":56,"language":"ZHS","playtime":2404,"items_purged":["Strike_G","Strike_G","Defend_G"],"score":1364,"play_id":"b6d8b4f1-6ccb-49d0-9875-5611a293820c","local_time":"20210224162257","is_ascension_mode":true,"campfire_choices":[{"data":"Catalyst","floor":6.0,"key":"SMITH"},{"data":"Concentrate","floor":8.0,"key":"SMITH"},{"data":"Catalyst","floor":15.0,"key":"SMITH"},{"data":"Bouncing Flask","floor":24.0,"key":"SMITH"},{"data":"Doppelganger","floor":32.0,"key":"SMITH"},{"data":"Adrenaline","floor":40.0,"key":"SMITH"},{"floor":49.0,"key":"RECALL"},{"data":"Wraith Form v2","floor":52.0,"key":"SMITH"}],"circlet_count":0,"master_deck":["Defend_G","Defend_G","Defend_G","Defend_G","Survivor","Neutralize","Calculated Gamble","Concentrate+1","Bouncing Flask+1","Catalyst+1","Leg Sweep","Distraction+1","Catalyst+1","Corpse Explosion","Venomology+1","Bullet Time+1","Underhanded Strike+1","Escape Plan","Backflip","Outmaneuver","Backflip+1","Footwork","Doppelganger+1","Noxious Fumes","Prepared+1","Catalyst+1","Adrenaline+1","Acrobatics+1","Discovery","Finesse","Wraith Form v2+1"],"relics":["Runic Pyramid","Omamori","Odd Mushroom","Snake Skull","Astrolabe","Bottled Lightning","Art of War","SacredBark","Ornamental Fan","Lantern","Regal Pillow","InkBottle"],"acts_visited":["TheCity","TheBeyond","TheEnding"],"potions_floor_usage":[55,55],"damage_taken":[{"damage":14.0,"enemies":"2 Louse","floor":1.0,"turns":3.0},{"damage":4.0,"enemies":"Cultist","floor":2.0,"turns":4.0},{"damage":3.0,"enemies":"Jaw Worm","floor":4.0,"turns":4.0},{"damage":5.0,"enemies":"3 Louse","floor":5.0,"turns":4.0},{"damage":0.0,"enemies":"2 Fungi Beasts","floor":7.0,"turns":3.0},{"damage":6.0,"enemies":"The Mushroom Lair","floor":10.0,"turns":5.0},{"damage":0.0,"enemies":"Exordium Thugs","floor":11.0,"turns":4.0},{"damage":0.0,"enemies":"Red Slaver","floor":13.0,"turns":1.0},{"damage":0.0,"enemies":"Slime Boss","floor":16.0,"turns":3.0},{"damage":2.0,"enemies":"Spheric Guardian","floor":18.0,"turns":3.0},{"damage":1.0,"enemies":"Chosen","floor":19.0,"turns":3.0},{"damage":0.0,"enemies":"Snake Plant","floor":20.0,"turns":2.0},{"damage":0.0,"enemies":"Shelled Parasite and Fungi","floor":21.0,"turns":4.0},{"damage":0.0,"enemies":"Gremlin Leader","floor":23.0,"turns":3.0},{"damage":0.0,"enemies":"Centurion and Healer","floor":28.0,"turns":3.0},{"damage":8.0,"enemies":"Snake Plant","floor":29.0,"turns":3.0},{"damage":0.0,"enemies":"3 Cultists","floor":30.0,"turns":3.0},{"damage":0.0,"enemies":"Book of Stabbing","floor":31.0,"turns":4.0},{"damage":7.0,"enemies":"Automaton","floor":33.0,"turns":6.0},{"damage":27.0,"enemies":"3 Shapes","floor":35.0,"turns":3.0},{"damage":0.0,"enemies":"3 Darklings","floor":38.0,"turns":4.0},{"damage":10.0,"enemies":"Sphere and 2 Shapes","floor":41.0,"turns":4.0},{"damage":5.0,"enemies":"4 Shapes","floor":44.0,"turns":2.0},{"damage":1.0,"enemies":"Nemesis","floor":46.0,"turns":5.0},{"damage":0.0,"enemies":"Spire Growth","floor":47.0,"turns":3.0},{"damage":1.0,"enemies":"Time Eater","floor":50.0,"turns":5.0},{"damage":1.0,"enemies":"Shield and Spear","floor":54.0,"turns":3.0},{"damage":7,"enemies":"The Heart","floor":55,"turns":4}],"seed_played":"-2861285697478517417","potions_obtained":[{"floor":3.0,"key":"CultistPotion"},{"floor":3.0,"key":"AttackPotion"},{"floor":3.0,"key":"FairyPotion"},{"floor":5.0,"key":"Strength Potion"},{"floor":7.0,"key":"Block Potion"},{"floor":11.0,"key":"DuplicationPotion"},{"floor":16.0,"key":"FearPotion"},{"floor":18.0,"key":"ColorlessPotion"},{"floor":19.0,"key":"Energy Potion"},{"floor":23.0,"key":"Strength Potion"},{"floor":29.0,"key":"SteroidPotion"},{"floor":41.0,"key":"ColorlessPotion"},{"floor":54.0,"key":"DistilledChaos"}],"is_trial":false,"path_per_floor":["M","M","?","M","M","R","M","R","T","?","M","$","M","?","R","B",null,"M","M","M","M","?","E","R","?","T","$","M","M","M","E","R","B",null,"M","$","?","M","?","R","M","?","T","M","$","E","M","T","R","B",null,"R","$","E","B",null],"character_chosen":"THE_SILENT","items_purchased":["Snake Skull","Footwork","Doppelganger","Finesse","Wraith Form v2","ColorlessPotion"],"campfire_rested":0,"item_purchase_floors":[12,27,27,45,45,53],"current_hp_per_floor":[56,52,52,49,44,44,44,44,44,38,38,38,38,38,38,38,70,68,67,67,67,67,67,67,67,67,67,67,59,59,59,59,52,70,43,43,43,43,43,43,33,33,33,28,28,27,27,27,27,53,66,66,66,65,58],"gold":72,"neow_bonus":"BOSS_RELIC","is_daily":false,"chose_seed":false,"campfire_upgraded":7,"win_rate":0.0,"timestamp":1614154977,"path_taken":["M","M","?","M","M","R","?","R","T","?","M","$","M","?","R","BOSS","M","M","M","M","?","E","R","?","T","$","M","M","?","E","R","BOSS","M","$","?","?","?","R","M","?","T","M","$","E","M","?","R","BOSS","R","$","E","BOSS"],"items_purchased_type":["Relic","Card","Card","Card","Card","Potion"],"build_version":"2020-12-22","purchased_purges":3,"victory":true,"max_hp_per_floor":[70,70,70,70,70,70,70,70,70,70,70,70,70,70,70,70,70,70,70,70,70,70,70,70,70,70,70,70,70,70,70,70,70,70,70,70,70,70,66,66,66,66,66,66,66,66,66,66,66,66,66,66,66,66,66],"card_choices":[{"not_picked":["Outmaneuver","Poisoned Stab"],"picked":"Calculated Gamble","floor":1.0},{"not_picked":["Predator","Outmaneuver"],"picked":"Concentrate","floor":2.0},{"not_picked":["Dagger Spray","Flechettes"],"picked":"Bouncing Flask","floor":4.0},{"not_picked":["Slice","Flying Knee"],"picked":"Catalyst","floor":5.0},{"not_picked":["Dash","Skewer"],"picked":"Leg Sweep","floor":7.0},{"not_picked":["Endless Agony","Accuracy"],"picked":"Distraction","floor":11.0},{"not_picked":["Dagger Spray","Deflect"],"picked":"Catalyst","floor":13.0},{"not_picked":["After Image","Malaise"],"picked":"Corpse Explosion","floor":16.0},{"not_picked":["Deflect+1","Bane"],"picked":"Escape Plan","floor":18.0},{"not_picked":["Blade Dance+1","Dagger Spray+1"],"picked":"Backflip","floor":19.0},{"not_picked":["Bane","Accuracy"],"picked":"Outmaneuver","floor":20.0},{"not_picked":["Poisoned Stab","Caltrops","Distraction"],"picked":"SKIP","floor":21.0},{"not_picked":["Reflex","Quick Slash"],"picked":"Backflip+1","floor":23.0},{"not_picked":["Prepared","Dodge and Roll"],"picked":"Noxious Fumes","floor":28.0},{"not_picked":["Heel Hook","Backflip","Unload"],"picked":"SKIP","floor":29.0},{"not_picked":["Sucker Punch","Slice"],"picked":"Prepared+1","floor":30.0},{"not_picked":["Poisoned Stab","Heel Hook+1"],"picked":"Catalyst+1","floor":31.0},{"not_picked":["Bullet Time","Tools of the Trade"],"picked":"Adrenaline","floor":33.0},{"not_picked":["Cloak And Dagger","Deflect","Heel Hook"],"picked":"SKIP","floor":35.0},{"not_picked":["Sucker Punch+1","Quick Slash"],"picked":"Acrobatics+1","floor":38.0},{"not_picked":["Skewer","Cloak And Dagger+1","Underhanded Strike"],"picked":"SKIP","floor":41.0},{"not_picked":["Purity","Chrysalis"],"picked":"Discovery","floor":42.0},{"not_picked":["All Out Attack+1","Eviscerate+1","Underhanded Strike+1"],"picked":"SKIP","floor":46.0},{"not_picked":["Dodge and Roll+1","Setup","Masterful Stab+1"],"picked":"SKIP","floor":47.0},{"not_picked":["Deadly Poison+1","Expertise+1","Crippling Poison"],"picked":"SKIP","floor":54.0}],"player_experience":205080,"relics_obtained":[{"floor":9.0,"key":"Omamori"},{"floor":10.0,"key":"Odd Mushroom"},{"floor":23.0,"key":"Bottled Lightning"},{"floor":31.0,"key":"Art of War"},{"floor":43.0,"key":"Ornamental Fan"},{"floor":46.0,"key":"Lantern"},{"floor":48.0,"key":"Regal Pillow"},{"floor":54.0,"key":"InkBottle"}],"event_choices":[{"damage_healed":0.0,"max_hp_gain":0.0,"max_hp_loss":0.0,"gold_gain":0.0,"event_name":"Lab","player_choice":"Got Potions","floor":3.0,"gold_loss":0.0,"damage_taken":0.0},{"damage_healed":0.0,"max_hp_gain":0.0,"max_hp_loss":0.0,"gold_gain":0.0,"event_name":"Mushrooms","player_choice":"Fought Mushrooms","floor":10.0,"gold_loss":0.0,"damage_taken":0.0},{"damage_healed":0.0,"max_hp_gain":0.0,"max_hp_loss":0.0,"gold_gain":0.0,"event_name":"Living Wall","player_choice":"Grow","floor":14.0,"gold_loss":0.0,"damage_taken":0.0,"cards_upgraded":["Distraction"]},{"damage_healed":0.0,"max_hp_gain":0.0,"max_hp_loss":0.0,"gold_gain":99.0,"event_name":"Nest","player_choice":"Stole From Cult","floor":22.0,"gold_loss":0.0,"damage_taken":0.0},{"damage_healed":0.0,"max_hp_gain":0.0,"max_hp_loss":0.0,"gold_gain":0.0,"event_name":"The Woman in Blue","player_choice":"Bought 0 Potions","floor":25.0,"gold_loss":0.0,"damage_taken":0.0},{"damage_healed":0.0,"max_hp_gain":0.0,"max_hp_loss":0.0,"gold_gain":100.0,"event_name":"Golden Shrine","player_choice":"Pray","floor":37.0,"gold_loss":0.0,"damage_taken":0.0},{"damage_healed":0.0,"max_hp_gain":0.0,"max_hp_loss":4.0,"gold_gain":0.0,"event_name":"Winding Halls","player_choice":"Max HP","floor":39.0,"gold_loss":0.0,"damage_taken":0.0},{"damage_healed":0.0,"max_hp_gain":0.0,"max_hp_loss":0.0,"gold_gain":0.0,"event_name":"SensoryStone","player_choice":"Memory 1","floor":42.0,"gold_loss":0.0,"damage_taken":0.0}],"is_beta":false,"boss_relics":[{"not_picked":["Runic Dome","Busted Crown"],"picked":"Astrolabe"},{"not_picked":["Velvet Choker","Calling Bell"],"picked":"SacredBark"}],"items_purged_floors":[12,27,36],"is_endless":false,"potions_floor_spawned":[5,7,11,16,18,19,23,29,41,44,54],"ascension_level":1}}