{"host":"7fyy23rucerupe6i","time":1614162449,"event":{"mods":["AchievementEnabler","Act Like it!","Aspiration","BaseMod","Better Note","BetterRewards","Colored Map","Colored Powertips","Conspire","Curses Come First","Custom Start","Downfall","Googly Eyes","Marisa£®ÏF”Í°°ƒß¿Ì…≥£©","Minty Spire (QoL Compilation)","Quick Restart","Relic Stats","Shop Mod","ShortenTheSpire","Spicy Shops","StSLib","SuperFastMode","The Blackbeard","The Construct","The Cursed","The Senshi","The Servant 0.9.4"],"gold_per_floor":[118,118,75,88,101,133,133,166,166,166,166,200,39,59,59,59,59],"floor_reached":16,"language":"ZHS","playtime":567,"items_purged":[],"score":236,"play_id":"4e815aaa-c663-4c15-a237-a541c8d5887d","local_time":"20210224182729","is_ascension_mode":true,"campfire_choices":[{"data":"Blasphemy","floor":7,"key":"SMITH"},{"data":"WindmillStrike","floor":10,"key":"SMITH"},{"data":"Eruption","floor":15,"key":"SMITH"}],"circlet_count":0,"master_deck":["AscendersBane","Strike_P","Strike_P+1","Strike_P+1","Defend_P","Defend_P","Defend_P","Defend_P","Eruption+1","Vigilance","Weave","JustLucky","Nirvana","WindmillStrike+1","Blasphemy+1","EmptyMind","CutThroughFate","Devotion"],"relics":["PureWater","Bag of Marbles","Lee\u0027s Waffle","aspiration:HummingbirdHeart","aspiration:DSix","aspiration:AnachronicSnailShell","Whetstone","Kunai","Ancient Tea Set","Potion Belt"],"acts_visited":["Exordium"],"potions_floor_usage":[12,16],"damage_taken":[{"damage":3,"enemies":"conspire:RoseBush","floor":1,"turns":2},{"damage":0,"enemies":"Jaw Worm","floor":4,"turns":3},{"damage":0,"enemies":"Cultist","floor":5,"turns":2},{"damage":8,"enemies":"Gremlin Nob","floor":6,"turns":3},{"damage":10,"enemies":"Lagavulin","floor":8,"turns":3},{"damage":23,"enemies":"3 Sentries","floor":12,"turns":8},{"damage":0,"enemies":"Looter","floor":14,"turns":2},{"damage":100013,"enemies":"Hexaghost","floor":16,"turns":7}],"seed_played":"-813408080719755900","potions_obtained":[{"floor":1,"key":"PowerPotion"},{"floor":4,"key":"Fire Potion"},{"floor":8,"key":"DuplicationPotion"},{"floor":12,"key":"GamblersBrew"}],"is_trial":false,"path_per_floor":["M","?","$","M","M","E","R","E","T","R","?","E","$","M","R","B"],"character_chosen":"WATCHER","items_purchased":["Bag of Marbles","Lee\u0027s Waffle","aspiration:HummingbirdHeart","Weave","Nirvana","Potion Belt"],"campfire_rested":0,"item_purchase_floors":[0,0,0,0,3,13],"current_hp_per_floor":[64,68,68,68,68,60,60,50,50,50,50,27,27,27,27,0,0],"gold":59,"neow_bonus":"","is_daily":false,"chose_seed":false,"campfire_upgraded":3,"win_rate":0.0,"timestamp":1614162449,"path_taken":["M","?","?","M","M","E","R","E","T","R","?","E","$","M","R","BOSS"],"items_purchased_type":["Relic","Relic","Relic","Card","Card","Relic"],"build_version":"2020-12-22","purchased_purges":0,"victory":false,"max_hp_per_floor":[75,75,75,75,75,75,75,75,75,75,75,75,75,75,75,75,75],"relic_stats":{"Lee\u0027s Waffle":45,"counters":[15,50],"Whetstone":["Strike_P","Strike_P"],"Kunai":[7],"obtain_stats":[{"Potion Belt":0,"Regal Pillow":0,"Lee\u0027s Waffle":0,"Golden Idol":2,"PreservedInsect":0,"aspiration:HummingbirdHeart":0,"Whetstone":0,"Ancient Tea Set":12,"Mercury Hourglass":0,"ClockworkSouvenir":0,"Lizard Tail":3,"HornCleat":0,"Shovel":0,"Slimebound:StickyStick":0,"aspiration:AnachronicSnailShell":6,"Tiny Chest":0,"Bag of Marbles":0,"Kunai":9,"PureWater":0,"aspiration:DSix":0,"aspiration:ChemicalBlood":6},{"Potion Belt":0,"Regal Pillow":3,"Lee\u0027s Waffle":7,"Golden Idol":4,"PreservedInsect":3,"aspiration:HummingbirdHeart":7,"Whetstone":0,"Ancient Tea Set":13,"Mercury Hourglass":0,"ClockworkSouvenir":3,"Lizard Tail":2,"HornCleat":3,"Shovel":3,"Slimebound:StickyStick":0,"aspiration:AnachronicSnailShell":11,"Tiny Chest":0,"Bag of Marbles":7,"Kunai":12,"PureWater":0,"aspiration:DSix":7,"aspiration:ChemicalBlood":6},{"Potion Belt":0,"Regal Pillow":7,"Lee\u0027s Waffle":21,"Golden Idol":11,"PreservedInsect":7,"aspiration:HummingbirdHeart":21,"Whetstone":0,"Ancient Tea Set":42,"Mercury Hourglass":0,"ClockworkSouvenir":7,"Lizard Tail":5,"HornCleat":7,"Shovel":7,"Slimebound:StickyStick":0,"aspiration:AnachronicSnailShell":31,"Tiny Chest":0,"Bag of Marbles":21,"Kunai":34,"PureWater":0,"aspiration:DSix":21,"aspiration:ChemicalBlood":16}]},"card_choices":[{"not_picked":["Consecrate","FollowUp"],"picked":"JustLucky","floor":1},{"not_picked":["Sanctity","SashWhip","Worship"],"picked":"SKIP","floor":4},{"not_picked":["SashWhip","CrushJoints"],"picked":"WindmillStrike","floor":5},{"not_picked":["FlurryOfBlows","CarveReality"],"picked":"Blasphemy","floor":6},{"not_picked":["Nirvana","ForeignInfluence"],"picked":"EmptyMind","floor":8},{"not_picked":["ThirdEye","MentalFortress"],"picked":"CutThroughFate","floor":12},{"not_picked":["CutThroughFate","EmptyBody"],"picked":"Devotion","floor":14}],"player_experience":608546,"relics_obtained":[{"floor":6,"key":"aspiration:AnachronicSnailShell"},{"floor":8,"key":"Whetstone"},{"floor":9,"key":"Kunai"},{"floor":12,"key":"Ancient Tea Set"}],"event_choices":[{"cards_removed":["Strike_P"],"damage_healed":0,"gold_gain":0,"player_choice":"Offered Basic","damage_taken":0,"max_hp_gain":0,"max_hp_loss":0,"event_name":"Bonfire Elementals","floor":11,"gold_loss":0}],"is_beta":false,"boss_relics":[],"items_purged_floors":[],"is_endless":false,"potions_floor_spawned":[1,4,8,12],"killed_by":"Hexaghost","ascension_level":20}}