{"host":"d02vqrhhew441p6s","time":1614194726,"event":{"mods":["BaseMod","Duelist Mod","Hubris","Infinite Spire","Minty Spire (QoL Compilation)","StSLib"],"gold_per_floor":[145,145,145,38,57,82,82,107,132,147,165,165,165,182,182,281,281,292,292,159,170,170,170],"floor_reached":22,"language":"ENG","playtime":912,"items_purged":[],"score":378,"play_id":"b8562ebc-f84a-44d8-89c9-922e1286228c","local_time":"20210224202526","is_ascension_mode":true,"campfire_choices":[{"floor":7,"key":"REST"},{"floor":15,"key":"REST"}],"circlet_count":0,"master_deck":["AscendersBane","theDuelist:CastleWalls","theDuelist:CastleWalls","theDuelist:MangaRyuRan","theDuelist:Sparks","theDuelist:Sparks","theDuelist:Sparks","theDuelist:ToonAncientGear","theDuelist:ToonMermaid","theDuelist:ToonSummonedSkull","theDuelist:ToonWorld","theDuelist:ToonGeminiElf","infinitespire:Fortify","theDuelist:ToonDarkMagicianGirl","theDuelist:ComicHand","theDuelist:RainbowKuriboh","theDuelist:ToonRollback","theDuelist:ToonBriefcase","theDuelist:RedEyesToon","theDuelist:ToonDarkMagician","theDuelist:Nameless:War:SpiralSpearStrike","theDuelist:Nameless:Power:KamionTimelord","theDuelist:ToonDarkMagicianGirl","theDuelist:PotGenerosity","theDuelist:PotDichotomy"],"relics":["theDuelist:MillenniumPuzzle","theDuelist:CardPoolRelic","theDuelist:CardPoolBasicRelic","theDuelist:BoosterPackPoolRelic","theDuelist:CardPoolAddRelic","theDuelist:CardPoolMinusRelic","theDuelist:CardPoolSaveRelic","theDuelist:CardPoolOptionsRelic","Cables","theDuelist:MillenniumRod","hubris:ToyBattleship","theDuelist:NamelessHungerRelic","Busted Crown","hubris:Icosahedron","theDuelist:MillenniumRod"],"acts_visited":["Exordium","TheCity"],"potions_floor_usage":[8,11,22],"damage_taken":[{"damage":10,"enemies":"Jaw Worm","floor":1,"turns":3},{"damage":2,"enemies":"2 Louse","floor":5,"turns":2},{"damage":11,"enemies":"Lagavulin","floor":6,"turns":5},{"damage":4,"enemies":"Gremlin Nob","floor":8,"turns":3},{"damage":5,"enemies":"Cultist","floor":10,"turns":2},{"damage":17,"enemies":"Large Slime","floor":11,"turns":3},{"damage":3,"enemies":"3 Louse","floor":14,"turns":2},{"damage":31,"enemies":"Hexaghost","floor":16,"turns":8},{"damage":30,"enemies":"Shell Parasite","floor":18,"turns":3},{"damage":13,"enemies":"Spheric Guardian","floor":21,"turns":2},{"damage":25,"enemies":"Snake Plant","floor":22,"turns":2}],"seed_played":"7853929468750699041","potions_obtained":[{"floor":5,"key":"ColorlessPotion"},{"floor":8,"key":"theDuelist:GiftPotion"},{"floor":14,"key":"theDuelist:BottledKuriboh"}],"is_trial":false,"path_per_floor":["M","?","?","$","M","E","R","E","T","M","M","?","?","M","R","B",null,"M","?","?","M","M"],"character_chosen":"THE_DUELIST","items_purchased":["theDuelist:ToonDarkMagicianGirl","theDuelist:ComicHand"],"campfire_rested":2,"item_purchase_floors":[4,4],"current_hp_per_floor":[62,41,41,41,39,28,52,48,48,43,37,37,27,26,50,19,66,36,36,36,23,0,0],"gold":170,"neow_bonus":"RANDOM_COMMON_RELIC","is_daily":false,"chose_seed":false,"campfire_upgraded":0,"win_rate":0.0,"timestamp":1614194726,"path_taken":["M","?","?","$","?","E","R","E","T","M","M","?","?","M","R","BOSS","M","?","?","M","M"],"items_purchased_type":["Card","Card"],"build_version":"2020-12-22","purchased_purges":0,"victory":false,"max_hp_per_floor":[80,80,80,80,80,80,80,80,80,80,80,80,80,82,82,82,82,82,82,82,82,82,82],"card_choices":[{"not_picked":["theDuelist:RedEyesToon","theDuelist:ToonBarrelDragon","theDuelist:FlyingSaucer","theDuelist:ToonAncientGear"],"picked":"theDuelist:ToonGeminiElf","floor":1},{"not_picked":["infinitespire:FinalStrike","infinitespire:Punishment"],"picked":"infinitespire:Fortify","floor":2},{"not_picked":["theDuelist:RainbowOverdragon","theDuelist:Wiretap","theDuelist:ReleaseFromStone","theDuelist:DummyGolem"],"picked":"theDuelist:RainbowKuriboh","floor":5},{"not_picked":["theDuelist:FlyingSaucer","theDuelist:ToonDefense","theDuelist:ToonDarkMagicianGirl","theDuelist:ToonAncientGear"],"picked":"theDuelist:ToonRollback","floor":6},{"not_picked":["theDuelist:GoldenApples","theDuelist:ImperialOrder","theDuelist:RainbowGravity","theDuelist:SilverApples"],"picked":"theDuelist:ToonBriefcase","floor":8},{"not_picked":["theDuelist:BlueEyesToon","theDuelist:MangaRyuRan","theDuelist:GreyGreedOni","theDuelist:PurplePainOni"],"picked":"theDuelist:RedEyesToon","floor":10},{"not_picked":["theDuelist:ToonMaskedSorcerer","theDuelist:ToonBarrelDragon","theDuelist:ToonAncientGear","theDuelist:ToonDarkMagicianGirl"],"picked":"theDuelist:ToonDarkMagician","floor":11},{"not_picked":["theDuelist:ToonMaskedSorcerer","theDuelist:ToonTable","theDuelist:GracefulCharity","theDuelist:HeartUnderdog"],"picked":"theDuelist:ToonDarkMagicianGirl","floor":14},{"not_picked":["theDuelist:Blockman","theDuelist:Mathematician","theDuelist:RainbowJar","theDuelist:YellowBelliedOni"],"picked":"theDuelist:PotGenerosity","floor":16},{"not_picked":["theDuelist:BattleOx","theDuelist:GilfordLegend"],"picked":"theDuelist:PotDichotomy","floor":18},{"not_picked":["theDuelist:SpellShatteringArrow","theDuelist:ComicHand","theDuelist:ToonRollback"],"picked":"SKIP","floor":21}],"player_experience":569279,"relics_obtained":[{"floor":6,"key":"Cables"},{"floor":8,"key":"theDuelist:MillenniumRod"},{"floor":9,"key":"hubris:ToyBattleship"}],"event_choices":[{"damage_healed":0,"gold_gain":0,"player_choice":"Scored: 1740","duelist":true,"damage_taken":0,"max_hp_gain":0,"max_hp_loss":0,"event_name":"Visit from Anubis","floor":3,"gold_loss":0},{"damage_healed":0,"gold_gain":0,"player_choice":"Leave","duelist":true,"damage_taken":0,"max_hp_gain":0,"max_hp_loss":0,"event_name":"Card Trader","floor":12,"gold_loss":0},{"power_reward":4,"total_magic_score":36,"gold_gain":0,"duelist":true,"damage_taken":10,"relics_obtained":["theDuelist:NamelessHungerRelic"],"points":11,"war_reward":4,"max_hp_gain":0,"max_hp_loss":0,"spent_points":{"magic":0,"greed":0,"war":4,"power":4,"hunger":3},"event_name":"Nameless Tomb","hunger_reward":3,"floor":13,"gold_loss":0,"cards_obtained":["theDuelist:Nameless:War:SpiralSpearStrike","theDuelist:Nameless:Power:KamionTimelord"]},{"damage_healed":0,"gold_gain":0,"player_choice":"Duplicated Relic - Millennium Rod","duelist":true,"damage_taken":0,"max_hp_gain":0,"max_hp_loss":0,"event_name":"Relic Duplicator","floor":20,"gold_loss":0}],"is_beta":false,"boss_relics":[{"not_picked":["hubris:VirtuousBlindfold","SacredBark"],"picked":"Busted Crown"}],"items_purged_floors":[],"is_endless":false,"potions_floor_spawned":[5,8,14],"killed_by":"Snake Plant","ascension_level":11}}