{"host":"jt67skv49snb75sm","time":1614187675,"event":{"mods":["BaseMod","Bestiary","Minty Spire (QoL Compilation)","Relic Stats"],"gold_per_floor":[116,135,135,151,151,151,76,111,111,111,130,30,40,67,67,67,67],"floor_reached":16,"language":"ENG","playtime":563,"items_purged":["Strike_G","Strike_G"],"score":220,"play_id":"9f1889d7-58c7-462f-9d7a-46826e082bce","local_time":"20210224182755","is_ascension_mode":true,"campfire_choices":[{"data":"Dash","floor":6,"key":"SMITH"},{"data":"1","floor":10,"key":"LIFT"},{"data":"2","floor":15,"key":"LIFT"}],"circlet_count":0,"master_deck":["AscendersBane","Strike_G","Strike_G","Strike_G","Defend_G","Defend_G","Defend_G","Defend_G","Defend_G","Survivor","Neutralize","Predator","Deadly Poison","Dash+1","PiercingWail","Poisoned Stab","Glass Knife","Dodge and Roll","Cloak And Dagger","Glass Knife"],"relics":["Ring of the Snake","Calipers","Girya","Unceasing Top"],"acts_visited":["Exordium"],"potions_floor_usage":[8,14],"damage_taken":[{"damage":4,"enemies":"Small Slimes","floor":1,"turns":5},{"damage":1,"enemies":"Cultist","floor":2,"turns":4},{"damage":0,"enemies":"Jaw Worm","floor":4,"turns":5},{"damage":15,"enemies":"Lagavulin","floor":8,"turns":6},{"damage":0,"enemies":"Red Slaver","floor":11,"turns":4},{"damage":0,"enemies":"Large Slime","floor":13,"turns":4},{"damage":5,"enemies":"Gremlin Nob","floor":14,"turns":3},{"damage":45,"enemies":"Hexaghost","floor":16,"turns":9}],"seed_played":"149342970608376667","potions_obtained":[{"floor":1,"key":"DistilledChaos"},{"floor":8,"key":"SmokeBomb"},{"floor":11,"key":"FearPotion"},{"floor":14,"key":"CunningPotion"}],"is_trial":false,"path_per_floor":["M","M","?","M","?","R","$","E","T","R","M","$","M","E","R","B"],"character_chosen":"THE_SILENT","items_purchased":[],"campfire_rested":0,"item_purchase_floors":[],"current_hp_per_floor":[61,60,60,60,65,65,65,50,50,50,50,50,50,45,45,0,0],"gold":67,"neow_bonus":"TEN_PERCENT_HP_BONUS","is_daily":false,"chose_seed":false,"campfire_upgraded":1,"win_rate":0.0,"timestamp":1614187675,"path_taken":["M","M","?","?","?","R","$","E","T","R","M","?","M","E","R","BOSS"],"items_purchased_type":[],"build_version":"2020-12-22","purchased_purges":2,"victory":false,"max_hp_per_floor":[72,72,72,72,77,77,77,77,77,77,77,77,77,77,77,77,77],"relic_stats":{"counters":[8,40],"obtain_stats":[{"Girya":9,"Calipers":8,"Unceasing Top":14,"Ring of the Snake":0},{"Girya":4,"Calipers":4,"Unceasing Top":7,"Ring of the Snake":0},{"Girya":20,"Calipers":20,"Unceasing Top":31,"Ring of the Snake":0}],"Unceasing Top":[0],"Ring of the Snake":[16]},"card_choices":[{"not_picked":["Reflex","Backflip"],"picked":"Predator","floor":1},{"not_picked":["Slice","Deflect"],"picked":"Deadly Poison","floor":2},{"not_picked":["Outmaneuver","Blur"],"picked":"Poisoned Stab","floor":4},{"not_picked":["Dagger Throw","Bane"],"picked":"Glass Knife","floor":8},{"not_picked":["Underhanded Strike","Quick Slash"],"picked":"Dodge and Roll","floor":11},{"not_picked":["Eviscerate","Night Terror"],"picked":"Cloak And Dagger","floor":13},{"not_picked":["Bouncing Flask","Escape Plan"],"picked":"Glass Knife","floor":14}],"player_experience":900067,"relics_obtained":[{"floor":8,"key":"Calipers"},{"floor":9,"key":"Girya"},{"floor":14,"key":"Unceasing Top"}],"event_choices":[{"damage_healed":0,"gold_gain":0,"player_choice":"2 cards matched","damage_taken":0,"max_hp_gain":0,"max_hp_loss":0,"event_name":"Match and Keep!","floor":3,"gold_loss":0,"cards_obtained":["Dash","PiercingWail"]},{"damage_healed":0,"gold_gain":0,"player_choice":"Donut","damage_taken":0,"max_hp_gain":5,"max_hp_loss":0,"event_name":"Big Fish","floor":5,"gold_loss":0}],"is_beta":false,"boss_relics":[],"items_purged_floors":[7,12],"is_endless":false,"potions_floor_spawned":[1,8,11,14],"killed_by":"Hexaghost","ascension_level":20}}