{"host":"nz11ypxva4e39b7q","time":1614206080,"event":{"mods":["BaseMod","Better Third Choice","Better Vampires","Colored Map","Minty Spire (QoL Compilation)","Quick Restart","Shapeshifter Mod","StSLib"],"gold_per_floor":[117,117,117,131,131,165,1,37,37,37,37,62,100,125,125,125,125],"floor_reached":16,"language":"ENG","playtime":526,"items_purged":["StSShapeShifter:Tortoise_Form"],"score":257,"play_id":"c5365671-b8c6-4869-94e6-b98fb73a8be2","local_time":"20210224233440","is_ascension_mode":true,"campfire_choices":[{"data":"Deep Breath","floor":10.0,"key":"SMITH"},{"floor":11.0,"key":"REST"},{"data":"StSShapeShifter:Sap_Burst","floor":15.0,"key":"SMITH"}],"circlet_count":0,"master_deck":["AscendersBane","StSShapeShifter:ShapeShifter_Strike","StSShapeShifter:ShapeShifter_Strike","StSShapeShifter:ShapeShifter_Strike","StSShapeShifter:ShapeShifter_Strike","StSShapeShifter:ShapeShifter_Strike","StSShapeShifter:ShapeShifter_Defend","StSShapeShifter:ShapeShifter_Defend","StSShapeShifter:ShapeShifter_Defend","StSShapeShifter:ShapeShifter_Defend","StSShapeShifter:ShapeShifter_Defend","StSShapeShifter:MonkeyForm","Electrodynamics","StSShapeShifter:Sap_Burst+1","StSShapeShifter:BarkSkin","Deep Breath+1","StSShapeShifter:BurstingSpore","StSShapeShifter:BurstingSpore","StSShapeShifter:SquirrelForm"],"relics":["StSShapeShifter:AnimalHeart","StSShapeShifter:TheShapeShiftersMagnolia","NeowsBlessing","Golden Idol","Mummified Hand","Gremlin Horn","Letter Opener","Akabeko","WingedGreaves","Orichalcum"],"acts_visited":["Exordium"],"potions_floor_usage":[],"damage_taken":[{"damage":0.0,"enemies":"Cultist","floor":1.0,"turns":1.0},{"damage":0.0,"enemies":"Jaw Worm","floor":4.0,"turns":1.0},{"damage":0.0,"enemies":"Gremlin Nob","floor":6.0,"turns":1.0},{"damage":13.0,"enemies":"3 Sentries","floor":8.0,"turns":6.0},{"damage":0.0,"enemies":"2 Louse","floor":12.0,"turns":2.0},{"damage":3.0,"enemies":"Gremlin Nob","floor":13.0,"turns":3.0},{"damage":0.0,"enemies":"Exordium Wildlife","floor":14.0,"turns":3.0},{"damage":25,"enemies":"The Guardian","floor":16,"turns":2}],"seed_played":"938268417048366385","potions_obtained":[{"floor":6.0,"key":"SneckoOil"},{"floor":8.0,"key":"AttackPotion"},{"floor":12.0,"key":"SneckoOil"}],"is_trial":false,"path_per_floor":["M","?","?","M","?","E","$","E","T","R","R","M","E","M","R","B"],"character_chosen":"SHAPESHIFTER","items_purchased":["Deep Breath"],"campfire_rested":1,"item_purchase_floors":[7],"current_hp_per_floor":[66,66,17,17,17,17,17,4,4,4,23,23,20,20,20,0,0],"gold":125,"neow_bonus":"THREE_ENEMY_KILL","is_daily":false,"chose_seed":false,"campfire_upgraded":2,"win_rate":0.0,"timestamp":1614206080,"path_taken":["M","?","?","?","?","E","?","E","T","R","R","?","E","M","R","BOSS"],"items_purchased_type":["Card"],"build_version":"2020-12-22","purchased_purges":1,"victory":false,"max_hp_per_floor":[73,66,66,66,66,66,66,66,66,66,66,66,66,66,66,66,66],"card_choices":[{"not_picked":["StSShapeShifter:Maul","StSShapeShifter:FesteringBite"],"picked":"StSShapeShifter:MonkeyForm","floor":1.0},{"not_picked":["StSShapeShifter:WaspSwarmForm","StSShapeShifter:BladeOfGrass","StSShapeShifter:MonkeyForm"],"picked":"SKIP","floor":4.0},{"not_picked":["StSShapeShifter:Roar","StSShapeShifter:OpportuneSwoop"],"picked":"StSShapeShifter:BarkSkin","floor":6.0},{"not_picked":["StSShapeShifter:WaspSwarmForm","StSShapeShifter:BurstOfLifeEscapeDeath"],"picked":"StSShapeShifter:BurstingSpore","floor":8.0},{"not_picked":["StSShapeShifter:BarkSkin","StSShapeShifter:DeerForm"],"picked":"StSShapeShifter:BurstingSpore","floor":12.0},{"not_picked":["StSShapeShifter:RaptorForm","StSShapeShifter:Winter"],"picked":"StSShapeShifter:SquirrelForm","floor":13.0},{"not_picked":["StSShapeShifter:BloomingSlash","StSShapeShifter:PorcupineForm","StSShapeShifter:Rest"],"picked":"SKIP","floor":14.0}],"player_experience":1112099,"relics_obtained":[{"floor":6.0,"key":"Letter Opener"},{"floor":8.0,"key":"Akabeko"},{"floor":9.0,"key":"WingedGreaves"},{"floor":13.0,"key":"Orichalcum"}],"event_choices":[{"damage_healed":0.0,"max_hp_gain":0.0,"max_hp_loss":7.0,"gold_gain":0.0,"event_name":"Golden Idol","player_choice":"Lose Max HP","floor":2.0,"gold_loss":0.0,"damage_taken":0.0,"relics_obtained":["Golden Idol"]},{"damage_healed":0.0,"max_hp_gain":0.0,"max_hp_loss":0.0,"gold_gain":1.0,"event_name":"betterThird:BetterScrap","player_choice":"Relic Card Relic ","floor":3.0,"gold_loss":0.0,"damage_taken":49.0,"cards_obtained":["Electrodynamics","Phantasmal Killer"]},{"damage_healed":0.0,"max_hp_gain":0.0,"max_hp_loss":0.0,"gold_gain":0.0,"cards_transformed":["StSShapeShifter:Lynx_Form"],"event_name":"Living Wall","player_choice":"Change","floor":5.0,"gold_loss":0.0,"damage_taken":0.0,"cards_obtained":["StSShapeShifter:Sap_Burst"]}],"is_beta":false,"boss_relics":[],"items_purged_floors":[7],"is_endless":false,"potions_floor_spawned":[6,8,12],"killed_by":"The Guardian","ascension_level":16}}