{"host":"p35oejzdyq2yrsoe","time":1614198677,"event":{"mods":["AchievementEnabler","BaseMod","Card Forge","Colored Map","Colored Powertips","DeckTracker","Energized Spire","Minty Spire (QoL Compilation)","Permanent Neow","Quick Restart","Rare Cards Sparkle","Shop Mod","StSLib","Unceasing Turn Reminder","egg","slay the spire mod where everything is the same but ironclad has a cowboy hat"],"gold_per_floor":[119,119,136,136,136,167,181,156,156,181,181,30,46,71,71,167,167],"floor_reached":16,"language":"ENG","playtime":10923,"items_purged":[],"score":393,"play_id":"12eb72ba-14c6-447d-bfbb-0d0d63886753","local_time":"20210224153117","is_ascension_mode":false,"campfire_choices":[{"floor":11,"key":"REST"},{"floor":15,"key":"REST"}],"circlet_count":0,"master_deck":["Shrug It Off+1","Shrug It Off+1","Shrug It Off+1","Shrug It Off+1","Barricade+1","Entrench+1","Flash of Steel+1","Flash of Steel+1","Flash of Steel+1","Flash of Steel+1","Body Slam+1","Body Slam+1","Body Slam+1","Body Slam+1","Flash of Steel+1","Flash of Steel+1"],"relics":["Burning Blood","Hammer of Thor","Seething Fire","Anvil of the Gods","Omamori","Meat on the Bone","Happy Flower","Lantern","Bronze Scales"],"acts_visited":["Exordium"],"potions_floor_usage":[10,14,16,16],"damage_taken":[{"damage":0,"enemies":"Jaw Worm","floor":1,"turns":1},{"damage":0,"enemies":"Small Slimes","floor":3,"turns":2},{"damage":0,"enemies":"Lagavulin","floor":6,"turns":2},{"damage":0,"enemies":"2 Louse","floor":7,"turns":1},{"damage":0,"enemies":"3 Sentries","floor":10,"turns":1},{"damage":0,"enemies":"2 Fungi Beasts","floor":13,"turns":1},{"damage":0,"enemies":"Lagavulin","floor":14,"turns":2},{"damage":0,"enemies":"Slime Boss","floor":16,"turns":8}],"seed_played":"8208603293909198310","potions_obtained":[{"floor":0,"key":"EntropicBrew"},{"floor":0,"key":"SpeedPotion"},{"floor":6,"key":"DistilledChaos"},{"floor":16,"key":"SmokeBomb"}],"is_trial":false,"path_per_floor":["M","?","M","$","?","E","M","?","T","E","R","$","M","E","R","B"],"character_chosen":"IRONCLAD","items_purchased":["Lantern"],"campfire_rested":2,"item_purchase_floors":[12],"current_hp_per_floor":[80,80,80,80,80,80,80,80,80,80,80,80,80,80,80,80,80],"gold":167,"neow_bonus":"THREE_SMALL_POTIONS","is_daily":false,"chose_seed":false,"campfire_upgraded":0,"win_rate":0.0,"timestamp":1614198677,"path_taken":["M","?","M","$","?","E","M","?","T","E","R","$","M","E","R","BOSS"],"items_purchased_type":["Relic"],"build_version":"2020-12-22","purchased_purges":0,"victory":false,"max_hp_per_floor":[80,80,80,80,80,80,80,80,80,80,80,80,80,80,80,80,80],"card_choices":[{"not_picked":["Feel No Pain","Metallicize","Armaments"],"picked":"SKIP","floor":1},{"not_picked":["Headbutt","Clothesline","Thunderclap"],"picked":"SKIP","floor":3},{"not_picked":["Body Slam","Bludgeon","Dual Wield"],"picked":"SKIP","floor":6},{"not_picked":["Armaments","Iron Wave","Heavy Blade"],"picked":"SKIP","floor":7},{"not_picked":["Thunderclap","Shrug It Off","Dark Embrace"],"picked":"SKIP","floor":10},{"not_picked":["Infernal Blade","Clothesline","Clash"],"picked":"SKIP","floor":13},{"not_picked":["Feed","Fire Breathing","Burning Pact"],"picked":"SKIP","floor":14}],"player_experience":13778,"relics_obtained":[{"floor":6,"key":"Omamori"},{"floor":9,"key":"Meat on the Bone"},{"floor":10,"key":"Happy Flower"},{"floor":14,"key":"Bronze Scales"}],"event_choices":[{"damage_healed":0,"gold_gain":0,"player_choice":"Ignored","damage_taken":0,"max_hp_gain":0,"max_hp_loss":0,"event_name":"Liars Game","floor":2,"gold_loss":0},{"damage_healed":0,"gold_gain":0,"player_choice":"Ignored","damage_taken":0,"max_hp_gain":0,"max_hp_loss":0,"event_name":"Shining Light","floor":5,"gold_loss":0},{"damage_healed":0,"gold_gain":0,"player_choice":"Left Gold","damage_taken":0,"max_hp_gain":0,"max_hp_loss":0,"event_name":"World of Goop","floor":8,"gold_loss":25}],"is_beta":false,"boss_relics":[],"items_purged_floors":[],"is_endless":false,"potions_floor_spawned":[6,16],"killed_by":"Slime Boss","ascension_level":0}}