{"host":"7wi4qgm5yw4j7oz0","time":1614168489,"event":{"mods":["AchievementEnabler","BaseMod","Block Reminder","Colored Map","Colored Powertips","Highlight Path","Minty Spire (QoL Compilation)","Permanent Neow","Random Character Button","StSLib","SuperFastMode","everything is the same but u backflip on backflip"],"gold_per_floor":[114,129,146,196,211,211,222,147,147,163,179,192,157,174,174,253,253,266,49,64,83,102,102,102,102],"floor_reached":24,"language":"KOR","playtime":1060,"items_purged":["Strike_R"],"score":372,"play_id":"ca6964f2-a492-439f-8221-bdeb5c91b69d","local_time":"20210224210809","is_ascension_mode":true,"campfire_choices":[{"data":"Carnage","floor":6.0,"key":"SMITH"},{"data":"Bludgeon","floor":15.0,"key":"SMITH"},{"floor":23.0,"key":"REST"}],"circlet_count":0,"master_deck":["AscendersBane","Strike_R","Defend_R","Defend_R","Defend_R","Defend_R","Bash","Battle Trance","Carnage+1","Whirlwind","Spot Weakness","Flame Barrier","Anger","Entrench+1","Warcry+1","Bludgeon+1","Corruption","Shrug It Off+1","Warcry+1","Burning Pact+1","Bloodletting+1","True Grit+1","Juggernaut","Body Slam","Shrug It Off+1","Battle Trance+1","Ghostly Armor+1"],"relics":["Burning Blood","Toxic Egg 2","Empty Cage","Orrery"],"acts_visited":["Exordium","TheCity"],"potions_floor_usage":[24],"damage_taken":[{"damage":19.0,"enemies":"Small Slimes","floor":1.0,"turns":3.0},{"damage":6.0,"enemies":"Cultist","floor":2.0,"turns":3.0},{"damage":9.0,"enemies":"Jaw Worm","floor":3.0,"turns":3.0},{"damage":24.0,"enemies":"Blue Slaver","floor":5.0,"turns":4.0},{"damage":12.0,"enemies":"Looter","floor":7.0,"turns":3.0},{"damage":10.0,"enemies":"Exordium Thugs","floor":10.0,"turns":3.0},{"damage":0.0,"enemies":"2 Fungi Beasts","floor":11.0,"turns":2.0},{"damage":0.0,"enemies":"Lots of Slimes","floor":12.0,"turns":1.0},{"damage":12.0,"enemies":"Exordium Thugs","floor":14.0,"turns":3.0},{"damage":38.0,"enemies":"The Guardian","floor":16.0,"turns":14.0},{"damage":18.0,"enemies":"Chosen","floor":18.0,"turns":5.0},{"damage":8.0,"enemies":"2 Thieves","floor":20.0,"turns":4.0},{"damage":16.0,"enemies":"3 Cultists","floor":21.0,"turns":5.0},{"damage":19.0,"enemies":"Sentry and Sphere","floor":22.0,"turns":6.0},{"damage":68,"enemies":"Book of Stabbing","floor":24,"turns":6}],"seed_played":"7205868946651656408","potions_obtained":[{"floor":5.0,"key":"Block Potion"},{"floor":10.0,"key":"AttackPotion"},{"floor":12.0,"key":"LiquidBronze"},{"floor":14.0,"key":"Swift Potion"},{"floor":18.0,"key":"Block Potion"}],"is_trial":false,"path_per_floor":["M","M","M","?","M","R","M","$","T","M","M","M","?","M","R","B",null,"M","$","M","M","M","R","E"],"character_chosen":"IRONCLAD","items_purchased":["Warcry+1","Orrery"],"campfire_rested":1,"item_purchase_floors":[19,19],"current_hp_per_floor":[55,55,52,52,34,34,28,28,28,24,30,36,54,48,48,16,60,48,48,46,36,23,45,0,0],"gold":102,"neow_bonus":"TRANSFORM_CARD","is_daily":false,"chose_seed":false,"campfire_upgraded":2,"win_rate":0.0,"timestamp":1614168489,"path_taken":["M","M","M","?","M","R","M","$","T","?","M","M","?","M","R","BOSS","M","$","M","M","M","R","E"],"items_purchased_type":["Card","Relic"],"build_version":"2020-12-22","purchased_purges":1,"victory":false,"max_hp_per_floor":[75,75,75,75,75,75,75,75,75,75,75,75,75,75,75,75,75,75,75,75,75,75,75,75,75],"card_choices":[{"not_picked":["Cleave","Havoc"],"picked":"Carnage","floor":1.0},{"not_picked":["Warcry","Headbutt"],"picked":"Whirlwind","floor":2.0},{"not_picked":["Perfected Strike","Twin Strike","Cleave"],"picked":"SKIP","floor":3.0},{"not_picked":["Twin Strike","True Grit"],"picked":"Spot Weakness","floor":5.0},{"not_picked":["Intimidate","Infernal Blade"],"picked":"Flame Barrier","floor":7.0},{"not_picked":["Shrug It Off+1","Wild Strike"],"picked":"Anger","floor":10.0},{"not_picked":["Combust","Headbutt"],"picked":"Entrench+1","floor":11.0},{"not_picked":["Twin Strike","Flex+1"],"picked":"Warcry+1","floor":12.0},{"not_picked":["Shrug It Off+1","Rage+1"],"picked":"Bludgeon","floor":14.0},{"not_picked":["Reaper","Exhume+1"],"picked":"Corruption","floor":16.0},{"not_picked":["Body Slam","Headbutt"],"picked":"Shrug It Off+1","floor":18.0},{"not_picked":["Clothesline","Whirlwind"],"picked":"Burning Pact+1","floor":19.0},{"not_picked":["Warcry+1","True Grit+1"],"picked":"Bloodletting+1","floor":19.0},{"not_picked":["Anger","Sword Boomerang"],"picked":"True Grit+1","floor":19.0},{"not_picked":["Pommel Strike","Spot Weakness+1"],"picked":"Juggernaut","floor":19.0},{"not_picked":["Limit Break+1","Flex+1"],"picked":"Body Slam","floor":19.0},{"not_picked":["Flex+1","Wild Strike"],"picked":"Shrug It Off+1","floor":20.0},{"not_picked":["Sword Boomerang","Anger+1"],"picked":"Battle Trance+1","floor":21.0},{"not_picked":["Anger+1","Wild Strike"],"picked":"Ghostly Armor+1","floor":22.0}],"player_experience":365070,"relics_obtained":[{"floor":9.0,"key":"Toxic Egg 2"}],"event_choices":[{"damage_healed":0.0,"max_hp_gain":0.0,"max_hp_loss":0.0,"gold_gain":50.0,"event_name":"Golden Shrine","player_choice":"Pray","floor":4.0,"gold_loss":0.0,"damage_taken":0.0},{"damage_healed":18.0,"max_hp_gain":0.0,"max_hp_loss":0.0,"gold_gain":0.0,"event_name":"The Cleric","player_choice":"Healed","floor":13.0,"gold_loss":35.0,"damage_taken":0.0}],"is_beta":false,"boss_relics":[{"not_picked":["Pandora\u0027s Box","Cursed Key"],"picked":"Empty Cage"}],"items_purged_floors":[8],"is_endless":false,"potions_floor_spawned":[5,10,12,14,18,20],"killed_by":"Book of Stabbing","ascension_level":18}}