{"host":"kh6fvhxn285ncg0o","time":1614177716,"event":{"mods":["Act Like it!","BaseMod","Colored Map","Friendly Minions","Keyboard Shortcuts","Minty Spire (QoL Compilation)","Quick Restart","Relic Stats","StSLib","SuperFastMode","UnlockEverythingMod"],"gold_per_floor":[114,114,189,210,210,210,210,10,10,10,34,77,91,16,16,115,115,136,136,159,139,89,129,129,150,177,177,220,7,7,7,7,100,100,118,136,161,186,199,235,235,279,279,315,315,333,333,347,347,347,347,347,347,29,70,70],"floor_reached":57,"language":"KOR","playtime":2154,"items_purged":["Sword Boomerang","Bash+1"],"score":3777,"play_id":"c87ecf16-2daa-4e10-91c3-a952d8dc3bef","local_time":"20210224234156","is_ascension_mode":true,"campfire_choices":[{"data":"Bash","floor":6,"key":"SMITH"},{"data":"Fiend Fire","floor":10,"key":"SMITH"},{"data":"Body Slam","floor":15,"key":"SMITH"},{"data":"Rage","floor":24,"key":"SMITH"},{"floor":27,"key":"REST"},{"data":"Battle Trance","floor":30,"key":"SMITH"},{"floor":32,"key":"REST"},{"data":"Pommel Strike","floor":41,"key":"SMITH"},{"data":"Burning Pact","floor":45,"key":"SMITH"},{"floor":49,"key":"RECALL"},{"data":"Deep Breath","floor":53,"key":"SMITH"}],"circlet_count":0,"master_deck":["AscendersBane","Ghostly Armor","Fiend Fire+1","Battle Trance+1","Shrug It Off","Body Slam+1","Rage+1","Feed","Reckless Charge","Pommel Strike+1","Second Wind","Dark Embrace","Power Through+1","CurseOfTheBell","Disarm+1","Burning Pact+1","Finesse","Deep Breath+1"],"relics":["Burning Blood","Golden Idol","PreservedInsect","The Courier","Smiling Mask","Pandora\u0027s Box","Letter Opener","Bronze Scales","Regal Pillow","Sundial","Calling Bell","Art of War","Singing Bowl","Turnip","Juzu Bracelet","Mummified Hand","CeramicFish","OrangePellets","Red Skull","Orichalcum"],"acts_visited":["Exordium","TheCity","TheBeyond","TheEnding"],"potions_floor_usage":[25,25,36,37,39],"damage_taken":[{"damage":13,"enemies":"Small Slimes","floor":1,"turns":6},{"damage":11,"enemies":"Jaw Worm","floor":4,"turns":7},{"damage":0,"enemies":"Cultist","floor":11,"turns":1},{"damage":0,"enemies":"Gremlin Nob","floor":12,"turns":2},{"damage":3,"enemies":"Looter","floor":13,"turns":2},{"damage":7,"enemies":"The Guardian","floor":16,"turns":12},{"damage":12,"enemies":"Chosen","floor":18,"turns":3},{"damage":0,"enemies":"Spheric Guardian","floor":20,"turns":1},{"damage":27,"enemies":"Book of Stabbing","floor":23,"turns":4},{"damage":32,"enemies":"Shelled Parasite and Fungi","floor":25,"turns":5},{"damage":23,"enemies":"Gremlin Leader","floor":28,"turns":5},{"damage":29,"enemies":"Collector","floor":33,"turns":10},{"damage":9,"enemies":"3 Shapes","floor":35,"turns":6},{"damage":0,"enemies":"3 Darklings","floor":36,"turns":3},{"damage":0,"enemies":"Sphere and 2 Shapes","floor":37,"turns":4},{"damage":30,"enemies":"Transient","floor":38,"turns":6},{"damage":26,"enemies":"3 Darklings","floor":39,"turns":8},{"damage":0,"enemies":"Reptomancer","floor":40,"turns":4},{"damage":0,"enemies":"Giant Head","floor":42,"turns":5},{"damage":21,"enemies":"Nemesis","floor":44,"turns":5},{"damage":0,"enemies":"Sphere and 2 Shapes","floor":48,"turns":4},{"damage":17,"enemies":"Awakened One","floor":50,"turns":4},{"damage":0,"enemies":"Donu and Deca","floor":51,"turns":3},{"damage":46,"enemies":"Shield and Spear","floor":55,"turns":5},{"damage":2,"enemies":"The Heart","floor":56,"turns":6}],"seed_played":"4566066199661367787","potions_obtained":[{"floor":4,"key":"AttackPotion"},{"floor":18,"key":"ElixirPotion"},{"floor":20,"key":"Energy Potion"},{"floor":33,"key":"DuplicationPotion"},{"floor":35,"key":"Fire Potion"},{"floor":36,"key":"LiquidMemories"},{"floor":39,"key":"Ancient Potion"},{"floor":48,"key":"AttackPotion"},{"floor":55,"key":"FairyPotion"}],"is_trial":false,"path_per_floor":["M","?","?","M","$","R","?","$","T","R","M","E","M","?","R","B",null,"M","?","M","?","$","E","R","M","T","R","E","$","R","$","R","B",null,"M","M","M","M","M","E","R","E","T","E","R","?","?","M","R","B","B",null,"R","$","E","B",null],"character_chosen":"IRONCLAD","items_purchased":["Battle Trance","PreservedInsect","Sundial","OrangePellets","Red Skull"],"campfire_rested":2,"item_purchase_floors":[8,8,29,54,54],"current_hp_per_floor":[61,61,50,45,45,45,45,45,45,45,51,57,60,60,60,59,61,55,55,61,61,61,40,40,17,17,36,19,19,19,19,53,33,59,61,69,80,56,38,44,44,55,55,42,42,34,34,45,45,37,43,81,81,81,43,47],"gold":70,"neow_bonus":"REMOVE_TWO","is_daily":false,"chose_seed":false,"campfire_upgraded":8,"win_rate":0.0,"timestamp":1614177716,"path_taken":["M","?","?","M","?","R","?","$","T","R","?","E","M","?","R","BOSS","M","?","?","?","$","E","R","M","T","R","E","$","R","?","R","BOSS","M","M","M","M","M","E","R","E","T","E","R","?","?","M","R","BOSS","BOSS","R","$","E","BOSS"],"items_purchased_type":["Card","Relic","Relic","Relic","Relic"],"build_version":"2020-12-22","purchased_purges":2,"victory":true,"max_hp_per_floor":[68,62,62,62,62,62,62,62,62,62,62,62,62,62,62,62,62,62,62,62,62,62,62,62,65,65,65,65,65,65,65,65,68,68,73,75,80,80,82,82,82,87,87,89,89,91,86,91,91,94,94,94,94,94,96,96],"relic_stats":{"Regal Pillow":15,"Singing Bowl":18,"counters":[25,121],"Golden Idol":200,"CeramicFish":18,"PreservedInsect":429,"Juzu Bracelet":0,"Letter Opener":[552],"Orichalcum":[0],"Smiling Mask":40,"Burning Blood":150,"OrangePellets":[3],"Sundial":[110],"Mummified Hand":[5],"Bronze Scales":[250],"Pandora\u0027s Box":["Reckless Charge","Pommel Strike","Second Wind","Sword Boomerang","Heavy Blade"],"Turnip":[12],"Art of War":[16],"obtain_stats":[{"Regal Pillow":28,"Singing Bowl":34,"Golden Idol":2,"CeramicFish":44,"PreservedInsect":8,"The Courier":9,"Juzu Bracelet":40,"Letter Opener":23,"Orichalcum":55,"Smiling Mask":12,"Burning Blood":0,"Calling Bell":34,"OrangePellets":54,"Sundial":29,"Mummified Hand":42,"Bronze Scales":26,"Pandora\u0027s Box":17,"Turnip":34,"Art of War":34,"Red Skull":54},{"Regal Pillow":11,"Singing Bowl":12,"Golden Idol":1,"CeramicFish":20,"PreservedInsect":2,"The Courier":2,"Juzu Bracelet":18,"Letter Opener":9,"Orichalcum":24,"Smiling Mask":4,"Burning Blood":0,"Calling Bell":12,"OrangePellets":23,"Sundial":11,"Mummified Hand":19,"Bronze Scales":10,"Pandora\u0027s Box":6,"Turnip":12,"Art of War":12,"Red Skull":23},{"Regal Pillow":48,"Singing Bowl":58,"Golden Idol":6,"CeramicFish":99,"PreservedInsect":13,"The Courier":13,"Juzu Bracelet":89,"Letter Opener":38,"Orichalcum":115,"Smiling Mask":16,"Burning Blood":0,"Calling Bell":58,"OrangePellets":110,"Sundial":48,"Mummified Hand":94,"Bronze Scales":43,"Pandora\u0027s Box":30,"Turnip":58,"Art of War":58,"Red Skull":110}]},"card_choices":[{"not_picked":["Twin Strike","Iron Wave"],"picked":"Ghostly Armor","floor":4},{"not_picked":["Inflame","Sword Boomerang"],"picked":"Shrug It Off","floor":11},{"not_picked":["Fiend Fire","Metallicize"],"picked":"Body Slam","floor":12},{"not_picked":["True Grit","Pummel"],"picked":"Rage","floor":13},{"not_picked":["Brutality","Double Tap"],"picked":"Feed","floor":16},{"not_picked":["Cleave","Flex"],"picked":"Dark Embrace","floor":18},{"not_picked":["Whirlwind","Twin Strike","Cleave"],"picked":"SKIP","floor":20},{"not_picked":["Second Wind","Shrug It Off","Havoc"],"picked":"SKIP","floor":23},{"not_picked":["Clash+1","Uppercut"],"picked":"Power Through+1","floor":25},{"not_picked":["Flex","Power Through","Immolate"],"picked":"SKIP","floor":28},{"not_picked":["Headbutt","Shrug It Off+1","Twin Strike"],"picked":"Singing Bowl","floor":35},{"not_picked":["Iron Wave","Sword Boomerang","Wild Strike+1"],"picked":"Singing Bowl","floor":36},{"not_picked":["Shrug It Off","Havoc+1","Rampage"],"picked":"Singing Bowl","floor":37},{"not_picked":["Thunderclap+1","Perfected Strike"],"picked":"Disarm+1","floor":38},{"not_picked":["Pommel Strike","True Grit+1","Anger"],"picked":"Singing Bowl","floor":39},{"not_picked":["Perfected Strike","Inflame"],"picked":"Burning Pact","floor":40},{"not_picked":["Brutality","Entrench+1","Fire Breathing"],"picked":"Singing Bowl","floor":42},{"not_picked":["Double Tap","Carnage","Shrug It Off"],"picked":"Singing Bowl","floor":44},{"not_picked":["Thinking Ahead","The Bomb","Sadistic Nature"],"picked":"Singing Bowl","floor":46},{"not_picked":["HandOfGreed","Transmutation"],"picked":"Finesse","floor":46},{"not_picked":["Flash of Steel","Discovery"],"picked":"Deep Breath","floor":46},{"not_picked":["Armaments","Anger","Clothesline+1"],"picked":"Singing Bowl","floor":48},{"not_picked":["Brutality","Bludgeon","Disarm"],"picked":"Singing Bowl","floor":55}],"player_experience":1513024,"relics_obtained":[{"floor":9,"key":"The Courier"},{"floor":12,"key":"Smiling Mask"},{"floor":23,"key":"Letter Opener"},{"floor":26,"key":"Bronze Scales"},{"floor":28,"key":"Regal Pillow"},{"floor":34,"key":"Art of War"},{"floor":34,"key":"Singing Bowl"},{"floor":34,"key":"Turnip"},{"floor":40,"key":"Juzu Bracelet"},{"floor":42,"key":"Mummified Hand"},{"floor":44,"key":"CeramicFish"},{"floor":55,"key":"Orichalcum"}],"event_choices":[{"damage_healed":0,"gold_gain":0,"player_choice":"Lose Max HP","damage_taken":0,"relics_obtained":["Golden Idol"],"max_hp_gain":0,"max_hp_loss":6,"event_name":"Golden Idol","floor":2,"gold_loss":0},{"damage_healed":0,"gold_gain":75,"player_choice":"Gather Gold","damage_taken":11,"max_hp_gain":0,"max_hp_loss":0,"event_name":"World of Goop","floor":3,"gold_loss":0},{"damage_healed":0,"gold_gain":0,"cards_transformed":["Strike_R"],"player_choice":"Transformed","damage_taken":0,"max_hp_gain":0,"max_hp_loss":0,"event_name":"Transmorgrifier","floor":7,"gold_loss":0,"cards_obtained":["Fiend Fire"]},{"cards_removed":["Strike_R"],"damage_healed":0,"gold_gain":0,"player_choice":"Card Removal","damage_taken":0,"max_hp_gain":0,"max_hp_loss":0,"event_name":"The Cleric","floor":14,"gold_loss":75},{"cards_removed":["Heavy Blade"],"damage_healed":0,"gold_gain":0,"player_choice":"Card Removal","damage_taken":0,"max_hp_gain":0,"max_hp_loss":0,"event_name":"Wheel of Change","floor":19,"gold_loss":0},{"damage_healed":0,"gold_gain":0,"player_choice":"Bought 1 Potion","damage_taken":0,"max_hp_gain":0,"max_hp_loss":0,"event_name":"The Woman in Blue","floor":21,"gold_loss":0},{"damage_healed":0,"gold_gain":0,"player_choice":"Memory 3","damage_taken":10,"max_hp_gain":0,"max_hp_loss":0,"event_name":"SensoryStone","floor":46,"gold_loss":0},{"damage_healed":0,"gold_gain":0,"player_choice":"Max HP","damage_taken":0,"max_hp_gain":0,"max_hp_loss":5,"event_name":"Winding Halls","floor":47,"gold_loss":0}],"is_beta":false,"boss_relics":[{"not_picked":["Runic Cube","Ectoplasm"],"picked":"Pandora\u0027s Box"},{"not_picked":["Astrolabe","Velvet Choker"],"picked":"Calling Bell"}],"items_purged_floors":[22,54],"is_endless":false,"potions_floor_spawned":[4,18,20,33,35,36,39,48,55],"ascension_level":20}}