{"host":"birdoosa9v9yfc1w","time":1614149920,"event":{"mods":["2.2 Compatiblity","BaseMod","Bossed Relics","Colored Map","Colored Powertips","Dark Map","Halation","Highlight Path","Minty Spire (QoL Compilation)","Rare Cards Sparkle","Relic Filter","SacredBarkPlus","StSLib","The Jungle","Thrall Mod"],"gold_per_floor":[115,128,208,173,186,186,207,234,257,294,294,313,313,328,328,422,422,444,424,459,487,559,603,615,668,680,734,636,680,692,725,737,830,842,866,403,1402,1465,1465,1483],"floor_reached":41,"language":"ENG","playtime":2812,"items_purged":["Jadelightning"],"score":1270,"play_id":"554f85f3-f1ab-4ed4-9f60-32120605b770","local_time":"20210224015840","is_ascension_mode":true,"campfire_choices":[{"data":"Airelemental","floor":6.0,"key":"SMITH"},{"floor":11.0,"key":"REST"},{"data":"Maelstromportal","floor":15.0,"key":"SMITH"},{"data":"Hallazeal","floor":24.0,"key":"SMITH"},{"data":"Manatidetotem","floor":30.0,"key":"SMITH"},{"data":"Manatidetotem","floor":32.0,"key":"SMITH"}],"circlet_count":0,"master_deck":["AscendersBane","Strike_Thrall","Strike_Thrall","Strike_Thrall","Strike_Thrall","Strike_Thrall","Defend_Thrall","Defend_Thrall","Defend_Thrall","Defend_Thrall","Defend_Thrall","Lightningbolt","Thecoin+1","Airelemental+1","Dunemaul","Manatidetotem+1","Dustdevil","Zap","Maelstromportal+1","Therunespear","Hallazeal+1","Manatidetotem+1","Hex","Frostshock","Elementaldestruction","Eternalsentinel","Thingfrombelow","Thecoin","Normality","Normality"],"relics":["Totem","Odd Mushroom","halation:IllGainedPizza","Regal Pillow","halation:Toothbrush","WarpedTongs","Ice Cream","Meat on the Bone","MawBank","halation:VictoryRuler","Ornamental Fan","Anchor","Centennial Puzzle","Lavashock","Juzu Bracelet","TheAbacus","Prayer Wheel"],"acts_visited":["Exordium","TheCity","TheBeyond"],"potions_floor_usage":[40],"damage_taken":[{"damage":9.0,"enemies":"Small Slimes","floor":1.0,"turns":4.0},{"damage":0.0,"enemies":"2 Louse","floor":2.0,"turns":2.0},{"damage":0.0,"enemies":"Cultist","floor":5.0,"turns":1.0},{"damage":18.0,"enemies":"The Mushroom Lair","floor":7.0,"turns":4.0},{"damage":26.0,"enemies":"Gremlin Nob","floor":8.0,"turns":4.0},{"damage":18.0,"enemies":"Lagavulin","floor":10.0,"turns":5.0},{"damage":11.0,"enemies":"Looter","floor":12.0,"turns":2.0},{"damage":9.0,"enemies":"Red Slaver","floor":14.0,"turns":2.0},{"damage":44.0,"enemies":"The Guardian","floor":16.0,"turns":6.0},{"damage":19.0,"enemies":"2 Thieves","floor":18.0,"turns":3.0},{"damage":20.0,"enemies":"3 Byrds","floor":20.0,"turns":4.0},{"damage":40.0,"enemies":"Shelled Parasite and Fungi","floor":21.0,"turns":6.0},{"damage":70.0,"enemies":"Book of Stabbing","floor":23.0,"turns":5.0},{"damage":26.0,"enemies":"Gremlin Leader","floor":25.0,"turns":5.0},{"damage":43.0,"enemies":"Slavers","floor":27.0,"turns":4.0},{"damage":14.0,"enemies":"Gremlin Leader","floor":29.0,"turns":5.0},{"damage":24.0,"enemies":"Snake Plant","floor":31.0,"turns":4.0},{"damage":5.0,"enemies":"Champ","floor":33.0,"turns":8.0},{"damage":15.0,"enemies":"Orb Walker","floor":35.0,"turns":3.0},{"damage":90.0,"enemies":"2 Orb Walkers","floor":38.0,"turns":7.0},{"damage":129,"enemies":"Awakened One","floor":40,"turns":10}],"seed_played":"332559053886056143","potions_obtained":[{"floor":1.0,"key":"LiquidMemories"},{"floor":2.0,"key":"Strength Potion"},{"floor":5.0,"key":"PowerPotion"},{"floor":16.0,"key":"PowerPotion"},{"floor":19.0,"key":"PowerPotion"},{"floor":21.0,"key":"LiquidBronze"}],"is_trial":false,"path_per_floor":["M","M","?","?","M","R","?","E","T","E","R","M","?","M","R","B",null,"M","?","M","M","T","E","R","E","T","E","?","E","R","M","R","B",null,"M","$","?","?","?","B",null],"character_chosen":"THRALL","items_purchased":["Juzu Bracelet","Thecoin","TheAbacus"],"campfire_rested":1,"item_purchase_floors":[36,36,36],"current_hp_per_floor":[51,53,53,72,72,72,56,30,30,12,50,39,39,32,32,78,78,63,63,45,78,78,60,60,78,78,78,81,81,81,68,68,84,84,84,87,87,87,87,99],"gold":1483,"neow_bonus":"TWENTY_PERCENT_HP_BONUS","is_daily":false,"chose_seed":false,"campfire_upgraded":5,"win_rate":0.0,"timestamp":1614149920,"path_taken":["M","M","?","?","M","R","?","E","T","E","R","M","?","?","R","BOSS","M","?","?","?","?","E","R","E","T","E","?","E","R","M","R","BOSS","M","?","?","?","?","BOSS"],"items_purchased_type":["Relic","Card","Relic"],"build_version":"2020-12-22","purchased_purges":1,"victory":true,"max_hp_per_floor":[78,78,78,78,78,78,78,78,78,78,78,78,78,78,78,78,78,78,78,78,78,78,78,78,78,78,78,81,81,81,81,81,84,84,84,87,87,87,87,99],"card_choices":[{"not_picked":["Thingfrombelow","Thecoin"],"picked":"Airelemental","floor":1.0},{"not_picked":["Elementaryreaction","Jadelightning"],"picked":"Dunemaul","floor":2.0},{"not_picked":["Evolve","Likkim","Devolve"],"picked":"SKIP","floor":5.0},{"not_picked":["Blazing","Forkedlightning"],"picked":"Manatidetotem","floor":7.0},{"not_picked":["Jinyu","Jadecheiftain"],"picked":"Jadelightning","floor":8.0},{"not_picked":["Healingrain","Farsight"],"picked":"Dustdevil","floor":10.0},{"not_picked":["Lightningbolt","Totemicsmash"],"picked":"Zap","floor":12.0},{"not_picked":["Wartbringer","Jinyu"],"picked":"Maelstromportal","floor":14.0},{"not_picked":["Unstable","Shudderwock"],"picked":"Therunespear","floor":16.0},{"not_picked":["Jadecheiftain","Healingrain+1","Elementaryreaction"],"picked":"SKIP","floor":18.0},{"not_picked":["Forkedlightning","Tidalsurge"],"picked":"Hallazeal","floor":20.0},{"not_picked":["Vitalitytotem","Elementaryreaction"],"picked":"Manatidetotem","floor":21.0},{"not_picked":["Tidalsurge","Unstable","Healingwave"],"picked":"SKIP","floor":23.0},{"not_picked":["Menacingnimbus","Fireguard"],"picked":"Hex","floor":25.0},{"not_picked":["Volcano","Forkedlightning"],"picked":"Frostshock","floor":27.0},{"not_picked":["Manatidetotem","Zap"],"picked":"Elementaldestruction","floor":29.0},{"not_picked":["Jadelightning","Hex","Jadecheiftain"],"picked":"SKIP","floor":31.0},{"not_picked":["Elementaldestruction","Shudderwock"],"picked":"Eternalsentinel","floor":33.0},{"not_picked":["Spiritofthefrog","Menacingnimbus"],"picked":"Thingfrombelow","floor":35.0}],"player_experience":676719,"relics_obtained":[{"floor":7.0,"key":"Odd Mushroom"},{"floor":8.0,"key":"halation:IllGainedPizza"},{"floor":9.0,"key":"Regal Pillow"},{"floor":10.0,"key":"halation:Toothbrush"},{"floor":22.0,"key":"Meat on the Bone"},{"floor":23.0,"key":"MawBank"},{"floor":25.0,"key":"halation:VictoryRuler"},{"floor":26.0,"key":"Ornamental Fan"},{"floor":27.0,"key":"Anchor"},{"floor":29.0,"key":"Centennial Puzzle"},{"floor":38.0,"key":"Prayer Wheel"}],"event_choices":[{"damage_healed":0.0,"max_hp_gain":0.0,"max_hp_loss":0.0,"gold_gain":80.0,"event_name":"Golden Wing","player_choice":"Gained Gold","floor":3.0,"gold_loss":0.0,"damage_taken":0.0},{"damage_healed":19.0,"max_hp_gain":0.0,"max_hp_loss":0.0,"gold_gain":0.0,"event_name":"The Cleric","player_choice":"Healed","floor":4.0,"gold_loss":35.0,"damage_taken":0.0},{"damage_healed":0.0,"max_hp_gain":0.0,"max_hp_loss":0.0,"gold_gain":0.0,"event_name":"Mushrooms","player_choice":"Fought Mushrooms","floor":7.0,"gold_loss":0.0,"damage_taken":0.0},{"damage_healed":0.0,"max_hp_gain":0.0,"max_hp_loss":0.0,"gold_gain":0.0,"event_name":"Accursed Blacksmith","player_choice":"Rummage","floor":13.0,"gold_loss":0.0,"damage_taken":0.0,"relics_obtained":["WarpedTongs"],"cards_obtained":["Pain"]},{"damage_healed":0.0,"max_hp_gain":0.0,"max_hp_loss":0.0,"gold_gain":0.0,"event_name":"The Woman in Blue","player_choice":"Bought 1 Potion","floor":19.0,"gold_loss":0.0,"damage_taken":0.0},{"cards_removed":["Pain"],"damage_healed":0.0,"max_hp_gain":0.0,"max_hp_loss":0.0,"gold_gain":0.0,"event_name":"Designer","player_choice":"Upgrade and Remove","floor":28.0,"gold_loss":110.0,"damage_taken":0.0,"cards_upgraded":["Thecoin"]},{"damage_healed":0.0,"max_hp_gain":0.0,"max_hp_loss":0.0,"gold_gain":999.0,"event_name":"MindBloom","player_choice":"Gold","floor":37.0,"gold_loss":0.0,"damage_taken":0.0,"cards_obtained":["Normality","Normality"]},{"damage_healed":0.0,"max_hp_gain":0.0,"max_hp_loss":0.0,"gold_gain":0.0,"event_name":"Mysterious Sphere","player_choice":"Fight","floor":38.0,"gold_loss":0.0,"damage_taken":0.0},{"damage_healed":0.0,"max_hp_gain":0.0,"max_hp_loss":0.0,"gold_gain":0.0,"event_name":"SecretPortal","player_choice":"Took Portal","floor":39.0,"gold_loss":0.0,"damage_taken":0.0}],"is_beta":false,"boss_relics":[{"not_picked":["Calling Bell","Runic Dome"],"picked":"Ice Cream"},{"not_picked":["Snecko Eye","Runic Pyramid"],"picked":"Lavashock"}],"items_purged_floors":[36],"is_endless":false,"potions_floor_spawned":[1,2,5,16,21,23,25,27,33,35],"ascension_level":16}}