{"host":"sav7uxregyirlf69","time":1614132120,"event":{"mods":["AchievementEnabler","BaseMod","Colored Map","DeckTracker","Keyboard Shortcuts","Minty Spire (QoL Compilation)","READ ME - Guardian Mod","StSLib","SuperFastMode"],"gold_per_floor":[118,118,136,3,78,78,96,107,107,107,125,154,173,173,173,248,248,259,270,47,66,66,98,118,118,118,131,131,145,163,163,163,163,163],"floor_reached":33,"language":"KOR","playtime":544,"items_purged":["Strike_G"],"score":592,"play_id":"da333bf5-6c48-43aa-93e1-500f86600afd","local_time":"20210224110200","is_ascension_mode":true,"campfire_choices":[{"data":"Die Die Die","floor":6,"key":"SMITH"},{"floor":10,"key":"REST"},{"data":"Blade Dance","floor":15,"key":"SMITH"},{"floor":25,"key":"REST"},{"floor":28,"key":"REST"},{"data":"Footwork","floor":32,"key":"SMITH"}],"circlet_count":0,"master_deck":["AscendersBane","Strike_G","Strike_G","Strike_G","Defend_G","Defend_G","Defend_G","Defend_G","Defend_G","Survivor","Neutralize","Die Die Die+1","Dash","Blade Dance","Accuracy+1","Blade Dance+1","Distraction+1","Blade Dance+1","Cloak And Dagger+1","After Image","Footwork+1","PiercingWail+1"],"relics":["Ring of the Snake","Juzu Bracelet","Toxic Egg 2","Sozu","ClockworkSouvenir","Boot"],"acts_visited":["Exordium","TheCity"],"potions_floor_usage":[11,12,16,23],"damage_taken":[{"damage":7,"enemies":"Jaw Worm","floor":1,"turns":5},{"damage":2,"enemies":"Small Slimes","floor":3,"turns":2},{"damage":1,"enemies":"Cultist","floor":7,"turns":3},{"damage":6,"enemies":"Exordium Wildlife","floor":8,"turns":2},{"damage":5,"enemies":"Gremlin Gang","floor":11,"turns":2},{"damage":0,"enemies":"Lagavulin","floor":12,"turns":4},{"damage":9,"enemies":"3 Louse","floor":13,"turns":2},{"damage":8,"enemies":"Hexaghost","floor":16,"turns":6},{"damage":8,"enemies":"Chosen","floor":18,"turns":5},{"damage":0,"enemies":"3 Byrds","floor":19,"turns":3},{"damage":13,"enemies":"Sentry and Sphere","floor":21,"turns":5},{"damage":5,"enemies":"Book of Stabbing","floor":23,"turns":4},{"damage":2,"enemies":"Snake Plant","floor":24,"turns":4},{"damage":18,"enemies":"Shelled Parasite and Fungi","floor":27,"turns":4},{"damage":0,"enemies":"3 Cultists","floor":29,"turns":4},{"damage":3,"enemies":"Snecko","floor":30,"turns":3},{"damage":24,"enemies":"Collector","floor":33,"turns":5}],"seed_played":"-4111267469770140519","potions_obtained":[{"floor":1,"key":"AttackPotion"},{"floor":7,"key":"PowerPotion"},{"floor":11,"key":"SteroidPotion"},{"floor":12,"key":"Strength Potion"}],"is_trial":false,"path_per_floor":["M","?","M","$","?","R","M","M","T","R","M","E","M","?","R","B",null,"M","M","$","M","?","E","M","R","T","M","R","M","M","?","R","B"],"character_chosen":"THE_SILENT","items_purchased":["Blade Dance","ClockworkSouvenir","Cloak And Dagger+1"],"campfire_rested":3,"item_purchase_floors":[4,20,20],"current_hp_per_floor":[52,45,43,43,32,32,31,25,25,43,38,38,29,29,29,21,50,42,42,42,29,13,8,6,25,25,7,26,26,23,23,23,0,0],"gold":163,"neow_bonus":"THREE_RARE_CARDS","is_daily":false,"chose_seed":false,"campfire_upgraded":3,"win_rate":0.0,"timestamp":1614132120,"path_taken":["M","?","M","$","?","R","M","M","T","R","M","E","M","?","R","BOSS","M","M","$","M","?","E","M","R","T","M","R","M","M","?","R","BOSS"],"items_purchased_type":["Card","Relic","Card"],"build_version":"2020-12-22","purchased_purges":1,"victory":false,"max_hp_per_floor":[60,60,60,60,60,60,60,60,60,60,60,60,60,60,60,60,60,60,60,60,60,65,65,65,65,65,65,65,65,65,65,65,65,65],"card_choices":[{"not_picked":["Glass Knife","Unload"],"picked":"Die Die Die","floor":0},{"not_picked":["Distraction","Calculated Gamble","Cloak And Dagger"],"picked":"SKIP","floor":1},{"not_picked":["Deflect","Backflip"],"picked":"Dash","floor":3},{"not_picked":["Quick Slash","All Out Attack"],"picked":"Accuracy","floor":7},{"not_picked":["Deflect","Distraction"],"picked":"Blade Dance","floor":8},{"not_picked":["Eviscerate","Dagger Spray","Slice"],"picked":"SKIP","floor":11},{"not_picked":["Slice","Flying Knee","Acrobatics+1"],"picked":"SKIP","floor":12},{"not_picked":["Bane","Sucker Punch"],"picked":"Distraction+1","floor":13},{"not_picked":["Dagger Spray+1","Noxious Fumes"],"picked":"Blade Dance+1","floor":18},{"not_picked":["Slice+1","Quick Slash","Deadly Poison+1"],"picked":"SKIP","floor":19},{"not_picked":["Dagger Spray","Poisoned Stab"],"picked":"After Image","floor":21},{"not_picked":["Dash","Tactician+1"],"picked":"Footwork","floor":23},{"not_picked":["Outmaneuver+1","Heel Hook","Bane"],"picked":"SKIP","floor":24},{"not_picked":["Prepared+1","Quick Slash"],"picked":"PiercingWail+1","floor":27},{"not_picked":["Choke+1","Flying Knee","Deflect+1"],"picked":"SKIP","floor":29},{"not_picked":["Predator","Poisoned Stab","Bouncing Flask+1"],"picked":"SKIP","floor":30}],"player_experience":1681421,"relics_obtained":[{"floor":9,"key":"Juzu Bracelet"},{"floor":12,"key":"Toxic Egg 2"},{"floor":23,"key":"Boot"}],"event_choices":[{"cards_removed":["Strike_G"],"damage_healed":0,"gold_gain":0,"player_choice":"Card Removal","damage_taken":7,"max_hp_gain":0,"max_hp_loss":0,"event_name":"Golden Wing","floor":2,"gold_loss":0},{"damage_healed":0,"gold_gain":75,"player_choice":"Gather Gold","damage_taken":11,"max_hp_gain":0,"max_hp_loss":0,"event_name":"World of Goop","floor":5,"gold_loss":0},{"damage_healed":0,"gold_gain":0,"player_choice":"Forge","damage_taken":0,"max_hp_gain":0,"max_hp_loss":0,"event_name":"Accursed Blacksmith","floor":14,"gold_loss":0,"cards_upgraded":["Accuracy"]},{"damage_healed":0,"gold_gain":0,"player_choice":"Shed Blood","damage_taken":21,"max_hp_gain":5,"max_hp_loss":0,"event_name":"Forgotten Altar","floor":22,"gold_loss":0},{"damage_healed":0,"gold_gain":0,"player_choice":"Ignored","damage_taken":0,"max_hp_gain":0,"max_hp_loss":0,"event_name":"N\u0027loth","floor":31,"gold_loss":0}],"is_beta":false,"boss_relics":[{"not_picked":["SlaversCollar","Snecko Eye"],"picked":"Sozu"}],"items_purged_floors":[4],"is_endless":false,"potions_floor_spawned":[1,7,11,12,19,23],"killed_by":"Collector","ascension_level":20}}