{"host":"yuoancq4cku3x8wq","time":1614173837,"event":{"mods":["AchievementEnabler","BaseMod","Minty Spire (QoL Compilation)","Quick Restart","StSLib","SuperFastMode","[IsaacMod]ÒÔÈö¼âËþ"],"gold_per_floor":[119,119,119,69,86,86,111,111,184,214,278,294,313,339,339,441,441,455,474,573,573,488,488,522,553,553,163,190,190,224,19,19,114,114,127,127,137,137,149,149,149,149,173,173,223,223,235,269,269,269],"floor_reached":51,"language":"ZHS","playtime":1605,"items_purged":["Strike_R","Strike_R"],"score":1618,"play_id":"c803a29f-fe3d-49b0-bce9-4494a4195ce0","local_time":"20210224213717","is_ascension_mode":true,"campfire_choices":[{"data":"Hemokinesis","floor":6.0,"key":"SMITH"},{"data":"Second Wind","floor":8.0,"key":"SMITH"},{"floor":15.0,"key":"REST"},{"data":"Body Slam","floor":23.0,"key":"SMITH"},{"data":"Juggernaut","floor":32.0,"key":"SMITH"},{"floor":40,"key":"RECALL"},{"floor":44,"key":"REST"},{"floor":46,"key":"DIG"},{"floor":49,"key":"DIG"}],"circlet_count":0,"master_deck":["Defend_R","Defend_R","Defend_R","Bash+1","Evolve","Hemokinesis+1","Second Wind+1","Burning Pact","Shockwave","Berserk","Juggernaut+1","Offering","Body Slam+1","Dark Embrace","Bloodletting+1","Entrench+1","Impervious","Apotheosis","Pommel Strike","Battle Trance+1"],"relics":["HushsDoor","MagicMushroom","TheBible","UnicornStump","Mummified Hand","Red Skull","Boot","Nunchaku","Runic Cube","SatanicBible","GuppysHairball","BelialBook","Anchor","Akabeko","Red Mask","Membership Card","Self Forming Clay","Potion Belt","Gambling Chip","Art of War","Oddly Smooth Stone","Lizard Tail","Fusion Hammer","DeathBook","Regal Pillow","Shovel","HornCleat","PunchingBag","TungstenRod"],"acts_visited":["Exordium","TheCity","TheBeyond"],"potions_floor_usage":[],"damage_taken":[{"damage":0.0,"enemies":"Small Slimes","floor":1.0,"turns":3.0},{"damage":0.0,"enemies":"2 Louse","floor":5.0,"turns":2.0},{"damage":14.0,"enemies":"3 Sentries","floor":7.0,"turns":5.0},{"damage":11.0,"enemies":"Gremlin Nob","floor":10.0,"turns":3.0},{"damage":2.0,"enemies":"3 Sentries","floor":11.0,"turns":4.0},{"damage":2.0,"enemies":"Jaw Worm","floor":12.0,"turns":2.0},{"damage":2.0,"enemies":"2 Fungi Beasts","floor":13.0,"turns":3.0},{"damage":7.0,"enemies":"3 Sentries","floor":14.0,"turns":5.0},{"damage":0.0,"enemies":"The Guardian","floor":16.0,"turns":15.0},{"damage":5.0,"enemies":"Spheric Guardian","floor":18.0,"turns":4.0},{"damage":0.0,"enemies":"2 Thieves","floor":19.0,"turns":1.0},{"damage":8.0,"enemies":"Gremlin Leader","floor":24.0,"turns":2.0},{"damage":8.0,"enemies":"Masked Bandits","floor":25.0,"turns":3.0},{"damage":3.0,"enemies":"Book of Stabbing","floor":28.0,"turns":4.0},{"damage":6.0,"enemies":"Gremlin Leader","floor":30.0,"turns":3.0},{"damage":15.0,"enemies":"Automaton","floor":33.0,"turns":2.0},{"damage":0.0,"enemies":"3 Shapes","floor":35.0,"turns":2.0},{"damage":0.0,"enemies":"Orb Walker","floor":37.0,"turns":1.0},{"damage":0,"enemies":"Jaw Worm Horde","floor":39,"turns":3},{"damage":6,"enemies":"Mind Bloom Boss Battle","floor":45,"turns":3},{"damage":14,"enemies":"Sphere and 2 Shapes","floor":47,"turns":4},{"damage":0,"enemies":"Nemesis","floor":48,"turns":3},{"damage":8,"enemies":"Awakened One","floor":50,"turns":4}],"seed_played":"8914899902840180218","potions_obtained":[{"floor":5.0,"key":"LiquidBronze"},{"floor":7.0,"key":"LiquidMemories"},{"floor":11.0,"key":"Energy Potion"},{"floor":24.0,"key":"PowerPotion"},{"floor":30.0,"key":"BloodPotion"},{"floor":33.0,"key":"FearPotion"},{"floor":45,"key":"Fire Potion"}],"is_trial":false,"path_per_floor":["M","?","?","?","M","R","E","R","T","E","?","M","M","E","R","B",null,"M","M","?","?","?","R","E","?","T","$","E","?","E","$","R","B",null,"M","?","M","?","M","R","?","?","T","R","?","R","M","E","R","B",null],"character_chosen":"IRONCLAD","items_purchased":["Juggernaut","Offering","SatanicBible","GuppysHairball","BelialBook","Membership Card","Self Forming Clay","Potion Belt","Lizard Tail","Apotheosis","DeathBook"],"campfire_rested":2,"item_purchase_floors":[17,17,17,17,17,27,27,27,31,34,34],"current_hp_per_floor":[80,63,56,56,57,57,44,44,44,34,33,32,31,25,51,52,49,44,45,45,45,45,45,38,31,31,31,29,29,24,24,24,10,29,30,30,30,30,31,31,31,31,31,33,27,27,14,15,15,8],"gold":269,"neow_bonus":"BOSS_RELIC","is_daily":false,"chose_seed":false,"campfire_upgraded":4,"win_rate":0.0,"timestamp":1614173837,"path_taken":["M","?","?","?","M","R","E","R","T","E","?","M","?","E","R","BOSS","M","M","?","?","?","R","E","?","T","$","E","?","E","$","R","BOSS","M","?","M","?","M","R","?","?","T","R","?","R","M","E","R","BOSS"],"items_purchased_type":["Card","Card","Relic","Relic","Relic","Relic","Relic","Relic","Relic","Card","Relic"],"build_version":"2020-12-22","purchased_purges":2,"victory":true,"max_hp_per_floor":[87,87,87,87,87,87,87,87,87,87,87,87,87,87,87,87,49,49,49,49,49,49,49,49,49,49,49,49,49,49,49,49,49,35,35,35,35,35,35,35,33,33,33,33,33,33,33,33,33,33],"card_choices":[{"not_picked":["Wild Strike","Blood for Blood"],"picked":"Evolve","floor":1.0},{"not_picked":["Dark Embrace","Warcry"],"picked":"Hemokinesis","floor":5.0},{"not_picked":["Shrug It Off","Sentinel"],"picked":"Second Wind","floor":7.0},{"not_picked":["Clothesline","Fiend Fire","Clash"],"picked":"SKIP","floor":10.0},{"not_picked":["Perfected Strike","Clash"],"picked":"Burning Pact","floor":11.0},{"not_picked":["Shrug It Off","Heavy Blade"],"picked":"Shockwave","floor":12.0},{"not_picked":["Ghostly Armor","Headbutt","Perfected Strike"],"picked":"SKIP","floor":13.0},{"not_picked":["Warcry","Havoc","Flex"],"picked":"SKIP","floor":14.0},{"not_picked":["Bludgeon","Limit Break"],"picked":"Berserk","floor":16.0},{"not_picked":["Shockwave","True Grit","Iron Wave"],"picked":"SKIP","floor":18.0},{"not_picked":["Clothesline+1","Perfected Strike+1"],"picked":"Body Slam","floor":19.0},{"not_picked":["Inflame","Iron Wave"],"picked":"Dark Embrace","floor":24.0},{"not_picked":["Shrug It Off+1","Havoc+1"],"picked":"Bloodletting+1","floor":25.0},{"not_picked":["Blood for Blood+1","Burning Pact","Demon Form"],"picked":"SKIP","floor":28.0},{"not_picked":["Headbutt+1","Metallicize"],"picked":"Entrench+1","floor":30.0},{"not_picked":["Exhume","Brutality"],"picked":"Impervious","floor":33.0},{"not_picked":["Perfected Strike","Warcry+1","Sword Boomerang"],"picked":"SKIP","floor":35.0},{"not_picked":["Evolve","Perfected Strike+1","Reckless Charge"],"picked":"SKIP","floor":37.0},{"not_picked":["Iron Wave+1","Wild Strike+1","Rage+1"],"picked":"SKIP","floor":39},{"not_picked":["Havoc+1","Anger+1"],"picked":"Pommel Strike","floor":45},{"not_picked":["Flex+1","Anger+1","Blood for Blood"],"picked":"SKIP","floor":47},{"not_picked":["Intimidate+1","True Grit"],"picked":"Battle Trance+1","floor":48}],"player_experience":256575,"relics_obtained":[{"floor":7.0,"key":"UnicornStump"},{"floor":9.0,"key":"Mummified Hand"},{"floor":10.0,"key":"Red Skull"},{"floor":11.0,"key":"Boot"},{"floor":14.0,"key":"Nunchaku"},{"floor":24.0,"key":"Akabeko"},{"floor":25.0,"key":"Red Mask"},{"floor":28.0,"key":"Gambling Chip"},{"floor":30.0,"key":"Oddly Smooth Stone"},{"floor":43,"key":"Regal Pillow"},{"floor":45,"key":"Shovel"},{"floor":46,"key":"HornCleat"},{"floor":48,"key":"PunchingBag"},{"floor":49,"key":"TungstenRod"}],"event_choices":[{"damage_healed":0.0,"max_hp_gain":0.0,"max_hp_loss":0.0,"gold_gain":0.0,"event_name":"Shining Light","player_choice":"Entered Light","floor":2.0,"gold_loss":0.0,"damage_taken":17.0,"cards_upgraded":["Bash","Strike_R"]},{"cards_removed":["Strike_R"],"damage_healed":0.0,"max_hp_gain":0.0,"max_hp_loss":0.0,"gold_gain":0.0,"event_name":"Golden Wing","player_choice":"Card Removal","floor":3.0,"gold_loss":0.0,"damage_taken":7.0},{"cards_removed":["Strike_R"],"damage_healed":0.0,"max_hp_gain":0.0,"max_hp_loss":0.0,"gold_gain":0.0,"event_name":"The Cleric","player_choice":"Card Removal","floor":4.0,"gold_loss":50.0,"damage_taken":0.0},{"damage_healed":0.0,"max_hp_gain":0.0,"max_hp_loss":0.0,"gold_gain":30.0,"event_name":"Dead Adventurer","player_choice":"Searched \u00273\u0027 times","floor":11.0,"gold_loss":0.0,"damage_taken":0.0},{"damage_healed":0.0,"max_hp_gain":0.0,"max_hp_loss":0.0,"gold_gain":99.0,"event_name":"Nest","player_choice":"Stole From Cult","floor":20.0,"gold_loss":0.0,"damage_taken":0.0},{"damage_healed":0.0,"max_hp_gain":0.0,"max_hp_loss":0.0,"gold_gain":0.0,"event_name":"Vampires","player_choice":"Ignored","floor":21.0,"gold_loss":0.0,"damage_taken":0.0},{"damage_healed":0.0,"max_hp_gain":0.0,"max_hp_loss":0.0,"gold_gain":0.0,"event_name":"Addict","player_choice":"Obtained Relic","floor":22.0,"gold_loss":85.0,"damage_taken":0.0,"relics_obtained":["Anchor"]},{"damage_healed":0.0,"max_hp_gain":0.0,"max_hp_loss":0.0,"gold_gain":0.0,"event_name":"Masked Bandits","player_choice":"Fought Bandits","floor":25.0,"gold_loss":0.0,"damage_taken":0.0},{"damage_healed":0.0,"max_hp_gain":0.0,"max_hp_loss":0.0,"gold_gain":0.0,"event_name":"The Mausoleum","player_choice":"Opened","floor":29.0,"gold_loss":0.0,"damage_taken":0.0,"relics_obtained":["Art of War"]},{"cards_removed":["Strike_R"],"damage_healed":0.0,"max_hp_gain":0.0,"max_hp_loss":0.0,"gold_gain":0.0,"event_name":"Purifier","player_choice":"Purged","floor":36.0,"gold_loss":0.0,"damage_taken":0.0},{"damage_healed":0,"gold_gain":0,"player_choice":"Ignored","damage_taken":0,"max_hp_gain":0,"max_hp_loss":0,"event_name":"SecretPortal","floor":38,"gold_loss":0},{"damage_healed":0,"gold_gain":0,"player_choice":"Max HP","damage_taken":0,"max_hp_gain":0,"max_hp_loss":2,"event_name":"Winding Halls","floor":41,"gold_loss":0},{"cards_removed":["Defend_R"],"damage_healed":0,"gold_gain":0,"player_choice":"Removed Skill","damage_taken":0,"max_hp_gain":0,"max_hp_loss":0,"event_name":"Falling","floor":42,"gold_loss":0},{"damage_healed":0,"gold_gain":0,"player_choice":"Fight","damage_taken":0,"max_hp_gain":0,"max_hp_loss":0,"event_name":"MindBloom","floor":45,"gold_loss":0}],"is_beta":false,"boss_relics":[{"not_picked":["Tiny House","Empty Cage"],"picked":"Runic Cube"},{"not_picked":[]},{"not_picked":["Calling Bell","Black Star"],"picked":"Fusion Hammer"},{"not_picked":[]}],"items_purged_floors":[27,31],"is_endless":false,"potions_floor_spawned":[5,7,11,12,13,16,24,30,33,45],"ascension_level":8}}