{"host":"a5lz0e76zb3fcwkm","time":1614171761,"event":{"mods":["AchievementEnabler","BaseMod","Colored Map","Colored Powertips","Minty Spire (QoL Compilation)","StSLib","SuperFastMode"],"gold_per_floor":[119,269,269,288,306,333,344,57,57,57,82,92,109,141,141,213,213,228,228,143,182,206,237,237,237,237,237,251,171,187,26,26,102,102,116,166,234,8,27,58,58,73,73,91,103,118,133,158,158,158,158,158],"floor_reached":51,"language":"KOR","playtime":1527,"items_purged":["Pain","Strike_G","Strike_G"],"score":1701,"play_id":"18b9f0f8-96de-4dea-82bb-1e631060250f","local_time":"20210224220241","is_ascension_mode":true,"campfire_choices":[{"data":"Terror","floor":15,"key":"SMITH"},{"floor":24,"key":"REST"},{"data":"Venomology","floor":27,"key":"SMITH"},{"data":"Apotheosis","floor":32,"key":"SMITH"},{"floor":41,"key":"RECALL"},{"floor":49,"key":"REST"}],"circlet_count":0,"master_deck":["AscendersBane","Strike_G","Strike_G","Strike_G","Defend_G","Defend_G","Defend_G","Defend_G","Defend_G","Survivor","Neutralize","All Out Attack","Choke","Blade Dance","Terror+1","Accuracy","Blade Dance","Calculated Gamble","Blade Dance","Venomology+1","Adrenaline","PiercingWail","Apotheosis+1","Wraith Form v2","Escape Plan+1","Backflip+1"],"relics":["Ring of the Serpent","NeowsBlessing","WarpedTongs","HornCleat","Medical Kit","White Beast Statue","Spirit Poop","The Courier","Singing Bowl","Nilry\u0027s Codex","Shuriken","Strawberry","Mercury Hourglass","SsserpentHead","Gremlin Horn","Black Star","ClockworkSouvenir","Regal Pillow","Matryoshka","Pear","Blood Vial","Pen Nib","Happy Flower"],"acts_visited":["TheCity","TheBeyond"],"potions_floor_usage":[16,16,18,21,21,23,23,28,28,30,30,33,35,35,37,37,39,40,42,42,44,44,45,45,51],"damage_taken":[{"damage":0.0,"enemies":"2 Louse","floor":1.0,"turns":1.0},{"damage":1.0,"enemies":"Small Slimes","floor":4.0,"turns":1.0},{"damage":1.0,"enemies":"Cultist","floor":5.0,"turns":1.0},{"damage":22.0,"enemies":"3 Sentries","floor":6.0,"turns":6.0},{"damage":1.0,"enemies":"Blue Slaver","floor":7.0,"turns":3.0},{"damage":14.0,"enemies":"Gremlin Nob","floor":11.0,"turns":4.0},{"damage":1.0,"enemies":"Exordium Thugs","floor":12.0,"turns":3.0},{"damage":5.0,"enemies":"3 Louse","floor":13.0,"turns":3.0},{"damage":0.0,"enemies":"3 Sentries","floor":14.0,"turns":3.0},{"damage":0,"enemies":"Slime Boss","floor":16,"turns":1},{"damage":0,"enemies":"3 Byrds","floor":18,"turns":4},{"damage":2,"enemies":"Shell Parasite","floor":21,"turns":2},{"damage":32,"enemies":"Slavers","floor":23,"turns":4},{"damage":9,"enemies":"Centurion and Healer","floor":28,"turns":4},{"damage":0,"enemies":"3 Cultists","floor":30,"turns":2},{"damage":6,"enemies":"Automaton","floor":33,"turns":5},{"damage":6,"enemies":"Orb Walker","floor":35,"turns":2},{"damage":6,"enemies":"3 Darklings","floor":37,"turns":4},{"damage":8,"enemies":"4 Shapes","floor":39,"turns":5},{"damage":0,"enemies":"Giant Head","floor":40,"turns":4},{"damage":0,"enemies":"Spire Growth","floor":42,"turns":3},{"damage":7,"enemies":"Maw","floor":44,"turns":5},{"damage":8,"enemies":"Writhing Mass","floor":45,"turns":6},{"damage":0,"enemies":"4 Shapes","floor":46,"turns":2},{"damage":0,"enemies":"Spire Growth","floor":47,"turns":3},{"damage":1,"enemies":"Reptomancer","floor":48,"turns":5},{"damage":177,"enemies":"Time Eater","floor":50,"turns":11},{"damage":40,"enemies":"Donu and Deca","floor":51,"turns":7}],"seed_played":"-9184004087382379328","potions_obtained":[{"floor":1.0,"key":"Strength Potion"},{"floor":7.0,"key":"Ancient Potion"},{"floor":11.0,"key":"SpeedPotion"},{"floor":12.0,"key":"SteroidPotion"},{"floor":13.0,"key":"DuplicationPotion"},{"floor":14,"key":"SteroidPotion"},{"floor":16,"key":"Swift Potion"},{"floor":18,"key":"PowerPotion"},{"floor":21,"key":"Fruit Juice"},{"floor":23,"key":"PowerPotion"},{"floor":28,"key":"GamblersBrew"},{"floor":30,"key":"CunningPotion"},{"floor":35,"key":"Energy Potion"},{"floor":37,"key":"Poison Potion"},{"floor":42,"key":"Poison Potion"},{"floor":44,"key":"EssenceOfSteel"},{"floor":45,"key":"FairyPotion"}],"is_trial":false,"path_per_floor":["M","?","?","M","M","E","M","$","T","?","E","M","M","E","R","B",null,"M","?","?","M","T","E","R","?","T","R","M","$","M","$","R","B",null,"M","T","M","$","M","E","R","M","T","M","M","M","M","E","R","B","B"],"character_chosen":"THE_SILENT","items_purchased":["Accuracy","Medical Kit","Apotheosis","ClockworkSouvenir"],"campfire_rested":2,"item_purchase_floors":[8,8,31,38],"current_hp_per_floor":[59,59,59,58,57,35,34,34,34,34,20,19,14,14,14,14,53,55,34,34,34,41,16,41,41,41,41,34,34,34,34,34,28,72,68,68,62,62,56,58,58,60,70,65,61,65,69,72,112,32,0,0],"gold":158,"neow_bonus":"THREE_ENEMY_KILL","is_daily":false,"chose_seed":false,"campfire_upgraded":3,"win_rate":0.0,"timestamp":1614171761,"path_taken":["M","?","?","M","?","E","M","$","T","?","E","M","?","E","R","BOSS","M","?","?","M","?","E","R","?","T","R","M","$","M","$","R","BOSS","M","?","?","$","M","E","R","M","T","M","M","M","M","E","R","BOSS","BOSS"],"items_purchased_type":["Card","Relic","Card","Relic"],"build_version":"2020-12-22","purchased_purges":3,"victory":false,"max_hp_per_floor":[66,66,66,66,66,66,66,66,66,66,66,66,66,66,66,66,66,68,68,68,70,77,84,84,84,84,84,86,86,86,86,86,86,86,88,88,88,88,90,92,92,94,104,104,106,108,110,112,112,112,112,112],"card_choices":[{"not_picked":["Bouncing Flask","Underhanded Strike"],"picked":"All Out Attack","floor":1.0},{"not_picked":["Poisoned Stab","Dagger Throw"],"picked":"Choke","floor":4.0},{"not_picked":["Outmaneuver","Flechettes","Slice"],"picked":"SKIP","floor":5.0},{"not_picked":["Cloak And Dagger","Underhanded Strike"],"picked":"Blade Dance","floor":6.0},{"not_picked":["Grand Finale","All Out Attack"],"picked":"Terror","floor":7.0},{"not_picked":["Backflip","Skewer"],"picked":"Blade Dance","floor":11.0},{"not_picked":["Crippling Poison","Cloak And Dagger"],"picked":"Calculated Gamble","floor":12.0},{"not_picked":["Acrobatics","Noxious Fumes"],"picked":"Blade Dance","floor":13.0},{"not_picked":["Cloak And Dagger","Dagger Spray"],"picked":"Venomology","floor":14},{"not_picked":["Night Terror","Bullet Time"],"picked":"Adrenaline","floor":16},{"not_picked":["Quick Slash","Deadly Poison","All Out Attack"],"picked":"Singing Bowl","floor":18},{"not_picked":["Sucker Punch","Dodge and Roll","Poisoned Stab"],"picked":"Singing Bowl","floor":21},{"not_picked":["Poisoned Stab","Deflect","Malaise"],"picked":"Singing Bowl","floor":23},{"not_picked":["Slice+1","Poisoned Stab","Dodge and Roll+1"],"picked":"Singing Bowl","floor":28},{"not_picked":["Underhanded Strike+1","Cloak And Dagger"],"picked":"PiercingWail","floor":30},{"not_picked":["A Thousand Cuts","Doppelganger"],"picked":"Wraith Form v2","floor":33},{"not_picked":["Flying Knee+1","Prepared","Masterful Stab"],"picked":"Singing Bowl","floor":35},{"not_picked":["Underhanded Strike","Flying Knee"],"picked":"Escape Plan+1","floor":37},{"not_picked":["Riddle With Holes","Underhanded Strike","Blade Dance+1"],"picked":"Singing Bowl","floor":39},{"not_picked":["Dash","Predator","Poisoned Stab"],"picked":"Singing Bowl","floor":40},{"not_picked":["Noxious Fumes","Dagger Spray+1","Blade Dance+1"],"picked":"Singing Bowl","floor":42},{"not_picked":["Envenom","Endless Agony"],"picked":"Backflip+1","floor":44},{"not_picked":["Footwork","Expertise","Cloak And Dagger+1"],"picked":"Singing Bowl","floor":45},{"not_picked":["Poisoned Stab","Choke","Escape Plan"],"picked":"Singing Bowl","floor":46},{"not_picked":["Underhanded Strike","Finisher","Slice"],"picked":"Singing Bowl","floor":47},{"not_picked":["Slice+1","Choke","PiercingWail"],"picked":"Singing Bowl","floor":48}],"player_experience":1918636,"relics_obtained":[{"floor":6.0,"key":"HornCleat"},{"floor":9.0,"key":"White Beast Statue"},{"floor":11.0,"key":"The Courier"},{"floor":14,"key":"Singing Bowl"},{"floor":19,"key":"Nilry\u0027s Codex"},{"floor":22,"key":"Strawberry"},{"floor":23,"key":"Mercury Hourglass"},{"floor":26,"key":"Gremlin Horn"},{"floor":40,"key":"Regal Pillow"},{"floor":40,"key":"Matryoshka"},{"floor":43,"key":"Pear"},{"floor":43,"key":"Blood Vial"},{"floor":48,"key":"Pen Nib"},{"floor":48,"key":"Happy Flower"}],"event_choices":[{"damage_healed":0.0,"max_hp_gain":0.0,"max_hp_loss":0.0,"gold_gain":150.0,"event_name":"Liars Game","player_choice":"AGREE","floor":2.0,"gold_loss":0.0,"damage_taken":0.0,"cards_obtained":["Doubt"]},{"damage_healed":0.0,"max_hp_gain":0.0,"max_hp_loss":0.0,"gold_gain":0.0,"event_name":"Accursed Blacksmith","player_choice":"Rummage","floor":3.0,"gold_loss":0.0,"damage_taken":0.0,"relics_obtained":["WarpedTongs"],"cards_obtained":["Pain"]},{"cards_removed":["Doubt"],"damage_healed":0.0,"max_hp_gain":0.0,"max_hp_loss":0.0,"gold_gain":0.0,"event_name":"Bonfire Elementals","player_choice":"Offered Curse","floor":10.0,"gold_loss":0.0,"damage_taken":0.0,"relics_obtained":["Spirit Poop"]},{"damage_healed":0,"gold_gain":0,"player_choice":"Obtained Book","damage_taken":21,"max_hp_gain":0,"max_hp_loss":0,"event_name":"Cursed Tome","floor":19,"gold_loss":0},{"damage_healed":0,"gold_gain":0,"player_choice":"Obtained Relic","damage_taken":0,"relics_obtained":["Shuriken"],"max_hp_gain":0,"max_hp_loss":0,"event_name":"Addict","floor":20,"gold_loss":85},{"damage_healed":0,"gold_gain":0,"player_choice":"Trade","damage_taken":0,"relics_obtained":["SsserpentHead"],"max_hp_gain":0,"max_hp_loss":0,"event_name":"FaceTrader","floor":25,"gold_loss":0}],"is_beta":false,"boss_relics":[{"not_picked":["Snecko Eye","Sozu"],"picked":"Ring of the Serpent"},{"not_picked":["Velvet Choker","Runic Pyramid"],"picked":"Black Star"}],"items_purged_floors":[8,29,38],"is_endless":false,"potions_floor_spawned":[1,7,11,12,13,14,16,18,21,23,28,30,33,35,37,39,40,42,44,45,46,47,48],"killed_by":"Donu and Deca","ascension_level":20}}