{"host":"9c9syrivwe4sfpe0","time":1614154714,"event":{"mods":["AchievementEnabler","BaseMod","Colored Powertips","DeckTracker","GifTheSpireLib","Highlight Path","Minty Spire (QoL Compilation)","Quick Restart","Random Character Button","StSLib","SuperFastMode"],"gold_per_floor":[119,119,119,119,119,158,158,2,2,20,20,20],"floor_reached":11,"language":"ENG","playtime":323,"items_purged":[],"score":86,"play_id":"20ac1043-7132-4d98-bc13-b52d16040bee","local_time":"20210224191834","is_ascension_mode":true,"campfire_choices":[{"data":"Neutralize","floor":7,"key":"SMITH"}],"circlet_count":0,"master_deck":["Strike_G","Strike_G","Strike_G","Strike_G","Strike_G","Defend_G","Defend_G","Defend_G","Defend_G","Survivor","Neutralize+1","Cloak And Dagger","Injury","Cloak And Dagger","Dagger Spray"],"relics":["Ring of the Snake","Toy Ornithopter","Golden Idol","Vajra","StrikeDummy","Happy Flower","Pantograph"],"acts_visited":["Exordium"],"potions_floor_usage":[],"damage_taken":[{"damage":0,"enemies":"Cultist","floor":1,"turns":4},{"damage":53,"enemies":"Lagavulin","floor":6,"turns":8},{"damage":0,"enemies":"Jaw Worm","floor":10,"turns":3},{"damage":9,"enemies":"3 Sentries","floor":11,"turns":3}],"seed_played":"-3081826131591565663","potions_obtained":[],"is_trial":false,"path_per_floor":["M","$","?","?","?","E","R","$","T","M","E"],"character_chosen":"THE_SILENT","items_purchased":["Happy Flower"],"campfire_rested":0,"item_purchase_floors":[8],"current_hp_per_floor":[70,70,63,63,60,7,7,7,7,7,0,0],"gold":20,"neow_bonus":"RANDOM_COMMON_RELIC","is_daily":false,"chose_seed":false,"campfire_upgraded":1,"win_rate":0.0,"timestamp":1614154714,"path_taken":["M","?","?","?","?","E","R","$","T","M","E"],"items_purchased_type":["Relic"],"build_version":"2020-12-22","purchased_purges":0,"victory":false,"max_hp_per_floor":[70,70,70,70,70,70,70,70,70,70,70,70],"card_choices":[{"not_picked":["Dagger Throw","Escape Plan"],"picked":"Cloak And Dagger","floor":1},{"not_picked":["Deadly Poison","Catalyst"],"picked":"Cloak And Dagger","floor":6},{"not_picked":["Deadly Poison","Sucker Punch"],"picked":"Dagger Spray","floor":10}],"player_experience":858600,"relics_obtained":[{"floor":6,"key":"StrikeDummy"},{"floor":9,"key":"Pantograph"}],"event_choices":[{"cards_removed":["Defend_G"],"damage_healed":0,"gold_gain":0,"player_choice":"Card Removal","damage_taken":7,"max_hp_gain":0,"max_hp_loss":0,"event_name":"Golden Wing","floor":3,"gold_loss":0},{"damage_healed":0,"gold_gain":0,"player_choice":"Take Wound","damage_taken":0,"relics_obtained":["Golden Idol"],"max_hp_gain":0,"max_hp_loss":0,"event_name":"Golden Idol","floor":4,"gold_loss":0,"cards_obtained":["Injury"]},{"damage_healed":0,"gold_gain":0,"player_choice":"Success","damage_taken":3,"relics_obtained":["Vajra"],"max_hp_gain":0,"max_hp_loss":0,"event_name":"Scrap Ooze","floor":5,"gold_loss":0}],"is_beta":false,"boss_relics":[],"items_purged_floors":[],"is_endless":false,"potions_floor_spawned":[],"killed_by":"3 Sentries","ascension_level":5}}