{"host":"0xrtbk0xxukcoky5","time":1614176285,"event":{"mods":["BaseMod","Colored Map","Hermit","Minty Spire (QoL Compilation)","Reliquary","Replay The Spire","StSLib"],"gold_per_floor":[116,128,181,256,256,256,291,28,28,28,28,53,67,80,80,180,180,200,210,234,260,284,296,308,308],"floor_reached":24,"language":"ENG","playtime":887,"items_purged":["hermit:Defend_Hermit"],"score":216,"play_id":"8774161c-c3de-4dec-91bc-ab45a252748a","local_time":"20210224151805","is_ascension_mode":true,"campfire_choices":[{"data":"hermit:Combo","floor":6,"key":"SMITH"},{"floor":10,"key":"REST"},{"floor":15,"key":"REST"},{"floor":23,"key":"REST"}],"circlet_count":0,"master_deck":["hermit:Strike_Hermit","hermit:Strike_Hermit","hermit:Strike_Hermit","hermit:Strike_Hermit","hermit:Defend_Hermit","hermit:Defend_Hermit","hermit:Snapshot","hermit:Covet","hermit:ShadowCloak","hermit:HighCaliber","hermit:Combo+1","hermit:Shortfuse","hermit:BigShot","hermit:CalledShot","hermit:Horror","hermit:EyeOfTheStorm","hermit:FatalDesire","CurseOfTheBell","hermit:Headshot","hermit:Roulette+1","hermit:EyeOfTheStorm","hermit:Showdown"],"relics":["hermit:Momento","Bronze Scales","Juzu Bracelet","Membership Card","reliquary:Sod","reliquary:PartyBalloon","Calling Bell","Nunchaku","Sundial","Unceasing Top","MawBank"],"acts_visited":["Exordium","TheCity"],"potions_floor_usage":[7,12,12,16,16,24,24],"damage_taken":[{"damage":0,"enemies":"2 Louse","floor":1,"turns":2},{"damage":0,"enemies":"Small Slimes","floor":2,"turns":3},{"damage":13,"enemies":"Replay:BlueRogue","floor":7,"turns":4},{"damage":26,"enemies":"3 Sentries","floor":12,"turns":6},{"damage":0,"enemies":"Cultist","floor":13,"turns":2},{"damage":17,"enemies":"3 Louse","floor":14,"turns":2},{"damage":30,"enemies":"Hexaghost","floor":16,"turns":6},{"damage":25,"enemies":"Shell Parasite","floor":18,"turns":5},{"damage":10,"enemies":"Spheric Guardian","floor":19,"turns":3},{"damage":28,"enemies":"Shelled Parasite and Fungi","floor":21,"turns":4},{"damage":9,"enemies":"Centurion and Healer","floor":22,"turns":3},{"damage":32,"enemies":"Slavers","floor":24,"turns":1}],"seed_played":"-7908713075402997114","potions_obtained":[{"floor":3,"key":"DistilledChaos"},{"floor":3,"key":"DuplicationPotion"},{"floor":3,"key":"DistilledChaos"},{"floor":7,"key":"AttackPotion"},{"floor":12,"key":"PowerPotion"},{"floor":14,"key":"hermit:BlackBile"},{"floor":18,"key":"SpeedPotion"},{"floor":21,"key":"LiquidBronze"}],"is_trial":false,"path_per_floor":["M","M","?","?","?","R","E","$","T","R","$","E","M","M","R","B",null,"M","M","T","M","M","R","E"],"character_chosen":"HERMIT","items_purchased":["hermit:BigShot","Membership Card"],"campfire_rested":3,"item_purchase_floors":[8,8],"current_hp_per_floor":[75,75,57,46,46,46,33,33,33,55,55,29,29,12,34,4,75,50,40,40,12,3,25,0,0],"gold":308,"neow_bonus":"RANDOM_COMMON_RELIC","is_daily":false,"chose_seed":false,"campfire_upgraded":1,"win_rate":0.0,"timestamp":1614176285,"path_taken":["M","M","?","?","?","R","E","$","T","R","$","E","M","M","R","BOSS","M","M","?","M","M","R","E"],"items_purchased_type":["Card","Relic"],"build_version":"2020-12-22","purchased_purges":1,"victory":false,"max_hp_per_floor":[75,75,75,75,75,75,75,75,75,75,75,75,75,75,75,75,75,75,75,75,75,75,75,75,75],"card_choices":[{"not_picked":["hermit:Vantage","hermit:Feint"],"picked":"hermit:ShadowCloak","floor":1},{"not_picked":["hermit:Snipe","hermit:Maintenance"],"picked":"hermit:HighCaliber","floor":2},{"not_picked":["hermit:Glare","hermit:Spite"],"picked":"hermit:Combo","floor":3},{"not_picked":["hermit:Spite","hermit:PistolWhip"],"picked":"hermit:Shortfuse","floor":7},{"not_picked":["hermit:BodyArmor","hermit:WideOpen"],"picked":"hermit:CalledShot","floor":12},{"not_picked":["hermit:Deadeye","hermit:EyeOfTheStorm"],"picked":"hermit:Horror","floor":13},{"not_picked":["hermit:Spite","hermit:Virtue"],"picked":"hermit:EyeOfTheStorm","floor":14},{"not_picked":["hermit:Magnum","hermit:OverwhelmingPower"],"picked":"hermit:FatalDesire","floor":16},{"not_picked":["hermit:HoleUp","hermit:Virtue"],"picked":"hermit:Headshot","floor":18},{"not_picked":["hermit:Headshot","hermit:SprayPray"],"picked":"hermit:Roulette+1","floor":19},{"not_picked":["hermit:SprayPray+1","hermit:Roulette"],"picked":"hermit:EyeOfTheStorm","floor":21},{"not_picked":["hermit:WideOpen","hermit:LuckOfTheDraw"],"picked":"hermit:Showdown","floor":22}],"player_experience":293519,"relics_obtained":[{"floor":7,"key":"Juzu Bracelet"},{"floor":9,"key":"reliquary:Sod"},{"floor":12,"key":"reliquary:PartyBalloon"},{"floor":17,"key":"Nunchaku"},{"floor":17,"key":"Sundial"},{"floor":17,"key":"Unceasing Top"},{"floor":20,"key":"MawBank"}],"event_choices":[{"damage_healed":0,"gold_gain":75,"player_choice":"Gather Gold","damage_taken":11,"max_hp_gain":0,"max_hp_loss":0,"event_name":"World of Goop","floor":4,"gold_loss":0},{"cards_removed":["hermit:Defend_Hermit"],"damage_healed":0,"gold_gain":0,"player_choice":"Purged","damage_taken":0,"max_hp_gain":0,"max_hp_loss":0,"event_name":"Purifier","floor":5,"gold_loss":0}],"is_beta":false,"boss_relics":[{"not_picked":["Ectoplasm","ReplayTheSpireMod:DimensionalGlitch"],"picked":"Calling Bell"}],"items_purged_floors":[8],"is_endless":false,"potions_floor_spawned":[7,12,14,18,21],"killed_by":"Slavers","ascension_level":1}}