{"host":"94qggqh0xz0sp6ai","time":1614125772,"event":{"mods":["100% Spire Juice","Abigail Mod","Act Like it!","BaseMod","CapriCore","Downfall","Friendly Minions","Gensokyo","Hermit","Jorbs\u0027s Wanderer Trilogy","Koishi","Marisa（霧雨　魔理沙）","Minty Spire (QoL Compilation)","Permanent Neow","Reimu（博??梦）","Reliquary","Ruina","StSLib","The Alterego","The Construct","The Cursed","The Hierophant","The Immortal","The Marked","The Mystic","The Senshi","The Servant 0.9.4","TheBandit","Waifu the Spire"],"gold_per_floor":[116,128,128,141,160,160,195,195,195,195,213,213,233,253,253,353,353,368,61,74,74,88,122,122,150,176,193,193,219,237,268,268,371,371,389,401,451,464,481,481,513,513,538,565,565,592,606,84,84,84],"floor_reached":51,"language":"ENG","playtime":2744,"items_purged":[],"score":1279,"play_id":"1b1baca7-870e-40de-bcac-6984da1557da","local_time":"20210223181612","is_ascension_mode":true,"campfire_choices":[{"data":"AbbyMod:ExposeNavel","floor":6,"key":"SMITH"},{"data":"AbbyMod:WormHole","floor":8,"key":"SMITH"},{"data":"AbbyMod:CosmicSpark","floor":10,"key":"SMITH"},{"data":"AbbyMod:HeroCreationA","floor":12,"key":"SMITH"},{"data":"AbbyMod:Hitomi","floor":15,"key":"SMITH"},{"data":"AbbyMod:HolidayWishes","floor":24,"key":"SMITH"},{"data":"AbbyMod:FamiliarShield","floor":28,"key":"SMITH"},{"data":"AbbyMod:Hitomi","floor":32,"key":"SMITH"},{"data":"AbbyMod:GudaGudaParticle","floor":40,"key":"SMITH"},{"floor":42,"key":"REST"},{"data":"AbbyMod:SweetPancakes","floor":49,"key":"SMITH"}],"circlet_count":0,"master_deck":["AscendersBane","AbbyMod:Ab_Strike","AbbyMod:Ab_Strike","AbbyMod:Ab_Strike","AbbyMod:Ab_Defend","AbbyMod:Ab_Defend","AbbyMod:Ab_Defend","AbbyMod:FleetingSanity","AbbyMod:ForeheadBeam","AbbyMod:Hitomi+1","AbbyMod:ExposeNavel+1","AbbyMod:CloneArmy","AbbyMod:PapaProtection","AbbyMod:WormHole+1","AbbyMod:CosmicSpark+1","AbbyMod:HeroCreationA+1","AbbyMod:Hitomi+1","AbbyMod:EyesOfMadness","AbbyMod:CosmicSpark","AbbyMod:TeddyBear+1","AbbyMod:AttoSecond+1","AbbyMod:HolidayWishes+1","AbbyMod:HolidayWishes+1","AbbyMod:FamiliarShield+1","AbbyMod:Ab_FiveStars","AbbyMod:FamiliarShield+1","AbbyMod:LifeSentence+1","AbbyMod:PantyShot","AbbyMod:AdultWords+1","AbbyMod:ChocoKey+1","AbbyMod:Ab_SwirlOfMadness+1","AbbyMod:GudaGudaParticle+1","AbbyMod:TeddyBear","Metamorphosis","AbbyMod:TeddyBear","Parasite","AbbyMod:Kuroboshi+1"],"relics":["AbbyMod:Salem_Diary","reliquary:TuningFork","reliquary:JackalopeAntler","Eternal Feather","SlaversCollar","reliquary:RoseTintedGlasses","TentaclePot:ReiMu","Eternal Feather","reliquary:WeakTea","Art of War","Boot","Mercury Hourglass","Sozu","Ice Cream","Toy Ornithopter","theSenshi:SailorFukuRelic","Pen Nib","TheAbacus"],"acts_visited":["Exordium","TheCity","TheBeyond"],"potions_floor_usage":[23,30,31,31,50],"damage_taken":[{"damage":1,"enemies":"Small Slimes","floor":1,"turns":5},{"damage":7,"enemies":"Cultist","floor":2,"turns":5},{"damage":0,"enemies":"2 Louse","floor":4,"turns":6},{"damage":7,"enemies":"Exordium Wildlife","floor":5,"turns":4},{"damage":0,"enemies":"3 Sentries","floor":7,"turns":9},{"damage":0,"enemies":"2 Fungi Beasts","floor":11,"turns":4},{"damage":1,"enemies":"Looter","floor":13,"turns":4},{"damage":0,"enemies":"Exordium Thugs","floor":14,"turns":4},{"damage":18,"enemies":"The Guardian","floor":16,"turns":13},{"damage":9,"enemies":"3 Byrds","floor":18,"turns":7},{"damage":4,"enemies":"Spheric Guardian","floor":20,"turns":8},{"damage":20,"enemies":"Cultist and Chosen","floor":22,"turns":5},{"damage":29,"enemies":"Slavers","floor":23,"turns":5},{"damage":0,"enemies":"Gremlin Leader","floor":25,"turns":5},{"damage":32,"enemies":"Centurion and Healer","floor":27,"turns":6},{"damage":1,"enemies":"Book of Stabbing","floor":29,"turns":7},{"damage":25,"enemies":"Shelled Parasite and Fungi","floor":30,"turns":6},{"damage":25,"enemies":"Gremlin Leader","floor":31,"turns":5},{"damage":35,"enemies":"Collector","floor":33,"turns":8},{"damage":12,"enemies":"3 Darklings","floor":35,"turns":5},{"damage":11,"enemies":"Orb Walker","floor":36,"turns":4},{"damage":0,"enemies":"Mind Bloom Boss Battle","floor":37,"turns":7},{"damage":12,"enemies":"Spire Growth","floor":38,"turns":6},{"damage":45,"enemies":"Jaw Worm Horde","floor":39,"turns":3},{"damage":22,"enemies":"Reptomancer","floor":41,"turns":6},{"damage":15,"enemies":"Giant Head","floor":44,"turns":9},{"damage":26,"enemies":"Nemesis","floor":46,"turns":5},{"damage":29,"enemies":"Writhing Mass","floor":47,"turns":6},{"damage":61,"enemies":"Time Eater","floor":50,"turns":13}],"seed_played":"3385132333747965162","potions_obtained":[{"floor":1,"key":"GrandPatriotsElixir:ReiMu"},{"floor":2,"key":"Swift Potion"},{"floor":11,"key":"GrandPatriotsElixir:ReiMu"},{"floor":13,"key":"sneckomod:MuddlingPotion"},{"floor":25,"key":"Dexterity Potion"},{"floor":29,"key":"Fire Potion"},{"floor":30,"key":"Swift Potion"}],"is_trial":false,"path_per_floor":["M","M","?","M","M","R","E","R","T","R","M","R","M","M","R","B",null,"M","$","M","?","M","E","R","E","T","M","R","E","M","E","R","B",null,"M","M","?","M","M","R","E","R","T","E","?","E","M","$","R","B",null],"character_chosen":"Ab_Foreigner","items_purchased":["reliquary:RoseTintedGlasses","TentaclePot:ReiMu","theSenshi:SailorFukuRelic","Pen Nib","TheAbacus","AbbyMod:SweetPancakes"],"campfire_rested":1,"item_purchase_floors":[19,19,48,48,48,48],"current_hp_per_floor":[53,46,46,46,39,39,39,39,39,48,48,57,56,56,60,42,56,47,47,53,53,40,21,45,55,55,28,52,60,45,30,60,35,54,52,49,59,47,12,48,36,60,60,47,47,34,35,35,60,37],"gold":84,"neow_bonus":"RANDOM_COMMON_RELIC","is_daily":false,"chose_seed":false,"campfire_upgraded":10,"win_rate":0.0,"timestamp":1614125772,"path_taken":["M","M","?","M","?","R","E","R","T","R","M","R","M","M","R","BOSS","M","$","M","?","M","E","R","E","T","M","R","E","M","E","R","BOSS","M","M","?","M","M","R","E","R","T","E","?","E","M","$","R","BOSS"],"items_purchased_type":["Relic","Relic","Relic","Relic","Relic","Card"],"build_version":"2020-12-22","purchased_purges":0,"victory":true,"max_hp_per_floor":[60,60,60,60,60,60,60,60,60,60,60,60,60,60,60,60,60,60,60,60,60,60,60,60,60,60,60,60,60,60,60,60,60,60,60,60,60,60,60,60,60,60,60,60,60,60,60,60,60,68],"card_choices":[{"not_picked":["AbbyMod:Kuroboshi","AbbyMod:ExposedCore"],"picked":"AbbyMod:Hitomi","floor":1},{"not_picked":["AbbyMod:EyesOfMadness","AbbyMod:WitchTrial"],"picked":"AbbyMod:ExposeNavel","floor":2},{"not_picked":["AbbyMod:Ygna","AbbyMod:Dabigail"],"picked":"AbbyMod:PapaProtection","floor":4},{"not_picked":["AbbyMod:ExposeNavel","AbbyMod:Ab_SwirlOfMadness"],"picked":"AbbyMod:WormHole","floor":5},{"not_picked":["AbbyMod:Ab_DarkestPact","AbbyMod:Ab_SwirlOfMadness"],"picked":"AbbyMod:CosmicSpark","floor":7},{"not_picked":["AbbyMod:WitchTrial","AbbyMod:Ab_SwirlOfMadness"],"picked":"AbbyMod:HeroCreationA","floor":11},{"not_picked":["AbbyMod:Memocide","AbbyMod:WormHole"],"picked":"AbbyMod:Hitomi","floor":13},{"not_picked":["AbbyMod:WorldStrongest","AbbyMod:Thflth"],"picked":"AbbyMod:EyesOfMadness","floor":14},{"not_picked":["AbbyMod:GudaGudaParticle","AbbyMod:VoidPriest"],"picked":"AbbyMod:CosmicSpark","floor":16},{"not_picked":["AbbyMod:ConsumeFlesh","AbbyMod:Kinoko"],"picked":"AbbyMod:TeddyBear+1","floor":18},{"not_picked":["AbbyMod:ChocoKey","AbbyMod:AdultWords"],"picked":"AbbyMod:AttoSecond+1","floor":20},{"not_picked":["AbbyMod:ExposedCore","AbbyMod:EquivalentExchange","AbbyMod:CommandSpell"],"picked":"SKIP","floor":22},{"not_picked":["AbbyMod:Hitomi","AbbyMod:AttoSecond"],"picked":"AbbyMod:HolidayWishes","floor":23},{"not_picked":["AbbyMod:InsaneStrike","AbbyMod:LossOfSanity"],"picked":"AbbyMod:HolidayWishes+1","floor":25},{"not_picked":["AbbyMod:LargeTentacle","AbbyMod:Meteo"],"picked":"AbbyMod:FamiliarShield","floor":27},{"not_picked":["AbbyMod:ExposeNavel","AbbyMod:WormHole"],"picked":"AbbyMod:Ab_FiveStars","floor":29},{"not_picked":["AbbyMod:PreciousMemories","AbbyMod:WitchTrial"],"picked":"AbbyMod:FamiliarShield+1","floor":30},{"not_picked":["AbbyMod:WitchTrial","AbbyMod:Meteo+1"],"picked":"AbbyMod:LifeSentence+1","floor":31},{"not_picked":["AbbyMod:SlimyBody","AbbyMod:VoidHeretic"],"picked":"AbbyMod:PantyShot","floor":33},{"not_picked":["AbbyMod:CloneArmy+1","AbbyMod:AttoSecond+1"],"picked":"AbbyMod:AdultWords+1","floor":35},{"not_picked":["AbbyMod:FarAwayFriend+1","AbbyMod:SanityCheck"],"picked":"AbbyMod:ChocoKey+1","floor":36},{"not_picked":["AbbyMod:PapaProtection+1","AbbyMod:LossOfSanity+1"],"picked":"AbbyMod:WorldStrongest","floor":37},{"not_picked":["AbbyMod:Keyblade","AbbyMod:EyesOfMadness+1"],"picked":"AbbyMod:Ab_SwirlOfMadness+1","floor":38},{"not_picked":["AbbyMod:ConsumeFlesh+1","AbbyMod:TeddyBear+1"],"picked":"AbbyMod:GudaGudaParticle","floor":39},{"not_picked":["AbbyMod:PapaProtection+1","AbbyMod:FatalEntropy+1"],"picked":"AbbyMod:TeddyBear","floor":41},{"not_picked":["AbbyMod:Ab_OldOneTrigger","AbbyMod:CloneArmy+1","AbbyMod:AlignStars"],"picked":"SKIP","floor":44},{"not_picked":["Impatience","Mind Blast"],"picked":"Metamorphosis","floor":45},{"not_picked":["AbbyMod:LargeTentacle","AbbyMod:TentacleSwarm+1"],"picked":"AbbyMod:TeddyBear","floor":46},{"not_picked":["AbbyMod:GudaGudaParticle","AbbyMod:ConsumeFlesh+1"],"picked":"AbbyMod:Kuroboshi+1","floor":47}],"player_experience":1547498,"relics_obtained":[{"floor":7,"key":"reliquary:JackalopeAntler"},{"floor":9,"key":"Eternal Feather"},{"floor":23,"key":"reliquary:SculptingSteel"},{"floor":25,"key":"reliquary:WeakTea"},{"floor":26,"key":"Art of War"},{"floor":29,"key":"Boot"},{"floor":31,"key":"Mercury Hourglass"},{"floor":37,"key":"Ice Cream"},{"floor":41,"key":"Toy Ornithopter"},{"floor":43,"key":"reliquary:FerryPass"}],"event_choices":[{"damage_healed":0,"gold_gain":0,"cards_transformed":["AbbyMod:Ab_Strike"],"player_choice":"Transformed","damage_taken":0,"max_hp_gain":0,"max_hp_loss":0,"event_name":"Transmorgrifier","floor":3,"gold_loss":0,"cards_obtained":["AbbyMod:CloneArmy"]},{"damage_healed":0,"gold_gain":0,"player_choice":"Fight","damage_taken":0,"max_hp_gain":0,"max_hp_loss":0,"event_name":"MindBloom","floor":37,"gold_loss":0},{"damage_healed":0,"gold_gain":0,"player_choice":"Memory 1","damage_taken":0,"max_hp_gain":0,"max_hp_loss":0,"event_name":"SensoryStone","floor":45,"gold_loss":0}],"is_beta":false,"boss_relics":[{"not_picked":["reliquary:RedCape","reliquary:Ember"],"picked":"SlaversCollar"},{"not_picked":["reliquary:RedPaperclip","Velvet Choker"],"picked":"Sozu"}],"items_purged_floors":[],"is_endless":false,"potions_floor_spawned":[1,2,11,13,18,25,27,29,30,37,38,41,44,46],"ascension_level":10}}