{"host":"4yf2n7l3ni368tvf","time":1614140700,"event":{"mods":["AchievementEnabler","BaseMod","Colored Map","DeckTracker","Keyboard Shortcuts","Minty Spire (QoL Compilation)","SuperFastMode"],"gold_per_floor":[118,137,137,156,174,200,215,215,215,225,225,235,253,288,288,386,386,406,426,440,453,453,453,453,453],"floor_reached":24,"language":"KOR","playtime":846,"items_purged":[],"score":299,"play_id":"2c205c0e-e677-49a5-bba3-1a1257be233f","local_time":"20210224132500","is_ascension_mode":true,"campfire_choices":[{"data":"Anger","floor":8.0,"key":"SMITH"},{"floor":11.0,"key":"REST"},{"data":"Perfected Strike","floor":15,"key":"SMITH"},{"data":"Heavy Blade","floor":23,"key":"SMITH"}],"circlet_count":0,"master_deck":["Strike_R","Strike_R","Strike_R","Strike_R","Strike_R","Defend_R","Defend_R","Defend_R","Defend_R","Bash","Shrug It Off","Anger+1","Inflame","Armaments","Cleave","Perfected Strike+1","Flex","Inflame","Limit Break","Heavy Blade+1","Heavy Blade+1","Intimidate"],"relics":["Burning Blood","Oddly Smooth Stone","Blood Vial","Lantern","Red Skull"],"acts_visited":["Exordium","TheCity"],"potions_floor_usage":[16,24],"damage_taken":[{"damage":6.0,"enemies":"Cultist","floor":1.0,"turns":3.0},{"damage":8.0,"enemies":"Jaw Worm","floor":2.0,"turns":4.0},{"damage":1.0,"enemies":"Small Slimes","floor":4.0,"turns":4.0},{"damage":14.0,"enemies":"Exordium Thugs","floor":5.0,"turns":5.0},{"damage":15.0,"enemies":"3 Sentries","floor":6.0,"turns":8.0},{"damage":13.0,"enemies":"Looter","floor":7.0,"turns":3.0},{"damage":20.0,"enemies":"Gremlin Gang","floor":10.0,"turns":5.0},{"damage":0.0,"enemies":"2 Fungi Beasts","floor":12.0,"turns":2.0},{"damage":5,"enemies":"Exordium Thugs","floor":13,"turns":3},{"damage":34,"enemies":"Lagavulin","floor":14,"turns":4},{"damage":38,"enemies":"Slime Boss","floor":16,"turns":6},{"damage":48,"enemies":"3 Byrds","floor":18,"turns":6},{"damage":3,"enemies":"Chosen","floor":19,"turns":4},{"damage":0,"enemies":"Snake Plant","floor":20,"turns":2},{"damage":12,"enemies":"Snecko","floor":21,"turns":3},{"damage":71,"enemies":"Gremlin Leader","floor":24,"turns":5}],"seed_played":"-4440809802271360547","potions_obtained":[{"floor":1.0,"key":"Swift Potion"},{"floor":5.0,"key":"AttackPotion"},{"floor":7.0,"key":"ColorlessPotion"},{"floor":13,"key":"SteroidPotion"},{"floor":16,"key":"SpeedPotion"}],"is_trial":false,"path_per_floor":["M","M","$","M","M","E","M","R","T","M","R","M","M","E","R","B",null,"M","M","M","M","?","R","E"],"character_chosen":"IRONCLAD","items_purchased":[],"campfire_rested":1,"item_purchase_floors":[],"current_hp_per_floor":[80,78,78,80,72,63,58,58,58,46,70,78,80,52,52,22,66,26,31,39,35,61,61,0,0],"gold":453,"neow_bonus":"RANDOM_COMMON_RELIC","is_daily":false,"chose_seed":false,"campfire_upgraded":3,"win_rate":0.0,"timestamp":1614140700,"path_taken":["M","M","$","M","M","E","M","R","T","M","R","M","M","E","R","BOSS","M","M","M","M","?","R","E"],"items_purchased_type":[],"build_version":"2020-12-22","purchased_purges":0,"victory":false,"max_hp_per_floor":[80,80,80,80,80,80,80,80,80,80,80,80,80,80,80,80,80,80,80,80,80,80,80,80,80],"card_choices":[{"not_picked":["Power Through","Clothesline"],"picked":"Shrug It Off","floor":1.0},{"not_picked":["Rage","Hemokinesis"],"picked":"Anger","floor":2.0},{"not_picked":["Warcry","Anger"],"picked":"Inflame","floor":4.0},{"not_picked":["Brutality","Rupture"],"picked":"Armaments","floor":5.0},{"not_picked":["Pommel Strike","Armaments"],"picked":"Cleave","floor":6.0},{"not_picked":["Headbutt","Anger","Iron Wave"],"picked":"SKIP","floor":7.0},{"not_picked":["Power Through","Pommel Strike"],"picked":"Perfected Strike","floor":10.0},{"not_picked":["True Grit","Power Through","Blood for Blood"],"picked":"SKIP","floor":12.0},{"not_picked":["Iron Wave","Ghostly Armor"],"picked":"Flex","floor":13},{"not_picked":["Disarm","Iron Wave"],"picked":"Inflame","floor":14},{"not_picked":["Bludgeon","Reaper"],"picked":"Limit Break","floor":16},{"not_picked":["Flex","Wild Strike+1"],"picked":"Heavy Blade+1","floor":18},{"not_picked":["Havoc","Anger"],"picked":"Heavy Blade","floor":19},{"not_picked":["Armaments","Exhume","Second Wind"],"picked":"SKIP","floor":20},{"not_picked":["Blood for Blood+1","Clothesline"],"picked":"Intimidate","floor":21}],"player_experience":277122,"relics_obtained":[{"floor":6.0,"key":"Blood Vial"},{"floor":9.0,"key":"Lantern"},{"floor":14,"key":"Red Skull"}],"event_choices":[{"damage_healed":26,"gold_gain":0,"player_choice":"Heal","damage_taken":0,"max_hp_gain":0,"max_hp_loss":0,"event_name":"The Library","floor":22,"gold_loss":0}],"is_beta":false,"boss_relics":[{"not_picked":["Cursed Key","Runic Pyramid","Coffee Dripper"]}],"items_purged_floors":[],"is_endless":false,"potions_floor_spawned":[1,5,7,13,16,19],"killed_by":"Gremlin Leader","ascension_level":5}}