{"host":"1t0llcfp0lo7rmr4","time":1614168527,"event":{"mods":["AchievementEnabler","Aspiration","BaseMod","Beaked The Cultist","Better Note","Block Reminder","Colored Powertips","GifTheSpireLib","Hermit","Hubris","Jorbs\u0027s Wanderer Trilogy","Minty Spire (QoL Compilation)","Permanent Neow","Potionbrewer","Quick Restart","Relic Filter","Replay The Spire","StSLib","SuperFastMode","The Bladedancer","The Bug Knight","The Cursed","The Death Knight","The Druid","The Elementalist","The Exalted","The Forsaken","The Judge","The Poker Player","The Runesmith"],"gold_per_floor":[117,117,117,42,42,85,106,129,129,129,143,143,182,202,202,202,202],"floor_reached":16,"language":"ENG","playtime":803,"items_purged":["Regret"],"score":116,"play_id":"984b56d9-71da-450a-bfae-19cf5cd31ad9","local_time":"20210224230847","is_ascension_mode":true,"campfire_choices":[{"floor":10,"key":"REST"},{"floor":12,"key":"RECALL"},{"floor":15,"key":"REST"}],"circlet_count":0,"master_deck":["DeathKnight:Strike_DeathKnight","DeathKnight:Strike_DeathKnight","DeathKnight:Strike_DeathKnight","DeathKnight:Strike_DeathKnight","DeathKnight:Strike_DeathKnight","DeathKnight:Defend_DeathKnight","DeathKnight:Defend_DeathKnight","DeathKnight:Defend_DeathKnight","DeathKnight:Defend_DeathKnight","DeathKnight:Defend_DeathKnight","DeathKnight:RuneTap","DeathKnight:RuneStrike","stsjorbsmod:Amnesia","DeathKnight:Defile","DeathKnight:DeathStrike","DeathKnight:DeathGrip","DeathKnight:SindragosasBreath","DeathKnight:HornOfWinter","DeathKnight:DeathsAdvance","DeathKnight:UnholyPresence"],"relics":["DeathKnight:BrokenRuneblade","Golden Idol","ReplayTheSpireMod:TigerMarble","Simple Rune","aspiration:SeaSaltIceCream","Replay:Ancient Bell","aspiration:EmptySkull"],"acts_visited":["Exordium"],"potions_floor_usage":[],"damage_taken":[{"damage":0,"enemies":"2 Louse","floor":1,"turns":3},{"damage":51,"enemies":"HollowMod:MossKnight","floor":6,"turns":23},{"damage":0,"enemies":"Small Slimes","floor":7,"turns":3},{"damage":0,"enemies":"Jaw Worm","floor":8,"turns":2},{"damage":21,"enemies":"Gremlin Gang","floor":11,"turns":6},{"damage":18,"enemies":"Gremlin Nob","floor":13,"turns":4},{"damage":0,"enemies":"Looter","floor":14,"turns":4},{"damage":38,"enemies":"Fading Forest","floor":16,"turns":7}],"seed_played":"-170171053254859371","potions_obtained":[{"floor":6,"key":"potionbrewer:BoundlessPotion"},{"floor":7,"key":"FearPotion"},{"floor":8,"key":"potionbrewer:NoxiousPotion"},{"floor":13,"key":"SmokeBomb"}],"is_trial":false,"path_per_floor":["M","?","?","$","T","E","M","M","T","R","M","R","E","M","R","B"],"character_chosen":"DEATH_KNIGHT","items_purchased":[],"campfire_rested":2,"item_purchase_floors":[],"current_hp_per_floor":[75,57,57,57,57,13,13,13,13,35,21,21,3,3,25,0,0],"gold":202,"neow_bonus":"THREE_RARE_CARDS","is_daily":false,"chose_seed":false,"campfire_upgraded":0,"win_rate":0.0,"timestamp":1614168527,"path_taken":["M","?","?","$","?","E","M","M","T","R","M","R","E","M","R","BOSS"],"items_purchased_type":[],"build_version":"2020-12-22","purchased_purges":1,"victory":false,"max_hp_per_floor":[75,75,75,75,75,75,75,75,75,75,75,75,75,75,75,75,75],"card_choices":[{"not_picked":["DeathKnight:ReapingStrike","DeathKnight:ArmyOfTheDead"],"picked":"DeathKnight:Defile","floor":0},{"not_picked":["DeathKnight:BloodEchoes","DeathKnight:RaiseAlly"],"picked":"DeathKnight:DeathStrike","floor":1},{"not_picked":["DeathKnight:DeathCoil","DeathKnight:ScourgeStrike","DeathKnight:DreadStrike"],"picked":"SKIP","floor":6},{"not_picked":["DeathKnight:UnholyFrenzy","DeathKnight:UnholyAssault"],"picked":"DeathKnight:DeathGrip","floor":7},{"not_picked":["DeathKnight:HartStrike","DeathKnight:DeathStrike"],"picked":"DeathKnight:SindragosasBreath","floor":8},{"not_picked":["DeathKnight:FrostStrike","DeathKnight:BoneShield"],"picked":"DeathKnight:HornOfWinter","floor":11},{"not_picked":["DeathKnight:BloodTap","DeathKnight:ChainsOfIce"],"picked":"DeathKnight:DeathsAdvance","floor":13},{"not_picked":["DeathKnight:Runeguard","DeathKnight:BladedArmor"],"picked":"DeathKnight:UnholyPresence","floor":14}],"player_experience":874061,"relics_obtained":[{"floor":6,"key":"Simple Rune"},{"floor":9,"key":"aspiration:SeaSaltIceCream"},{"floor":13,"key":"aspiration:EmptySkull"}],"event_choices":[{"damage_healed":0,"gold_gain":0,"player_choice":"Take Damage","damage_taken":18,"relics_obtained":["Golden Idol"],"max_hp_gain":0,"max_hp_loss":0,"event_name":"Golden Idol","floor":2,"gold_loss":0},{"damage_healed":0,"gold_gain":0,"player_choice":"Box","damage_taken":0,"relics_obtained":["ReplayTheSpireMod:TigerMarble"],"max_hp_gain":0,"max_hp_loss":0,"event_name":"Big Fish","floor":3,"gold_loss":0,"cards_obtained":["Regret"]}],"is_beta":false,"boss_relics":[],"items_purged_floors":[4],"is_endless":false,"potions_floor_spawned":[6,7,8,13],"killed_by":"Fading Forest","ascension_level":1}}