{"host":"dhv3u8yhd2rnugsp","time":1614125350,"event":{"mods":["100% Spire Juice","BaseMod","Block Reminder","Colored Map","Googly Eyes","Highlight Path","Minty Spire (QoL Compilation)","Permanent Neow","Quick Restart","Random Character Button","StSLib"],"gold_per_floor":[112,112,112,131,144,161,161,193,269,301,451,451,483,170,170,244,244,258,274,294,313,24,24,56,56,82,109,129,160,85,85,85,159,159,176,189,207,224,249,275,138,166,166,207,230,248,248,265,265,265,265,265],"floor_reached":51,"language":"ENG","playtime":3927,"items_purged":["Doubt"],"score":1805,"play_id":"5679c400-ba57-43ad-a5c3-340aebf9bb2e","local_time":"20210223180910","is_ascension_mode":true,"campfire_choices":[{"data":"Apotheosis","floor":7.0,"key":"SMITH"},{"floor":12.0,"key":"REST"},{"data":"Offering","floor":15.0,"key":"SMITH"},{"floor":23.0,"key":"REST"},{"floor":25.0,"key":"REST"},{"floor":32.0,"key":"RECALL"},{"floor":47,"key":"REST"},{"floor":49,"key":"REST"}],"circlet_count":0,"master_deck":["AscendersBane","Defend_R","Defend_R","Defend_R","Defend_R","Bash","Apotheosis+1","Evolve","Combust","Power Through","Sword Boomerang","Wild Strike","Rupture","Offering+1","Burning Pact","Flash of Steel","Limit Break","Feel No Pain+1","Shrug It Off","Dark Embrace","Thunderclap","Blood for Blood","Warcry","Dropkick","Bite","Bite","Bite","Bite","Bite","Immolate","Pommel Strike+1","Shockwave","Iron Wave","Feel No Pain","Pommel Strike+1","Heavy Blade+1","Fiend Fire","Pommel Strike","Metallicize+1","Uppercut","Madness","Madness"],"relics":["Burning Blood","Gambling Chip","The Courier","Toy Ornithopter","Akabeko","SlaversCollar","Shuriken","Vajra","Bag of Marbles","Paper Frog","Mercury Hourglass","Fusion Hammer","TungstenRod","PreservedInsect","Orrery","CeramicFish","Red Skull"],"acts_visited":["Exordium","TheCity","TheBeyond"],"potions_floor_usage":[39,50,50],"damage_taken":[{"damage":14.0,"enemies":"2 Louse","floor":1.0,"turns":3.0},{"damage":0.0,"enemies":"Small Slimes","floor":4.0,"turns":4.0},{"damage":6.0,"enemies":"Cultist","floor":5.0,"turns":3.0},{"damage":18.0,"enemies":"Gremlin Gang","floor":6.0,"turns":4.0},{"damage":11.0,"enemies":"3 Sentries","floor":8.0,"turns":7.0},{"damage":32.0,"enemies":"Lagavulin","floor":10.0,"turns":5.0},{"damage":10.0,"enemies":"3 Sentries","floor":13.0,"turns":6.0},{"damage":57.0,"enemies":"Hexaghost","floor":16.0,"turns":6.0},{"damage":13.0,"enemies":"Shell Parasite","floor":18.0,"turns":4.0},{"damage":6.0,"enemies":"2 Thieves","floor":19.0,"turns":3.0},{"damage":10.0,"enemies":"Chosen and Byrds","floor":20.0,"turns":5.0},{"damage":41.0,"enemies":"Centurion and Healer","floor":21.0,"turns":6.0},{"damage":14.0,"enemies":"Book of Stabbing","floor":24.0,"turns":4.0},{"damage":25.0,"enemies":"Gremlin Leader","floor":27.0,"turns":4.0},{"damage":9.0,"enemies":"Cultist and Chosen","floor":28.0,"turns":5.0},{"damage":19.0,"enemies":"Book of Stabbing","floor":29.0,"turns":3.0},{"damage":9.0,"enemies":"Champ","floor":33.0,"turns":6.0},{"damage":0.0,"enemies":"Orb Walker","floor":35.0,"turns":1.0},{"damage":30.0,"enemies":"3 Darklings","floor":36.0,"turns":3.0},{"damage":39.0,"enemies":"4 Shapes","floor":37.0,"turns":5.0},{"damage":8,"enemies":"Writhing Mass","floor":38,"turns":5},{"damage":2,"enemies":"Mind Bloom Boss Battle","floor":39,"turns":4},{"damage":13,"enemies":"Giant Head","floor":40,"turns":6},{"damage":5,"enemies":"Reptomancer","floor":42,"turns":3},{"damage":18,"enemies":"Giant Head","floor":44,"turns":5},{"damage":5,"enemies":"Sphere and 2 Shapes","floor":45,"turns":3},{"damage":11,"enemies":"4 Shapes","floor":48,"turns":1},{"damage":61,"enemies":"Awakened One","floor":50,"turns":9},{"damage":50,"enemies":"Time Eater","floor":51,"turns":4}],"seed_played":"1281787004237777999","potions_obtained":[{"floor":1.0,"key":"DuplicationPotion"},{"floor":10.0,"key":"Regen Potion"},{"floor":13.0,"key":"Explosive Potion"},{"floor":21.0,"key":"SkillPotion"},{"floor":27.0,"key":"BlessingOfTheForge"},{"floor":28.0,"key":"DuplicationPotion"},{"floor":33.0,"key":"Energy Potion"},{"floor":37.0,"key":"SteroidPotion"},{"floor":38,"key":"BloodPotion"},{"floor":44,"key":"ColorlessPotion"}],"is_trial":false,"path_per_floor":["M","?","?","M","M","M","R","E","T","E","?","R","E","$","R","B",null,"M","M","M","M","$","R","E","R","T","E","M","E","?","?","R","B",null,"M","M","M","M","?","E","$","E","T","E","M","?","R","M","R","B","B"],"character_chosen":"IRONCLAD","items_purchased":["Offering","Burning Pact","Flash of Steel","Dark Embrace","Shuriken","Explosive Potion","Orrery"],"campfire_rested":5,"item_purchase_floors":[14,14,14,22,22,22,41],"current_hp_per_floor":[60,65,65,71,71,59,59,54,54,28,28,49,65,65,65,14,58,51,56,52,22,22,43,40,61,61,42,44,41,41,41,41,51,51,51,36,14,18,39,41,41,51,51,45,50,42,51,46,51,31,0,0],"gold":265,"neow_bonus":"RANDOM_COLORLESS_2","is_daily":false,"chose_seed":false,"campfire_upgraded":2,"win_rate":0.0,"timestamp":1614125350,"path_taken":["M","?","?","M","M","M","R","E","T","E","?","R","E","$","R","BOSS","M","M","M","M","$","R","E","R","T","E","M","E","?","?","R","BOSS","M","M","M","M","?","E","$","E","T","E","M","?","R","M","R","BOSS","BOSS"],"items_purchased_type":["Card","Card","Card","Card","Relic","Potion","Relic"],"build_version":"2020-12-22","purchased_purges":1,"victory":false,"max_hp_per_floor":[68,73,73,73,73,73,73,73,73,73,73,73,73,73,73,73,73,73,73,73,73,73,73,73,73,73,73,73,73,73,51,51,51,51,51,51,51,51,51,51,51,51,51,51,51,51,51,51,51,51,51,51],"card_choices":[{"not_picked":["The Bomb","Thinking Ahead"],"picked":"Apotheosis","floor":0.0},{"not_picked":["Twin Strike","Flex"],"picked":"Evolve","floor":1.0},{"not_picked":["Second Wind","Dropkick"],"picked":"Combust","floor":4.0},{"not_picked":["Flex","Clash"],"picked":"Power Through","floor":5.0},{"not_picked":["Twin Strike","Ghostly Armor"],"picked":"Sword Boomerang","floor":6.0},{"not_picked":["Pummel","Metallicize"],"picked":"Wild Strike","floor":8.0},{"not_picked":["Anger","Headbutt","Bloodletting"],"picked":"SKIP","floor":10.0},{"not_picked":["True Grit","Thunderclap"],"picked":"Rupture","floor":13.0},{"not_picked":["Demon Form","Exhume"],"picked":"Limit Break","floor":16.0},{"not_picked":["Power Through","Perfected Strike"],"picked":"Feel No Pain+1","floor":18.0},{"not_picked":["Pommel Strike","Iron Wave","Searing Blow"],"picked":"SKIP","floor":19.0},{"not_picked":["Disarm","Clothesline"],"picked":"Shrug It Off","floor":20.0},{"not_picked":["Sentinel","Rage","Armaments"],"picked":"SKIP","floor":21.0},{"not_picked":["Sword Boomerang","Clash"],"picked":"Thunderclap","floor":24.0},{"not_picked":["Hemokinesis","Shrug It Off"],"picked":"Blood for Blood","floor":27.0},{"not_picked":["Sword Boomerang","Cleave"],"picked":"Warcry","floor":28.0},{"not_picked":["Combust","Thunderclap"],"picked":"Dropkick","floor":29.0},{"not_picked":["Berserk","Exhume"],"picked":"Immolate","floor":33.0},{"not_picked":["Entrench","Flame Barrier"],"picked":"Pommel Strike+1","floor":35.0},{"not_picked":["Perfected Strike","Havoc"],"picked":"Shockwave","floor":36.0},{"not_picked":["Sword Boomerang+1","Entrench"],"picked":"Iron Wave","floor":37.0},{"not_picked":["Power Through","Clothesline"],"picked":"Feel No Pain","floor":38},{"not_picked":["Immolate","Sword Boomerang"],"picked":"Pommel Strike+1","floor":39},{"not_picked":["True Grit","Berserk"],"picked":"Heavy Blade+1","floor":40},{"not_picked":["Dark Embrace","Seeing Red+1"],"picked":"Fiend Fire","floor":41},{"not_picked":["Infernal Blade","Thunderclap"],"picked":"Pommel Strike","floor":41},{"not_picked":["Rage+1","Clothesline","Heavy Blade"],"picked":"SKIP","floor":42},{"not_picked":["Iron Wave","Intimidate"],"picked":"Metallicize+1","floor":44},{"not_picked":["Twin Strike","Carnage"],"picked":"Uppercut","floor":45},{"not_picked":["Wild Strike+1","Armaments","Headbutt"],"picked":"SKIP","floor":48}],"player_experience":1670747,"relics_obtained":[{"floor":8.0,"key":"Gambling Chip"},{"floor":9.0,"key":"The Courier"},{"floor":10.0,"key":"Toy Ornithopter"},{"floor":13.0,"key":"Akabeko"},{"floor":24.0,"key":"Vajra"},{"floor":26.0,"key":"Bag of Marbles"},{"floor":27.0,"key":"Paper Frog"},{"floor":29.0,"key":"Mercury Hourglass"},{"floor":39,"key":"TungstenRod"},{"floor":40,"key":"PreservedInsect"},{"floor":42,"key":"CeramicFish"},{"floor":44,"key":"Red Skull"}],"event_choices":[{"damage_healed":0.0,"max_hp_gain":5.0,"max_hp_loss":0.0,"gold_gain":0.0,"event_name":"Big Fish","player_choice":"Donut","floor":2.0,"gold_loss":0.0,"damage_taken":0.0},{"damage_healed":0.0,"max_hp_gain":0.0,"max_hp_loss":0.0,"gold_gain":0.0,"event_name":"The Cleric","player_choice":"Leave","floor":3.0,"gold_loss":0.0,"damage_taken":0.0},{"damage_healed":0.0,"max_hp_gain":0.0,"max_hp_loss":0.0,"gold_gain":150.0,"event_name":"Liars Game","player_choice":"AGREE","floor":11.0,"gold_loss":0.0,"damage_taken":0.0,"cards_obtained":["Doubt"]},{"cards_removed":["Strike_R"],"damage_healed":0.0,"max_hp_gain":0.0,"max_hp_loss":0.0,"gold_gain":0.0,"event_name":"Beggar","player_choice":"Gave Gold","floor":30.0,"gold_loss":75.0,"damage_taken":0.0},{"damage_healed":0.0,"max_hp_gain":0.0,"max_hp_loss":22.0,"gold_gain":0.0,"event_name":"Vampires","player_choice":"Became a vampire","floor":31.0,"gold_loss":0.0,"damage_taken":0.0,"cards_obtained":["Bite","Bite","Bite","Bite","Bite"]},{"damage_healed":0,"gold_gain":0,"player_choice":"Fight","damage_taken":0,"max_hp_gain":0,"max_hp_loss":0,"event_name":"MindBloom","floor":39,"gold_loss":0},{"damage_healed":0,"gold_gain":0,"player_choice":"Embrace Madness","damage_taken":9,"max_hp_gain":0,"max_hp_loss":0,"event_name":"Winding Halls","floor":46,"gold_loss":0,"cards_obtained":["Madness","Madness"]}],"is_beta":false,"boss_relics":[{"not_picked":["Black Blood","Ectoplasm"],"picked":"SlaversCollar"},{"not_picked":["Runic Pyramid","Runic Cube"],"picked":"Fusion Hammer"}],"items_purged_floors":[14],"is_endless":false,"potions_floor_spawned":[1,10,13,21,27,28,33,37,38,44],"killed_by":"Time Eater","ascension_level":20}}