{"host":"8iprjuzow65cevwy","time":1614201048,"event":{"mods":["BaseMod","Colored Map","Highlight Path","Minty Spire (QoL Compilation)","Permanent Neow"],"gold_per_floor":[362,381,395,90,109,109,122,137,187,187,187,201,235,247,259,371,383,409,421,97,112,112,112,112,112],"floor_reached":24,"language":"ENG","playtime":1562,"items_purged":["Shame","Strike_R"],"score":297,"play_id":"c9980a70-78a5-4079-ab73-1d9c746ba7aa","local_time":"20210224221048","is_ascension_mode":true,"campfire_choices":[{"data":"Bludgeon","floor":6,"key":"SMITH"},{"data":"Seeing Red","floor":11,"key":"SMITH"},{"floor":15,"key":"REST"},{"data":"Barricade","floor":23,"key":"SMITH"}],"circlet_count":0,"master_deck":["AscendersBane","Strike_R","Strike_R","Strike_R","Strike_R","Defend_R","Defend_R","Defend_R","Defend_R","Bash","Disarm","Pummel","Rage","Bludgeon+1","Seeing Red+1","Shrug It Off","Dropkick","True Grit+1","Pommel Strike","Flame Barrier","Uppercut","Barricade+1","Flame Barrier+1","Bludgeon+1","Shockwave","Intimidate+1"],"relics":["Burning Blood","Orichalcum","MawBank","Philosopher\u0027s Stone","DollysMirror","Enchiridion"],"acts_visited":["Exordium","TheCity"],"potions_floor_usage":[13,13,16],"damage_taken":[{"damage":2,"enemies":"Jaw Worm","floor":1,"turns":3},{"damage":7,"enemies":"Cultist","floor":2,"turns":4},{"damage":11,"enemies":"2 Louse","floor":3,"turns":4},{"damage":11,"enemies":"Large Slime","floor":5,"turns":9},{"damage":9,"enemies":"Blue Slaver","floor":7,"turns":5},{"damage":17,"enemies":"Lots of Slimes","floor":8,"turns":7},{"damage":16,"enemies":"Large Slime","floor":12,"turns":7},{"damage":1,"enemies":"3 Sentries","floor":13,"turns":8},{"damage":34,"enemies":"Slime Boss","floor":16,"turns":12},{"damage":18,"enemies":"3 Byrds","floor":18,"turns":7},{"damage":5,"enemies":"Spheric Guardian","floor":21,"turns":4},{"damage":72,"enemies":"Gremlin Leader","floor":24,"turns":7}],"seed_played":"3749254265829447710","potions_obtained":[{"floor":2,"key":"Swift Potion"},{"floor":5,"key":"Energy Potion"},{"floor":7,"key":"Fire Potion"}],"is_trial":false,"path_per_floor":["M","M","M","$","M","R","M","M","T","?","R","M","E","$","R","B",null,"M","?","$","M","?","R","E"],"character_chosen":"IRONCLAD","items_purchased":["Bludgeon","Seeing Red","Shrug It Off","DollysMirror","Shockwave"],"campfire_rested":1,"item_purchase_floors":[4,4,4,20,20],"current_hp_per_floor":[76,75,70,70,65,65,62,51,51,51,51,41,46,46,70,42,71,59,80,80,80,64,64,0,0],"gold":112,"neow_bonus":"TWO_FIFTY_GOLD","is_daily":false,"chose_seed":false,"campfire_upgraded":3,"win_rate":0.0,"timestamp":1614201048,"path_taken":["M","M","M","$","M","R","M","M","T","?","R","M","E","$","R","BOSS","M","?","$","M","?","R","E"],"items_purchased_type":["Card","Card","Card","Relic","Card"],"build_version":"2020-12-22","purchased_purges":2,"victory":false,"max_hp_per_floor":[80,80,80,80,80,80,80,80,80,80,80,80,80,80,80,80,80,80,80,80,80,80,80,80,80],"card_choices":[{"not_picked":["Hemokinesis","Twin Strike"],"picked":"Disarm","floor":1},{"not_picked":["Twin Strike","Heavy Blade"],"picked":"Pummel","floor":2},{"not_picked":["Sever Soul","Wild Strike"],"picked":"Rage","floor":3},{"not_picked":["Wild Strike","Havoc"],"picked":"Dropkick","floor":5},{"not_picked":["Wild Strike","Second Wind"],"picked":"True Grit","floor":7},{"not_picked":["Entrench","Dual Wield"],"picked":"Pommel Strike","floor":8},{"not_picked":["Headbutt","Rampage"],"picked":"Flame Barrier","floor":12},{"not_picked":["Juggernaut","Wild Strike"],"picked":"Uppercut","floor":13},{"not_picked":["Corruption","Limit Break"],"picked":"Barricade","floor":16},{"not_picked":["Blood for Blood","Anger"],"picked":"Flame Barrier+1","floor":18},{"not_picked":["Clash","Inflame"],"picked":"Intimidate+1","floor":21}],"player_experience":399285,"relics_obtained":[{"floor":9,"key":"Orichalcum"},{"floor":13,"key":"MawBank"},{"floor":22,"key":"Enchiridion"}],"event_choices":[{"damage_healed":0,"gold_gain":0,"player_choice":"Forge","damage_taken":0,"max_hp_gain":0,"max_hp_loss":0,"event_name":"Accursed Blacksmith","floor":10,"gold_loss":0,"cards_upgraded":["True Grit"]},{"damage_healed":26,"gold_gain":0,"player_choice":"Heal","damage_taken":0,"max_hp_gain":0,"max_hp_loss":0,"event_name":"The Library","floor":19,"gold_loss":0},{"damage_healed":0,"gold_gain":0,"player_choice":"Obtained Book","damage_taken":16,"max_hp_gain":0,"max_hp_loss":0,"event_name":"Cursed Tome","floor":22,"gold_loss":0}],"is_beta":false,"boss_relics":[{"not_picked":["Black Blood","Fusion Hammer"],"picked":"Philosopher\u0027s Stone"}],"items_purged_floors":[4,20],"is_endless":false,"potions_floor_spawned":[2,5,7,12],"killed_by":"Gremlin Leader","ascension_level":10}}