{"host":"z9rwthyxsf7d04ix","time":1614183653,"event":{"mods":["AchievementEnabler","BaseMod","Colored Map","Colored Powertips","Minty Spire (QoL Compilation)","Quick Restart"],"gold_per_floor":[114,39,39,54,54,84,99,99,174,174,204,219,249,264,264,364,364,379,379,394,419,434,464,464,479,479,35,50,50,80,95,95,195,195,210,234,234,314,329,359,374,404,491,503,545,887,914,327,327,327],"floor_reached":51,"language":"ENG","playtime":3450,"items_purged":["Strike_R","Strike_R","Strike_R"],"score":955,"play_id":"0fe376c3-c9f3-4316-91c2-1bf91de4be13","local_time":"20210224182053","daily_mods":["Heirloom","Colorless Cards","DeadlyEvents"],"is_ascension_mode":false,"campfire_choices":[{"data":"Anger","floor":8.0,"key":"SMITH"},{"data":"Cleave","floor":10.0,"key":"SMITH"},{"floor":15.0,"key":"REST"},{"floor":24.0,"key":"REST"},{"floor":29.0,"key":"REST"},{"data":"Mayhem","floor":32.0,"key":"SMITH"},{"data":"Apotheosis","floor":44,"key":"SMITH"},{"data":"Flash of Steel","floor":49,"key":"SMITH"}],"circlet_count":0,"master_deck":["Strike_R+1","Defend_R+1","Defend_R+1","Defend_R","Defend_R","Bash+1","Cleave+1","Flash of Steel+1","Anger+1","Cleave+1","Demon Form","Seeing Red","Cleave","Master of Strategy","Warcry+1","RitualDagger","Heavy Blade","Deep Breath","Swift Strike","Mayhem+1","Sword Boomerang+1","Apotheosis+1","True Grit+1","Bandage Up+1","Ghostly Armor+1","Metallicize+1","Pummel","Thunderclap+1","Juggernaut+1","Chrysalis"],"relics":["Burning Blood","Magic Flower","Gremlin Horn","Sundial","Bottled Flame","Centennial Puzzle","Black Star","Toy Ornithopter","Ice Cream","Whetstone","Red Skull","Lee\u0027s Waffle","Mummified Hand","Tiny Chest","Coffee Dripper","Gambling Chip","Potion Belt","Blue Candle","Unceasing Top","Happy Flower","Frozen Egg 2","Singing Bowl","MawBank","Strawberry","Bottled Lightning","War Paint","Boot","Darkstone Periapt","Old Coin","HandDrill","Bronze Scales"],"acts_visited":["Exordium","TheCity","TheBeyond"],"potions_floor_usage":[39,50,50],"damage_taken":[{"damage":1.0,"enemies":"Cultist","floor":1.0,"turns":4.0},{"damage":3.0,"enemies":"Jaw Worm","floor":4.0,"turns":3.0},{"damage":53.0,"enemies":"Lagavulin","floor":6.0,"turns":7.0},{"damage":6.0,"enemies":"2 Louse","floor":7.0,"turns":2.0},{"damage":14.0,"enemies":"Gremlin Nob","floor":11.0,"turns":3.0},{"damage":9.0,"enemies":"Blue Slaver","floor":12.0,"turns":3.0},{"damage":3.0,"enemies":"Lagavulin","floor":13.0,"turns":4.0},{"damage":0.0,"enemies":"3 Louse","floor":14.0,"turns":1.0},{"damage":30.0,"enemies":"The Guardian","floor":16.0,"turns":10.0},{"damage":30.0,"enemies":"Spheric Guardian","floor":18.0,"turns":4.0},{"damage":10.0,"enemies":"2 Thieves","floor":20.0,"turns":3.0},{"damage":15.0,"enemies":"Snecko","floor":22.0,"turns":5.0},{"damage":80.0,"enemies":"Book of Stabbing","floor":23.0,"turns":6.0},{"damage":33.0,"enemies":"Centurion and Healer","floor":25.0,"turns":4.0},{"damage":37.0,"enemies":"Snake Plant","floor":28.0,"turns":4.0},{"damage":41.0,"enemies":"Slavers","floor":30.0,"turns":4.0},{"damage":15.0,"enemies":"Cultist and Chosen","floor":31.0,"turns":4.0},{"damage":14.0,"enemies":"Automaton","floor":33.0,"turns":6.0},{"damage":18.0,"enemies":"3 Shapes","floor":35.0,"turns":2.0},{"damage":28.0,"enemies":"2 Orb Walkers","floor":36.0,"turns":5.0},{"damage":13.0,"enemies":"Giant Head","floor":38.0,"turns":4.0},{"damage":25,"enemies":"3 Darklings","floor":39,"turns":3},{"damage":8,"enemies":"Giant Head","floor":40,"turns":5},{"damage":0,"enemies":"Maw","floor":41,"turns":6},{"damage":19,"enemies":"Reptomancer","floor":42,"turns":4},{"damage":0,"enemies":"Giant Head","floor":45,"turns":5},{"damage":26,"enemies":"Reptomancer","floor":46,"turns":4},{"damage":24,"enemies":"Jaw Worm Horde","floor":47,"turns":2},{"damage":88,"enemies":"Time Eater","floor":50,"turns":7}],"seed_played":"1986488565424594500","potions_obtained":[{"floor":7.0,"key":"BloodPotion"},{"floor":11.0,"key":"Block Potion"},{"floor":13.0,"key":"EssenceOfSteel"},{"floor":16.0,"key":"DistilledChaos"},{"floor":25.0,"key":"BlessingOfTheForge"},{"floor":30.0,"key":"SmokeBomb"},{"floor":31.0,"key":"DistilledChaos"},{"floor":35.0,"key":"Swift Potion"},{"floor":41,"key":"LiquidBronze"},{"floor":45,"key":"SpeedPotion"},{"floor":46,"key":"Ancient Potion"}],"is_trial":false,"path_per_floor":["M","$","?","M","?","E","M","R","T","R","E","M","E","M","R","B",null,"M","?","M","T","M","E","R","M","T","$","M","R","E","M","R","B",null,"M","?","?","E","M","E","M","E","T","R","E","E","M","$","R","B",null],"character_chosen":"IRONCLAD","items_purchased":["Lee\u0027s Waffle","Mayhem","HandDrill","Bronze Scales","Chrysalis"],"campfire_rested":3,"item_purchase_floors":[27,27,48,48,48],"current_hp_per_floor":[80,80,80,80,80,36,39,39,39,39,34,34,40,49,73,52,80,59,53,52,52,46,15,39,15,15,87,59,85,53,47,47,42,87,78,59,59,64,65,75,87,93,93,93,94,86,80,80,80,24],"gold":327,"neow_bonus":"","is_daily":true,"chose_seed":false,"campfire_upgraded":5,"win_rate":0.0,"timestamp":1614183653,"path_taken":["M","?","?","?","?","E","?","R","T","R","?","M","E","M","R","BOSS","M","?","M","?","?","E","R","M","T","$","M","R","E","M","R","BOSS","M","?","?","?","M","E","M","E","T","R","?","E","M","$","R","BOSS"],"items_purchased_type":["Relic","Card","Relic","Relic","Card"],"build_version":"2020-12-22","purchased_purges":3,"victory":true,"max_hp_per_floor":[80,80,80,80,80,80,80,80,80,80,80,80,80,80,80,80,80,80,80,80,80,80,80,80,80,80,87,87,87,87,87,87,87,87,87,87,87,87,87,87,87,94,94,94,94,94,94,94,94,94],"card_choices":[{"not_picked":["Flex","Body Slam"],"picked":"Cleave","floor":1.0},{"not_picked":["Inflame","Second Wind"],"picked":"Flash of Steel","floor":4.0},{"not_picked":["Warcry","Flex"],"picked":"Anger","floor":6.0},{"not_picked":["Dark Embrace","Heavy Blade"],"picked":"Cleave","floor":7.0},{"not_picked":["Forethought","Feel No Pain"],"picked":"Demon Form","floor":11.0},{"not_picked":["Thunderclap","Pommel Strike","Spot Weakness"],"picked":"SKIP","floor":12.0},{"not_picked":["Havoc","Shrug It Off"],"picked":"Seeing Red","floor":13.0},{"not_picked":["Madness","Clothesline"],"picked":"Cleave","floor":14.0},{"not_picked":["HandOfGreed","Double Tap"],"picked":"Master of Strategy","floor":16.0},{"not_picked":["Pommel Strike","Feel No Pain"],"picked":"Warcry+1","floor":18.0},{"not_picked":["Evolve","Iron Wave"],"picked":"Heavy Blade","floor":20.0},{"not_picked":["Perfected Strike","Warcry"],"picked":"Deep Breath","floor":22.0},{"not_picked":["Feed","Flex"],"picked":"Swift Strike","floor":23.0},{"not_picked":["Entrench","Searing Blow","Pommel Strike"],"picked":"SKIP","floor":25.0},{"not_picked":["Sword Boomerang","Wild Strike","True Grit"],"picked":"SKIP","floor":28.0},{"not_picked":["Wild Strike","Blood for Blood","Flex"],"picked":"SKIP","floor":30.0},{"not_picked":["True Grit","Perfected Strike+1"],"picked":"Sword Boomerang+1","floor":31.0},{"not_picked":["Thinking Ahead","The Bomb"],"picked":"Apotheosis","floor":33.0},{"not_picked":["Wild Strike+1","Anger+1"],"picked":"True Grit+1","floor":35.0},{"not_picked":["Pommel Strike","Perfected Strike"],"picked":"Bandage Up+1","floor":36.0},{"not_picked":["Pommel Strike+1","Mind Blast"],"picked":"Ghostly Armor+1","floor":39},{"not_picked":["Sword Boomerang+1","Good Instincts"],"picked":"Metallicize+1","floor":40},{"not_picked":["Shrug It Off","Cleave","Havoc"],"picked":"SKIP","floor":41},{"not_picked":["Wild Strike+1","Headbutt","Havoc"],"picked":"SKIP","floor":42},{"not_picked":["Power Through+1","True Grit"],"picked":"Pummel","floor":45},{"not_picked":["Panacea+1","Armaments"],"picked":"Thunderclap+1","floor":46},{"not_picked":["Intimidate","Mind Blast"],"picked":"Juggernaut+1","floor":47}],"player_experience":791800,"relics_obtained":[{"floor":6.0,"key":"Gremlin Horn"},{"floor":9.0,"key":"Sundial"},{"floor":11.0,"key":"Bottled Flame"},{"floor":13.0,"key":"Centennial Puzzle"},{"floor":21.0,"key":"Toy Ornithopter"},{"floor":23.0,"key":"Ice Cream"},{"floor":23.0,"key":"Whetstone"},{"floor":26.0,"key":"Red Skull"},{"floor":30.0,"key":"Mummified Hand"},{"floor":30.0,"key":"Tiny Chest"},{"floor":36.0,"key":"Gambling Chip"},{"floor":38,"key":"Blue Candle"},{"floor":38,"key":"Unceasing Top"},{"floor":38,"key":"Happy Flower"},{"floor":40,"key":"Frozen Egg 2"},{"floor":40,"key":"Singing Bowl"},{"floor":42,"key":"MawBank"},{"floor":42,"key":"Strawberry"},{"floor":43,"key":"Bottled Lightning"},{"floor":45,"key":"War Paint"},{"floor":45,"key":"Boot"},{"floor":46,"key":"Darkstone Periapt"},{"floor":46,"key":"Old Coin"}],"event_choices":[{"cards_removed":["Strike_R"],"damage_healed":0.0,"max_hp_gain":0.0,"max_hp_loss":0.0,"gold_gain":0.0,"event_name":"Purifier","player_choice":"Purged","floor":3.0,"gold_loss":0.0,"damage_taken":0.0},{"damage_healed":0.0,"max_hp_gain":0.0,"max_hp_loss":0.0,"gold_gain":0.0,"event_name":"Living Wall","player_choice":"Grow","floor":5.0,"gold_loss":0.0,"damage_taken":0.0,"cards_upgraded":["Bash"]},{"damage_healed":0.0,"max_hp_gain":0.0,"max_hp_loss":0.0,"gold_gain":0.0,"event_name":"Nest","player_choice":"Joined the Cult","floor":19.0,"gold_loss":0.0,"damage_taken":6.0,"cards_obtained":["RitualDagger"]},{"damage_healed":0.0,"max_hp_gain":0.0,"max_hp_loss":0.0,"gold_gain":0.0,"event_name":"Mysterious Sphere","player_choice":"Fight","floor":36.0,"gold_loss":0.0,"damage_taken":0.0},{"damage_healed":0.0,"max_hp_gain":0.0,"max_hp_loss":0.0,"gold_gain":0.0,"event_name":"WeMeetAgain","player_choice":"Gave Potion","floor":37.0,"gold_loss":0.0,"damage_taken":0.0,"relics_obtained":["Potion Belt"]}],"is_beta":false,"boss_relics":[{"not_picked":["SlaversCollar","Tiny House"],"picked":"Black Star"},{"not_picked":["Runic Pyramid","Runic Cube"],"picked":"Coffee Dripper"}],"items_purged_floors":[2,27,48],"is_endless":false,"potions_floor_spawned":[7,11,13,16,25,30,31,35,41,45,46],"ascension_level":0}}