{"host":"nptej036rrbiurf5","time":1614128927,"event":{"mods":["BaseMod","Colored Map","Colored Powertips","DeckTracker","Minty Spire (QoL Compilation)","StSLib","SuperFastMode"],"gold_per_floor":[113,129,141,152,163,163,188,188,215,215,2,27,27,40,40,114,114,86,102,9,9,22,22,42,42,69,69,89,104,104,104],"floor_reached":30,"language":"KOR","playtime":643,"items_purged":[],"score":468,"play_id":"f6615afe-3b21-40ed-a0f5-b773ba428e0e","local_time":"20210224100847","is_ascension_mode":true,"campfire_choices":[{"data":"Neutralize","floor":6.0,"key":"SMITH"},{"floor":8.0,"key":"REST"},{"data":"Accuracy","floor":10.0,"key":"SMITH"},{"data":"Noxious Fumes","floor":15.0,"key":"SMITH"},{"floor":23,"key":"REST"},{"floor":25,"key":"REST"},{"data":"Blade Dance","floor":27,"key":"SMITH"}],"circlet_count":0,"master_deck":["AscendersBane","Strike_G","Strike_G","Strike_G","Strike_G","Defend_G","Defend_G","Defend_G","Defend_G","Defend_G","Survivor","Neutralize+1","Accuracy+1","Backstab","Heel Hook","Escape Plan","Dagger Throw","Concentrate","Noxious Fumes+1","Dagger Throw","Footwork","Unload","Blade Dance+1","Terror","Infinite Blades","PiercingWail","Prepared"],"relics":["Busted Crown","Blood Vial","Potion Belt","Snake Skull","Odd Mushroom","WristBlade","Art of War"],"acts_visited":["Exordium","TheCity"],"potions_floor_usage":[16,16,22,24,29],"damage_taken":[{"damage":0.0,"enemies":"Small Slimes","floor":1.0,"turns":4.0},{"damage":7.0,"enemies":"Jaw Worm","floor":2.0,"turns":4.0},{"damage":3.0,"enemies":"Cultist","floor":3.0,"turns":5.0},{"damage":8.0,"enemies":"2 Fungi Beasts","floor":4.0,"turns":4.0},{"damage":7.0,"enemies":"Gremlin Gang","floor":5.0,"turns":6.0},{"damage":10.0,"enemies":"3 Sentries","floor":7.0,"turns":7.0},{"damage":20.0,"enemies":"The Mushroom Lair","floor":12.0,"turns":4.0},{"damage":0.0,"enemies":"Large Slime","floor":14.0,"turns":5.0},{"damage":28,"enemies":"The Guardian","floor":16,"turns":10},{"damage":26,"enemies":"2 Thieves","floor":18,"turns":4},{"damage":17,"enemies":"Spheric Guardian","floor":19,"turns":4},{"damage":4,"enemies":"Centurion and Healer","floor":22,"turns":3},{"damage":13,"enemies":"Cultist and Chosen","floor":24,"turns":6},{"damage":25,"enemies":"Snecko","floor":28,"turns":6},{"damage":15,"enemies":"Snake Plant","floor":29,"turns":4},{"damage":14,"enemies":"Centurion and Healer","floor":30,"turns":1}],"seed_played":"7066951250058624351","potions_obtained":[{"floor":1.0,"key":"DuplicationPotion"},{"floor":2.0,"key":"Explosive Potion"},{"floor":5.0,"key":"PowerPotion"},{"floor":14.0,"key":"SpeedPotion"},{"floor":19,"key":"CunningPotion"},{"floor":22,"key":"DistilledChaos"},{"floor":28,"key":"Regen Potion"}],"is_trial":false,"path_per_floor":["M","M","M","M","M","R","E","R","T","R","$","?","?","M","R","B",null,"M","M","$","?","M","R","M","R","T","R","M","M","M"],"character_chosen":"THE_SILENT","items_purchased":["Snake Skull","Noxious Fumes","Infinite Blades","PiercingWail"],"campfire_rested":3,"item_purchase_floors":[11,11,20,20],"current_hp_per_floor":[59,52,49,41,34,34,24,43,43,43,43,25,25,27,27,1,50,26,11,11,11,9,28,17,36,36,36,13,12,0,0],"gold":104,"neow_bonus":"BOSS_RELIC","is_daily":false,"chose_seed":false,"campfire_upgraded":4,"win_rate":0.0,"timestamp":1614128927,"path_taken":["M","M","M","M","M","R","E","R","T","R","$","?","?","M","R","BOSS","M","M","$","?","M","R","M","R","T","R","M","M","?"],"items_purchased_type":["Relic","Card","Card","Card"],"build_version":"2020-12-22","purchased_purges":0,"victory":false,"max_hp_per_floor":[66,66,66,66,66,66,66,66,66,66,66,66,66,66,66,66,66,66,66,66,66,66,66,66,66,66,66,66,66,66,66],"card_choices":[{"not_picked":[],"picked":"Accuracy","floor":1.0},{"not_picked":[],"picked":"Backstab","floor":2.0},{"not_picked":[],"picked":"Heel Hook","floor":3.0},{"not_picked":[],"picked":"Escape Plan","floor":4.0},{"not_picked":[],"picked":"Dagger Throw","floor":5.0},{"not_picked":[],"picked":"Concentrate","floor":7.0},{"not_picked":[],"picked":"Dagger Throw","floor":12.0},{"not_picked":[],"picked":"Footwork","floor":14.0},{"not_picked":[],"picked":"Unload","floor":16},{"not_picked":[],"picked":"Blade Dance","floor":18},{"not_picked":[],"picked":"Terror","floor":19},{"not_picked":[],"picked":"Prepared","floor":22},{"not_picked":["Prepared"],"picked":"SKIP","floor":24},{"not_picked":["Flying Knee+1"],"picked":"SKIP","floor":28},{"not_picked":["Dagger Throw"],"picked":"SKIP","floor":29}],"player_experience":1016648,"relics_obtained":[{"floor":7.0,"key":"Blood Vial"},{"floor":9.0,"key":"Potion Belt"},{"floor":12.0,"key":"Odd Mushroom"},{"floor":26,"key":"Art of War"}],"event_choices":[{"damage_healed":0.0,"max_hp_gain":0.0,"max_hp_loss":0.0,"gold_gain":0.0,"event_name":"Mushrooms","player_choice":"Fought Mushrooms","floor":12.0,"gold_loss":0.0,"damage_taken":0.0},{"damage_healed":0.0,"max_hp_gain":0.0,"max_hp_loss":0.0,"gold_gain":0.0,"event_name":"Liars Game","player_choice":"Ignored","floor":13.0,"gold_loss":0.0,"damage_taken":0.0},{"cards_removed":["Strike_G"],"damage_healed":0,"gold_gain":0,"player_choice":"Card Removal","damage_taken":0,"max_hp_gain":0,"max_hp_loss":0,"event_name":"Wheel of Change","floor":21,"gold_loss":0}],"is_beta":false,"boss_relics":[{"not_picked":["Runic Pyramid","SlaversCollar"],"picked":"WristBlade"}],"items_purged_floors":[],"is_endless":false,"potions_floor_spawned":[1,2,5,14,19,22,28],"killed_by":"Centurion and Healer","ascension_level":20}}