{"host":"13o02hya6v6rzuva","time":1614158096,"event":{"mods":["BaseMod","Minty Spire (QoL Compilation)","Relic Stats"],"gold_per_floor":[116,291,291,311,311,311,339,339,362,362,376,403,12,26,26,122,122,140,157,171,225,238,238,238,238,238,238,250,260,271,286,286,383,383,394,414,431,431,41,71,0,0,24,24,24,44,58,70,70,70,70],"floor_reached":50,"language":"ENG","playtime":1435,"items_purged":["Strike_G"],"score":870,"play_id":"83367b9c-a0c2-4659-a32d-d6a813894f6d","local_time":"20210224101456","is_ascension_mode":true,"campfire_choices":[{"data":"Predator","floor":6,"key":"SMITH"},{"data":"Deadly Poison","floor":8,"key":"SMITH"},{"data":"Neutralize","floor":10,"key":"SMITH"},{"data":"Noxious Fumes","floor":15,"key":"SMITH"},{"floor":23,"key":"REST"},{"floor":25,"key":"RECALL"},{"floor":27,"key":"REST"},{"floor":32,"key":"REST"},{"floor":45,"key":"REST"},{"floor":49,"key":"REST"}],"circlet_count":0,"master_deck":["AscendersBane","Strike_G","Strike_G","Strike_G","Defend_G","Defend_G","Defend_G","Defend_G","Defend_G","Survivor","Neutralize+1","Predator+1","Deadly Poison+1","Quick Slash","Catalyst+1","Acrobatics","Noxious Fumes+1","Crippling Poison","Corpse Explosion","Calculated Gamble+1","Poisoned Stab+1","Backflip","Deflect+1","Deadly Poison","Leg Sweep+1","After Image","Burst","Deadly Poison+1","Panacea","Deflect","Backstab+1","PiercingWail"],"relics":["Ring of the Serpent","NeowsBlessing","The Specimen","Thread and Needle","Oddly Smooth Stone","Question Card","Runic Pyramid","Blood Vial","Blue Candle","Bottled Tornado","PreservedInsect","Juzu Bracelet","Red Mask","Art of War"],"acts_visited":["Exordium","TheCity","TheBeyond"],"potions_floor_usage":[12,18,22,28,33,33,37,40,40],"damage_taken":[{"damage":0,"enemies":"Cultist","floor":1,"turns":1},{"damage":0,"enemies":"Jaw Worm","floor":4,"turns":1},{"damage":0,"enemies":"Lagavulin","floor":7,"turns":1},{"damage":0,"enemies":"Small Slimes","floor":11,"turns":3},{"damage":14,"enemies":"Gremlin Nob","floor":12,"turns":4},{"damage":4,"enemies":"Red Slaver","floor":14,"turns":3},{"damage":23,"enemies":"The Guardian","floor":16,"turns":8},{"damage":2,"enemies":"3 Byrds","floor":18,"turns":2},{"damage":10,"enemies":"2 Thieves","floor":19,"turns":4},{"damage":6,"enemies":"Chosen and Byrds","floor":20,"turns":4},{"damage":25,"enemies":"Sentry and Sphere","floor":22,"turns":4},{"damage":0,"enemies":"Snecko","floor":28,"turns":4},{"damage":6,"enemies":"Shelled Parasite and Fungi","floor":29,"turns":4},{"damage":0,"enemies":"Sentry and Sphere","floor":30,"turns":4},{"damage":2,"enemies":"Snake Plant","floor":31,"turns":5},{"damage":35,"enemies":"Collector","floor":33,"turns":7},{"damage":8,"enemies":"Orb Walker","floor":35,"turns":5},{"damage":0,"enemies":"3 Shapes","floor":36,"turns":3},{"damage":37,"enemies":"Spire Growth","floor":37,"turns":5},{"damage":0,"enemies":"Reptomancer","floor":40,"turns":4},{"damage":33,"enemies":"Transient","floor":46,"turns":5},{"damage":2,"enemies":"Writhing Mass","floor":47,"turns":6},{"damage":3,"enemies":"3 Darklings","floor":48,"turns":3},{"damage":40,"enemies":"Donu and Deca","floor":50,"turns":5}],"seed_played":"8207180582434832315","potions_obtained":[{"floor":1,"key":"PowerPotion"},{"floor":4,"key":"Block Potion"},{"floor":12,"key":"LiquidBronze"},{"floor":14,"key":"CunningPotion"},{"floor":18,"key":"SteroidPotion"},{"floor":22,"key":"DistilledChaos"},{"floor":30,"key":"Fire Potion"},{"floor":33,"key":"SteroidPotion"},{"floor":35,"key":"Weak Potion"},{"floor":36,"key":"GhostInAJar"},{"floor":37,"key":"AttackPotion"}],"is_trial":false,"path_per_floor":["M","?","?","M","?","R","E","R","T","R","M","E","$","M","R","B",null,"M","M","M","T","M","R","?","R","T","R","M","M","M","M","R","B",null,"M","M","M","?","$","E","?","$","T","?","R","M","M","M","R","B"],"character_chosen":"THE_SILENT","items_purchased":["Noxious Fumes","Question Card","Bottled Tornado","PreservedInsect"],"campfire_rested":5,"item_purchase_floors":[13,13,39,39],"current_hp_per_floor":[63,63,63,63,63,63,63,63,63,63,63,49,49,45,45,22,58,56,46,40,40,17,38,38,38,38,59,61,57,59,59,70,35,61,55,57,22,22,22,24,24,24,24,24,45,14,14,13,34,0,0],"gold":70,"neow_bonus":"THREE_ENEMY_KILL","is_daily":false,"chose_seed":false,"campfire_upgraded":4,"win_rate":0.0,"timestamp":1614158096,"path_taken":["M","?","?","?","?","R","E","R","T","R","M","E","$","M","R","BOSS","M","M","M","?","?","R","?","R","T","R","M","M","M","M","R","BOSS","M","?","M","?","$","E","?","$","T","?","R","M","M","M","R","BOSS"],"items_purchased_type":["Card","Relic","Relic","Relic"],"build_version":"2020-12-22","purchased_purges":1,"victory":false,"max_hp_per_floor":[70,70,70,70,70,70,70,70,70,70,70,70,70,70,70,70,70,70,70,70,70,70,70,70,70,70,70,70,70,70,70,70,70,70,70,70,70,70,70,70,70,70,70,70,70,70,70,70,70,70,70],"relic_stats":{"Blood Vial":26,"counters":[24,95],"Blue Candle":[0],"PreservedInsect":61,"Juzu Bracelet":0,"Art of War":[9],"Question Card":19,"obtain_stats":[{"NeowsBlessing":0,"The Specimen":3,"Blue Candle":26,"Oddly Smooth Stone":12,"Thread and Needle":7,"PreservedInsect":39,"Juzu Bracelet":40,"Bottled Tornado":39,"Question Card":13,"Blood Vial":21,"Red Mask":41,"Art of War":43,"Ring of the Serpent":34,"Ring of the Snake":0,"Runic Pyramid":17},{"NeowsBlessing":0,"The Specimen":1,"Blue Candle":11,"Oddly Smooth Stone":5,"Thread and Needle":3,"PreservedInsect":19,"Juzu Bracelet":20,"Bottled Tornado":19,"Question Card":5,"Blood Vial":10,"Red Mask":20,"Art of War":20,"Ring of the Serpent":16,"Ring of the Snake":0,"Runic Pyramid":7},{"NeowsBlessing":0,"The Specimen":1,"Blue Candle":35,"Oddly Smooth Stone":10,"Thread and Needle":3,"PreservedInsect":72,"Juzu Bracelet":76,"Bottled Tornado":72,"Question Card":10,"Blood Vial":31,"Red Mask":76,"Art of War":76,"Ring of the Serpent":59,"Ring of the Snake":0,"Runic Pyramid":21}]},"card_choices":[{"not_picked":["Deflect","Sucker Punch"],"picked":"Predator","floor":1},{"not_picked":["Slice","Terror"],"picked":"Deadly Poison","floor":4},{"not_picked":["Phantasmal Killer","Predator"],"picked":"Quick Slash","floor":7},{"not_picked":["Deadly Poison","Slice"],"picked":"Catalyst","floor":11},{"not_picked":["Quick Slash","Bane"],"picked":"Acrobatics","floor":12},{"not_picked":["Dagger Throw","Backstab","Catalyst"],"picked":"Crippling Poison","floor":14},{"not_picked":["Unload","A Thousand Cuts","Doppelganger"],"picked":"Corpse Explosion","floor":16},{"not_picked":["Riddle With Holes","Reflex","Accuracy"],"picked":"Calculated Gamble+1","floor":18},{"not_picked":["Dagger Throw","Underhanded Strike","Quick Slash"],"picked":"Poisoned Stab+1","floor":19},{"not_picked":["Dodge and Roll","Setup","Dash"],"picked":"Backflip","floor":20},{"not_picked":["Terror","Blade Dance","Dagger Spray+1"],"picked":"Deflect+1","floor":22},{"not_picked":["Cloak And Dagger","Dagger Throw","Slice+1"],"picked":"Deadly Poison","floor":28},{"not_picked":["Skewer","Endless Agony","Dagger Throw"],"picked":"Leg Sweep+1","floor":29},{"not_picked":["Cloak And Dagger","Reflex","Slice"],"picked":"After Image","floor":30},{"not_picked":["Flying Knee+1","Sucker Punch","Bane","Cloak And Dagger"],"picked":"SKIP","floor":31},{"not_picked":["Grand Finale","Wraith Form v2","A Thousand Cuts"],"picked":"Burst","floor":33},{"not_picked":["Skewer+1","Cloak And Dagger","Dagger Spray","Flechettes+1"],"picked":"SKIP","floor":35},{"not_picked":["Bane+1","Dodge and Roll+1","Cloak And Dagger+1"],"picked":"Deadly Poison+1","floor":36},{"not_picked":["Flying Knee+1","Quick Slash","Dagger Throw+1","Concentrate"],"picked":"SKIP","floor":37},{"not_picked":["Quick Slash","Reflex","Flechettes","Accuracy"],"picked":"SKIP","floor":40},{"not_picked":["Swift Strike","Magnetism","Secret Technique"],"picked":"Panacea","floor":44},{"not_picked":["Blade Dance+1","Terror+1","Well Laid Plans+1"],"picked":"Deflect","floor":46},{"not_picked":["Dagger Throw","Backflip+1","Flying Knee+1"],"picked":"Backstab+1","floor":47},{"not_picked":["Tools of the Trade","Riddle With Holes","Masterful Stab"],"picked":"PiercingWail","floor":48}],"player_experience":1253161,"relics_obtained":[{"floor":7,"key":"Thread and Needle"},{"floor":12,"key":"Oddly Smooth Stone"},{"floor":21,"key":"Blood Vial"},{"floor":26,"key":"Blue Candle"},{"floor":40,"key":"Juzu Bracelet"},{"floor":43,"key":"Art of War"}],"event_choices":[{"damage_healed":0,"gold_gain":175,"player_choice":"AGREE","damage_taken":0,"max_hp_gain":0,"max_hp_loss":0,"event_name":"Liars Game","floor":2,"gold_loss":0,"cards_obtained":["Doubt"]},{"damage_healed":0,"gold_gain":0,"player_choice":"Gave Potion","damage_taken":0,"relics_obtained":["The Specimen"],"max_hp_gain":0,"max_hp_loss":0,"event_name":"WeMeetAgain","floor":3,"gold_loss":0},{"cards_removed":["Doubt"],"damage_healed":0,"gold_gain":0,"player_choice":"Purged","damage_taken":0,"max_hp_gain":0,"max_hp_loss":0,"event_name":"Purifier","floor":5,"gold_loss":0},{"damage_healed":0,"gold_gain":0,"player_choice":"Upgraded","damage_taken":0,"max_hp_gain":0,"max_hp_loss":0,"event_name":"Upgrade Shrine","floor":24,"gold_loss":0,"cards_upgraded":["Catalyst"]},{"cards_removed":["Strike_G"],"damage_healed":0,"gold_gain":0,"player_choice":"Removed Attack","damage_taken":0,"max_hp_gain":0,"max_hp_loss":0,"event_name":"Falling","floor":38,"gold_loss":0},{"damage_healed":0,"gold_gain":0,"player_choice":"Paid","damage_taken":0,"relics_obtained":["Red Mask"],"max_hp_gain":0,"max_hp_loss":0,"event_name":"Tomb of Lord Red Mask","floor":41,"gold_loss":71},{"damage_healed":0,"gold_gain":0,"player_choice":"Memory 1","damage_taken":0,"max_hp_gain":0,"max_hp_loss":0,"event_name":"SensoryStone","floor":44,"gold_loss":0}],"is_beta":false,"boss_relics":[{"not_picked":["SacredBark","Black Star"],"picked":"Runic Pyramid"},{"not_picked":["Velvet Choker","Pandora\u0027s Box"],"picked":"Ring of the Serpent"}],"items_purged_floors":[13],"is_endless":false,"potions_floor_spawned":[1,4,12,14,18,20,22,30,33,35,36,37],"killed_by":"Donu and Deca","ascension_level":11}}