{"host":"s0nrlal5fls38heo","time":1614176195,"event":{"mods":["AchievementEnabler","BaseMod","Better Vampires","Colored Powertips","Dark Map","Displayed Cursed Tome","Downfall","Faster Ascension Climbing","GifTheSpireLib","Minty Spire (QoL Compilation)","Permanent Neow","Rare Cards Sparkle","Relic Filter Mod","Relic Stats","StSLib"],"gold_per_floor":[0,11,186,286,302,318,386,401,509,519,549,579,625,650,675,765,777,689,721,718,730,742,771,783,695,736,748,794,323,356,372,382,456,456,356,375,475,485,503,536,536,120,152,167,200,200,200,226,240,240,240,240,240,240],"floor_reached":52,"language":"ENG","playtime":4103,"items_purged":["Doubt"],"score":1558,"play_id":"2cdda116-dea2-487f-8d6e-eccdba39c763","local_time":"20210224151635","is_ascension_mode":true,"campfire_choices":[{"data":"Apotheosis","floor":1.0,"key":"SMITH"},{"data":"Guardian:AncientConstruct","floor":18.0,"key":"SMITH"},{"floor":25.0,"key":"RECALL"},{"floor":35.0,"key":"REST"},{"floor":47.0,"key":"REST"}],"circlet_count":0,"master_deck":["AscendersBane","Guardian:Defend_Guardian","Guardian:Defend_Guardian","Guardian:Defend_Guardian","Guardian:Defend_Guardian","Guardian:CurlUp","Guardian:TwinSlam","Apotheosis+1","Guardian:Recover","Guardian:TimeCapacitor","Guardian:SentryBeam","Guardian:SpikerProtocol","Guardian:StasisStrike","Guardian:TemporalStrike","Guardian:TimeSifter","Guardian:ExploitGems","Guardian:AncientConstruct+1","Guardian:TemporalShield","Guardian:ArmoredProtocol","Bite","Bite","Bite","Bite","Guardian:ExploitGems","Guardian:Clone","Guardian:DecasProtection","Guardian:ArmoredProtocol+1","Guardian:Planning","Guardian:ShieldCharger","Guardian:FuturePlans+1","Guardian:CompilePackage","Guardian:TimeCapacitor+1","Guardian:ShieldCharger+1","Guardian:EvasiveProtocol+1","Guardian:ConstructionForm+1","expansioncontent:StudyTheSpire+1","Guardian:FloatingOrbs+1","Guardian:TemporalShield","expansioncontent:StudyTheSpire+1"],"relics":["Guardian:ModeShifter","White Beast Statue","Guardian:PocketSentry","MawBank","Bottled Flame","SacredBark","downfall:HeartBlessingGreen","downfall:HeartBlessingBlue","Matryoshka","Blood Vial","Orichalcum","Frozen Egg 2","Ancient Tea Set","Fusion Hammer","downfall:HeartBlessingRed","Potion Belt","Gremlin Horn","PreservedInsect","CaptainsWheel","hexamod:BolsterEngine","TungstenRod","Lantern","Guardian:BottledAnomaly"],"acts_visited":["Exordium","TheCity","TheBeyond","TheEnding"],"potions_floor_usage":[48,48],"damage_taken":[{"damage":0.0,"enemies":"Cultist","floor":2.0,"turns":3.0},{"damage":0.0,"enemies":"Small Slimes","floor":5.0,"turns":4.0},{"damage":0.0,"enemies":"2 Louse","floor":6.0,"turns":3.0},{"damage":0.0,"enemies":"Gremlin Gang","floor":8.0,"turns":6.0},{"damage":4.0,"enemies":"3 Sentries","floor":9.0,"turns":12.0},{"damage":3.0,"enemies":"downfall:LooterAlt","floor":10.0,"turns":4.0},{"damage":8.0,"enemies":"Gremlin Nob","floor":11.0,"turns":3.0},{"damage":3.0,"enemies":"Exordium Wildlife","floor":12.0,"turns":3.0},{"damage":0.0,"enemies":"Lagavulin","floor":13.0,"turns":6.0},{"damage":5.0,"enemies":"Red Slaver","floor":14.0,"turns":3.0},{"damage":6.0,"enemies":"downfall:LooterAlt","floor":15.0,"turns":3.0},{"damage":4.0,"enemies":"DF_ARCHETYPE_STREAMLINE","floor":16.0,"turns":10.0},{"damage":2.0,"enemies":"Chosen","floor":19.0,"turns":4.0},{"damage":0.0,"enemies":"downfall:FleeingMerchant","floor":20.0,"turns":4.0},{"damage":19.0,"enemies":"Shell Parasite","floor":23.0,"turns":7.0},{"damage":5.0,"enemies":"Gremlin Leader","floor":26.0,"turns":7.0},{"damage":27.0,"enemies":"Slavers","floor":28.0,"turns":8.0},{"damage":0.0,"enemies":"downfall:FleeingMerchant","floor":29.0,"turns":4.0},{"damage":13.0,"enemies":"Book of Stabbing","floor":30.0,"turns":7.0},{"damage":7.0,"enemies":"Snecko","floor":31.0,"turns":7.0},{"damage":0.0,"enemies":"3 Cultists","floor":32.0,"turns":6.0},{"damage":13.0,"enemies":"IC_MUSHROOM_ARCHETYPE","floor":33.0,"turns":12.0},{"damage":2.0,"enemies":"Orb Walker","floor":36.0,"turns":4.0},{"damage":0.0,"enemies":"downfall:LadyInBlue","floor":37.0,"turns":8.0},{"damage":0.0,"enemies":"3 Darklings","floor":38.0,"turns":6.0},{"damage":0.0,"enemies":"Maw","floor":39.0,"turns":8.0},{"damage":4.0,"enemies":"Nemesis","floor":40.0,"turns":9.0},{"damage":0.0,"enemies":"downfall:FleeingMerchant","floor":42.0,"turns":4.0},{"damage":1.0,"enemies":"Reptomancer","floor":43.0,"turns":6.0},{"damage":0.0,"enemies":"4 Shapes","floor":44.0,"turns":7.0},{"damage":0.0,"enemies":"Nemesis","floor":45.0,"turns":7.0},{"damage":0,"enemies":"downfall:FleeingMerchant","floor":48,"turns":4},{"damage":6,"enemies":"Sphere and 2 Shapes","floor":49,"turns":6},{"damage":0,"enemies":"WA_ARCHETYPE_DIVINITY","floor":50,"turns":15},{"damage":0,"enemies":"downfall:CharBossMerchant","floor":52,"turns":1}],"seed_played":"-4520346878636141160","potions_obtained":[{"floor":6.0,"key":"SmokeBomb"},{"floor":8.0,"key":"ColorlessPotion"},{"floor":9.0,"key":"SteroidPotion"},{"floor":10.0,"key":"Fire Potion"},{"floor":11.0,"key":"Block Potion"},{"floor":12.0,"key":"CultistPotion"},{"floor":13.0,"key":"Weak Potion"},{"floor":14.0,"key":"Guardian:DefensiveModePotion"},{"floor":16.0,"key":"ColorlessPotion"},{"floor":19.0,"key":"BlessingOfTheForge"},{"floor":20.0,"key":"DistilledChaos"},{"floor":23.0,"key":"Slimebound:ThreeZeroPotion"},{"floor":26.0,"key":"SteroidPotion"},{"floor":28.0,"key":"DistilledChaos"},{"floor":29.0,"key":"SneckoOil"},{"floor":30.0,"key":"Weak Potion"},{"floor":31.0,"key":"Guardian:StasisDiscoveryPotion"},{"floor":33.0,"key":"PowerPotion"},{"floor":36.0,"key":"sneckomod:MuddlingPotion"},{"floor":37.0,"key":"DistilledChaos"},{"floor":37.0,"key":"SneckoOil"},{"floor":37.0,"key":"AttackPotion"},{"floor":37.0,"key":"DuplicationPotion"},{"floor":39.0,"key":"Swift Potion"},{"floor":40.0,"key":"DistilledChaos"},{"floor":42.0,"key":"bronze:BurnAndBuffPotion"},{"floor":43.0,"key":"PowerPotion"},{"floor":44.0,"key":"Fruit Juice"},{"floor":45.0,"key":"Guardian:BlockOnCardUsePotion"},{"floor":48,"key":"SkillPotion"},{"floor":49,"key":"BlessingOfTheForge"}],"is_trial":false,"path_per_floor":["R","M","?","?","M","M","T","M","E","M","E","M","E","M","M","B",null,"R","M","$","?","?","M","T","R","E","?","E","$","E","M","M","B",null,"R","M","?","M","M","E","T","$","E","M","E","?","R","$","M","B",null,"E"],"character_chosen":"GUARDIAN","items_purchased":["Frozen Egg 2","Guardian:Gem_Orange","Guardian:ArmoredProtocol+1","expansioncontent:StudyTheSpire","hexamod:BolsterEngine","Guardian:FloatingOrbs+1","Guardian:BottledAnomaly","expansioncontent:StudyTheSpire+1"],"campfire_rested":2,"item_purchase_floors":[29,29,29,42,42,42,48,48],"current_hp_per_floor":[72,72,72,72,72,72,72,72,68,65,57,54,54,49,43,39,70,70,68,68,60,60,60,60,70,70,70,60,70,63,70,70,70,70,70,68,70,70,70,70,70,70,70,70,80,80,80,80,80,80,80,80,80,80],"gold":240,"neow_bonus":"RANDOM_COLORLESS_2","is_daily":false,"chose_seed":false,"campfire_upgraded":2,"win_rate":0.0,"timestamp":1614176195,"path_taken":["R","M","?","?","M","?","T","M","E","M","E","M","E","M","M","BOSS","R","M","$","?","?","?","T","R","E","?","E","?","E","?","M","BOSS","R","M","?","M","M","E","T","?","E","M","E","?","R","$","M","BOSS","E"],"items_purchased_type":["Relic","Card","Card","Card","Relic","Card","Relic","Card"],"build_version":"2020-12-22","purchased_purges":1,"victory":false,"max_hp_per_floor":[80,80,80,80,80,80,80,80,80,80,80,80,80,80,80,80,80,80,80,80,60,60,60,60,70,70,70,70,70,70,70,70,70,70,70,70,70,70,70,70,70,70,70,70,80,80,80,80,80,80,80,80,80,80],"relic_stats":{"Blood Vial":6,"Gremlin Horn":[9,9],"counters":[35,208],"PreservedInsect":199,"Orichalcum":[48],"MawBank":216,"obtain_stats":[{"Potion Belt":37,"Lantern":45,"downfall:HeartBlessingRed":35,"Gremlin Horn":40,"SacredBark":17,"Guardian:ModeShifter":0,"downfall:HeartBlessingGreen":18,"PreservedInsect":41,"Guardian:PocketSentry":9,"Orichalcum":28,"Frozen Egg 2":29,"MawBank":11,"Ancient Tea Set":30,"White Beast Statue":7,"Blood Vial":27,"Bottled Flame":13,"CaptainsWheel":41,"Matryoshka":26,"downfall:HeartBlessingBlue":25,"Fusion Hammer":34,"hexamod:BolsterEngine":42,"Guardian:BottledAnomaly":48,"TungstenRod":43},{"Potion Belt":24,"Lantern":31,"downfall:HeartBlessingRed":22,"Gremlin Horn":27,"SacredBark":12,"Guardian:ModeShifter":0,"downfall:HeartBlessingGreen":12,"PreservedInsect":27,"Guardian:PocketSentry":5,"Orichalcum":17,"Frozen Egg 2":18,"MawBank":7,"Ancient Tea Set":19,"White Beast Statue":3,"Blood Vial":16,"Bottled Flame":9,"CaptainsWheel":27,"Matryoshka":16,"downfall:HeartBlessingBlue":15,"Fusion Hammer":22,"hexamod:BolsterEngine":28,"Guardian:BottledAnomaly":32,"TungstenRod":29},{"Potion Belt":136,"Lantern":183,"downfall:HeartBlessingRed":125,"Gremlin Horn":159,"SacredBark":59,"Guardian:ModeShifter":0,"downfall:HeartBlessingGreen":59,"PreservedInsect":159,"Guardian:PocketSentry":28,"Orichalcum":89,"Frozen Egg 2":93,"MawBank":35,"Ancient Tea Set":100,"White Beast Statue":10,"Blood Vial":81,"Bottled Flame":43,"CaptainsWheel":159,"Matryoshka":81,"downfall:HeartBlessingBlue":74,"Fusion Hammer":125,"hexamod:BolsterEngine":163,"Guardian:BottledAnomaly":187,"TungstenRod":169}],"TungstenRod":1},"card_choices":[{"not_picked":["Secret Weapon","Chrysalis"],"picked":"Apotheosis","floor":0.0},{"not_picked":["Guardian:CrystalBeam","Guardian:Orbwalk"],"picked":"Guardian:Recover","floor":2.0},{"not_picked":["Guardian:WalkerClaw","Guardian:Gem_Green"],"picked":"Guardian:TimeCapacitor","floor":5.0},{"not_picked":["Guardian:Reroute","Guardian:PiercingHide"],"picked":"Guardian:ChargeCore","floor":6.0},{"not_picked":["Guardian:BronzeArmor","Guardian:Gem_Red"],"picked":"Guardian:SentryBeam","floor":8.0},{"not_picked":["Guardian:BronzeArmor","Guardian:Harden"],"picked":"Guardian:SpikerProtocol","floor":9.0},{"not_picked":["Guardian:Gem_Yellow","Guardian:RollAttack"],"picked":"Guardian:StasisStrike","floor":10.0},{"not_picked":["Guardian:Reroute","Guardian:Gem_Red"],"picked":"Guardian:TemporalStrike","floor":11.0},{"not_picked":["Guardian:ChargeCore","Guardian:TemporalShield"],"picked":"Guardian:TimeSifter","floor":12.0},{"not_picked":["Guardian:TemporalStrike","Guardian:Recover"],"picked":"Guardian:ExploitGems","floor":13.0},{"not_picked":["Guardian:TemporalStrike","Guardian:Gem_Cyan"],"picked":"Guardian:Gem_White","floor":14.0},{"not_picked":["Guardian:Gem_Red","Guardian:Suspension"],"picked":"Guardian:Gem_White","floor":15.0},{"not_picked":["Guardian:HyperBeam_Guardian","Guardian:RevengeProtocol"],"picked":"Guardian:AncientConstruct","floor":16.0},{"not_picked":["Guardian:Gem_Cyan","Guardian:Gem_Green"],"picked":"Guardian:TemporalShield","floor":19.0},{"not_picked":["Guardian:TemporalStrike","Guardian:BronzeArmor"],"picked":"Guardian:ArmoredProtocol","floor":20.0},{"not_picked":["Guardian:DonusPower","Guardian:Gem_Cyan"],"picked":"Guardian:Gem_Synthetic","floor":23.0},{"not_picked":["Guardian:FloatingOrbs","Guardian:Gem_Crimson"],"picked":"Guardian:Clone","floor":26.0},{"not_picked":["Guardian:Repulse","Guardian:FuturePlans"],"picked":"Guardian:DecasProtection","floor":28.0},{"not_picked":["Guardian:TemporalStrike","Guardian:PrimingBeam"],"picked":"Guardian:Gem_White","floor":29.0},{"not_picked":["Guardian:GuardianWhirl","Guardian:PrimingBeam"],"picked":"Guardian:Planning","floor":30.0},{"not_picked":["Guardian:Reroute","Guardian:ChargeCore"],"picked":"Guardian:ShieldCharger","floor":31.0},{"not_picked":["Guardian:PrimingBeam","Guardian:BodySlam"],"picked":"Guardian:FuturePlans+1","floor":32.0},{"not_picked":["Guardian:HyperBeam_Guardian","Guardian:StasisStrike"],"picked":"Guardian:CompilePackage","floor":33.0},{"not_picked":["Guardian:Gem_Red","Guardian:Gem_Cyan"],"picked":"Guardian:TimeCapacitor+1","floor":36.0},{"not_picked":["Guardian:Gem_Cyan","Guardian:Gem_Lightblue"],"picked":"Guardian:ShieldCharger+1","floor":37.0},{"not_picked":["Guardian:WalkerClaw","Guardian:Incinerate","Guardian:RollAttack"],"picked":"SKIP","floor":38.0},{"not_picked":["Guardian:RollAttack","Guardian:TemporalStrike","Guardian:Preprogram+1"],"picked":"SKIP","floor":39.0},{"not_picked":["Guardian:ShieldCharger+1","Guardian:TemporalShield"],"picked":"Guardian:EvasiveProtocol+1","floor":40.0},{"not_picked":["Guardian:FuturePlans+1","Guardian:Gem_Fragmented"],"picked":"Guardian:ConstructionForm+1","floor":42.0},{"not_picked":["Guardian:Gem_Crimson","Guardian:PrismaticBarrier+1"],"picked":"Guardian:Gem_Green","floor":43.0},{"not_picked":["Guardian:Gem_Yellow","Guardian:TimeBomb","Guardian:RollAttack+1"],"picked":"SKIP","floor":44.0},{"not_picked":["Guardian:Reroute","Guardian:ChargeCore","Guardian:WalkerClaw"],"picked":"SKIP","floor":45.0},{"not_picked":["Guardian:Gem_Fragmented","Guardian:Reroute"],"picked":"Guardian:TemporalShield","floor":48},{"not_picked":["Guardian:StasisStrike","Guardian:CrystalBeam","Guardian:Gem_Red"],"picked":"SKIP","floor":49}],"player_experience":85833,"relics_obtained":[{"floor":7.0,"key":"White Beast Statue"},{"floor":9.0,"key":"Guardian:PocketSentry"},{"floor":11.0,"key":"MawBank"},{"floor":13.0,"key":"Bottled Flame"},{"floor":26.0,"key":"Matryoshka"},{"floor":28.0,"key":"Orichalcum"},{"floor":30.0,"key":"Ancient Tea Set"},{"floor":37.0,"key":"Potion Belt"},{"floor":40.0,"key":"Gremlin Horn"},{"floor":41.0,"key":"PreservedInsect"},{"floor":41.0,"key":"CaptainsWheel"},{"floor":43.0,"key":"TungstenRod"},{"floor":45.0,"key":"Lantern"}],"event_choices":[{"damage_healed":0.0,"max_hp_gain":0.0,"max_hp_loss":20.0,"gold_gain":0.0,"event_name":"Vampires","player_choice":"Became a vampire","floor":21.0,"gold_loss":0.0,"damage_taken":0.0,"cards_obtained":["Bite","Bite","Bite","Bite"]}],"is_beta":false,"boss_relics":[{"not_picked":["Runic Pyramid","Astrolabe"],"picked":"SacredBark"},{"not_picked":["Black Star","Tiny House"],"picked":"Fusion Hammer"}],"items_purged_floors":[29],"is_endless":false,"potions_floor_spawned":[6,8,9,10,11,12,13,14,15,16,19,20,23,26,28,29,30,31,32,33,36,37,38,39,40,42,43,44,45,48,49],"killed_by":"downfall:CharBossMerchant","ascension_level":13}}