{"host":"9rxgn077cyjlend4","time":1614174278,"event":{"mods":["BaseMod","Minty Spire (QoL Compilation)","StSLib"],"gold_per_floor":[116,116,116,135,151,180,180,212,236,236,256,256,274,22,22,97,97,117,117,117,117,130,130,162,162,185,214,214,214,240,286,298,383,395,420,442,471,508,520,566,578,590,602,614,626,638,663,691,703,715,727,739,31,63,63,63],"floor_reached":55,"language":"ENG","playtime":3176,"items_purged":["Strike_G"],"score":1310,"play_id":"dfcf8f3e-eca3-4eb1-8975-19166e50e3bd","local_time":"20210224134438","is_ascension_mode":true,"campfire_choices":[{"data":"Crippling Poison","floor":7.0,"key":"SMITH"},{"data":"Dagger Spray","floor":10.0,"key":"SMITH"},{"data":"Footwork","floor":12.0,"key":"SMITH"},{"data":"Bouncing Flask","floor":15.0,"key":"SMITH"},{"data":"RitualDagger","floor":23.0,"key":"SMITH"},{"data":"Well Laid Plans","floor":25.0,"key":"SMITH"},{"data":"Die Die Die","floor":28.0,"key":"SMITH"},{"data":"Skewer","floor":32.0,"key":"SMITH"},{"data":"Wraith Form v2","floor":44.0,"key":"SMITH"},{"floor":46.0,"key":"RECALL"},{"data":"Caltrops","floor":49.0,"key":"SMITH"},{"data":"Calculated Gamble","floor":52.0,"key":"SMITH"}],"circlet_count":0,"master_deck":["AscendersBane","Strike_G","Strike_G","Strike_G","Defend_G","Defend_G","Defend_G","Defend_G","Defend_G","Survivor","Neutralize","Dagger Spray+1","Calculated Gamble+1","Crippling Poison+1","Die Die Die+1","Footwork+1","Bouncing Flask+1","Malaise","RitualDagger+1","Well Laid Plans+1","Backflip","Caltrops+1","Acrobatics","Skewer+1","Wraith Form v2+1","Corpse Explosion","Backflip","Panacea","Blade Dance","Dodge and Roll","Leg Sweep","Deadly Poison","Blur+1"],"relics":["Ring of the Snake","Omamori","Akabeko","Bronze Scales","Meat on the Bone","Happy Flower","Odd Mushroom","Paper Crane","Velvet Choker","Eternal Feather","Orichalcum","Regal Pillow","Shuriken","MawBank","Vajra","Snecko Eye","TungstenRod","MealTicket","Thread and Needle","HandDrill","White Beast Statue"],"acts_visited":["Exordium","TheCity","TheBeyond","TheEnding"],"potions_floor_usage":[55,55,55,55],"damage_taken":[{"damage":2.0,"enemies":"Jaw Worm","floor":1.0,"turns":6.0},{"damage":0.0,"enemies":"Small Slimes","floor":4.0,"turns":1.0},{"damage":0.0,"enemies":"2 Louse","floor":5.0,"turns":2.0},{"damage":2.0,"enemies":"3 Sentries","floor":6.0,"turns":5.0},{"damage":13.0,"enemies":"Gremlin Nob","floor":8.0,"turns":3.0},{"damage":0.0,"enemies":"The Mushroom Lair","floor":11.0,"turns":2.0},{"damage":1.0,"enemies":"Exordium Thugs","floor":13.0,"turns":2.0},{"damage":8.0,"enemies":"The Guardian","floor":16.0,"turns":8.0},{"damage":2.0,"enemies":"Spheric Guardian","floor":18.0,"turns":4.0},{"damage":8.0,"enemies":"Shell Parasite","floor":22.0,"turns":5.0},{"damage":26.0,"enemies":"Slavers","floor":24.0,"turns":4.0},{"damage":12.0,"enemies":"Book of Stabbing","floor":27.0,"turns":5.0},{"damage":18.0,"enemies":"Snake Plant","floor":30.0,"turns":3.0},{"damage":21.0,"enemies":"Gremlin Leader","floor":31.0,"turns":6.0},{"damage":21.0,"enemies":"Collector","floor":33.0,"turns":9.0},{"damage":0.0,"enemies":"3 Darklings","floor":35.0,"turns":2.0},{"damage":0.0,"enemies":"Orb Walker","floor":36.0,"turns":1.0},{"damage":14.0,"enemies":"Maw","floor":37.0,"turns":8.0},{"damage":0.0,"enemies":"Mind Bloom Boss Battle","floor":38.0,"turns":7.0},{"damage":37.0,"enemies":"Nemesis","floor":40.0,"turns":11.0},{"damage":8.0,"enemies":"Sphere and 2 Shapes","floor":47.0,"turns":5.0},{"damage":16.0,"enemies":"Spire Growth","floor":48.0,"turns":7.0},{"damage":35.0,"enemies":"Time Eater","floor":50.0,"turns":13.0},{"damage":61.0,"enemies":"Shield and Spear","floor":54.0,"turns":7.0},{"damage":23,"enemies":"The Heart","floor":55,"turns":3}],"seed_played":"8927719609730333866","potions_obtained":[{"floor":4.0,"key":"DistilledChaos"},{"floor":5.0,"key":"Fire Potion"},{"floor":13.0,"key":"Fire Potion"},{"floor":18.0,"key":"FearPotion"},{"floor":24.0,"key":"PowerPotion"},{"floor":30.0,"key":"AttackPotion"},{"floor":31.0,"key":"GamblersBrew"},{"floor":35.0,"key":"ColorlessPotion"},{"floor":38.0,"key":"BlessingOfTheForge"},{"floor":40.0,"key":"SpeedPotion"},{"floor":47.0,"key":"EntropicBrew"}],"is_trial":false,"path_per_floor":["M","?","?","M","M","E","R","E","T","R","?","R","M","$","R","B",null,"M","?","?","?","M","R","E","R","T","E","R","?","M","E","R","B",null,"M","M","M","?","?","E","?","?","T","R","?","R","M","M","R","B",null,"R","$","E","B"],"character_chosen":"THE_SILENT","items_purchased":["Paper Crane","Thread and Needle","HandDrill","GamblersBrew","Leg Sweep","Deadly Poison"],"campfire_rested":0,"item_purchase_floors":[14,53,53,53,53,53],"current_hp_per_floor":[57,50,45,45,45,43,43,30,30,30,42,42,41,41,41,45,61,59,53,53,53,45,57,43,55,55,43,58,58,40,31,46,37,59,59,59,45,45,45,20,20,20,20,35,35,50,42,38,56,33,56,63,63,14,0,0],"gold":63,"neow_bonus":"RANDOM_COMMON_RELIC","is_daily":false,"chose_seed":false,"campfire_upgraded":11,"win_rate":0.0,"timestamp":1614174278,"path_taken":["M","?","?","M","M","E","R","E","T","R","?","R","M","$","R","BOSS","M","?","?","?","M","R","E","R","T","E","R","?","?","E","R","BOSS","M","M","M","?","?","E","?","?","T","R","?","R","?","?","R","BOSS","R","$","E","BOSS"],"items_purchased_type":["Relic","Relic","Relic","Potion","Card","Card"],"build_version":"2020-12-22","purchased_purges":1,"victory":false,"max_hp_per_floor":[66,66,66,66,66,66,66,66,66,66,66,66,66,66,66,66,66,66,66,66,66,66,66,66,66,66,66,66,66,66,66,66,66,66,66,66,66,66,66,66,63,63,63,63,63,63,63,63,63,63,63,63,63,63,63,63],"card_choices":[{"not_picked":["Acrobatics","Slice"],"picked":"Dagger Spray","floor":1.0},{"not_picked":["Prepared","Blur"],"picked":"Calculated Gamble","floor":4.0},{"not_picked":["Endless Agony","Deflect"],"picked":"Crippling Poison","floor":5.0},{"not_picked":["Accuracy","Dagger Throw"],"picked":"Die Die Die","floor":6.0},{"not_picked":["Acrobatics","Storm of Steel"],"picked":"After Image","floor":8.0},{"not_picked":["Underhanded Strike","Calculated Gamble"],"picked":"Footwork","floor":11.0},{"not_picked":["Eviscerate","Deflect"],"picked":"Bouncing Flask","floor":13.0},{"not_picked":["A Thousand Cuts","Glass Knife"],"picked":"Malaise","floor":16.0},{"not_picked":["Dagger Spray","Prepared","Caltrops"],"picked":"SKIP","floor":18.0},{"not_picked":["Dodge and Roll","Infinite Blades"],"picked":"Backflip","floor":22.0},{"not_picked":["Malaise","Quick Slash"],"picked":"Caltrops","floor":24.0},{"not_picked":["Cloak And Dagger","Outmaneuver"],"picked":"Acrobatics","floor":27.0},{"not_picked":["Outmaneuver","Dagger Spray","Bane"],"picked":"SKIP","floor":30.0},{"not_picked":["Terror","Deadly Poison"],"picked":"Skewer","floor":31.0},{"not_picked":["Glass Knife","Burst"],"picked":"Wraith Form v2","floor":33.0},{"not_picked":["Dagger Throw","Deflect","Dagger Spray+1"],"picked":"SKIP","floor":35.0},{"not_picked":["Backstab","Catalyst","Quick Slash"],"picked":"SKIP","floor":36.0},{"not_picked":["Reflex","Infinite Blades","Endless Agony"],"picked":"SKIP","floor":37.0},{"not_picked":["Finisher+1","Slice"],"picked":"Corpse Explosion","floor":38.0},{"not_picked":["Bane","Calculated Gamble"],"picked":"Backflip","floor":40.0},{"not_picked":["Deep Breath","Metamorphosis"],"picked":"Panacea","floor":45.0},{"not_picked":["Blur","Caltrops"],"picked":"Blade Dance","floor":47.0},{"not_picked":["Reflex","Flying Knee"],"picked":"Dodge and Roll","floor":48.0},{"not_picked":["Endless Agony","Quick Slash+1"],"picked":"Blur+1","floor":54.0}],"player_experience":687954,"relics_obtained":[{"floor":6.0,"key":"Bronze Scales"},{"floor":8.0,"key":"Meat on the Bone"},{"floor":9.0,"key":"Happy Flower"},{"floor":11.0,"key":"Odd Mushroom"},{"floor":24.0,"key":"Orichalcum"},{"floor":26.0,"key":"Regal Pillow"},{"floor":27.0,"key":"Shuriken"},{"floor":31.0,"key":"Vajra"},{"floor":38.0,"key":"TungstenRod"},{"floor":40.0,"key":"MealTicket"},{"floor":54.0,"key":"White Beast Statue"}],"event_choices":[{"cards_removed":["Strike_G"],"damage_healed":0.0,"max_hp_gain":0.0,"max_hp_loss":0.0,"gold_gain":0.0,"event_name":"Golden Wing","player_choice":"Card Removal","floor":2.0,"gold_loss":0.0,"damage_taken":7.0},{"damage_healed":0.0,"max_hp_gain":0.0,"max_hp_loss":0.0,"gold_gain":0.0,"event_name":"Scrap Ooze","player_choice":"Success","floor":3.0,"gold_loss":0.0,"damage_taken":5.0,"relics_obtained":["Akabeko"]},{"damage_healed":0.0,"max_hp_gain":0.0,"max_hp_loss":0.0,"gold_gain":0.0,"event_name":"Mushrooms","player_choice":"Fought Mushrooms","floor":11.0,"gold_loss":0.0,"damage_taken":0.0},{"damage_healed":0.0,"max_hp_gain":0.0,"max_hp_loss":0.0,"gold_gain":0.0,"event_name":"Nest","player_choice":"Joined the Cult","floor":19.0,"gold_loss":0.0,"damage_taken":6.0,"cards_obtained":["RitualDagger"]},{"damage_healed":0.0,"max_hp_gain":0.0,"max_hp_loss":0.0,"gold_gain":0.0,"event_name":"The Mausoleum","player_choice":"Opened","floor":20.0,"gold_loss":0.0,"damage_taken":0.0,"relics_obtained":["Eternal Feather"],"cards_obtained":["Writhe"]},{"damage_healed":0.0,"max_hp_gain":0.0,"max_hp_loss":0.0,"gold_gain":0.0,"event_name":"The Library","player_choice":"Read","floor":21.0,"gold_loss":0.0,"damage_taken":0.0,"cards_obtained":["Well Laid Plans"]},{"damage_healed":0.0,"max_hp_gain":0.0,"max_hp_loss":0.0,"gold_gain":0.0,"event_name":"Addict","player_choice":"Stole Relic","floor":29.0,"gold_loss":0.0,"damage_taken":0.0,"relics_obtained":["MawBank"],"cards_obtained":["Shame"]},{"damage_healed":0.0,"max_hp_gain":0.0,"max_hp_loss":0.0,"gold_gain":0.0,"event_name":"MindBloom","player_choice":"Fight","floor":38.0,"gold_loss":0.0,"damage_taken":0.0},{"cards_removed":["After Image"],"damage_healed":0.0,"max_hp_gain":0.0,"max_hp_loss":0.0,"gold_gain":0.0,"event_name":"Falling","player_choice":"Removed Power","floor":39.0,"gold_loss":0.0,"damage_taken":0.0},{"damage_healed":0.0,"max_hp_gain":0.0,"max_hp_loss":3.0,"gold_gain":0.0,"event_name":"Winding Halls","player_choice":"Max HP","floor":41.0,"gold_loss":0.0,"damage_taken":0.0},{"damage_healed":0.0,"max_hp_gain":0.0,"max_hp_loss":0.0,"gold_gain":0.0,"event_name":"The Moai Head","player_choice":"Ignored","floor":42.0,"gold_loss":0.0,"damage_taken":0.0},{"damage_healed":0.0,"max_hp_gain":0.0,"max_hp_loss":0.0,"gold_gain":0.0,"event_name":"SensoryStone","player_choice":"Memory 1","floor":45.0,"gold_loss":0.0,"damage_taken":0.0}],"is_beta":false,"boss_relics":[{"not_picked":["WristBlade","Runic Pyramid"],"picked":"Velvet Choker"},{"not_picked":["Astrolabe","SlaversCollar"],"picked":"Snecko Eye"}],"items_purged_floors":[53],"is_endless":false,"potions_floor_spawned":[4,5,13,18,24,30,31,35,38,40,47],"killed_by":"The Heart","ascension_level":15}}