{"host":"birdoosa9v9yfc1w","time":1614124970,"event":{"mods":["2.2 Compatiblity","BaseMod","Bossed Relics","Colored Map","Colored Powertips","Dark Map","Halation","Highlight Path","Minty Spire (QoL Compilation)","Rare Cards Sparkle","Relic Filter","SacredBarkPlus","StSLib","The Jungle","Thrall Mod"],"gold_per_floor":[109,129,129,129,149,149,164,164,164,114,132,132,163,11,11,87,87,106,116,143,162,162,162,72,72,72,90,120,134,153,178,178,178,178],"floor_reached":33,"language":"ENG","playtime":1129,"items_purged":["Strike_Thrall"],"score":615,"play_id":"c319ef4d-4704-472d-9b59-8e399d851116","local_time":"20210223190250","is_ascension_mode":true,"campfire_choices":[{"data":"Manatidetotem","floor":6.0,"key":"SMITH"},{"floor":8.0,"key":"REST"},{"data":"Airelemental","floor":15.0,"key":"SMITH"},{"floor":23,"key":"REST"},{"floor":25,"key":"RECALL"},{"floor":32,"key":"REST"}],"circlet_count":0,"master_deck":["AscendersBane","Strike_Thrall+1","Strike_Thrall+1","Strike_Thrall","Defend_Thrall","Defend_Thrall","Defend_Thrall","Lightningbolt","Thecoin","Beakeredlightning","Witchsapprentice","Manatidetotem+1","Dustdevil","Devolve+1","Beakeredlightning","Airelemental+1","Elementaldestruction","Hex+1","Earthshock","Witchsapprentice","Flametonguetotem"],"relics":["Totem","Tiny Chest","TheAbacus","SlaversCollar","Red Mask","halation:PenCase","Frozen Eye","Mummified Hand","halation:VictoryRuler"],"acts_visited":["Exordium","TheCity"],"potions_floor_usage":[28,31,31],"damage_taken":[{"damage":3.0,"enemies":"Jaw Worm","floor":1.0,"turns":5.0},{"damage":3.0,"enemies":"2 Louse","floor":2.0,"turns":3.0},{"damage":10.0,"enemies":"Small Slimes","floor":5.0,"turns":3.0},{"damage":7.0,"enemies":"Looter","floor":7.0,"turns":3.0},{"damage":12.0,"enemies":"2 Fungi Beasts","floor":11.0,"turns":3.0},{"damage":10.0,"enemies":"Lagavulin","floor":13.0,"turns":6.0},{"damage":0.0,"enemies":"Slime Boss","floor":16.0,"turns":6.0},{"damage":1,"enemies":"Spheric Guardian","floor":18,"turns":3},{"damage":0,"enemies":"Shell Parasite","floor":19,"turns":2},{"damage":0,"enemies":"Masked Bandits","floor":20,"turns":1},{"damage":12,"enemies":"Snecko","floor":21,"turns":5},{"damage":21,"enemies":"Snake Plant","floor":27,"turns":4},{"damage":0,"enemies":"Gremlin Leader","floor":28,"turns":5},{"damage":4,"enemies":"Centurion and Healer","floor":29,"turns":5},{"damage":0,"enemies":"Snecko","floor":30,"turns":2},{"damage":51,"enemies":"Book of Stabbing","floor":31,"turns":6},{"damage":48,"enemies":"Champ","floor":33,"turns":5}],"seed_played":"-5943943601170222505","potions_obtained":[{"floor":1.0,"key":"SkillPotion"},{"floor":13.0,"key":"Fire Potion"},{"floor":16.0,"key":"Fire Potion"},{"floor":18,"key":"BlessingOfTheForge"},{"floor":28,"key":"Weak Potion"},{"floor":31,"key":"GamblersBrew"}],"is_trial":false,"path_per_floor":["M","M","?","?","M","R","M","R","T","?","M","?","E","$","R","B",null,"M","M","?","M","T","R","?","R","T","M","E","M","M","E","R","B"],"character_chosen":"THRALL","items_purchased":["Airelemental"],"campfire_rested":3,"item_purchase_floors":[14],"current_hp_per_floor":[66,65,65,65,59,59,52,72,72,72,60,46,40,40,40,42,65,66,66,66,54,54,72,72,72,72,51,53,51,53,8,29,0,0],"gold":178,"neow_bonus":"TEN_PERCENT_HP_BONUS","is_daily":false,"chose_seed":false,"campfire_upgraded":2,"win_rate":0.0,"timestamp":1614124970,"path_taken":["M","M","?","?","M","R","M","R","T","?","M","?","E","$","R","BOSS","M","M","?","M","?","R","?","R","T","?","E","M","M","E","R","BOSS"],"items_purchased_type":["Card"],"build_version":"2020-12-22","purchased_purges":1,"victory":false,"max_hp_per_floor":[72,72,72,72,72,72,72,72,72,72,72,72,72,72,72,72,72,72,72,72,72,72,72,72,72,72,72,72,72,72,72,72,72,72],"card_choices":[{"not_picked":["Wartbringer","Flametonguetotem"],"picked":"Beakeredlightning","floor":1.0},{"not_picked":["Totemicsmash","Flametonguetotem"],"picked":"Witchsapprentice","floor":2.0},{"not_picked":["Cryostasis","Elementaryreaction"],"picked":"Dustdevil","floor":5.0},{"not_picked":["Jadelightning","Fireelemental","Tidalsurge"],"picked":"SKIP","floor":7.0},{"not_picked":["Fireguard","Snowfurygiant"],"picked":"Devolve","floor":11.0},{"not_picked":["Fireelemental","Lightningstorm"],"picked":"Beakeredlightning","floor":13.0},{"not_picked":["Lavaburst","Alakir"],"picked":"Elementaldestruction","floor":16.0},{"not_picked":["Beakeredlightning","Jadelightning","Dustdevil"],"picked":"SKIP","floor":18},{"not_picked":["Devolve","Jadecheiftain"],"picked":"Hex+1","floor":19},{"not_picked":["Jadecheiftain","Forkedlightning"],"picked":"Earthshock","floor":20},{"not_picked":["Likkim","Lightningbolt","Drakkaridefender"],"picked":"SKIP","floor":21},{"not_picked":["Eternalsentinel","Jadecheiftain+1"],"picked":"Witchsapprentice","floor":27},{"not_picked":["Blazing","Wartbringer"],"picked":"Flametonguetotem","floor":28},{"not_picked":["Elementaryreaction","Forkedlightning","Eureka"],"picked":"SKIP","floor":29},{"not_picked":["Dustdevil","Fireelemental","Likkim"],"picked":"SKIP","floor":30},{"not_picked":["Elementaryreaction","Jadelightning","Forkedlightning"],"picked":"SKIP","floor":31}],"player_experience":669726,"relics_obtained":[{"floor":9.0,"key":"Tiny Chest"},{"floor":13.0,"key":"TheAbacus"},{"floor":20,"key":"Red Mask"},{"floor":22,"key":"halation:PenCase"},{"floor":26,"key":"Frozen Eye"},{"floor":28,"key":"Mummified Hand"},{"floor":31,"key":"halation:VictoryRuler"}],"event_choices":[{"damage_healed":0.0,"max_hp_gain":0.0,"max_hp_loss":0.0,"gold_gain":0.0,"cards_transformed":["Defend_Thrall"],"event_name":"Living Wall","player_choice":"Change","floor":4.0,"gold_loss":0.0,"damage_taken":0.0,"cards_obtained":["Manatidetotem"]},{"cards_removed":["Defend_Thrall"],"damage_healed":0.0,"max_hp_gain":0.0,"max_hp_loss":0.0,"gold_gain":0.0,"event_name":"The Cleric","player_choice":"Card Removal","floor":10.0,"gold_loss":50.0,"damage_taken":0.0},{"damage_healed":0.0,"max_hp_gain":0.0,"max_hp_loss":0.0,"gold_gain":0.0,"event_name":"Shining Light","player_choice":"Entered Light","floor":12.0,"gold_loss":0.0,"damage_taken":14.0,"cards_upgraded":["Strike_Thrall","Devolve"]},{"damage_healed":0,"gold_gain":0,"player_choice":"Fought Bandits","damage_taken":0,"max_hp_gain":0,"max_hp_loss":0,"event_name":"Masked Bandits","floor":20,"gold_loss":0},{"cards_removed":["Strike_Thrall"],"damage_healed":0,"gold_gain":0,"player_choice":"Upgrade and Remove","damage_taken":0,"max_hp_gain":0,"max_hp_loss":0,"event_name":"Designer","floor":24,"gold_loss":90,"cards_upgraded":["Strike_Thrall"]}],"is_beta":false,"boss_relics":[{"not_picked":["halation:ForbiddenBikini","Philosopher\u0027s Stone"],"picked":"SlaversCollar"}],"items_purged_floors":[14],"is_endless":false,"potions_floor_spawned":[1,13,16,18,21,28,31],"killed_by":"Champ","ascension_level":14}}