{"host":"6bfiq9sgomorosoy","time":1614150503,"event":{"mods":["2.2 Compatiblity","AchievementEnabler","BaseMod","Better Note","Better Third Choice","BetterRewards","Conspire","Downfall","Googly Eyes","Highlight Path","Hubris","Minty Spire (QoL Compilation)","Quick Restart","Rare Cards Sparkle","Reliquary","Replay The Spire","StSLib"],"gold_per_floor":[115,115,69,69,84,84,96,111,111,111,111,111,111,128,128,230,230,211,211,231,35,47,47,47,47,47],"floor_reached":25,"language":"ENG","playtime":1036,"items_purged":[],"score":191,"play_id":"a31e90ef-0c26-44e9-981a-aba9202d5739","local_time":"20210224200823","is_ascension_mode":false,"campfire_choices":[{"data":"Clothesline","floor":6,"key":"SMITH"},{"data":"Dark Embrace","floor":11,"key":"SMITH"},{"floor":15,"key":"REST"},{"data":"Corruption","floor":23,"key":"SMITH"}],"circlet_count":0,"master_deck":["Strike_R","Strike_R","Strike_R","Strike_R","Strike_R","Defend_R","Defend_R","Defend_R","Defend_R","Replay:GuardianBash","hubris:Defend_Merchant","Impervious","Clothesline+1","hubris:ReadiedAction","Clash+1","Dark Embrace+1","Dropkick+1","Rip and Tear","Replay:Undeath\u0027s Touch","Corruption+1","ReplayTheSpireMod:Doomed","CurseOfTheBell","hubris:Wrath","Seeing Red+1","Iron Wave+1","The Bomb","Armaments","Armaments","Anger+1"],"relics":["Burning Blood","Pear","hubris:OldNail","Bag of Marbles","Whetstone","Replay:Ancient Bell","Happy Flower","Replay:Bottled Eggs","Magic Flower","MutagenicStrength"],"acts_visited":["Exordium","TheCity"],"potions_floor_usage":[16],"damage_taken":[{"damage":1,"enemies":"Cultist","floor":1,"turns":4},{"damage":1,"enemies":"Jaw Worm","floor":5,"turns":3},{"damage":4,"enemies":"2 Louse","floor":7,"turns":4},{"damage":9,"enemies":"Blue Slaver","floor":8,"turns":4},{"damage":21,"enemies":"Lots of Slimes","floor":14,"turns":4},{"damage":76,"enemies":"Fading Forest","floor":16,"turns":11},{"damage":30,"enemies":"2 Thieves","floor":18,"turns":5},{"damage":5,"enemies":"Spheric Guardian","floor":20,"turns":4},{"damage":15,"enemies":"Chosen and Byrds","floor":22,"turns":5},{"damage":76,"enemies":"Slavers","floor":25,"turns":4}],"seed_played":"-6071470141700551231","potions_obtained":[{"floor":1,"key":"Languid Potion"},{"floor":5,"key":"Explosive Potion"},{"floor":22,"key":"sneckomod:MuddlingPotion"}],"is_trial":false,"path_per_floor":["M","$","$","?","M","R","M","M","T","?","R","?","T","M","R","B",null,"M","?","M","$","M","R","?","E"],"character_chosen":"IRONCLAD","items_purchased":["hubris:ReadiedAction","The Bomb","Armaments"],"campfire_rested":1,"item_purchase_floors":[3,21,21],"current_hp_per_floor":[80,80,80,80,80,80,80,77,87,69,69,69,69,54,81,21,90,69,69,73,73,67,67,67,0,0],"gold":47,"neow_bonus":"THREE_RARE_CARDS","is_daily":false,"chose_seed":false,"campfire_upgraded":3,"win_rate":0.0,"timestamp":1614150503,"path_taken":["M","?","$","?","M","R","?","M","T","?","R","?","?","M","R","BOSS","M","?","?","$","M","R","?","E"],"items_purchased_type":["Card","Card","Card"],"build_version":"2020-12-22","purchased_purges":0,"victory":false,"max_hp_per_floor":[80,80,80,80,80,80,80,80,90,90,90,90,90,90,90,90,90,90,90,90,90,90,90,90,90,90],"card_choices":[{"not_picked":["Replay:Many Hands","Bludgeon"],"picked":"Impervious","floor":0},{"not_picked":["Sentinel","Sword Boomerang"],"picked":"Clothesline","floor":1},{"not_picked":["Flex","ReplayTheSpireMod:Strike From Hell"],"picked":"Clash","floor":5},{"not_picked":["Clothesline","Combust"],"picked":"Dark Embrace","floor":7},{"not_picked":["Perfected Strike","hubris:CleavingFinish"],"picked":"Dropkick","floor":8},{"not_picked":["Havoc","Fire Breathing"],"picked":"Replay:Undeath\u0027s Touch","floor":14},{"not_picked":["Brutality","hubris:StunningStrike"],"picked":"Corruption","floor":16},{"not_picked":["hubris:Compulsion","Shame"],"picked":"ReplayTheSpireMod:Doomed","floor":17},{"not_picked":["Writhe","Languid"],"picked":"CurseOfTheBell","floor":17},{"not_picked":["Clumsy","hubris:Despair"],"picked":"hubris:Wrath","floor":17},{"not_picked":["ReplayTheSpireMod:Corrosion Curse","Twin Strike"],"picked":"Seeing Red+1","floor":18},{"not_picked":["Impervious","Perfected Strike"],"picked":"Iron Wave+1","floor":20},{"not_picked":["Flex+1","Clash"],"picked":"Anger+1","floor":22}],"player_experience":153948,"relics_obtained":[{"floor":9,"key":"Pear"},{"floor":13,"key":"Whetstone"}],"event_choices":[{"damage_healed":0,"gold_gain":0,"player_choice":"Ignored","damage_taken":0,"max_hp_gain":0,"max_hp_loss":0,"event_name":"betterNote:BetterNote","floor":4,"gold_loss":0,"cards_obtained":["Defend_G"]},{"damage_healed":0,"gold_gain":1,"player_choice":"Relic Relic Card ","damage_taken":18,"max_hp_gain":0,"max_hp_loss":0,"event_name":"betterThird:BetterScrap","floor":10,"gold_loss":0,"cards_obtained":["Rip and Tear","Thunder Strike"]},{"damage_healed":0,"gold_gain":0,"player_choice":"Leave","damage_taken":0,"max_hp_gain":0,"max_hp_loss":0,"event_name":"The Cleric","floor":12,"gold_loss":0},{"cards_removed":["Bash"],"damage_healed":0,"gold_gain":0,"player_choice":"Offered Basic","damage_taken":0,"max_hp_gain":0,"max_hp_loss":0,"event_name":"Bonfire Elementals","floor":19,"gold_loss":0},{"damage_healed":0,"gold_gain":0,"player_choice":"Inject Mutagens","damage_taken":0,"relics_obtained":["MutagenicStrength"],"max_hp_gain":0,"max_hp_loss":0,"event_name":"Drug Dealer","floor":24,"gold_loss":0}],"is_beta":false,"boss_relics":[{"not_picked":["reliquary:Ember","hubris:TerracottaHorce"],"picked":"Replay:Ancient Bell"},{"not_picked":["reliquary:SilkGlove","Simple Rune"],"picked":"Happy Flower"},{"not_picked":["Sundial","conspire:BottledYoYo"],"picked":"Replay:Bottled Eggs"},{"not_picked":["Gambling Chip","Thread and Needle"],"picked":"Magic Flower"}],"items_purged_floors":[],"is_endless":false,"potions_floor_spawned":[1,5,22],"killed_by":"Slavers","ascension_level":0}}