{"host":"p4yrwepmrl4g8pul","time":1614171909,"event":{"mods":["Act Like it!","BaseMod","BetterRewards","Colored Map","Custom Start","Downfall","Gensokyo","Marisa£®ÏF”Í°°ƒß¿Ì…≥£©","Minty Spire (QoL Compilation)","Quick Restart","Rare Cards Sparkle","Reimu£®≤©¿ˆ¡È√Œ£©","Remilia£®¿Ÿ√◊¿Ú—«£©","Remove Card Discount Mod","Shop Mod","StSLib"],"gold_per_floor":[99,99,33,50,62,137,137,137,137,137,137,167,64,82,82,183,183,202,219,42,58,70,70,70,86,86,86,111,211,194,211,11,107,107,127,137,137,137,326,326,352,362,218,238,257,257,272,299,199,199,199,226,4,4,4,4],"floor_reached":57,"language":"ZHS","playtime":3224,"items_purged":["Slimebound:Strike_Slimebound","Slimebound:Strike_Slimebound","Slimebound:Strike_Slimebound","Slimebound:Split","Slimebound:CorrosiveSpit","Slimebound:Defend_Slimebound","Slimebound:Defend_Slimebound","Regret","Slimebound:Defend_Slimebound","Slimebound:Tackle","Slimebound:RollThrough","Slimebound:RollThrough","Slimebound:Repurpose","Slimebound:LeechingTouch","Slimebound:ProtectTheBoss+1"],"score":1355,"play_id":"350f3126-1507-425d-9e22-2dc584e79084","local_time":"20210224210509","is_ascension_mode":false,"campfire_choices":[{"data":"Slimebound:Schlurp","floor":8.0,"key":"SMITH"},{"data":"Slimebound:Schlurp","floor":15.0,"key":"SMITH"},{"data":"Slimebound:WasteNot","floor":23.0,"key":"PURGE"},{"data":"Slimebound:ComboTackle","floor":26.0,"key":"SMITH"},{"data":"Slimebound:Grow","floor":32.0,"key":"SMITH"},{"floor":46.0,"key":"RECALL"},{"data":"RitualDagger+1","floor":49.0,"key":"PURGE"},{"data":"Slimebound:AcidTongue","floor":54,"key":"SMITH"}],"circlet_count":0,"master_deck":["Slimebound:Schlurp+1","Slimebound:ComboTackle+1","Slimebound:Schlurp+1","Slimebound:RollThrough+1","Slimebound:GoopSpray+1","Slimebound:Grow+1","Slimebound:AcidTongue+1","Slimebound:AcidTongue+1"],"relics":["Slimebound:AbsorbEndCombat","downfall:HeartsMalice","Singing Bowl","Slimebound:ScrapOozeRelic","Bag of Preparation","Coffee Dripper","Lantern","Toy Ornithopter","TungstenRod","Bottled Lightning","downfall:HeartBlessingGreen","downfall:HeartBlessingBlue","Black Star","Frozen Eye","Dream Catcher","ClockworkSouvenir","Sundial","Tea:ReiMu","downfall:HeartBlessingRed","Du-Vu Doll","Mastiff:ReiMu","Membership Card"],"acts_visited":["Exordium","TheCity","TheBeyond","TheEnding"],"potions_floor_usage":[55,55],"damage_taken":[{"damage":0.0,"enemies":"Jaw Worm","floor":1.0,"turns":1.0},{"damage":0.0,"enemies":"Small Slimes","floor":2.0,"turns":1.0},{"damage":0.0,"enemies":"downfall:FleeingMerchant","floor":3.0,"turns":1.0},{"damage":6.0,"enemies":"2 Louse","floor":4.0,"turns":2.0},{"damage":0.0,"enemies":"downfall:LooterAlt","floor":5.0,"turns":3.0},{"damage":4.0,"enemies":"Gremlin Nob","floor":12.0,"turns":3.0},{"damage":15.0,"enemies":"downfall:FleeingMerchant","floor":13.0,"turns":4.0},{"damage":5.0,"enemies":"Exordium Wildlife","floor":14.0,"turns":3.0},{"damage":8.0,"enemies":"WA_ARCHETYPE_RETAIN","floor":16.0,"turns":5.0},{"damage":16.0,"enemies":"downfall:LooterAlt2","floor":18.0,"turns":3.0},{"damage":0.0,"enemies":"Spheric Guardian","floor":19.0,"turns":3.0},{"damage":9.0,"enemies":"downfall:FleeingMerchant","floor":20.0,"turns":4.0},{"damage":0.0,"enemies":"3 Cultists","floor":21.0,"turns":4.0},{"damage":0.0,"enemies":"Shelled Parasite and Fungi","floor":22.0,"turns":4.0},{"damage":0.0,"enemies":"Snake Plant","floor":25.0,"turns":2.0},{"damage":0.0,"enemies":"Colosseum Nobs","floor":29.0,"turns":3.0},{"damage":0.0,"enemies":"downfall:FleeingMerchant","floor":30.0,"turns":4.0},{"damage":0.0,"enemies":"Cultist and Chosen","floor":31.0,"turns":4.0},{"damage":5.0,"enemies":"IC_MUSHROOM_ARCHETYPE","floor":33.0,"turns":6.0},{"damage":0.0,"enemies":"Orb Walker","floor":35.0,"turns":2.0},{"damage":0.0,"enemies":"3 Shapes","floor":36.0,"turns":3.0},{"damage":0.0,"enemies":"3 Shapes","floor":37.0,"turns":3.0},{"damage":0.0,"enemies":"downfall:FleeingMerchant","floor":39.0,"turns":3.0},{"damage":0.0,"enemies":"Transient","floor":42.0,"turns":5.0},{"damage":10.0,"enemies":"3 Darklings","floor":44.0,"turns":3.0},{"damage":0.0,"enemies":"Spire Growth","floor":45.0,"turns":3.0},{"damage":7.0,"enemies":"4 Shapes","floor":47.0,"turns":3.0},{"damage":5.0,"enemies":"Nemesis","floor":48.0,"turns":3.0},{"damage":2.0,"enemies":"DF_ARCHETYPE_ORBS","floor":50.0,"turns":8.0},{"damage":4.0,"enemies":"downfall:CharBossMerchant","floor":52.0,"turns":6.0},{"damage":97,"enemies":"downfall:NeowBoss","floor":55,"turns":16},{"damage":19,"enemies":"downfall:NeowBossFinal","floor":56,"turns":10}],"seed_played":"7698620634668039241","potions_obtained":[{"floor":4.0,"key":"Guardian:BlockOnCardUsePotion"},{"floor":5.0,"key":"AttackPotion"},{"floor":14.0,"key":"Strength Potion"},{"floor":19.0,"key":"Fire Potion"},{"floor":21.0,"key":"AttackPotion"},{"floor":25.0,"key":"PowerPotion"},{"floor":27.0,"key":"CultistPotion"},{"floor":33.0,"key":"LiquidMemories"},{"floor":37.0,"key":"Block Potion"},{"floor":47.0,"key":"PowerPotion"},{"floor":52.0,"key":"BlessingOfTheForge"}],"is_trial":false,"path_per_floor":["M","M","$","M","M","?","T","R","?","?","?","E","$","M","R","B",null,"M","M","$","M","M","R","T","M","R","?","T","?","$","M","R","B",null,"M","M","?","?","$","?","T","M","$","M","M","R","M","E","R","B",null,"E","$","R","B","B",null],"character_chosen":"SLIMEBOUND","items_purchased":["Slimebound:RollThrough","Slimebound:Repurpose","Lantern","Frozen Eye","ClockworkSouvenir","Membership Card","Slimebound:AcidTongue","Fire Potion"],"campfire_rested":0,"item_purchase_floors":[3,13,20,39,43,53,53,53],"current_hp_per_floor":[65,65,65,61,65,65,65,65,65,65,65,63,48,51,51,51,69,59,67,62,70,73,73,73,75,75,75,75,75,77,79,89,86,91,93,95,95,92,98,98,98,105,105,99,105,105,108,107,107,111,113,115,115,115,31,98],"gold":4,"neow_bonus":"THREE_ENEMY_KILL","is_daily":false,"chose_seed":false,"campfire_upgraded":5,"win_rate":0.0,"timestamp":1614171909,"path_taken":["M","M","$","M","M","?","T","R","?","?","?","E","$","M","R","BOSS","M","M","$","M","M","R","T","M","R","?","?","?","$","M","R","BOSS","M","M","?","?","?","?","T","M","$","M","M","R","M","E","R","BOSS","E","$","R","BOSS","BOSS"],"items_purchased_type":["Card","Card","Relic","Relic","Relic","Relic","Card","Potion"],"build_version":"2020-12-22","purchased_purges":15,"victory":true,"max_hp_per_floor":[65,65,65,65,65,65,65,65,65,65,65,67,67,69,69,69,69,69,71,71,71,73,73,73,75,75,75,75,75,77,79,89,91,91,93,95,95,101,103,103,103,105,105,107,109,109,111,113,113,113,113,115,115,115,115,115],"card_choices":[{"not_picked":["Slimebound:SlimeSpikes","Slimebound:ComboTackle"],"picked":"Slimebound:Schlurp","floor":1.0},{"not_picked":["Slimebound:SplitBruiser","Slimebound:ServeAndProtect"],"picked":"Slimebound:RollThrough","floor":2.0},{"not_picked":["Slimebound:Recycling","Slimebound:SplitMire"],"picked":"Slimebound:LeechingTouch","floor":3.0},{"not_picked":["Slimebound:SlimeTap","Slimebound:LivingWall"],"picked":"Slimebound:ComboTackle","floor":4.0},{"not_picked":["Slimebound:RollThrough","Slimebound:Dissolve","Slimebound:LeechingTouch"],"picked":"SKIP","floor":5.0},{"not_picked":["Slimebound:RollThrough","Slimebound:Dissolve","Slimebound:LeechingTouch"],"picked":"SKIP","floor":5.0},{"not_picked":["Slimebound:SlimeBrawl","Slimebound:Replication","Slimebound:ItLooksTasty"],"picked":"Singing Bowl","floor":12.0},{"not_picked":["Slimebound:LeechingTouch","Slimebound:ItLooksTasty"],"picked":"Slimebound:Schlurp","floor":13.0},{"not_picked":["Slimebound:Equalize","Slimebound:HungryTackle","Slimebound:PressTheAttack"],"picked":"Singing Bowl","floor":14.0},{"not_picked":["Slimebound:OneTwoCombo","Slimebound:Recycling"],"picked":"Slimebound:WasteNot","floor":16.0},{"not_picked":["Slimebound:HauntingLick+1","Slimebound:SplitMire"],"picked":"Slimebound:RollThrough+1","floor":18.0},{"not_picked":["Slimebound:SlimeSpikes+1","Slimebound:Chomp","Slimebound:Gluttony+1"],"picked":"Singing Bowl","floor":19.0},{"not_picked":["Slimebound:HauntingLick","Slimebound:LeechEnergy"],"picked":"Slimebound:ProtectTheBoss+1","floor":20.0},{"not_picked":["Slimebound:HauntingLick","Slimebound:LivingWall"],"picked":"Slimebound:GoopSpray+1","floor":21.0},{"not_picked":["Slimebound:Gluttony","Slimebound:LevelUp","Slimebound:LeadByExample"],"picked":"Singing Bowl","floor":22.0},{"not_picked":["Slimebound:ViciousTackle+1","Slimebound:Prepare","Slimebound:Equalize"],"picked":"Singing Bowl","floor":25.0},{"not_picked":["Slimebound:SplitAcid+1","Slimebound:GoopTackle"],"picked":"Slimebound:Grow","floor":29.0},{"not_picked":["Slimebound:Prepare","Slimebound:Equalize+1","Slimebound:ForwardTackle"],"picked":"Singing Bowl","floor":30.0},{"not_picked":["Slimebound:DivideAndConquer","Slimebound:Teamwork","Slimebound:TongueLash"],"picked":"Singing Bowl","floor":31.0},{"not_picked":["Slimebound:MinionMaster","Slimebound:PrepareCrush","Slimebound:Overexert"],"picked":"Singing Bowl","floor":33.0},{"not_picked":["Slimebound:RejuvenatingLick","Slimebound:LeadByExample","Slimebound:Prepare+1"],"picked":"Singing Bowl","floor":35.0},{"not_picked":["Slimebound:GoopTackle+1","Slimebound:DivideAndConquer+1","Slimebound:SplitAcid"],"picked":"Singing Bowl","floor":36.0},{"not_picked":["Slimebound:LevelUp+1","Slimebound:GrowthPunch"],"picked":"Slimebound:AcidTongue+1","floor":37.0},{"not_picked":["expansioncontent:HyperBeam","expansioncontent:InvincibleStrength","expansioncontent:AwakenDeath"],"picked":"Singing Bowl","floor":38.0},{"not_picked":["expansioncontent:PolyBeam","expansioncontent:HyperBeam","expansioncontent:YouAreMine"],"picked":"Singing Bowl","floor":38.0},{"not_picked":["expansioncontent:Hexaburn","expansioncontent:InvincibleStrength","expansioncontent:LastStand"],"picked":"Singing Bowl","floor":38.0},{"not_picked":["Slimebound:Schlurp","Slimebound:ComboTackle+1","Slimebound:Nibble+1"],"picked":"Singing Bowl","floor":39.0},{"not_picked":["Slimebound:SplitMire+1","Slimebound:ProtectTheBoss","Slimebound:DisruptingSlam+1"],"picked":"Singing Bowl","floor":42.0},{"not_picked":["Slimebound:GoopSpray+1","Slimebound:DisruptingSlam+1","Slimebound:AcidTongue"],"picked":"Singing Bowl","floor":44.0},{"not_picked":["Slimebound:LeechEnergy","Slimebound:Schlurp+1","Slimebound:FinishingTackle+1"],"picked":"Singing Bowl","floor":45.0},{"not_picked":["Slimebound:HungryTackle","Slimebound:ProtectTheBoss+1","Slimebound:Prepare+1"],"picked":"Singing Bowl","floor":47.0},{"not_picked":["Slimebound:ForwardTackle","Slimebound:MassRepurpose","Slimebound:Equalize"],"picked":"Singing Bowl","floor":48.0},{"not_picked":["Slimebound:LevelUp","Slimebound:FlameTackle","Slimebound:FinishingTackle+1"],"picked":"Singing Bowl","floor":52.0}],"player_experience":826479,"relics_obtained":[{"floor":7.0,"key":"Singing Bowl"},{"floor":12.0,"key":"Bag of Preparation"},{"floor":28.0,"key":"Toy Ornithopter"},{"floor":29.0,"key":"TungstenRod"},{"floor":29.0,"key":"Bottled Lightning"},{"floor":41.0,"key":"Dream Catcher"},{"floor":48.0,"key":"Sundial"},{"floor":48.0,"key":"Tea:ReiMu"},{"floor":52.0,"key":"Du-Vu Doll"},{"floor":52.0,"key":"Mastiff:ReiMu"}],"event_choices":[{"cards_removed":["Slimebound:Defend_Slimebound"],"damage_healed":0.0,"max_hp_gain":0.0,"max_hp_loss":0.0,"gold_gain":0.0,"event_name":"The Cleric","player_choice":"Card Removal","floor":9.0,"gold_loss":0.0,"damage_taken":0.0},{"damage_healed":0.0,"max_hp_gain":0.0,"max_hp_loss":0.0,"gold_gain":0.0,"event_name":"Big Fish","player_choice":"Box","floor":10.0,"gold_loss":0.0,"damage_taken":0.0,"relics_obtained":["Happy Flower"],"cards_obtained":["Regret"]}],"is_beta":false,"boss_relics":[{"not_picked":["Pandora\u0027s Box","bronze:MakeshiftBattery"],"picked":"Coffee Dripper"},{"not_picked":["Velvet Choker","Astrolabe"],"picked":"Black Star"}],"items_purged_floors":[3,3,3,3,3,3,3,13,13,13,20,20,20,30,39],"is_endless":false,"potions_floor_spawned":[4,5,14,19,21,25,33,37,44,47,48,52],"ascension_level":0}}