{"host":"whe4vf9w0yuhsr02","time":1614173628,"event":{"mods":["AchievementEnabler","Act Like it!","BaseMod","Better Altar","Better Match","Better Note","Better Sensory Stone","Better Skull","Better Third Choice","Colored Map","Dark Map","Friendly Minions","Highlight Path","Hubris","Library of Ruina","Minty Spire (QoL Compilation)","Poor People Problems","Quick Restart","Replay The Spire","StSLib","everything is the same but u backflip on backflip"],"gold_per_floor":[218,65,65,65,84,116,116,129,129,145,161,161,195,214,214,312,312,332,332,99,174,194,194,48,61,61,61,93,93,26,41,41,138,138,151,0,0,0,13,13,26,55,55,55,5,5,16,27,27,27,27,27,27,59,59],"floor_reached":56,"language":"ENG","playtime":2596,"items_purged":["Decay"],"score":1380,"play_id":"f78c8aef-42b1-4451-912f-c43e080d0a83","local_time":"20210224153348","is_ascension_mode":false,"campfire_choices":[{"data":"Punishment","floor":7.0,"key":"SMITH"},{"data":"ForcefulGesture","floor":12.0,"key":"SMITH"},{"data":"FrontalAssault","floor":15.0,"key":"SMITH"},{"data":"TendonChords","floor":23.0,"key":"SMITH"},{"floor":27.0,"key":"RECALL"},{"data":"DefenseOrder","floor":29.0,"key":"SMITH"},{"floor":32,"key":"REST"},{"data":"Observe","floor":40,"key":"SMITH"},{"data":"UnforgettableMelody","floor":44,"key":"SMITH"},{"floor":49,"key":"DIG"},{"data":"Madness","floor":52,"key":"SMITH"}],"circlet_count":0,"master_deck":["Dodge","LightDefense","LightAttack","LightAttack","LightAttack","LightDefense","LightDefense+1","LightDefense+1","ChargeAndCover","FocusedStrikes","VenomousFangs+1","Punishment+1","TendonChords+1","FrontalAssault+1","ForcefulGesture+1","DefenseOrder+1","Commandeering+1","CurseOfTheBell","SunsetBlade+1","Observe+1","RatsGuideToSurvival+1","Madness+1","Madness","CommonCold","SweepTheBackstreets+1","FrontalAssault+1","UnforgettableMelody+1"],"relics":["PageOfLibrarian","War Paint","PageOfQueenBee","Replay:Baseball","PageOfTheKnightOfDespair","PageOfTheQueenOfHatred","Calling Bell","PageOfTodaysShyLook","Pondfish Scales","Nloth\u0027s Gift","ReplayTheSpireMod:CursedCoin","Replay:Towering Pillar of Hats","HandDrill","PageOfGreed","PageOfWrath","PageOfNihil","hubris:VirtuousBlindfold","Red Mask","ReplayTheSpireMod:Ring of Exchange","Ring of Peace","Blood Vial","Smiling Mask","Iron Hammer","Replay:Rubber Ducky"],"acts_visited":["Exordium","TheCity","TheBeyond","TheEnding"],"potions_floor_usage":[42,55,55],"damage_taken":[{"damage":0.0,"enemies":"Cultist","floor":1.0,"turns":3.0},{"damage":3.0,"enemies":"Jaw Worm","floor":5.0,"turns":2.0},{"damage":15.0,"enemies":"Lagavulin","floor":6.0,"turns":5.0},{"damage":0.0,"enemies":"Small Slimes","floor":8.0,"turns":2.0},{"damage":0.0,"enemies":"Exordium Thugs","floor":10.0,"turns":2.0},{"damage":0.0,"enemies":"Exordium Wildlife","floor":11.0,"turns":2.0},{"damage":0.0,"enemies":"Gremlin Nob","floor":13.0,"turns":2.0},{"damage":0.0,"enemies":"Large Slime","floor":14.0,"turns":4.0},{"damage":5.0,"enemies":"The Guardian","floor":16.0,"turns":4.0},{"damage":0.0,"enemies":"Spheric Guardian","floor":18.0,"turns":1.0},{"damage":0.0,"enemies":"3 Byrds","floor":22.0,"turns":3.0},{"damage":0.0,"enemies":"Sentry and Sphere","floor":25.0,"turns":2.0},{"damage":15.0,"enemies":"Gremlin Leader","floor":28.0,"turns":2.0},{"damage":44,"enemies":"Replay:Snechameleon","floor":31,"turns":8},{"damage":17,"enemies":"Automaton","floor":33,"turns":8},{"damage":0,"enemies":"Orb Walker","floor":35,"turns":2},{"damage":0,"enemies":"3 Shapes","floor":39,"turns":4},{"damage":0,"enemies":"Transient","floor":41,"turns":5},{"damage":0,"enemies":"Reptomancer","floor":42,"turns":6},{"damage":0,"enemies":"Writhing Mass","floor":47,"turns":3},{"damage":0,"enemies":"Jaw Worm Horde","floor":48,"turns":4},{"damage":0,"enemies":"Time Eater","floor":50,"turns":6},{"damage":0,"enemies":"Shield and Spear","floor":54,"turns":6},{"damage":0,"enemies":"The Heart","floor":55,"turns":6}],"seed_played":"8286233043914545178","potions_obtained":[{"floor":5.0,"key":"Adrenaline Potion"},{"floor":6.0,"key":"ColorlessPotion"},{"floor":11.0,"key":"DuplicationPotion"},{"floor":16.0,"key":"FearPotion"},{"floor":18.0,"key":"Adrenaline Potion"},{"floor":25.0,"key":"FearPotion"},{"floor":33,"key":"SkillPotion"},{"floor":39,"key":"Elixir"},{"floor":42,"key":"Elixir"}],"is_trial":false,"path_per_floor":["M","$","T","?","M","E","R","M","T","M","M","R","E","M","R","B",null,"M","?","$","?","M","R","$","M","T","R","E","R","$","E","R","B",null,"M","?","?","?","M","R","M","E","T","R","$","?","M","M","R_BF","B",null,"R","$","E","B",null],"character_chosen":"Librarian","items_purchased":["War Paint","ReplayTheSpireMod:CursedCoin","Replay:Towering Pillar of Hats","HandDrill","Observe","PowerPotion"],"campfire_rested":1,"item_purchase_floors":[2,20,20,24,30,45],"current_hp_per_floor":[60,60,60,60,57,42,42,45,45,48,48,48,51,54,54,52,84,77,77,77,70,70,70,70,70,70,70,55,55,55,14,37,26,77,77,77,67,67,67,67,70,74,74,74,74,74,83,86,86,86,86,86,86,86,86],"gold":59,"neow_bonus":"HUNDRED_GOLD","is_daily":false,"chose_seed":false,"campfire_upgraded":8,"win_rate":0.0,"timestamp":1614173628,"path_taken":["M","?","?","?","M","E","R","M","T","?","M","R","E","M","R","BOSS","M","?","$","?","?","R","$","M","T","R","E","R","?","E","R","BOSS","M","?","?","?","M","R","M","E","T","R","?","?","?","M","R_BF","BOSS","R","$","E","BOSS"],"items_purchased_type":["Relic","Relic","Relic","Relic","Card","Potion"],"build_version":"2020-12-22","purchased_purges":1,"victory":true,"max_hp_per_floor":[78,78,78,78,84,84,84,84,84,84,84,84,84,84,84,84,84,77,77,77,77,77,77,77,77,77,77,77,77,77,77,77,77,77,77,77,77,77,86,86,86,86,86,86,86,86,86,86,86,86,86,86,86,86,86],"card_choices":[{"not_picked":["FierceOnslaught","RapidGashes","FierceCharge","SnakesPrey","PinpointShot","AutonomousRush","MultiBlock","BayonetCombat"],"picked":"VenomousFangs","floor":1.0},{"not_picked":["Thrust","MultiBlock","YoureTooSlow","VioletBlade","VenomousFangs","SnakesPrey","ViolentFlame","HighSpeedStabbing"],"picked":"Punishment","floor":5.0},{"not_picked":["StructuralAnalysis","BlazingStrike","GoinFirst","PinpointShot","DarkCloud","ProselytesBlade","SkitterAway","PreemptiveStrike"],"picked":"TendonChords","floor":6.0},{"not_picked":["SinglePointStab","Thrust","QuickAttack","UpbeatPerformance","NonstopAssault","StayCalm","AsThePrescriptOrders","Thirst","SerpentSwordTechnique"],"picked":"SKIP","floor":8.0},{"not_picked":["SweepTheBackstreets","Standoff","EnergyShield","SpearedSweep","Diversion","FaintMemories","UnavoidableGaze","Faith"],"picked":"FrontalAssault","floor":10.0},{"not_picked":["PinpointShot","ShockRound","SkitterAway","ScatteringSlash","Outburst","Leap_lor","Parry","FlashingStrike"],"picked":"ForcefulGesture","floor":11.0},{"not_picked":["ProselytesBlade","CoordinatedAssault","EnergyStrike","LeRegole","Faith","Outburst","SuppressingShot","EnergyShield"],"picked":"DefenseOrder","floor":13.0},{"not_picked":["Standoff","GreatSerpentsImpact","SteelKnuckles","NightInTheBackstreets","SnakeSlit","Juggling","SharpenedBlade","Castigation","TendonChords"],"picked":"SKIP","floor":14.0},{"not_picked":["EnergyBeam","SuanNi"],"picked":"Commandeering","floor":16.0},{"not_picked":["Juggling","HandlingWork","Thrust","QuickAttack","DriedUp","BackAttack","QuickSuppression","FleetEdge","BackstreetsDash"],"picked":"SKIP","floor":18.0},{"not_picked":["DirtyBlow","Thrust+1","ChopItOff","Ripple+1","StayCalm","ShockRound","GreatSerpentsImpact+1","LeRegole","PinpointShot"],"picked":"SKIP","floor":22.0},{"not_picked":["FrontalAssault","FierceCharge","ElectricShock","DefenseOrder","Track","DevastatingThrash","Rewind","SearingSword+1"],"picked":"SunsetBlade+1","floor":25.0},{"not_picked":["BlazingStrike","CutIn","AlloutWar","SuanNi","ReadyUp","GuardingStance","QuickAttack","Thrust","SerpentSwordTechnique"],"picked":"SKIP","floor":28.0},{"not_picked":["SnakesPrey","HighSpeedStabbing+1","AutonomousRush+1","FieryDragonSlash","Crush","PreparedMind+1","BoundaryOfDeath","UpbeatPerformance"],"picked":"ToOvercomeCrisis","floor":31},{"not_picked":["GutHarvesting","AGoldenOpportunity+1","SinglePointStab+1","FleetFootsteps+1","FormingStorm","DarkCloud+1","SmokingPipe+1","Disposal"],"picked":"RatsGuideToSurvival+1","floor":35},{"not_picked":["Wallop_lor+1","Quickness","BladeWhirl","Rewind","IngredientHunt","SerpentSwordTechnique+1","CleanUp","DefenseOrder"],"picked":"SweepTheBackstreets+1","floor":39},{"not_picked":["BackAttack+1","StartinOutLightly","Suppress","Endure+1","OpportunitySpotted+1","BiAn+1","Ripple+1","Rewind+1"],"picked":"FrontalAssault+1","floor":41},{"not_picked":["Commandeering","FormingStorm","Retaliate","StrongStrike","Bvapour","UnavoidableGaze+1","Cruelty","VioletBlade"],"picked":"UnforgettableMelody","floor":42},{"not_picked":["FierceCharge","Preparation+1","Slice_lor+1","ViolentFlame","EnergyCycle+1","EnergyStrike","Outburst","DefenseOrder","FleetEdge+1"],"picked":"SKIP","floor":47},{"not_picked":["ClassAndRespect","BulkyImpact+1","ViolentFlame","EnergyStrike","Outburst+1","Thrust+1","GrazeTheGrass","Clone+1","BackstreetsDash+1"],"picked":"SKIP","floor":48},{"not_picked":["Observe","EndlessBattle","ButterflySlash+1","ScratchThat","StrikeDown+1","ToWhereThePrescriptPoints","WillOfThePrescript","Endure+1","SharpSwipe+1"],"picked":"SKIP","floor":54}],"player_experience":441476,"relics_obtained":[{"floor":3.0,"key":"PageOfQueenBee"},{"floor":6.0,"key":"Replay:Baseball"},{"floor":9.0,"key":"PageOfTheKnightOfDespair"},{"floor":13.0,"key":"PageOfTheQueenOfHatred"},{"floor":17.0,"key":"PageOfTodaysShyLook"},{"floor":17.0,"key":"Replay:Bottled Eggs"},{"floor":17.0,"key":"Pondfish Scales"},{"floor":26.0,"key":"PageOfGreed"},{"floor":28.0,"key":"PageOfWrath"},{"floor":31,"key":"PageOfNihil"},{"floor":38,"key":"ReplayTheSpireMod:Ring of Exchange"},{"floor":38,"key":"Ring of Peace"},{"floor":42,"key":"Blood Vial"},{"floor":49,"key":"Iron Hammer"},{"floor":54,"key":"Replay:Rubber Ducky"}],"event_choices":[{"damage_healed":0.0,"max_hp_gain":0.0,"max_hp_loss":0.0,"gold_gain":0.0,"event_name":"Upgrade Shrine","player_choice":"Upgraded","floor":4.0,"gold_loss":0.0,"damage_taken":0.0,"cards_upgraded":["VenomousFangs"]},{"damage_healed":0.0,"max_hp_gain":0.0,"max_hp_loss":0.0,"gold_gain":0.0,"event_name":"N\u0027loth","player_choice":"Traded Relic","floor":19.0,"relics_lost":["Replay:Bottled Eggs"],"gold_loss":0.0,"damage_taken":0.0,"relics_obtained":["Nloth\u0027s Gift"]},{"damage_healed":0.0,"max_hp_gain":0.0,"max_hp_loss":0.0,"gold_gain":75.0,"event_name":"FaceTrader","player_choice":"Touch","floor":21.0,"gold_loss":0.0,"damage_taken":7.0},{"damage_healed":0,"gold_gain":0,"player_choice":"Paid","damage_taken":0,"relics_obtained":["Red Mask"],"max_hp_gain":0,"max_hp_loss":0,"event_name":"Tomb of Lord Red Mask","floor":36,"gold_loss":151},{"damage_healed":0,"gold_gain":0,"player_choice":"Embrace Madness","damage_taken":10,"max_hp_gain":0,"max_hp_loss":0,"event_name":"Winding Halls","floor":37,"gold_loss":0,"cards_obtained":["Madness","Madness"]},{"cards_removed":["ToOvercomeCrisis"],"damage_healed":0,"gold_gain":0,"player_choice":"Gave Card","damage_taken":0,"relics_obtained":["Smiling Mask"],"max_hp_gain":0,"max_hp_loss":0,"event_name":"WeMeetAgain","floor":46,"gold_loss":0}],"is_beta":false,"boss_relics":[{"not_picked":["Philosopher\u0027s Stone","hubris:RunicObelisk"],"picked":"Calling Bell"},{"not_picked":["Abe\u0027s Treasure","ReplayTheSpireMod:DimensionalGlitch"],"picked":"hubris:VirtuousBlindfold"}],"items_purged_floors":[20],"is_endless":false,"potions_floor_spawned":[5,6,11,16,18,25,33,39,41,42],"ascension_level":0}}