{"host":"36qke0usa4c48kdx","time":1614177052,"event":{"mods":["AchievementEnabler","BaseMod","Colored Map","Downfall","Hermit","Hubris","Marisa????????","Minty Spire (QoL Compilation)","READ ME - Guardian Mod","Replay The Spire","Shop Mod","StSLib","The Bug Knight","The Cursed","The Disciple","The Servant 0.9.4"],"gold_per_floor":[114,114,114,289,313,354,65,99,99,119,119,163,163,178,178,299,299,323,343,343,119,135,135,174,7,33,33,47,82,82,125,125,125,125],"floor_reached":33,"language":"ENG","playtime":1821,"items_purged":["Doubt","Strike_S"],"score":433,"play_id":"7c82fe8f-36f7-4b54-b185-a9b8b76550a3","local_time":"20210224153052","is_ascension_mode":true,"campfire_choices":[{"data":"DoubleEdge","floor":11,"key":"SMITH"},{"floor":13,"key":"REST"},{"data":"Exchange","floor":15,"key":"SMITH"},{"floor":23,"key":"REST"},{"floor":27,"key":"REST"},{"floor":30,"key":"REST"},{"floor":32,"key":"REST"}],"circlet_count":0,"master_deck":["Strike_S","Strike_S","Strike_S","Defend_S","Defend_S","Defend_S","Defend_S","KidneyShot","Exchange+1","ShiftingGears","DoubleEdge+1","DoubleEdge","Dilation+1","SilverMatrix+1","MurderousAura+1","Orbit","Deny+1","DualDimension","SoulSculpture+1","Defy","Spin","Initiator+1","GearUp+1","Rearm","Solidify+1"],"relics":["Uniform","NeowsBlessing","Golden Idol","Golden Egg","Mirror","Mummified Hand","Bag of Marbles","Philosopher\u0027s Stone","HandDrill","Replay:Accelerometer","Nunchaku","Iron Hammer","Sundial"],"acts_visited":["Exordium","TheCity"],"potions_floor_usage":[8,16,29,29,31,33],"damage_taken":[{"damage":0,"enemies":"Jaw Worm","floor":1,"turns":1},{"damage":0,"enemies":"Small Slimes","floor":5,"turns":1},{"damage":0,"enemies":"Gremlin Nob","floor":6,"turns":1},{"damage":12,"enemies":"Lagavulin","floor":8,"turns":6},{"damage":0,"enemies":"2 Louse","floor":10,"turns":2},{"damage":18,"enemies":"Gremlin Nob","floor":12,"turns":3},{"damage":13,"enemies":"Blue Slaver","floor":14,"turns":3},{"damage":12,"enemies":"Fading Forest","floor":16,"turns":11},{"damage":11,"enemies":"Shell Parasite","floor":18,"turns":3},{"damage":0,"enemies":"Spheric Guardian","floor":19,"turns":3},{"damage":22,"enemies":"Snake Plant","floor":22,"turns":3},{"damage":25,"enemies":"Book of Stabbing","floor":24,"turns":4},{"damage":9,"enemies":"Chosen and Byrds","floor":28,"turns":3},{"damage":15,"enemies":"Gremlin Leader","floor":29,"turns":4},{"damage":10,"enemies":"Slavers","floor":31,"turns":3},{"damage":74,"enemies":"Automaton","floor":33,"turns":6}],"seed_played":"4643004012371851269","potions_obtained":[{"floor":6,"key":"Explosive Potion"},{"floor":10,"key":"Reflective Coating"},{"floor":16,"key":"Swift Potion"},{"floor":24,"key":"Weak Potion"},{"floor":28,"key":"Strength Potion"},{"floor":31,"key":"Explosive Potion"}],"is_trial":false,"path_per_floor":["M","?","?","?","M","E","$","E","T","M","R","E","R","M","R","B",null,"M","M","?","$","M","R","E","$","T","R","M","E","R","E","R","B"],"character_chosen":"THE_SERVANT","items_purchased":["Dilation","SilverMatrix","HandDrill","GearUp"],"campfire_rested":5,"item_purchase_floors":[7,7,21,25],"current_hp_per_floor":[65,65,58,58,58,58,58,46,46,46,46,28,47,34,34,22,54,43,43,43,43,21,40,15,15,15,34,25,10,29,19,38,0,0],"gold":125,"neow_bonus":"THREE_ENEMY_KILL","is_daily":false,"chose_seed":false,"campfire_upgraded":2,"win_rate":0.0,"timestamp":1614177052,"path_taken":["M","?","?","?","M","E","$","E","T","M","R","E","R","?","R","BOSS","M","M","?","$","M","R","E","$","T","R","M","E","R","E","R","BOSS"],"items_purchased_type":["Card","Card","Relic","Card"],"build_version":"2020-12-22","purchased_purges":2,"victory":false,"max_hp_per_floor":[65,65,65,65,65,65,65,65,65,65,65,65,65,65,65,65,65,65,65,65,65,65,65,65,65,65,65,65,65,65,65,65,65,65],"card_choices":[{"not_picked":["ShatteredReality","FastForward"],"picked":"ShiftingGears","floor":1},{"not_picked":["Unruled","Snipe"],"picked":"DoubleEdge","floor":5},{"not_picked":["Alleviate","Revamp"],"picked":"DoubleEdge","floor":6},{"not_picked":["Starlight","Moonlight"],"picked":"MurderousAura","floor":8},{"not_picked":["Defy","Replace"],"picked":"Orbit","floor":10},{"not_picked":["BottledTime","Sabotage"],"picked":"Deny","floor":12},{"not_picked":["BottledTime","Starlight"],"picked":"DualDimension","floor":14},{"not_picked":["TheWorld","Sunlight"],"picked":"SoulSculpture","floor":16},{"not_picked":["TimeWarp","Potential+1"],"picked":"Defy","floor":18},{"not_picked":["ShatteredReality","Potential"],"picked":"Spin","floor":19},{"not_picked":["Unruled","DoubleEdge","Hightail"],"picked":"SKIP","floor":22},{"not_picked":["Reset","Unruled"],"picked":"Initiator","floor":24},{"not_picked":["DoubleEdge","Rewind","Revamp"],"picked":"SKIP","floor":28},{"not_picked":["Rewind","Collapse"],"picked":"Rearm","floor":29},{"not_picked":["Rearm","TimeTheft"],"picked":"Solidify","floor":31}],"player_experience":804379,"relics_obtained":[{"floor":6,"key":"Golden Egg"},{"floor":8,"key":"Mirror"},{"floor":9,"key":"Mummified Hand"},{"floor":12,"key":"Bag of Marbles"},{"floor":24,"key":"Replay:Accelerometer"},{"floor":26,"key":"Nunchaku"},{"floor":29,"key":"Iron Hammer"},{"floor":31,"key":"Sundial"}],"event_choices":[{"damage_healed":0,"gold_gain":0,"player_choice":"Take Wound","damage_taken":0,"relics_obtained":["Golden Idol"],"max_hp_gain":0,"max_hp_loss":0,"event_name":"Golden Idol","floor":2,"gold_loss":0,"cards_obtained":["Injury"]},{"cards_removed":["Injury"],"damage_healed":0,"gold_gain":0,"player_choice":"Card Removal","damage_taken":7,"max_hp_gain":0,"max_hp_loss":0,"event_name":"Golden Wing","floor":3,"gold_loss":0},{"damage_healed":0,"gold_gain":175,"player_choice":"AGREE","damage_taken":0,"max_hp_gain":0,"max_hp_loss":0,"event_name":"Liars Game","floor":4,"gold_loss":0,"cards_obtained":["Doubt"]}],"is_beta":false,"boss_relics":[{"not_picked":["Runic Pyramid","hubris:RunicObelisk"],"picked":"Philosopher\u0027s Stone"}],"items_purged_floors":[21,25],"is_endless":false,"potions_floor_spawned":[6,10,16,24,28,31],"killed_by":"Automaton","ascension_level":5}}