{"host":"o42wl4m5pnzrnqrg","time":1614131522,"event":{"mods":["100% Spire Juice","2.2 Compatiblity","Act Like it!","Arknights","BaseMod","Best Route Mod","Better Match","Better Note","Better Skull","Better Third Choice","Better Vampires","Bossed Relics","CapriCore","Colored Map","Curses Come First","Dark Map","Ekko","Evolution","Friendly Minions","GifTheSpireLib","Gold Saver","Hubris","Jess\u0027s Bottle","Minty Spire (QoL Compilation)","Permanent Neow","Poor People Problems","Rare Cards Sparkle","Relic Filter Mod","Relic Stats","Reliquary","Replay The Spire","SOS???????","Shapeshifter Mod","Shop Mod","Small Relic Pack","Spicy Shops","StSLib","The Bladedancer","The Blue Laboratory","The Bug Knight","The Dragon Tamer","The Juggle","TheSwordswoman","Transform Curses","???mod?????","??????REMEMod"],"gold_per_floor":[111,126,145,145,155,190,190,190,213,238,238,263,15,41,41,184,184,258,53,53,119,191,275,275,275],"floor_reached":24,"language":"ENG","playtime":1752,"items_purged":["hubris:Greed"],"score":370,"play_id":"77660e95-778d-43f1-a85a-ac379616c2bf","local_time":"20210223215202","is_ascension_mode":false,"campfire_choices":[{"floor":8,"key":"REST"},{"floor":11,"key":"REST"},{"floor":15,"key":"REST"}],"circlet_count":0,"master_deck":["StSShapeShifter:ShapeShifter_Strike","StSShapeShifter:ShapeShifter_Strike+1","StSShapeShifter:ShapeShifter_Strike","StSShapeShifter:ShapeShifter_Strike+1","StSShapeShifter:ShapeShifter_Strike","StSShapeShifter:ShapeShifter_Defend","StSShapeShifter:ShapeShifter_Defend+1","StSShapeShifter:ShapeShifter_Defend+1","StSShapeShifter:ShapeShifter_Defend+1","StSShapeShifter:ShapeShifter_Defend+1","StSShapeShifter:Tortoise_Form","StSShapeShifter:Lynx_Form","LessonLearned","StSShapeShifter:FesteringBite+1","StSShapeShifter:EmbraceTheCycle","StSShapeShifter:PorcupineForm","Pain","StSShapeShifter:Hunt","StSShapeShifter:PantherForm+1","StSShapeShifter:TopazSkin","hubris:Greed","StSShapeShifter:SkullBash","StSShapeShifter:FruitBasket","hubris:Greed","StSShapeShifter:BladeOfGrass","hubris:Greed","hubris:Greed","hubris:Greed","hubris:Greed","hubris:Greed","hubris:Greed","StSShapeShifter:Spring","hubris:Greed","hubris:Greed","hubris:Greed","StSShapeShifter:DeerForm","StSShapeShifter:IntimidatingAura","StSShapeShifter:DeerForm","StSShapeShifter:DeerForm","StSShapeShifter:BladeOfGrass","StSShapeShifter:MultiSpiritedStrike","StSShapeShifter:MonkeyForm","StSShapeShifter:DiverseSpirit","StSShapeShifter:Wildfire2"],"relics":["StSShapeShifter:AnimalHeart","StSShapeShifter:TheShapeShiftersMagnolia","EVO:Axolotl","REME_ComplimentaryCards","NeowsBlessing","WarpedTongs","REME_PuzzleBoxRelic","StSShapeShifter:EmeraldPantherFigurine","Iron Hammer","Fusion Hammer","BargainBundle","reliquary:RosewoodLute"],"acts_visited":["Exordium","TheCity"],"potions_floor_usage":[6,14,16,21,21,22,23],"damage_taken":[{"damage":0,"enemies":"Cultist","floor":1,"turns":1},{"damage":0,"enemies":"Small Slimes","floor":2,"turns":1},{"damage":0,"enemies":"ats:Genji","floor":3,"turns":1},{"damage":23,"enemies":"2 Fungi Beasts","floor":5,"turns":6},{"damage":40,"enemies":"3 Sentries","floor":6,"turns":7},{"damage":16,"enemies":"Red Slaver","floor":10,"turns":2},{"damage":2,"enemies":"Blue Slaver","floor":12,"turns":4},{"damage":2,"enemies":"HollowMod:HuskWarrior","floor":14,"turns":5},{"damage":16,"enemies":"Fading Forest","floor":16,"turns":11},{"damage":0,"enemies":"Spheric Guardian","floor":18,"turns":2},{"damage":9,"enemies":"2 Thieves","floor":21,"turns":4},{"damage":36,"enemies":"Chosen and Byrds","floor":22,"turns":7},{"damage":27,"enemies":"Replay:Snechameleon","floor":23,"turns":7},{"damage":10,"enemies":"Centurion and Healer","floor":24,"turns":3}],"seed_played":"-503486727206660383","potions_obtained":[{"floor":1,"key":"blueLaboratory:HorrorPotion"},{"floor":5,"key":"SpeedPotion"},{"floor":14,"key":"Swift Potion"},{"floor":18,"key":"GamblersBrew"},{"floor":22,"key":"blueLaboratory:LouseDecoction"}],"is_trial":false,"path_per_floor":["M","M","M","?","M","E","?","R","T","M","R","M","$","M","R","B",null,"M","$","?","M","M","E","M"],"character_chosen":"SHAPESHIFTER","items_purchased":["Iron Hammer","StSShapeShifter:FruitBasket","blueLaboratory:Moonshine","BargainBundle","EssenceOfSteel","Toxic Potion","Block Potion","StSShapeShifter:IntimidatingAura","StSShapeShifter:DeerForm","StSShapeShifter:BladeOfGrass","StSShapeShifter:MultiSpiritedStrike"],"campfire_rested":3,"item_purchase_floors":[13,13,13,19,19,19,19,19,19,19,19],"current_hp_per_floor":[78,78,78,78,55,15,15,38,38,22,45,43,43,41,64,63,78,78,78,78,69,35,8,0,0],"gold":275,"neow_bonus":"THREE_ENEMY_KILL","is_daily":false,"chose_seed":false,"campfire_upgraded":0,"win_rate":0.0,"timestamp":1614131522,"path_taken":["M","?","M","?","?","E","?","R","T","M","R","M","$","M","R","BOSS","M","?","?","?","M","E","M"],"items_purchased_type":["Relic","Card","Potion","Relic","Potion","Potion","Potion","Card","Card","Card","Card"],"build_version":"2020-12-22","purchased_purges":1,"victory":false,"max_hp_per_floor":[78,78,78,78,78,78,78,78,78,78,78,78,78,78,78,78,78,78,78,78,78,78,78,78,78],"relic_stats":{"counters":[14,61],"obtain_stats":[{"StSShapeShifter:TheShapeShiftersMagnolia":0,"BargainBundle":19,"StSShapeShifter:AnimalHeart":0,"NeowsBlessing":0,"Iron Hammer":13,"Fusion Hammer":17,"EVO:Axolotl":0,"REME_PuzzleBoxRelic":6,"reliquary:RosewoodLute":23,"StSShapeShifter:EmeraldPantherFigurine":9,"REME_ComplimentaryCards":0,"WarpedTongs":4},{"StSShapeShifter:TheShapeShiftersMagnolia":0,"BargainBundle":10,"StSShapeShifter:AnimalHeart":0,"NeowsBlessing":0,"Iron Hammer":7,"Fusion Hammer":9,"EVO:Axolotl":0,"REME_PuzzleBoxRelic":5,"reliquary:RosewoodLute":13,"StSShapeShifter:EmeraldPantherFigurine":5,"REME_ComplimentaryCards":0,"WarpedTongs":3},{"StSShapeShifter:TheShapeShiftersMagnolia":0,"BargainBundle":40,"StSShapeShifter:AnimalHeart":0,"NeowsBlessing":0,"Iron Hammer":22,"Fusion Hammer":38,"EVO:Axolotl":0,"REME_PuzzleBoxRelic":16,"reliquary:RosewoodLute":58,"StSShapeShifter:EmeraldPantherFigurine":16,"REME_ComplimentaryCards":0,"WarpedTongs":3}],"WarpedTongs":[49]},"card_choices":[{"not_picked":["StSShapeShifter:Guard","StSShapeShifter:ForestFire"],"picked":"StSShapeShifter:FesteringBite","floor":1},{"not_picked":["StSShapeShifter:ClimbTree","StSShapeShifter:SunflowerShuriken"],"picked":"StSShapeShifter:EmbraceTheCycle","floor":2},{"not_picked":["StSShapeShifter:FlowerShield","StSShapeShifter:Guard"],"picked":"StSShapeShifter:PorcupineForm","floor":3},{"not_picked":["StSShapeShifter:Rest","StSShapeShifter:PoisonIvy"],"picked":"StSShapeShifter:Hunt","floor":5},{"not_picked":["StSShapeShifter:SquirrelForm","StSShapeShifter:Rest"],"picked":"StSShapeShifter:PantherForm","floor":6},{"not_picked":["StSShapeShifter:AdaptiveStrikes","StSShapeShifter:FallingLeaves"],"picked":"StSShapeShifter:TopazSkin","floor":10},{"not_picked":["StSShapeShifter:PoisonIvy","StSShapeShifter:PorcupineForm"],"picked":"StSShapeShifter:SkullBash","floor":12},{"not_picked":["StSShapeShifter:BarkSkin","StSShapeShifter:FesteringBite"],"picked":"StSShapeShifter:BladeOfGrass","floor":14},{"not_picked":["StSShapeShifter:FullMoon","StSShapeShifter:SkullBash"],"picked":"StSShapeShifter:Spring","floor":16},{"not_picked":["StSShapeShifter:Sapling","StSShapeShifter:BurstingSpore"],"picked":"StSShapeShifter:DeerForm","floor":18},{"not_picked":["StSShapeShifter:PoisonIvy","StSShapeShifter:Guard"],"picked":"StSShapeShifter:MonkeyForm","floor":21},{"not_picked":["StSShapeShifter:ThornToss+1","StSShapeShifter:FesteringBite"],"picked":"StSShapeShifter:DiverseSpirit","floor":22},{"not_picked":["StSShapeShifter:Rest","StSShapeShifter:PoisonIvy"],"picked":"StSShapeShifter:Wildfire2","floor":23}],"player_experience":563056,"relics_obtained":[{"floor":6,"key":"REME_PuzzleBoxRelic"},{"floor":9,"key":"StSShapeShifter:EmeraldPantherFigurine"},{"floor":23,"key":"reliquary:RosewoodLute"}],"event_choices":[{"damage_healed":0,"gold_gain":0,"player_choice":"Rummage","damage_taken":0,"relics_obtained":["WarpedTongs"],"max_hp_gain":0,"max_hp_loss":0,"event_name":"Accursed Blacksmith","floor":4,"gold_loss":0,"cards_obtained":["Pain"]},{"damage_healed":0,"gold_gain":0,"player_choice":"Upgraded","damage_taken":0,"max_hp_gain":0,"max_hp_loss":0,"event_name":"Upgrade Shrine","floor":7,"gold_loss":0,"cards_upgraded":["StSShapeShifter:PantherForm"]},{"cards_removed":["hubris:Greed"],"damage_healed":0,"gold_gain":0,"player_choice":"Give","damage_taken":0,"max_hp_gain":0,"max_hp_loss":0,"event_name":"betterNote:BetterNote","floor":20,"gold_loss":0,"cards_obtained":["Shame"]}],"is_beta":false,"boss_relics":[{"not_picked":["SacredBark","ChewingGum"],"picked":"Fusion Hammer"}],"items_purged_floors":[19],"is_endless":false,"potions_floor_spawned":[1,5,14,18,22],"killed_by":"Centurion and Healer","ascension_level":0}}