{"host":"n3r7007bx0xr1slw","time":1614126959,"event":{"mods":["BaseMod","Colored Powertips","DeckTracker","Googly Eyes","Highlight Path","Minty Spire (QoL Compilation)","Relic Stats","StSLib"],"gold_per_floor":[118,134,154,329,329,329,329,342,390,406,425,425,425,47,47,151,151,162,261,261,261,281,281,309,351,386,43,43,43,43],"floor_reached":29,"language":"ENG","playtime":1507,"items_purged":["Regret","Strike_B"],"score":233,"play_id":"1bb102bf-2473-4dbb-be96-9382bc945d28","local_time":"20210223193559","is_ascension_mode":false,"campfire_choices":[{"floor":6,"key":"DIG"},{"floor":15,"key":"DIG"},{"floor":23,"key":"DIG"},{"floor":28,"key":"DIG"}],"circlet_count":0,"master_deck":["Strike_B","Strike_B","Defend_B","Defend_B","Defend_B","Defend_B","Zap","Dualcast+1","Static Discharge","Lockon+1","Doubt","Forethought","Coolheaded","Seek","Cold Snap+1","Cold Snap+1","Barrage+1","FTL+1","Self Repair+1"],"relics":["Cracked Core","Shovel","Oddly Smooth Stone","Omamori","Anchor","Membership Card","Molten Egg 2","Girya","Black Star","Bronze Scales","MawBank","Frozen Egg 2","FossilizedHelix","Tiny Chest","CaptainsWheel","Sundial","Nunchaku"],"acts_visited":["Exordium","TheCity"],"potions_floor_usage":[11,16,25,29],"damage_taken":[{"damage":9,"enemies":"2 Louse","floor":1,"turns":3},{"damage":10,"enemies":"Small Slimes","floor":2,"turns":4},{"damage":5,"enemies":"Cultist","floor":3,"turns":4},{"damage":6,"enemies":"3 Louse","floor":8,"turns":5},{"damage":16,"enemies":"Exordium Wildlife","floor":10,"turns":5},{"damage":2,"enemies":"Large Slime","floor":11,"turns":4},{"damage":16,"enemies":"Hexaghost","floor":16,"turns":10},{"damage":29,"enemies":"Spheric Guardian","floor":18,"turns":6},{"damage":0,"enemies":"3 Byrds","floor":22,"turns":3},{"damage":14,"enemies":"Sentry and Sphere","floor":24,"turns":7},{"damage":15,"enemies":"Book of Stabbing","floor":25,"turns":5},{"damage":11,"enemies":"Centurion and Healer","floor":29,"turns":8}],"seed_played":"497593605772286538","potions_obtained":[{"floor":1,"key":"PowerPotion"},{"floor":3,"key":"SpeedPotion"},{"floor":8,"key":"Weak Potion"},{"floor":11,"key":"SkillPotion"},{"floor":24,"key":"LiquidMemories"}],"is_trial":false,"path_per_floor":["M","M","M","?","?","R","?","M","T","M","M","?","?","$","R","B",null,"M","?","?","?","M","R","M","E","T","$","R","M"],"character_chosen":"DEFECT","items_purchased":["Membership Card","Molten Egg 2","Cold Snap+1","Self Repair+1","CaptainsWheel","Sundial"],"campfire_rested":0,"item_purchase_floors":[14,14,14,27,27,27],"current_hp_per_floor":[59,49,44,44,44,44,44,38,38,22,20,37,23,23,23,7,68,39,39,39,39,39,39,25,10,10,10,10,0,0],"gold":43,"neow_bonus":"ONE_RARE_RELIC","is_daily":false,"chose_seed":false,"campfire_upgraded":0,"win_rate":0.0,"timestamp":1614126959,"path_taken":["M","M","M","?","?","R","?","M","T","M","?","?","?","$","R","BOSS","M","?","?","?","M","R","M","E","T","?","R","M"],"items_purchased_type":["Relic","Relic","Card","Card","Relic","Relic"],"build_version":"2020-12-22","purchased_purges":2,"victory":false,"max_hp_per_floor":[68,68,68,68,68,68,68,68,68,68,68,68,68,68,68,68,68,68,68,68,68,68,68,68,68,68,68,68,68,68],"relic_stats":{"Nunchaku":[1],"Shovel":4,"counters":[12,64],"Sundial":[0],"Bronze Scales":[110],"Tiny Chest":0,"Black Star":1,"MawBank":48,"obtain_stats":[{"Girya":15,"Oddly Smooth Stone":5,"Omamori":6,"Frozen Egg 2":25,"MawBank":23,"Anchor":9,"CaptainsWheel":27,"Nunchaku":28,"Shovel":0,"Sundial":27,"Bronze Scales":21,"Molten Egg 2":14,"Tiny Chest":26,"Black Star":17,"Membership Card":14,"Cracked Core":0,"FossilizedHelix":25},{"Girya":6,"Oddly Smooth Stone":3,"Omamori":3,"Frozen Egg 2":11,"MawBank":9,"Anchor":4,"CaptainsWheel":11,"Nunchaku":11,"Shovel":0,"Sundial":11,"Bronze Scales":8,"Molten Egg 2":6,"Tiny Chest":11,"Black Star":7,"Membership Card":6,"Cracked Core":0,"FossilizedHelix":11},{"Girya":25,"Oddly Smooth Stone":11,"Omamori":11,"Frozen Egg 2":56,"MawBank":44,"Anchor":16,"CaptainsWheel":56,"Nunchaku":56,"Shovel":0,"Sundial":56,"Bronze Scales":41,"Molten Egg 2":25,"Tiny Chest":56,"Black Star":35,"Membership Card":25,"Cracked Core":0,"FossilizedHelix":56}]},"card_choices":[{"not_picked":["Gash","Stack"],"picked":"Static Discharge","floor":1},{"not_picked":["Stack","Static Discharge"],"picked":"Lockon","floor":2},{"not_picked":["Ball Lightning","Beam Cell","Compile Driver"],"picked":"SKIP","floor":3},{"not_picked":["Turbo","Force Field"],"picked":"Coolheaded","floor":8},{"not_picked":["Stack","Reprogram"],"picked":"Seek","floor":10},{"not_picked":["Heatsinks","Coolheaded","Redo"],"picked":"SKIP","floor":11},{"not_picked":["Sunder+1","Hologram+1"],"picked":"Cold Snap+1","floor":18},{"not_picked":["Gash+1","Compile Driver+1","Ball Lightning+1"],"picked":"SKIP","floor":22},{"not_picked":["Coolheaded","Rebound+1"],"picked":"Barrage+1","floor":24},{"not_picked":["Aggregate","Buffer+1"],"picked":"FTL+1","floor":25}],"player_experience":167264,"relics_obtained":[{"floor":6,"key":"Omamori"},{"floor":9,"key":"Anchor"},{"floor":15,"key":"Girya"},{"floor":23,"key":"MawBank"},{"floor":25,"key":"Frozen Egg 2"},{"floor":25,"key":"FossilizedHelix"},{"floor":26,"key":"Tiny Chest"},{"floor":28,"key":"Nunchaku"}],"event_choices":[{"damage_healed":0,"gold_gain":175,"player_choice":"AGREE","damage_taken":0,"max_hp_gain":0,"max_hp_loss":0,"event_name":"Liars Game","floor":4,"gold_loss":0,"cards_obtained":["Doubt"]},{"damage_healed":0,"gold_gain":0,"player_choice":"Box","damage_taken":0,"relics_obtained":["Oddly Smooth Stone"],"max_hp_gain":0,"max_hp_loss":0,"event_name":"Big Fish","floor":5,"gold_loss":0,"cards_obtained":["Regret"]},{"damage_healed":0,"gold_gain":0,"player_choice":"1 cards matched","damage_taken":0,"max_hp_gain":0,"max_hp_loss":0,"event_name":"Match and Keep!","floor":7,"gold_loss":0,"cards_obtained":["Forethought"]},{"damage_healed":17,"gold_gain":0,"player_choice":"Healed and dodged fight","damage_taken":0,"max_hp_gain":0,"max_hp_loss":0,"event_name":"Mushrooms","floor":12,"gold_loss":0,"cards_obtained":["Parasite"]},{"damage_healed":0,"gold_gain":0,"player_choice":"Entered Light","damage_taken":14,"max_hp_gain":0,"max_hp_loss":0,"event_name":"Shining Light","floor":13,"gold_loss":0,"cards_upgraded":["Lockon","Dualcast"]},{"damage_healed":0,"gold_gain":99,"player_choice":"Stole From Cult","damage_taken":0,"max_hp_gain":0,"max_hp_loss":0,"event_name":"Nest","floor":19,"gold_loss":0},{"cards_removed":["Strike_B"],"damage_healed":0,"gold_gain":0,"player_choice":"Elegance","damage_taken":0,"max_hp_gain":0,"max_hp_loss":0,"event_name":"Back to Basics","floor":20,"gold_loss":0},{"damage_healed":0,"gold_gain":0,"player_choice":"Opened","damage_taken":0,"relics_obtained":["Bronze Scales"],"max_hp_gain":0,"max_hp_loss":0,"event_name":"The Mausoleum","floor":21,"gold_loss":0}],"is_beta":false,"boss_relics":[{"not_picked":["Coffee Dripper","Runic Dome"],"picked":"Black Star"}],"items_purged_floors":[14,27],"is_endless":false,"potions_floor_spawned":[1,3,8,11,24],"killed_by":"Centurion and Healer","ascension_level":0}}