{"host":"ev0u5pyx0moiq7pp","time":1614135567,"event":{"mods":["Act Like it!","BaseMod","CapriCore","Challenge The Spire","Colored Map","Colored Powertips","Custom Start","DeckTracker","Elementarium","Energized Spire","Hubris","Koishi","Luminous","Minty Spire (QoL Compilation)","Quick Restart","Random Character Button","Ruina","Shop Mod","StSLib","Synergy Search","The Bladedancer","The Bug Knight","The Hierophant","The Immortal","The Necromancer","The Runesmith"],"gold_per_floor":[150,195,270,300,330,330,429,429,429,429,523,523,608,696,696,927,927,973,491,491,546,601,708,708,802,802,802,868,868,868,962,962,1223,1223,1302,1367,1468,1530,1311,1311,1429,1429,1474,1582,1644,1729,1779,1903,1903,1923,1943],"floor_reached":52,"language":"DEU","playtime":2301,"items_purged":["hubris:Disease"],"score":3042,"play_id":"5d8a08c4-7cae-4fda-b1e3-eb4168d5ab79","local_time":"20210224035927","daily_mods":["Heirloom","DeadlyEvents","Elite Swarm","Lethality","Midas","Uncertain Future"],"is_ascension_mode":true,"campfire_choices":[{"floor":6,"key":"REST"},{"floor":8,"key":"REST"},{"floor":15,"key":"REST"},{"floor":24,"key":"REST"},{"floor":29,"key":"REST"},{"floor":32,"key":"REST"},{"floor":40,"key":"REST"},{"floor":42,"key":"REST"},{"floor":49,"key":"REST"}],"circlet_count":0,"master_deck":["blademaster:Overcharge+1","blademaster:EnchantedCuirass+1","blademaster:ThunderingOpener+1","blademaster:FuryOfTheElements+1","blademaster:Discharge+1","blademaster:Discharge+1","blademaster:Discharge+1","blademaster:Discharge+1","blademaster:Discharge+1","blademaster:Empower+1","blademaster:Empower+1","hubris:DuctTapeCard","blademaster:Overcharge","Regret","Elementarium:GildedForm","blademaster:Empower","blademaster:Empower","hubris:Despair"],"relics":["blademaster:DancersAmulet","Du-Vu Doll","Bottled Lightning","Bottled Flame","Bottled Tornado","hubris:DuctTape","Calipers","Gremlin Horn","Ornamental Fan","Golden Idol","HollowMod:StagPassRelic","Smiling Mask","Eternal Feather","Cursed Key","Orrery","Lantern","Bag of Marbles","hubris:SphereOfDissonance","Pen Nib","Toy Ornithopter","Shuriken","Incense Burner","Elementarium:ElementariumTrophy","Runic Pyramid","Gambling Chip","Nunchaku","Art of War","hubris:TenFootPole","HornCleat","Happy Flower"],"acts_visited":["Exordium","Exordium","TheBeyond"],"potions_floor_usage":[33,33,50,50],"damage_taken":[{"damage":0.0,"enemies":"2 Louse","floor":1.0,"turns":1.0},{"damage":0,"enemies":"Jaw Worm","floor":2,"turns":1},{"damage":0,"enemies":"Cultist","floor":4,"turns":1},{"damage":0,"enemies":"Large Slime","floor":5,"turns":1},{"damage":0,"enemies":"Lagavulin","floor":7,"turns":1},{"damage":0,"enemies":"Gremlin Nob","floor":11,"turns":2},{"damage":0,"enemies":"HollowMod:MossKnight","floor":13,"turns":1},{"damage":0,"enemies":"Lagavulin","floor":14,"turns":2},{"damage":0,"enemies":"Hexaghost","floor":16,"turns":3},{"damage":0,"enemies":"Elementarium:VoidCorruption","floor":18,"turns":1},{"damage":1,"enemies":"Elementarium:Cyclone","floor":21,"turns":1},{"damage":0,"enemies":"Elementarium:Hydrostalker","floor":22,"turns":1},{"damage":0,"enemies":"Elementarium:FIRE_NOBILITY","floor":23,"turns":2},{"damage":0,"enemies":"Elementarium:WarGolem","floor":25,"turns":2},{"damage":0,"enemies":"Elementarium:STONE_GOLEMS","floor":28,"turns":2},{"damage":0,"enemies":"Elementarium:FIRE_NOBILITY","floor":31,"turns":2},{"damage":7,"enemies":"Elementarium:GoldenDragon","floor":33,"turns":4},{"damage":2,"enemies":"3 Darklings","floor":35,"turns":2},{"damage":0,"enemies":"3 Shapes","floor":36,"turns":1},{"damage":5,"enemies":"Mind Bloom Boss Battle","floor":37,"turns":3},{"damage":2,"enemies":"Spire Growth","floor":38,"turns":3},{"damage":0,"enemies":"Reptomancer","floor":41,"turns":2},{"damage":3,"enemies":"Giant Head","floor":44,"turns":3},{"damage":2,"enemies":"Maw","floor":45,"turns":2},{"damage":3,"enemies":"Sphere and 2 Shapes","floor":46,"turns":2},{"damage":0,"enemies":"Reptomancer","floor":48,"turns":1},{"damage":5,"enemies":"Donu and Deca","floor":50,"turns":3},{"damage":12,"enemies":"Time Eater","floor":51,"turns":4}],"seed_played":"-2032699060932057542","potions_obtained":[{"floor":4,"key":"DuplicationPotion"},{"floor":7,"key":"Regen Potion"},{"floor":21,"key":"Energy Potion"},{"floor":25,"key":"SteroidPotion"},{"floor":28,"key":"Weak Potion"},{"floor":33,"key":"Weak Potion"},{"floor":36,"key":"AttackPotion"}],"is_trial":true,"path_per_floor":["M","M","?","M","M","R","E","R","T","?","E","$","E","E","R","B",null,"M","$","?","M","M","E","R","E","T","?","M","R","T","E","R","B",null,"M","M","?","M","$","R","E","R","T","E","M","M","?","E","R","B","B",null],"character_chosen":"THE_BLADEMASTER","items_purchased":["Orrery","Lantern","Bag of Marbles","Nunchaku"],"campfire_rested":9,"item_purchase_floors":[19,19,19,39],"current_hp_per_floor":[64,64,53,53,53,71,71,71,71,64,64,64,64,64,64,64,64,64,64,64,64,64,64,64,64,64,53,53,53,53,53,53,53,53,53,53,53,53,53,53,53,53,53,53,53,53,53,53,53,53,47],"gold":1943,"neow_bonus":"","is_daily":false,"chose_seed":false,"campfire_upgraded":0,"win_rate":0.0,"timestamp":1614135567,"path_taken":["M","M","?","M","M","R","E","R","T","?","E","$","E","?","R","BOSS","M","$","?","M","M","E","R","E","T","?","M","R","?","E","R","BOSS","M","M","?","?","$","R","E","R","T","E","M","M","?","E","R","BOSS","BOSS"],"items_purchased_type":["Relic","Relic","Relic","Relic"],"build_version":"2020-12-22","purchased_purges":1,"victory":true,"max_hp_per_floor":[71,71,71,71,71,71,71,71,71,64,64,64,64,64,64,64,64,64,64,64,64,64,64,64,64,64,53,53,53,53,53,53,53,53,53,53,53,53,53,53,53,53,53,53,53,53,53,53,53,53,53],"card_choices":[{"not_picked":["blademaster:ParryingStrike","blademaster:DragonStrike","blademaster:FuriousStrike"],"picked":"SKIP","floor":1.0},{"not_picked":["blademaster:BloodyBlow","blademaster:Flurry","blademaster:AspectOfWind"],"picked":"SKIP","floor":2},{"not_picked":["blademaster:Safeguard","blademaster:Meditate","blademaster:OneTrickPony"],"picked":"SKIP","floor":4},{"not_picked":["blademaster:AspectOfWind","blademaster:AwakeningStrike","blademaster:LightningCrash"],"picked":"SKIP","floor":5},{"not_picked":["blademaster:EnchantedCuirass","blademaster:RollingTyphoon","blademaster:ColdBlood"],"picked":"SKIP","floor":7},{"not_picked":["blademaster:ThreePointStrike","blademaster:LightningDraw","blademaster:StanceMastery"],"picked":"SKIP","floor":11},{"not_picked":["blademaster:CloudOfSteel","blademaster:RollingTyphoon","blademaster:Blindside"],"picked":"SKIP","floor":13},{"not_picked":["blademaster:StanceMastery","blademaster:FlockOfBlades","blademaster:HighVoltage"],"picked":"SKIP","floor":14},{"not_picked":["blademaster:OneTrickPony","blademaster:Sunder","blademaster:ChargingUp"],"picked":"SKIP","floor":18},{"not_picked":["blademaster:Quickstep","blademaster:AwakeningDefend"],"picked":"blademaster:Overcharge","floor":21},{"not_picked":["blademaster:WindSlash","blademaster:ColdBlood","blademaster:Gust"],"picked":"SKIP","floor":22},{"not_picked":["blademaster:BladeDance","blademaster:FlockOfBlades","blademaster:Blindside"],"picked":"SKIP","floor":23},{"not_picked":["blademaster:HighVoltage","blademaster:FlockOfBlades","blademaster:Blindside"],"picked":"SKIP","floor":25},{"not_picked":["blademaster:Quickstep","blademaster:Safeguard+1","blademaster:Flurry"],"picked":"SKIP","floor":28},{"not_picked":["blademaster:Flash","blademaster:FlockOfBlades","blademaster:HighVoltage"],"picked":"SKIP","floor":31},{"not_picked":["blademaster:StanceMastery","blademaster:ThreePointStrike"],"picked":"blademaster:Empower","floor":33},{"not_picked":["blademaster:Safeguard","blademaster:BrainBloom","blademaster:AirSlash"],"picked":"SKIP","floor":35},{"not_picked":["blademaster:Slice+1","blademaster:Thrust","blademaster:CombatPrep"],"picked":"SKIP","floor":36},{"not_picked":["blademaster:Cut","blademaster:DaggerAndCloak+1","blademaster:OneTrickPony"],"picked":"SKIP","floor":38},{"not_picked":["blademaster:RagingBlow","blademaster:FlockOfBlades"],"picked":"blademaster:Empower","floor":41},{"not_picked":["blademaster:FuryOfTheElements","blademaster:StanceMastery","blademaster:RollingTyphoon"],"picked":"SKIP","floor":44},{"not_picked":["blademaster:CombatPrep","blademaster:OneTrickPony+1","blademaster:Safeguard"],"picked":"SKIP","floor":45},{"not_picked":["blademaster:DeadlyDance","blademaster:ThunderSlash+1","blademaster:AncestralHealing+1"],"picked":"SKIP","floor":46},{"not_picked":["blademaster:HighVoltage","blademaster:FlockOfBlades","blademaster:FuryOfTheElements"],"picked":"SKIP","floor":48}],"player_experience":579026,"relics_obtained":[{"floor":7,"key":"blademaster:OnAttackedChargePerk"},{"floor":7,"key":"Gremlin Horn"},{"floor":9,"key":"Ornamental Fan"},{"floor":11,"key":"blademaster:LightningChargePerk"},{"floor":11,"key":"HollowMod:StagPassRelic"},{"floor":13,"key":"Smiling Mask"},{"floor":13,"key":"blademaster:StanceHealPerk"},{"floor":14,"key":"Eternal Feather"},{"floor":14,"key":"blademaster:DextrousPerk"},{"floor":23,"key":"hubris:SphereOfDissonance"},{"floor":23,"key":"blademaster:BonusFuryPerk"},{"floor":25,"key":"Pen Nib"},{"floor":25,"key":"blademaster:ComboEveryTurnPerk"},{"floor":26,"key":"Toy Ornithopter"},{"floor":30,"key":"Shuriken"},{"floor":31,"key":"Incense Burner"},{"floor":31,"key":"blademaster:BonusComboPerk"},{"floor":37,"key":"Gambling Chip"},{"floor":37,"key":"blademaster:RandomStancePerk"},{"floor":41,"key":"Art of War"},{"floor":43,"key":"hubris:TenFootPole"},{"floor":44,"key":"HornCleat"},{"floor":48,"key":"Happy Flower"},{"floor":48,"key":"blademaster:StrongPerk"}],"event_choices":[{"damage_healed":0,"gold_gain":75,"player_choice":"Gather Gold","damage_taken":11,"max_hp_gain":0,"max_hp_loss":0,"event_name":"World of Goop","floor":3,"gold_loss":0},{"damage_healed":0,"gold_gain":0,"player_choice":"Lose Max HP","damage_taken":0,"relics_obtained":["Golden Idol"],"max_hp_gain":0,"max_hp_loss":7,"event_name":"Golden Idol","floor":10,"gold_loss":0},{"damage_healed":0,"gold_gain":0,"player_choice":"Meditate","damage_taken":0,"max_hp_gain":0,"max_hp_loss":0,"event_name":"Elementarium:SculptureGarden","floor":20,"gold_loss":0,"cards_upgraded":[]},{"damage_healed":0,"gold_gain":0,"player_choice":"Dive in","damage_taken":0,"max_hp_gain":0,"max_hp_loss":11,"event_name":"Elementarium:FountainOfGold","floor":27,"gold_loss":0,"cards_obtained":["Elementarium:GildedForm"]},{"damage_healed":0,"gold_gain":0,"player_choice":"Fight","damage_taken":0,"max_hp_gain":0,"max_hp_loss":0,"event_name":"MindBloom","floor":37,"gold_loss":0},{"damage_healed":0,"gold_gain":50,"player_choice":"Pray","damage_taken":0,"max_hp_gain":0,"max_hp_loss":0,"event_name":"Golden Shrine","floor":47,"gold_loss":0}],"is_beta":false,"boss_relics":[{"not_picked":["hubris:CrackedHourglass","hubris:HollowSoul"],"picked":"Cursed Key"},{"not_picked":["Tiny House","energizedSpire:DeadBattery"],"picked":"Runic Pyramid"}],"items_purged_floors":[39],"is_endless":false,"potions_floor_spawned":[4,7,11,18,21,25,28,33,36,45],"ascension_level":20}}