{"host":"uv231blk40vjdojr","time":1614181182,"event":{"mods":["BaseMod","Minty Spire (QoL Compilation)","Relic Stats","ojb\u0027s Info Mod"],"gold_per_floor":[112,130,130,148,162,162,9,36,61,44,159,209,209,259,259,390,390,406,9,30,80,154,190,190,210,233,283,296,340,359,70,70,198,198,222,247,297,8,114,114,188,188,188,238,238,91,115,156,156,156,156,156,1,35,35],"floor_reached":56,"language":"ENG","playtime":3231,"items_purged":["Writhe","Nirvana+1"],"score":1611,"play_id":"e4fa1243-9c2d-4483-831f-de7742e06571","local_time":"20210224163942","is_ascension_mode":true,"campfire_choices":[{"data":"Eruption","floor":6.0,"key":"SMITH"},{"data":"Wallop","floor":13.0,"key":"SMITH"},{"data":"Meditate","floor":15.0,"key":"SMITH"},{"data":"LessonLearned","floor":24.0,"key":"SMITH"},{"data":"Pray","floor":32.0,"key":"SMITH"},{"data":"LikeWater","floor":40.0,"key":"SMITH"},{"data":"Brilliance","floor":42.0,"key":"SMITH"},{"floor":45.0,"key":"RECALL"},{"data":"Brilliance","floor":49.0,"key":"SMITH"},{"data":"Vigilance","floor":52.0,"key":"SMITH"}],"circlet_count":0,"master_deck":["Strike_P+1","Strike_P+1","Defend_P+1","Defend_P","Defend_P+1","Eruption+1","Vigilance+1","CurseOfTheBell","CarveReality+1","BowlingBash","DeceiveReality+1","Meditate+1","WindmillStrike+1","EmptyMind+1","Wallop+1","Vault+1","Prostrate+1","FlurryOfBlows","Brilliance+1","CutThroughFate","Indignation+1","Meditate+1","Scrawl+1","Brilliance+1","Pray+1","Devotion+1","Vault+1","LikeWater+1","Worship+1","Wireheading","SpiritShield"],"relics":["Calling Bell","Juzu Bracelet","Eternal Feather","Bird Faced Urn","SsserpentHead","Sling","Potion Belt","Bag of Marbles","Tiny Chest","Golden Idol","Astrolabe","Anchor","PreservedInsect","Nunchaku","Centennial Puzzle","Strawberry","Shuriken","TeardropLocket","Busted Crown","Incense Burner","War Paint","Mercury Hourglass","Toy Ornithopter","Art of War","Mummified Hand"],"acts_visited":["Exordium","TheCity","TheBeyond","TheEnding"],"potions_floor_usage":[55,55,55],"damage_taken":[{"damage":15.0,"enemies":"Jaw Worm","floor":1.0,"turns":5.0},{"damage":6.0,"enemies":"Cultist","floor":2.0,"turns":4.0},{"damage":6.0,"enemies":"2 Louse","floor":4.0,"turns":3.0},{"damage":5.0,"enemies":"Exordium Thugs","floor":5.0,"turns":4.0},{"damage":3.0,"enemies":"Lagavulin","floor":8.0,"turns":5.0},{"damage":13.0,"enemies":"Gremlin Nob","floor":11.0,"turns":3.0},{"damage":5.0,"enemies":"The Guardian","floor":16.0,"turns":9.0},{"damage":1.0,"enemies":"Shell Parasite","floor":18.0,"turns":7.0},{"damage":7.0,"enemies":"Spheric Guardian","floor":20.0,"turns":4.0},{"damage":23.0,"enemies":"Slavers","floor":23.0,"turns":6.0},{"damage":2.0,"enemies":"Shelled Parasite and Fungi","floor":25.0,"turns":4.0},{"damage":26.0,"enemies":"Snake Plant","floor":28.0,"turns":5.0},{"damage":6.0,"enemies":"Gremlin Leader","floor":29.0,"turns":7.0},{"damage":0.0,"enemies":"Chosen and Byrds","floor":30.0,"turns":3.0},{"damage":16.0,"enemies":"Automaton","floor":33.0,"turns":6.0},{"damage":6.0,"enemies":"Orb Walker","floor":35.0,"turns":3.0},{"damage":12.0,"enemies":"3 Darklings","floor":36.0,"turns":4.0},{"damage":6.0,"enemies":"2 Orb Walkers","floor":39.0,"turns":4.0},{"damage":5.0,"enemies":"Writhing Mass","floor":47.0,"turns":3.0},{"damage":0.0,"enemies":"Nemesis","floor":48.0,"turns":2.0},{"damage":40.0,"enemies":"Time Eater","floor":50.0,"turns":8.0},{"damage":7.0,"enemies":"Shield and Spear","floor":54.0,"turns":4.0},{"damage":74,"enemies":"The Heart","floor":55,"turns":9}],"seed_played":"6101290364385927623","potions_obtained":[{"floor":1.0,"key":"Strength Potion"},{"floor":4.0,"key":"PowerPotion"},{"floor":8.0,"key":"ColorlessPotion"},{"floor":23.0,"key":"LiquidBronze"},{"floor":29.0,"key":"Fruit Juice"},{"floor":30.0,"key":"Ambrosia"},{"floor":33.0,"key":"ColorlessPotion"},{"floor":35.0,"key":"SteroidPotion"},{"floor":39.0,"key":"LiquidMemories"},{"floor":48.0,"key":"LiquidBronze"},{"floor":54.0,"key":"Ambrosia"}],"is_trial":false,"path_per_floor":["M","M","?","M","M","R","$","E","T","$","?","?","R","T","R","B",null,"M","$","M","?","T","E","R","M","T","?","M","E","M","$","R","B",null,"M","M","?","$","?","R","T","R","T","?","R","$","M","E","R","B",null,"R","$","E","B",null],"character_chosen":"WATCHER","items_purchased":["Sling","EmptyMind","Anchor","PreservedInsect","FairyPotion","Brilliance","Pray","Vault","LikeWater","Toy Ornithopter","Wireheading","Regen Potion"],"campfire_rested":0,"item_purchase_floors":[7,10,19,19,19,31,31,38,38,46,53,53],"current_hp_per_floor":[50,44,44,38,33,42,42,41,41,41,28,28,37,37,46,41,61,62,62,55,67,67,46,58,58,65,65,39,35,35,35,50,36,70,66,56,56,56,54,69,69,75,75,75,75,75,75,75,75,37,66,75,75,72,30],"gold":35,"neow_bonus":"BOSS_RELIC","is_daily":false,"chose_seed":false,"campfire_upgraded":9,"win_rate":0.0,"timestamp":1614181182,"path_taken":["M","M","?","M","M","R","$","E","T","?","?","?","R","?","R","BOSS","M","$","M","?","?","E","R","M","T","?","M","E","M","$","R","BOSS","M","M","?","$","?","R","?","R","T","?","R","$","M","E","R","BOSS","R","$","E","BOSS"],"items_purchased_type":["Relic","Card","Relic","Relic","Potion","Card","Card","Card","Card","Relic","Card","Potion"],"build_version":"2020-12-22","purchased_purges":2,"victory":true,"max_hp_per_floor":[72,72,72,72,72,72,72,72,72,72,72,67,67,67,67,67,67,67,67,67,67,67,67,67,67,74,74,74,74,74,74,74,74,79,79,79,75,75,75,75,75,75,75,75,75,75,75,75,75,75,75,75,75,75,75],"relic_stats":{"counters":[23,112],"Golden Idol":177,"Astrolabe":["Nirvana","Vault","Prostrate"],"Eternal Feather":84,"PreservedInsect":199,"Juzu Bracelet":2,"War Paint":["DeceiveReality","Scrawl"],"Mercury Hourglass":[60],"SsserpentHead":550,"Nunchaku":[14],"Centennial Puzzle":[33],"Busted Crown":12,"Shuriken":[21],"Mummified Hand":[5],"Bird Faced Urn":[30],"Tiny Chest":2,"Art of War":[1],"obtain_stats":[{"Juzu Bracelet":0,"Incense Burner":39,"TeardropLocket":29,"Sling":7,"SsserpentHead":3,"Nunchaku":22,"Centennial Puzzle":23,"Mummified Hand":54,"Strawberry":26,"Tiny Chest":11,"Potion Belt":8,"Golden Idol":12,"Astrolabe":17,"Eternal Feather":0,"PreservedInsect":19,"War Paint":41,"Mercury Hourglass":43,"Calling Bell":0,"Anchor":19,"Busted Crown":34,"Shuriken":27,"Bird Faced Urn":0,"Bag of Marbles":9,"Art of War":48,"PureWater":0,"Toy Ornithopter":46},{"Juzu Bracelet":0,"Incense Burner":18,"TeardropLocket":13,"Sling":4,"SsserpentHead":2,"Nunchaku":9,"Centennial Puzzle":10,"Mummified Hand":22,"Strawberry":11,"Tiny Chest":6,"Potion Belt":5,"Golden Idol":6,"Astrolabe":7,"Eternal Feather":0,"PreservedInsect":8,"War Paint":18,"Mercury Hourglass":18,"Calling Bell":0,"Anchor":8,"Busted Crown":15,"Shuriken":11,"Bird Faced Urn":0,"Bag of Marbles":5,"Art of War":20,"PureWater":0,"Toy Ornithopter":18},{"Juzu Bracelet":0,"Incense Burner":86,"TeardropLocket":66,"Sling":16,"SsserpentHead":9,"Nunchaku":44,"Centennial Puzzle":50,"Mummified Hand":103,"Strawberry":54,"Tiny Chest":24,"Potion Belt":21,"Golden Idol":24,"Astrolabe":33,"Eternal Feather":0,"PreservedInsect":40,"War Paint":86,"Mercury Hourglass":86,"Calling Bell":0,"Anchor":40,"Busted Crown":75,"Shuriken":54,"Bird Faced Urn":0,"Bag of Marbles":21,"Art of War":91,"PureWater":0,"Toy Ornithopter":86}],"Toy Ornithopter":18},"card_choices":[{"not_picked":["JustLucky","Evaluate"],"picked":"CarveReality","floor":1.0},{"not_picked":["Crescendo","CutThroughFate"],"picked":"BowlingBash","floor":2.0},{"not_picked":["CrushJoints","EmptyFist"],"picked":"DeceiveReality","floor":4.0},{"not_picked":["Halt","SignatureMove"],"picked":"Meditate","floor":5.0},{"not_picked":["PathToVictory","Protect"],"picked":"WindmillStrike","floor":8.0},{"not_picked":["Halt","Worship"],"picked":"Wallop","floor":11.0},{"not_picked":["Blasphemy","ConjureBlade"],"picked":"LessonLearned","floor":16.0},{"not_picked":["EmptyFist","SashWhip"],"picked":"FlurryOfBlows","floor":18.0},{"not_picked":["ReachHeaven","Prostrate"],"picked":"Brilliance","floor":20.0},{"not_picked":["FollowUp","EmptyBody+1"],"picked":"CutThroughFate","floor":23.0},{"not_picked":["FlyingSleeves","JustLucky"],"picked":"Indignation+1","floor":25.0},{"not_picked":["EmptyFist","WheelKick"],"picked":"Meditate+1","floor":28.0},{"not_picked":["WreathOfFlame","FlurryOfBlows","EmptyMind"],"picked":"SKIP","floor":29.0},{"not_picked":["EmptyBody","Prostrate"],"picked":"Scrawl","floor":30.0},{"not_picked":["Vault","MasterReality"],"picked":"Devotion","floor":33.0},{"not_picked":["FlurryOfBlows"],"picked":"SKIP","floor":35.0},{"not_picked":["ClearTheMind"],"picked":"SKIP","floor":36.0},{"not_picked":["FollowUp+1"],"picked":"SKIP","floor":47.0},{"not_picked":[],"picked":"Worship+1","floor":48.0},{"not_picked":[],"picked":"SpiritShield","floor":54.0}],"player_experience":791518,"relics_obtained":[{"floor":0.0,"key":"Juzu Bracelet"},{"floor":0.0,"key":"Eternal Feather"},{"floor":0.0,"key":"Bird Faced Urn"},{"floor":8.0,"key":"Potion Belt"},{"floor":9.0,"key":"Bag of Marbles"},{"floor":11.0,"key":"Tiny Chest"},{"floor":22.0,"key":"Nunchaku"},{"floor":23.0,"key":"Centennial Puzzle"},{"floor":26.0,"key":"Strawberry"},{"floor":29.0,"key":"TeardropLocket"},{"floor":39.0,"key":"Incense Burner"},{"floor":41.0,"key":"War Paint"},{"floor":43.0,"key":"Mercury Hourglass"},{"floor":48.0,"key":"Art of War"},{"floor":54.0,"key":"Mummified Hand"}],"event_choices":[{"damage_healed":0.0,"max_hp_gain":0.0,"max_hp_loss":0.0,"gold_gain":0.0,"event_name":"FaceTrader","player_choice":"Trade","floor":3.0,"gold_loss":0.0,"damage_taken":0.0,"relics_obtained":["SsserpentHead"]},{"damage_healed":0.0,"max_hp_gain":0.0,"max_hp_loss":0.0,"gold_gain":0.0,"event_name":"Dead Adventurer","player_choice":"Searched \u00271\u0027 times","floor":11.0,"gold_loss":0.0,"damage_taken":0.0},{"damage_healed":0.0,"max_hp_gain":0.0,"max_hp_loss":5.0,"gold_gain":0.0,"event_name":"Golden Idol","player_choice":"Lose Max HP","floor":12.0,"gold_loss":0.0,"damage_taken":0.0,"relics_obtained":["Golden Idol"]},{"damage_healed":12.0,"max_hp_gain":0.0,"max_hp_loss":0.0,"gold_gain":0.0,"event_name":"Wheel of Change","player_choice":"Full Heal","floor":21.0,"gold_loss":0.0,"damage_taken":0.0},{"damage_healed":0.0,"max_hp_gain":0.0,"max_hp_loss":0.0,"gold_gain":0.0,"event_name":"The Mausoleum","player_choice":"Opened","floor":27.0,"gold_loss":0.0,"damage_taken":0.0,"relics_obtained":["Shuriken"],"cards_obtained":["Writhe"]},{"damage_healed":0.0,"max_hp_gain":0.0,"max_hp_loss":4.0,"gold_gain":0.0,"event_name":"Winding Halls","player_choice":"Max HP","floor":37.0,"gold_loss":0.0,"damage_taken":0.0},{"damage_healed":0.0,"max_hp_gain":0.0,"max_hp_loss":0.0,"gold_gain":0.0,"event_name":"Mysterious Sphere","player_choice":"Fight","floor":39.0,"gold_loss":0.0,"damage_taken":0.0},{"cards_removed":["LessonLearned"],"damage_healed":0.0,"max_hp_gain":0.0,"max_hp_loss":0.0,"gold_gain":0.0,"event_name":"Falling","player_choice":"Removed Attack","floor":44.0,"gold_loss":0.0,"damage_taken":0.0}],"is_beta":false,"boss_relics":[{"not_picked":["SacredBark","Runic Dome"],"picked":"Astrolabe"},{"not_picked":["VioletLotus","Snecko Eye"],"picked":"Busted Crown"}],"items_purged_floors":[31,38],"is_endless":false,"potions_floor_spawned":[1,4,8,23,29,30,33,35,39,48,54],"ascension_level":7}}