{"host":"f0vzc1iezimimt27","time":1614179713,"event":{"mods":["BaseMod","Colored Map","Highlight Path","Minty Spire (QoL Compilation)","StSLib"],"gold_per_floor":[116,134,153,164,176,211,211,161,161,176,176,207,222,253,253,353,353,371,381,381,20,33,68,68,68,95,95,194,194,213,228,228,332,332,346,357,61,76,41,41,75,75,75,85,104,104,121,38,38,38,38],"floor_reached":50,"language":"ENG","playtime":3447,"items_purged":["Strike_G","Strike_G","Strike_G"],"score":733,"play_id":"0fae8fbb-693a-4bb3-b7fb-3a1561b78a71","local_time":"20210224181513","is_ascension_mode":true,"campfire_choices":[{"floor":7,"key":"REST"},{"data":"Neutralize","floor":11,"key":"SMITH"},{"data":"Accuracy","floor":15,"key":"SMITH"},{"floor":24,"key":"REST"},{"data":"Cloak And Dagger","floor":27,"key":"SMITH"},{"floor":32,"key":"REST"},{"data":"1","floor":40,"key":"LIFT"},{"data":"Infinite Blades","floor":42,"key":"SMITH"},{"floor":46,"key":"REST"},{"data":"Accuracy","floor":49,"key":"SMITH"}],"circlet_count":0,"master_deck":["Strike_G","Defend_G","Defend_G","Defend_G+1","Defend_G","Defend_G","Survivor+1","Neutralize+1","Slice+1","Flying Knee","Infinite Blades+1","Sucker Punch+1","Noxious Fumes","Backflip","Cloak And Dagger+1","Accuracy+1","CurseOfTheBell","PiercingWail+1","Backflip+1","Terror","Footwork","Sucker Punch+1","After Image","Finisher+1","Accuracy","Blade Dance","Accuracy+1","Blade Dance+1","Blade Dance","Infinite Blades+1","Infinite Blades+1"],"relics":["Ring of the Snake","Regal Pillow","Pantograph","War Paint","Dead Branch","Calling Bell","Lantern","Sundial","FossilizedHelix","Girya","Whetstone","MealTicket","Black Star","Membership Card","Mercury Hourglass","Torii","Frozen Egg 2"],"acts_visited":["Exordium","TheCity","TheBeyond"],"potions_floor_usage":[4,13,13,14,16,18,23,33,36,38,50,50],"damage_taken":[{"damage":0,"enemies":"Cultist","floor":1,"turns":3},{"damage":0,"enemies":"2 Louse","floor":2,"turns":4},{"damage":1,"enemies":"Small Slimes","floor":3,"turns":4},{"damage":5,"enemies":"3 Louse","floor":4,"turns":4},{"damage":4,"enemies":"Large Slime","floor":5,"turns":6},{"damage":19,"enemies":"3 Sentries","floor":6,"turns":8},{"damage":5,"enemies":"Blue Slaver","floor":10,"turns":4},{"damage":19,"enemies":"Gremlin Nob","floor":12,"turns":5},{"damage":0,"enemies":"Lots of Slimes","floor":13,"turns":1},{"damage":3,"enemies":"Lagavulin","floor":14,"turns":7},{"damage":5,"enemies":"Slime Boss","floor":16,"turns":8},{"damage":0,"enemies":"Spheric Guardian","floor":18,"turns":4},{"damage":0,"enemies":"Chosen","floor":19,"turns":4},{"damage":16,"enemies":"3 Cultists","floor":22,"turns":7},{"damage":18,"enemies":"Gremlin Leader","floor":23,"turns":7},{"damage":4,"enemies":"Centurion and Healer","floor":30,"turns":7},{"damage":19,"enemies":"Snecko","floor":31,"turns":6},{"damage":43,"enemies":"Automaton","floor":33,"turns":12},{"damage":12,"enemies":"Orb Walker","floor":35,"turns":5},{"damage":9,"enemies":"3 Shapes","floor":36,"turns":4},{"damage":19,"enemies":"Jaw Worm Horde","floor":38,"turns":5},{"damage":21,"enemies":"Nemesis","floor":41,"turns":7},{"damage":21,"enemies":"Writhing Mass","floor":44,"turns":4},{"damage":0,"enemies":"4 Shapes","floor":45,"turns":4},{"damage":1,"enemies":"Transient","floor":47,"turns":5},{"damage":76,"enemies":"Donu and Deca","floor":50,"turns":6}],"seed_played":"584027751018129893","potions_obtained":[{"floor":1,"key":"Ancient Potion"},{"floor":4,"key":"AttackPotion"},{"floor":5,"key":"SteroidPotion"},{"floor":10,"key":"Block Potion"},{"floor":13,"key":"Energy Potion"},{"floor":14,"key":"DistilledChaos"},{"floor":22,"key":"PowerPotion"},{"floor":30,"key":"Explosive Potion"},{"floor":31,"key":"Energy Potion"},{"floor":36,"key":"Regen Potion"},{"floor":44,"key":"BlessingOfTheForge"},{"floor":45,"key":"FearPotion"},{"floor":47,"key":"Swift Potion"}],"is_trial":false,"path_per_floor":["M","M","M","M","M","E","R","?","T","M","R","E","M","E","R","B",null,"M","M","?","$","M","E","R","?","T","R","?","?","M","M","R","B",null,"M","M","$","M","$","R","E","R","T","M","M","R","M","$","R","B"],"character_chosen":"THE_SILENT","items_purchased":["Girya","Accuracy","Blade Dance","Membership Card","Accuracy","Infinite Blades+1"],"campfire_rested":4,"item_purchase_floors":[21,37,37,37,39,48],"current_hp_per_floor":[63,63,62,57,53,34,63,63,63,58,58,39,39,36,36,56,63,63,63,52,52,36,18,53,53,53,53,53,37,33,14,49,25,68,56,47,62,55,68,68,47,47,47,26,26,61,60,68,68,0,0],"gold":38,"neow_bonus":"THREE_RARE_CARDS","is_daily":false,"chose_seed":false,"campfire_upgraded":5,"win_rate":0.0,"timestamp":1614179713,"path_taken":["M","M","?","M","M","E","R","?","T","M","R","E","M","E","R","BOSS","M","M","?","$","M","E","R","?","T","R","?","?","M","?","R","BOSS","M","M","$","M","?","R","E","R","T","M","M","R","M","$","R","BOSS"],"items_purchased_type":["Relic","Card","Card","Relic","Card","Card"],"build_version":"2020-12-22","purchased_purges":3,"victory":false,"max_hp_per_floor":[63,63,63,63,63,63,63,63,63,63,63,63,63,63,63,63,63,63,63,68,68,68,68,68,68,68,68,68,68,68,68,68,68,68,68,68,68,68,68,68,68,68,68,68,68,68,68,68,68,68,68],"card_choices":[{"not_picked":["Corpse Explosion","After Image"],"picked":"Burst","floor":0.0},{"not_picked":["Dash","Endless Agony","Acrobatics"],"picked":"SKIP","floor":1},{"not_picked":["Underhanded Strike","Heel Hook"],"picked":"Slice","floor":2},{"not_picked":["Backstab","Slice"],"picked":"Flying Knee","floor":3},{"not_picked":["Dodge and Roll","Reflex"],"picked":"Infinite Blades","floor":4},{"not_picked":["PiercingWail","Masterful Stab"],"picked":"Sucker Punch","floor":5},{"not_picked":["Tools of the Trade","Underhanded Strike"],"picked":"Noxious Fumes","floor":6},{"not_picked":["Dagger Spray","Dodge and Roll"],"picked":"Backflip","floor":10},{"not_picked":["Deflect","Masterful Stab"],"picked":"Cloak And Dagger","floor":12},{"not_picked":["Expertise","Leg Sweep","Prepared"],"picked":"SKIP","floor":13},{"not_picked":["Deflect","PiercingWail"],"picked":"Accuracy","floor":14},{"not_picked":["Dagger Spray","Well Laid Plans"],"picked":"PiercingWail+1","floor":18},{"not_picked":["Catalyst","Acrobatics","Riddle With Holes"],"picked":"SKIP","floor":19},{"not_picked":["PiercingWail","Glass Knife"],"picked":"Backflip+1","floor":22},{"not_picked":["Dash","Flying Knee"],"picked":"Terror","floor":23},{"not_picked":["Slice","Backflip"],"picked":"Footwork","floor":30},{"not_picked":["PiercingWail","Deflect"],"picked":"Sucker Punch+1","floor":31},{"not_picked":["Burst","Unload"],"picked":"After Image","floor":33},{"not_picked":["Caltrops","Underhanded Strike+1","Slice"],"picked":"SKIP","floor":35},{"not_picked":["Catalyst+1","Underhanded Strike+1"],"picked":"Finisher+1","floor":36},{"not_picked":["Riddle With Holes","Leg Sweep+1","Outmaneuver+1"],"picked":"SKIP","floor":38},{"not_picked":["Slice+1","Malaise"],"picked":"Blade Dance+1","floor":41},{"not_picked":["Deflect","Heel Hook+1"],"picked":"Blade Dance","floor":44},{"not_picked":["Dagger Spray+1","Quick Slash+1"],"picked":"Infinite Blades+1","floor":45},{"not_picked":["Backflip","Skewer+1","Masterful Stab"],"picked":"SKIP","floor":47}],"player_experience":164662,"relics_obtained":[{"floor":6,"key":"Regal Pillow"},{"floor":9,"key":"Pantograph"},{"floor":12,"key":"War Paint"},{"floor":14,"key":"Dead Branch"},{"floor":17,"key":"Lantern"},{"floor":17,"key":"Sundial"},{"floor":17,"key":"FossilizedHelix"},{"floor":23,"key":"Whetstone"},{"floor":26,"key":"MealTicket"},{"floor":41,"key":"Mercury Hourglass"},{"floor":41,"key":"Torii"},{"floor":43,"key":"Frozen Egg 2"}],"event_choices":[{"cards_removed":["Strike_G"],"damage_healed":0,"gold_gain":0,"player_choice":"Card Removal","damage_taken":0,"max_hp_gain":0,"max_hp_loss":0,"event_name":"The Cleric","floor":8,"gold_loss":50},{"damage_healed":0,"gold_gain":0,"player_choice":"Shed Blood","damage_taken":16,"max_hp_gain":5,"max_hp_loss":0,"event_name":"Forgotten Altar","floor":20,"gold_loss":0},{"damage_healed":0,"gold_gain":0,"player_choice":"Ignored","damage_taken":0,"max_hp_gain":0,"max_hp_loss":0,"event_name":"Vampires","floor":25,"gold_loss":0},{"damage_healed":0,"gold_gain":99,"player_choice":"Stole From Cult","damage_taken":0,"max_hp_gain":0,"max_hp_loss":0,"event_name":"Nest","floor":28,"gold_loss":0},{"damage_healed":0,"gold_gain":0,"player_choice":"Obtained Book","damage_taken":16,"max_hp_gain":0,"max_hp_loss":0,"event_name":"Cursed Tome","floor":29,"gold_loss":0}],"is_beta":false,"boss_relics":[{"not_picked":["Sozu","Tiny House"],"picked":"Calling Bell"},{"not_picked":["Cursed Key","Runic Dome"],"picked":"Black Star"}],"items_purged_floors":[21,37,48],"is_endless":false,"potions_floor_spawned":[1,4,5,10,13,14,22,30,31,36,44,45,47],"killed_by":"Donu and Deca","ascension_level":2}}