{"host":"jegehu1t82aiec5j","time":1614176117,"event":{"mods":["BaseMod","Colored Map","Minty Spire (QoL Compilation)","Relic Stats","StSLib"],"gold_per_floor":[113,113,131,131,56,56,91,110,179,198,198,232,232,244,244,317,317,328,44,58,58,77,111,111,141,188,188,203,222,222,241,241,318,368,385,403,418,418,418,418,429,429,429,429,454,454,488,488,488,488],"floor_reached":51,"language":"ENG","playtime":4088,"items_purged":["Strike_R","Strike_R"],"score":1494,"play_id":"29861d89-0b33-4af9-adaf-92f4f8e293d6","local_time":"20210224091517","is_ascension_mode":true,"campfire_choices":[{"data":"Juggernaut","floor":6,"key":"SMITH"},{"data":"Barricade","floor":11,"key":"SMITH"},{"data":"Disarm","floor":13,"key":"SMITH"},{"data":"Metallicize","floor":15,"key":"SMITH"},{"floor":27,"key":"REST"},{"data":"Body Slam","floor":30,"key":"SMITH"},{"data":"Metallicize","floor":32,"key":"SMITH"},{"data":"Perseverance","floor":40,"key":"SMITH"},{"floor":42,"key":"REST"},{"data":"Perseverance","floor":44,"key":"SMITH"},{"data":"Dual Wield","floor":46,"key":"SMITH"},{"data":"Perseverance","floor":49,"key":"SMITH"}],"circlet_count":0,"master_deck":["AscendersBane","Perseverance+1","Perseverance+1","Perseverance","Perseverance+1","Perseverance+1","Barricade+1","Juggernaut+1","Thunderclap","Metallicize+1","Metallicize+1","Disarm+1","Body Slam+1","Impervious+1","Battle Trance+1","Power Through","Corruption+1","Flame Barrier","Writhe","Flame Barrier","Disarm+1","Dual Wield+1"],"relics":["Burning Blood","WarpedTongs","Red Skull","Frozen Egg 2","Shuriken","Cursed Key","Bag of Preparation","Kunai","War Paint","Blood Vial","Tiny House","Mango","Orichalcum"],"acts_visited":["Exordium","TheCity","TheBeyond"],"potions_floor_usage":[14,23,33,35,50],"damage_taken":[{"damage":7,"enemies":"Jaw Worm","floor":1,"turns":5},{"damage":3,"enemies":"Cultist","floor":3,"turns":5},{"damage":21,"enemies":"3 Sentries","floor":7,"turns":8},{"damage":4,"enemies":"2 Louse","floor":8,"turns":5},{"damage":0,"enemies":"2 Fungi Beasts","floor":10,"turns":4},{"damage":0,"enemies":"Lagavulin","floor":12,"turns":8},{"damage":17,"enemies":"Lots of Slimes","floor":14,"turns":8},{"damage":9,"enemies":"The Guardian","floor":16,"turns":12},{"damage":4,"enemies":"Shell Parasite","floor":18,"turns":7},{"damage":0,"enemies":"Spheric Guardian","floor":20,"turns":6},{"damage":0,"enemies":"Centurion and Healer","floor":22,"turns":7},{"damage":45,"enemies":"Gremlin Leader","floor":23,"turns":7},{"damage":0,"enemies":"Book of Stabbing","floor":25,"turns":6},{"damage":0,"enemies":"Shelled Parasite and Fungi","floor":28,"turns":5},{"damage":0,"enemies":"Snecko","floor":29,"turns":5},{"damage":13,"enemies":"Sentry and Sphere","floor":31,"turns":9},{"damage":0,"enemies":"Champ","floor":33,"turns":11},{"damage":0,"enemies":"3 Darklings","floor":35,"turns":8},{"damage":0,"enemies":"Orb Walker","floor":36,"turns":5},{"damage":10,"enemies":"Spire Growth","floor":37,"turns":8},{"damage":33,"enemies":"Jaw Worm Horde","floor":41,"turns":8},{"damage":0,"enemies":"Mind Bloom Boss Battle","floor":45,"turns":4},{"damage":0,"enemies":"Nemesis","floor":47,"turns":11},{"damage":9,"enemies":"Time Eater","floor":50,"turns":12}],"seed_played":"6711170229090609183","potions_obtained":[{"floor":8,"key":"ColorlessPotion"},{"floor":10,"key":"SmokeBomb"},{"floor":12,"key":"Regen Potion"},{"floor":16,"key":"FearPotion"},{"floor":20,"key":"CultistPotion"},{"floor":23,"key":"GamblersBrew"},{"floor":25,"key":"Fruit Juice"},{"floor":33,"key":"Block Potion"},{"floor":35,"key":"Dexterity Potion"}],"is_trial":false,"path_per_floor":["M","?","M","?","$","R","E","M","T","M","R","E","R","M","R","B",null,"M","$","M","?","M","E","?","E","T","R","M","M","R","M","R","B",null,"M","M","M","?","?","R","M","R","T","R","?","R","E","?","R","B",null],"character_chosen":"IRONCLAD","items_purchased":["Bag of Preparation","Battle Trance"],"campfire_rested":2,"item_purchase_floors":[19,19],"current_hp_per_floor":[67,67,70,63,63,63,48,50,50,56,56,62,62,66,66,63,72,74,74,75,75,75,36,36,42,42,64,72,75,75,68,68,80,85,85,85,81,81,81,81,56,81,81,81,99,99,99,99,99,96],"gold":488,"neow_bonus":"ONE_RANDOM_RARE_CARD","is_daily":false,"chose_seed":false,"campfire_upgraded":10,"win_rate":0.0,"timestamp":1614176117,"path_taken":["M","?","M","?","?","R","E","?","T","M","R","E","R","M","R","BOSS","M","$","M","?","M","E","?","E","T","R","M","M","R","M","R","BOSS","M","?","M","?","?","R","M","R","T","R","?","R","E","?","R","BOSS"],"items_purchased_type":["Relic","Card"],"build_version":"2020-12-22","purchased_purges":2,"victory":true,"max_hp_per_floor":[75,75,75,75,75,75,75,75,75,75,75,75,75,75,75,75,75,75,75,75,75,75,75,75,75,75,75,75,75,75,75,75,80,85,85,85,85,85,85,85,85,85,85,85,99,99,99,99,99,99],"relic_stats":{"Blood Vial":10,"counters":[24,174],"Shuriken":[1],"Bag of Preparation":[30],"Kunai":[0],"War Paint":["Battle Trance","Perseverance"],"Orichalcum":[0],"Cursed Key":1,"obtain_stats":[{"Tiny House":34,"Mango":45,"Bag of Preparation":19,"Frozen Egg 2":9,"War Paint":25,"Orichalcum":47,"Cursed Key":17,"Burning Blood":0,"WarpedTongs":0,"Blood Vial":26,"Shuriken":12,"Kunai":23,"Red Skull":7},{"Tiny House":17,"Mango":22,"Bag of Preparation":9,"Frozen Egg 2":4,"War Paint":13,"Orichalcum":23,"Cursed Key":8,"Burning Blood":0,"WarpedTongs":0,"Blood Vial":13,"Shuriken":6,"Kunai":12,"Red Skull":3},{"Tiny House":118,"Mango":151,"Bag of Preparation":62,"Frozen Egg 2":23,"War Paint":88,"Orichalcum":162,"Cursed Key":55,"Burning Blood":0,"WarpedTongs":0,"Blood Vial":88,"Shuriken":35,"Kunai":82,"Red Skull":18}],"Burning Blood":105,"WarpedTongs":[148]},"card_choices":[{"not_picked":["Sword Boomerang","Burning Pact"],"picked":"Thunderclap","floor":1},{"not_picked":["Rupture","Dual Wield"],"picked":"Metallicize","floor":3},{"not_picked":["Blood for Blood","Shrug It Off"],"picked":"Metallicize","floor":7},{"not_picked":["Combust","Rampage"],"picked":"Armaments","floor":8},{"not_picked":["Sentinel","Headbutt"],"picked":"Disarm","floor":10},{"not_picked":["Immolate","Clothesline"],"picked":"Body Slam","floor":12},{"not_picked":["Body Slam","Sword Boomerang","Pommel Strike"],"picked":"SKIP","floor":14},{"not_picked":["Fiend Fire","Demon Form+1"],"picked":"Impervious","floor":16},{"not_picked":["Body Slam+1","Whirlwind","Wild Strike"],"picked":"SKIP","floor":18},{"not_picked":["Body Slam","Havoc","Clash"],"picked":"SKIP","floor":20},{"not_picked":["Ghostly Armor","Cleave","Wild Strike"],"picked":"SKIP","floor":22},{"not_picked":["Ghostly Armor","Anger","Whirlwind"],"picked":"SKIP","floor":23},{"not_picked":["Demon Form+1","Warcry+1"],"picked":"Flame Barrier","floor":25},{"not_picked":["Rampage+1","Battle Trance","Clothesline"],"picked":"SKIP","floor":28},{"not_picked":["Sword Boomerang","Anger+1","Uppercut+1"],"picked":"SKIP","floor":29},{"not_picked":["Wild Strike","Anger","Flex"],"picked":"SKIP","floor":31},{"not_picked":["Flex","Clash"],"picked":"Flame Barrier","floor":35},{"not_picked":["Cleave+1","Inflame+1"],"picked":"Disarm+1","floor":36},{"not_picked":["Body Slam","Armaments","Flex+1"],"picked":"SKIP","floor":37},{"not_picked":["Second Wind","Anger+1","Flex"],"picked":"SKIP","floor":41},{"not_picked":["Thunderclap","Feel No Pain+1"],"picked":"Dual Wield","floor":45},{"not_picked":["Armaments","Brutality+1","Spot Weakness"],"picked":"SKIP","floor":47}],"player_experience":2644175,"relics_obtained":[{"floor":7,"key":"Red Skull"},{"floor":9,"key":"Frozen Egg 2"},{"floor":12,"key":"Shuriken"},{"floor":23,"key":"Kunai"},{"floor":25,"key":"War Paint"},{"floor":26,"key":"Blood Vial"},{"floor":45,"key":"Mango"},{"floor":47,"key":"Orichalcum"}],"event_choices":[{"damage_healed":0,"gold_gain":0,"player_choice":"Ignored","damage_taken":0,"max_hp_gain":0,"max_hp_loss":0,"event_name":"Liars Game","floor":2,"gold_loss":0},{"cards_removed":["Strike_R"],"damage_healed":0,"gold_gain":0,"player_choice":"Card Removal","damage_taken":7,"max_hp_gain":0,"max_hp_loss":0,"event_name":"Golden Wing","floor":4,"gold_loss":0},{"damage_healed":0,"gold_gain":0,"cards_transformed":["Strike_R","Strike_R"],"player_choice":"Became Test Subject","damage_taken":0,"max_hp_gain":0,"max_hp_loss":0,"event_name":"Drug Dealer","floor":21,"gold_loss":0,"cards_obtained":["Power Through","Corruption"]},{"cards_removed":["Bash"],"damage_healed":0,"gold_gain":0,"player_choice":"Card Removal","damage_taken":0,"max_hp_gain":0,"max_hp_loss":0,"event_name":"Wheel of Change","floor":24,"gold_loss":0},{"cards_removed":["Armaments"],"damage_healed":0,"gold_gain":0,"player_choice":"Removed Skill","damage_taken":0,"max_hp_gain":0,"max_hp_loss":0,"event_name":"Falling","floor":38,"gold_loss":0},{"damage_healed":0,"gold_gain":0,"player_choice":"Ignored","damage_taken":0,"max_hp_gain":0,"max_hp_loss":0,"event_name":"Tomb of Lord Red Mask","floor":39,"gold_loss":0},{"damage_healed":0,"gold_gain":0,"player_choice":"Fight","damage_taken":0,"max_hp_gain":0,"max_hp_loss":0,"event_name":"MindBloom","floor":45,"gold_loss":0},{"damage_healed":0,"gold_gain":0,"player_choice":"Ignored","damage_taken":0,"max_hp_gain":0,"max_hp_loss":0,"event_name":"Mysterious Sphere","floor":48,"gold_loss":0}],"is_beta":false,"boss_relics":[{"not_picked":["Empty Cage","Runic Dome"],"picked":"Cursed Key"},{"not_picked":["Runic Cube","Mark of Pain"],"picked":"Tiny House"}],"items_purged_floors":[5,19],"is_endless":false,"potions_floor_spawned":[8,10,12,16,20,23,25,33,35,45],"ascension_level":15}}