{"host":"4ih4fq53sefgqhvb","time":1614133096,"event":{"mods":["AchievementEnabler","Aspiration","Bard","BaseMod","BetterRewards","Colored Map","Colored Powertips","Conspire","Downfall","Googly Eyes","Hermit","Highlight Path","Hubris","Infinite Spire","Jedi Mod","Jorbs\u0027s Wanderer Trilogy","Marisa????????","Mimic Mod","Minty Spire (QoL Compilation)","Quick Restart","Relic Stats","Replay The Spire","Shop Mod","StSLib","The Animator","The Cursed","The Disciple","The Jungle","The Runesmith","The Servant 0.9.4"],"gold_per_floor":[99,112,126,145,171,187,187,197,207,233,27,41,41,26,45,45,45,45],"floor_reached":16,"language":"ENG","playtime":1285,"items_purged":[],"score":106,"play_id":"3e07ca87-2bb7-41ad-a06e-c1a75dc5788b","local_time":"20210223181816","is_ascension_mode":false,"campfire_choices":[{"floor":13.0,"key":"REST"}],"circlet_count":0,"master_deck":["sneckomod:Strike","sneckomod:Strike","sneckomod:Strike","sneckomod:Defend","sneckomod:Defend","sneckomod:Defend","sneckomod:TailWhip","sneckomod:SnekBite","sneckomod:Unknown","Madness","sneckomod:SoulDraw","sneckomod:IronFang","sneckomod:MasterEye","sneckomod:UnknownWeak","sneckomod:DiceBoulder","sneckomod:IronFang","sneckomod:DiceCrush","sneckomod:UnknownDraw","sneckomod:UnknownBlock","sneckomod:UnknownBlock","sneckomod:UnknownCommonAttack","sneckomod:UnknownStrike","sneckomod:UnknownX"],"relics":["sneckomod:SneckoSoul","FossilizedHelix","Letter Opener","Toy Ornithopter"],"acts_visited":[],"potions_floor_usage":[14,16,16],"damage_taken":[{"damage":6.0,"enemies":"Cultist","floor":2.0,"turns":3.0},{"damage":1.0,"enemies":"Jaw Worm","floor":3.0,"turns":3.0},{"damage":0.0,"enemies":"2 Louse","floor":4.0,"turns":2.0},{"damage":33.0,"enemies":"Exordium Thugs","floor":6.0,"turns":8.0},{"damage":1.0,"enemies":"conspire:2 RoseBushes","floor":8.0,"turns":7.0},{"damage":0.0,"enemies":"Large Slime","floor":9.0,"turns":5.0},{"damage":19.0,"enemies":"Gremlin Nob","floor":10.0,"turns":4.0},{"damage":0.0,"enemies":"downfall:FleeingMerchant","floor":11.0,"turns":4.0},{"damage":0.0,"enemies":"Red Slaver","floor":12.0,"turns":2.0},{"damage":0,"enemies":"downfall:FleeingMerchant","floor":14,"turns":4},{"damage":11,"enemies":"3 Louse","floor":15,"turns":4},{"damage":72,"enemies":"SI_SHIV_ARCHETYPE","floor":16,"turns":10}],"seed_played":"-6362450946887934148","potions_obtained":[{"floor":4.0,"key":"FearPotion"},{"floor":9.0,"key":"Ancient Potion"},{"floor":12.0,"key":"Languid Potion"},{"floor":15,"key":"sneckomod:OffclassReductionPotion"}],"is_trial":false,"path_per_floor":["R","M","M","M","T","M","T","M","M","E","$","M","R","$","M","B"],"character_chosen":"THE_SNECKO","items_purchased":["sneckomod:UnknownBlock","Toy Ornithopter"],"campfire_rested":1,"item_purchase_floors":[11,11],"current_hp_per_floor":[99,93,92,92,92,59,59,58,58,39,39,39,68,73,62,0,0,0],"gold":45,"neow_bonus":"TEN_PERCENT_HP_BONUS","is_daily":false,"chose_seed":false,"campfire_upgraded":0,"win_rate":0.0,"timestamp":1614133096,"path_taken":["R","M","M","M","?","M","T","M","M","E","$","M","R","?","M","BOSS"],"items_purchased_type":["Card","Relic"],"build_version":"2020-12-22","purchased_purges":0,"victory":false,"max_hp_per_floor":[99,99,99,99,99,99,99,99,99,99,99,99,99,99,99,99,99,99],"relic_stats":{"counters":[12,56],"Letter Opener":[26],"obtain_stats":[{"Letter Opener":10,"sneckomod:SneckoSoul":0,"FossilizedHelix":7,"Toy Ornithopter":11},{"Letter Opener":7,"sneckomod:SneckoSoul":0,"FossilizedHelix":4,"Toy Ornithopter":8},{"Letter Opener":32,"sneckomod:SneckoSoul":0,"FossilizedHelix":16,"Toy Ornithopter":36}],"Toy Ornithopter":15},"card_choices":[{"not_picked":["sneckomod:SoulRoll","sneckomod:QuickMove"],"picked":"sneckomod:SoulDraw","floor":2.0},{"not_picked":["sneckomod:UnknownCommonAttack","sneckomod:CheapStock"],"picked":"sneckomod:IronFang","floor":3.0},{"not_picked":["sneckomod:IronFang","sneckomod:UnknownUncommonAttack"],"picked":"sneckomod:MasterEye","floor":4.0},{"not_picked":["sneckomod:UnknownVulnerable","sneckomod:QuickMove"],"picked":"sneckomod:UnknownWeak","floor":6.0},{"not_picked":["sneckomod:QuickBite","sneckomod:ImprovisedAttack"],"picked":"sneckomod:DiceBoulder","floor":8.0},{"not_picked":["sneckomod:QuickMove","sneckomod:WideSting"],"picked":"sneckomod:IronFang","floor":9.0},{"not_picked":["sneckomod:UnendingSupply","sneckomod:SoulExchange"],"picked":"sneckomod:DiceCrush","floor":10.0},{"not_picked":["sneckomod:UnendingSupply","sneckomod:TrashToTreasure"],"picked":"sneckomod:UnknownDraw","floor":11.0},{"not_picked":["sneckomod:IronFang","sneckomod:RainOfDice"],"picked":"sneckomod:UnknownCommonAttack","floor":12.0},{"not_picked":["sneckomod:WideSting","sneckomod:UnknownUncommonPower"],"picked":"sneckomod:UnknownStrike","floor":14},{"not_picked":["sneckomod:UnknownCommonAttack","sneckomod:Unknown1Cost"],"picked":"sneckomod:UnknownX","floor":15}],"player_experience":1011958,"relics_obtained":[{"floor":7.0,"key":"FossilizedHelix"},{"floor":10.0,"key":"Letter Opener"}],"event_choices":[],"is_beta":false,"boss_relics":[],"items_purged_floors":[],"is_endless":false,"potions_floor_spawned":[4,9,12,15],"killed_by":"SI_SHIV_ARCHETYPE","ascension_level":0}}