{"host":"tgqjap25jvjx3f06","time":1614161538,"event":{"mods":["BaseMod","DeckTracker","Dota2Spire","Minty Spire (QoL Compilation)","Quick Restart","Relic Filter Mod","Replay The Spire","Shop Mod","StSLib","óô»ðÖ¸ÄÏ"],"gold_per_floor":[109,109,34,34,53,85,85,114,114,114,126,160,176,202,202,297,297,309,309,180,190,35,62,62,62,62],"floor_reached":25,"language":"ZHS","playtime":879,"items_purged":["Strike_P","Strike_P"],"score":326,"play_id":"e11ab912-299c-4c80-806c-0e2360563463","local_time":"20210224181218","is_ascension_mode":true,"campfire_choices":[{"data":"Eruption","floor":7.0,"key":"SMITH"},{"data":"Vault","floor":24,"key":"SMITH"}],"circlet_count":0,"master_deck":["Strike_P","Defend_P","Defend_P","Defend_P","Eruption+1","Vigilance","ForeignInfluence","WheelKick","Judgement","Devotion+1","Swivel","Vault+1","Replay:Battleflow+1","Replay:ManipulateFuture+1","Blasphemy"],"relics":["PureWater","NeowsBlessing","Letter Opener","Replay:Bottled Steam","Gremlin Food","HornCleat","Dota2Spire:MaskOfMadness","Odd Mushroom","Coffee Dripper","Philosopher\u0027s Stone","Runic Pyramid","MerchantsRug","Lee\u0027s Waffle","Eternal Feather"],"acts_visited":["Exordium","TheCity"],"potions_floor_usage":[23],"damage_taken":[{"damage":0.0,"enemies":"2 Louse","floor":1.0,"turns":1.0},{"damage":0.0,"enemies":"Jaw Worm","floor":5.0,"turns":1.0},{"damage":0.0,"enemies":"Gremlin Nob","floor":6.0,"turns":1.0},{"damage":22.0,"enemies":"Lagavulin","floor":8.0,"turns":5.0},{"damage":0.0,"enemies":"Cultist","floor":11.0,"turns":2.0},{"damage":5.0,"enemies":"3 Sentries","floor":12.0,"turns":5.0},{"damage":0.0,"enemies":"3 Louse","floor":13.0,"turns":3.0},{"damage":5.0,"enemies":"The Mushroom Lair","floor":14.0,"turns":3.0},{"damage":12.0,"enemies":"Hexaghost","floor":16.0,"turns":8.0},{"damage":0.0,"enemies":"Spheric Guardian","floor":18.0,"turns":1.0},{"damage":0,"enemies":"2 Thieves","floor":21,"turns":3},{"damage":0,"enemies":"Slavers","floor":23,"turns":3},{"damage":23,"enemies":"Gremlin Leader","floor":25,"turns":5}],"seed_played":"-4944166964801997089","potions_obtained":[{"floor":5.0,"key":"Weak Potion"},{"floor":6.0,"key":"SpeedPotion"},{"floor":13.0,"key":"SpeedPotion"},{"floor":16.0,"key":"Elixir"},{"floor":23,"key":"Fruit Juice"}],"is_trial":false,"path_per_floor":["M","?","$","?","M","E","R","E","T","?","M","E","M","?","R","B",null,"M","?","$","M","$","E","R","E"],"character_chosen":"WATCHER","items_purchased":["MerchantsRug","Lee\u0027s Waffle"],"campfire_rested":0,"item_purchase_floors":[20,22],"current_hp_per_floor":[72,77,77,77,77,77,77,55,55,55,55,50,50,45,45,33,77,77,77,77,77,84,89,89,66,66],"gold":62,"neow_bonus":"THREE_ENEMY_KILL","is_daily":false,"chose_seed":false,"campfire_upgraded":2,"win_rate":0.0,"timestamp":1614161538,"path_taken":["M","?","$","?","?","E","R","E","T","?","M","E","?","?","R","BOSS","M","?","$","?","?","E","R","E"],"items_purchased_type":["Relic","Relic"],"build_version":"2020-12-22","purchased_purges":2,"victory":false,"max_hp_per_floor":[72,77,77,77,77,77,77,77,77,77,77,77,77,77,77,77,77,77,77,77,77,84,89,89,89,89],"card_choices":[{"not_picked":["CrushJoints","ClearTheMind"],"picked":"Adaptation","floor":1.0},{"not_picked":["Conclude","CutThroughFate"],"picked":"ForeignInfluence","floor":5.0},{"not_picked":["CrushJoints","BattleHymn"],"picked":"WheelKick","floor":6.0},{"not_picked":["Sanctity","Prostrate"],"picked":"Judgement","floor":8.0},{"not_picked":["Nirvana","Replay:BluntJabs","FollowUp"],"picked":"SKIP","floor":11.0},{"not_picked":["BowlingBash","FlurryOfBlows","JustLucky"],"picked":"SKIP","floor":12.0},{"not_picked":["ReachHeaven","Nirvana","Replay:AtTheReady"],"picked":"SKIP","floor":13.0},{"not_picked":["Alpha","Ragnarok"],"picked":"Vault","floor":16.0},{"not_picked":["CutThroughFate","SashWhip+1"],"picked":"Replay:Battleflow+1","floor":18.0},{"not_picked":["BattleHymn","Halt"],"picked":"Replay:ManipulateFuture+1","floor":21},{"not_picked":["WaveOfTheHand","ThirdEye"],"picked":"Blasphemy","floor":23}],"player_experience":355184,"relics_obtained":[{"floor":6.0,"key":"Replay:Bottled Steam"},{"floor":8.0,"key":"Gremlin Food"},{"floor":9.0,"key":"HornCleat"},{"floor":12.0,"key":"Dota2Spire:MaskOfMadness"},{"floor":14.0,"key":"Odd Mushroom"},{"floor":23,"key":"Eternal Feather"}],"event_choices":[{"damage_healed":0.0,"max_hp_gain":5.0,"max_hp_loss":0.0,"gold_gain":0.0,"event_name":"Big Fish","player_choice":"Donut","floor":2.0,"gold_loss":0.0,"damage_taken":0.0},{"cards_removed":["Adaptation"],"damage_healed":0.0,"max_hp_gain":0.0,"max_hp_loss":0.0,"gold_gain":0.0,"event_name":"WeMeetAgain","player_choice":"Gave Card","floor":4.0,"gold_loss":0.0,"damage_taken":0.0,"relics_obtained":["Letter Opener"]},{"damage_healed":0.0,"max_hp_gain":0.0,"max_hp_loss":0.0,"gold_gain":0.0,"event_name":"Mushrooms","player_choice":"Fought Mushrooms","floor":14.0,"gold_loss":0.0,"damage_taken":0.0},{"damage_healed":0.0,"max_hp_gain":0.0,"max_hp_loss":0.0,"gold_gain":0.0,"event_name":"The Woman in Blue","player_choice":"Bought 0 Potions","floor":19.0,"gold_loss":0.0,"damage_taken":0.0}],"is_beta":false,"boss_relics":[{"not_picked":["Honey Jar","Kintsugi"],"picked":"Replay:Grab Bag"},{"not_picked":["ChewingGum","Busted Crown"],"picked":"Coffee Dripper"},{"not_picked":["SlaversCollar","Velvet Choker"],"picked":"Philosopher\u0027s Stone"},{"not_picked":["HolyWater","Empty Cage"],"picked":"Runic Pyramid"}],"items_purged_floors":[3,20],"is_endless":false,"potions_floor_spawned":[5,6,13,16,23],"killed_by":"Gremlin Leader","ascension_level":1}}