{"host":"7jbuhzz8yy5cuou7","time":1614180885,"event":{"mods":["AchievementEnabler","Act Like it!","BaseMod","Better Third Choice","Bossed Relics","Colored Map","Colored Powertips","Dark Map","DeckTracker","Minty Spire (QoL Compilation)","Permanent Neow","Quick Restart","Ruina","StSLib","The Cursed","The Hierophant","Weighted Paths"],"gold_per_floor":[113,123,140,140,160,189,189,189,189],"floor_reached":8,"language":"ENG","playtime":384,"items_purged":[],"score":70,"play_id":"716134fc-b6e1-4581-8372-391f0b582256","local_time":"20210224083445","is_ascension_mode":true,"campfire_choices":[{"floor":7,"key":"REST"}],"circlet_count":0,"master_deck":["Strike_G","Strike_G","Strike_G","Strike_G","Strike_G","Defend_G","Defend_G","Defend_G","Defend_G","Defend_G","Survivor","Neutralize","Catalyst","A Thousand Cuts","Dagger Spray","Deflect","Deflect"],"relics":["Ring of the Snake","Centennial Puzzle","Prayer Wheel","Pen Nib"],"acts_visited":["Exordium"],"potions_floor_usage":[2,6,6],"damage_taken":[{"damage":4,"enemies":"Small Slimes","floor":1,"turns":3},{"damage":0,"enemies":"Jaw Worm","floor":2,"turns":3},{"damage":1,"enemies":"2 Louse","floor":3,"turns":4},{"damage":26,"enemies":"Exordium Wildlife","floor":5,"turns":6},{"damage":14,"enemies":"3 Sentries","floor":6,"turns":6},{"damage":43,"enemies":"Gremlin Nob","floor":8,"turns":4}],"seed_played":"-1740550877199792900","potions_obtained":[{"floor":1,"key":"Fire Potion"},{"floor":3,"key":"SneckoOil"},{"floor":5,"key":"Block Potion"}],"is_trial":false,"path_per_floor":["M","M","M","?","M","E","R","E"],"character_chosen":"THE_SILENT","items_purchased":[],"campfire_rested":1,"item_purchase_floors":[],"current_hp_per_floor":[66,66,65,58,32,18,39,0,0],"gold":189,"neow_bonus":"RANDOM_COMMON_RELIC","is_daily":false,"chose_seed":false,"campfire_upgraded":0,"win_rate":0.0,"timestamp":1614180885,"path_taken":["M","M","M","?","M","E","R","E"],"items_purchased_type":[],"build_version":"2020-12-22","purchased_purges":0,"victory":false,"max_hp_per_floor":[70,70,70,70,70,70,70,70,70],"card_choices":[{"not_picked":["Deadly Poison","Predator"],"picked":"Catalyst","floor":1},{"not_picked":["Prepared","Backflip"],"picked":"A Thousand Cuts","floor":2},{"not_picked":["Deflect","Choke"],"picked":"Dagger Spray","floor":3},{"not_picked":["Bane","Accuracy"],"picked":"Deflect","floor":5},{"not_picked":["Deflect","Deadly Poison","Dagger Throw"],"picked":"SKIP","floor":5},{"not_picked":["Tools of the Trade","PiercingWail"],"picked":"Deflect","floor":6}],"player_experience":441104,"relics_obtained":[{"floor":6,"key":"Pen Nib"}],"event_choices":[{"damage_healed":0,"gold_gain":0,"player_choice":"Relic ","damage_taken":7,"max_hp_gain":0,"max_hp_loss":0,"event_name":"betterThird:BetterScrap","floor":4,"gold_loss":0,"cards_obtained":["Swivel"]}],"is_beta":false,"boss_relics":[],"items_purged_floors":[],"is_endless":false,"potions_floor_spawned":[1,3,5],"killed_by":"Gremlin Nob","ascension_level":4}}