{"host":"j91vuht9qegouwcc","time":1614176697,"event":{"mods":["100% Spire Juice","Act Like it!","BaseMod","Better Skull","Koishi","Minty Spire (QoL Compilation)","StSLib","The Bug Knight","The Cursed","The Marked","The Servant 0.9.4","TheSwordswoman"],"gold_per_floor":[117,117,137,137,137,165,165,165,165,15,30,44,55,68,68,169,169,181,210,210,60,60,60,60],"floor_reached":23,"language":"ENG","playtime":1869,"items_purged":["Parasite"],"score":214,"play_id":"55d9c81f-7416-4c25-9a9f-83ab5ce6edb2","local_time":"20210224152457","is_ascension_mode":false,"campfire_choices":[{"floor":7,"key":"REST"},{"data":"HollowMod:CycloneSlash","floor":15,"key":"SMITH"}],"circlet_count":0,"master_deck":["HollowMod:NailStrikeStart","HollowMod:NailStrikeStart","HollowMod:QuickDashStart","HollowMod:QuickDashStart","HollowMod:QuickDashStart","HollowMod:FocusHealStart","HollowMod:PogoStrike","HollowMod:Grubsong","HollowMod:LifebloodCocoon","HollowMod:CycloneSlash+1","HollowMod:DesolateDive","HollowMod:ChannelNail","HollowMod:HeavyBlow","HollowMod:SoulStrike","HollowMod:VengefulSpirit","HollowMod:SoulMaster","HollowMod:SharpenedNail","HollowMod:SoulEater+1","HollowMod:MantisMark"],"relics":["HollowMod:VesselMask","Boot","Bird Faced Urn","Runic Pyramid","HollowMod:GreatKnightMask","HollowMod:StagPassRelic"],"acts_visited":["Exordium","TheCity"],"potions_floor_usage":[16,16,16],"damage_taken":[{"damage":5,"enemies":"2 Louse","floor":1,"turns":3},{"damage":3,"enemies":"Small Slimes","floor":3,"turns":4},{"damage":71,"enemies":"Gremlin Nob","floor":6,"turns":6},{"damage":2,"enemies":"Jaw Worm","floor":11,"turns":2},{"damage":11,"enemies":"Large Slime","floor":12,"turns":7},{"damage":6,"enemies":"Blue Slaver","floor":13,"turns":3},{"damage":0,"enemies":"2 Fungi Beasts","floor":14,"turns":2},{"damage":47,"enemies":"The Guardian","floor":16,"turns":12},{"damage":28,"enemies":"Spheric Guardian","floor":18,"turns":4},{"damage":0,"enemies":"HollowMod:Zote","floor":19,"turns":2},{"damage":51,"enemies":"Slavers","floor":23,"turns":2}],"seed_played":"6687681555429536744","potions_obtained":[{"floor":3,"key":"Explosive Potion"},{"floor":12,"key":"SneckoOil"},{"floor":14,"key":"Dexterity Potion"}],"is_trial":false,"path_per_floor":["M","?","M","?","?","E","R","?","T","$","M","M","M","M","R","B",null,"M","?","?","?","$","E"],"character_chosen":"THE_BUGKNIGHT","items_purchased":["HollowMod:DesolateDive"],"campfire_rested":1,"item_purchase_floors":[10],"current_hp_per_floor":[72,72,75,68,68,9,31,49,49,49,47,44,38,38,38,3,72,44,44,44,44,44,0,0],"gold":60,"neow_bonus":"TRANSFORM_CARD","is_daily":false,"chose_seed":false,"campfire_upgraded":1,"win_rate":0.0,"timestamp":1614176697,"path_taken":["M","?","M","?","?","E","R","?","T","$","M","M","?","M","R","BOSS","M","?","?","?","$","E"],"items_purchased_type":["Card"],"build_version":"2020-12-22","purchased_purges":1,"victory":false,"max_hp_per_floor":[75,75,75,75,75,75,75,75,75,72,72,72,72,72,72,72,72,72,72,72,72,72,72,72],"card_choices":[{"not_picked":["HollowMod:InfectedCysts","HollowMod:Grubsong","HollowMod:TaintedHusks"],"picked":"SKIP","floor":1},{"not_picked":["HollowMod:InfectedAttack","HollowMod:PureNailStrike"],"picked":"HollowMod:LifebloodCocoon","floor":3},{"not_picked":["HollowMod:CornifersMapStart","HollowMod:MidwifesHunger"],"picked":"HollowMod:CycloneSlash","floor":6},{"not_picked":["HollowMod:Grubsong","HollowMod:AbyssShriek"],"picked":"HollowMod:ChannelNail","floor":11},{"not_picked":["HollowMod:AbyssShriek","HollowMod:InfectedAttack"],"picked":"HollowMod:HeavyBlow","floor":12},{"not_picked":["HollowMod:BlackTendrils","HollowMod:SharpenedShadows"],"picked":"HollowMod:SoulStrike","floor":13},{"not_picked":["HollowMod:VengefulVoid","HollowMod:ShapeofUnn"],"picked":"HollowMod:VengefulSpirit","floor":14},{"not_picked":["HollowMod:MidwifesHunger","HollowMod:theNailsmith"],"picked":"HollowMod:SoulMaster","floor":16},{"not_picked":["HollowMod:TaintedHusks","HollowMod:CoiledNail+1"],"picked":"HollowMod:SharpenedNail","floor":18},{"not_picked":["HollowMod:TaintedHusks","HollowMod:MothsMistake"],"picked":"HollowMod:SoulEater+1","floor":19}],"player_experience":12128,"relics_obtained":[{"floor":6,"key":"Boot"},{"floor":9,"key":"Bird Faced Urn"},{"floor":19,"key":"HollowMod:GreatKnightMask"}],"event_choices":[{"cards_removed":["HollowMod:NailStrikeStart"],"damage_healed":0,"gold_gain":0,"player_choice":"Forget","damage_taken":0,"max_hp_gain":0,"max_hp_loss":0,"event_name":"Living Wall","floor":2,"gold_loss":0},{"cards_removed":["HollowMod:QuickDashStart"],"damage_healed":0,"gold_gain":0,"player_choice":"Card Removal","damage_taken":7,"max_hp_gain":0,"max_hp_loss":0,"event_name":"Golden Wing","floor":4,"gold_loss":0},{"damage_healed":0,"gold_gain":0,"player_choice":"Ignored","damage_taken":0,"max_hp_gain":0,"max_hp_loss":0,"event_name":"Golden Idol","floor":5,"gold_loss":0},{"damage_healed":18,"gold_gain":0,"player_choice":"Healed and dodged fight","damage_taken":0,"max_hp_gain":0,"max_hp_loss":0,"event_name":"Mushrooms","floor":8,"gold_loss":0,"cards_obtained":["Parasite"]},{"damage_healed":0,"gold_gain":0,"player_choice":"Read","damage_taken":0,"max_hp_gain":0,"max_hp_loss":0,"event_name":"The Library","floor":20,"gold_loss":0,"cards_obtained":["HollowMod:MantisMark"]}],"is_beta":false,"boss_relics":[{"not_picked":["SacredBark","Astrolabe"],"picked":"Runic Pyramid"}],"items_purged_floors":[10],"is_endless":false,"potions_floor_spawned":[3,12,14],"killed_by":"Slavers","ascension_level":0}}