{"host":"t5kis9necmbui802","time":1614131747,"event":{"mods":["100% Spire Juice","Act Like it!","BaseMod","CapriCore","Chen","Colored Powertips","Downfall","Gensokyo","HololiveMod","Koishi","KomeijiMod","Lobotomy","LobotomyExtend","Minty Spire (QoL Compilation)","MostiFishMod","Replay The Spire","Robot Space Explorer","Shop Mod","Spicy Shops","StSLib","The Alterego","The Immortal","TheWitcher","Uncapped","Yuri Mod","noobMod"],"gold_per_floor":[99,119,219,246,246,84,130,167,79,121,133,145,175,230,142,179,219,342,354,366,406,443,116,366,392,392,0,0,0,20,34,91,122,141,244,244,144,164,164,74,51,1,1,1,1,1,36,48,55,81,91,91,91,91,117,64,64,64,64],"floor_reached":60,"language":"ZHS","playtime":2987,"items_purged":["hexamod:SixthSeal"],"score":1593,"play_id":"4e6ae0c8-fa51-436c-b67e-5ac96aae5779","local_time":"20210224095547","is_ascension_mode":true,"campfire_choices":[{"floor":1,"key":"RECALL"},{"data":"hexamod:NecessarySacrifice","floor":9,"key":"SMITH"},{"data":"hexamod:HexaLevel","floor":15,"key":"SMITH"},{"data":"hexamod:VolcanoVisage","floor":28,"key":"SMITH"},{"data":"hexamod:HexaLevel","floor":37,"key":"SMITH"},{"data":"Gensokyo:GreaterSplit","floor":45,"key":"SMITH"},{"data":"expansioncontent:QuickStudy","floor":57,"key":"SMITH"}],"circlet_count":0,"master_deck":["hexamod:Strike+1","hexamod:Strike+1","hexamod:Strike+1","hexamod:Defend+1","hexamod:Defend+1","hexamod:Defend+1","hexamod:Sear+1","hexamod:NightmareGuise+1","hexamod:GhostflameBarrier+1","hexamod:NecessarySacrifice+1","hexamod:ExtraCrispy+1","hexamod:RainOfEmbers+1","hexamod:HexaLevel+1","hexamod:VolcanoVisage+1","hexamod:SwordOfDarkness+1","hexamod:GhostOfSpirePast+1","hexamod:BacktrackSmack+1","Apotheosis+1","hexamod:ForkedFlame","hexamod:HexaLevel+1","hexamod:RainOfEmbers+1","hexamod:ExtraCrispy+1","hexamod:WildfireWeapon","Gensokyo:CustomPotion","Gensokyo:GreaterSplit+1","Doubt","hexamod:GhostflameInferno","hexamod:FlamesFromBeyond+1","hexamod:RainOfEmbers+1","hexamod:RadiantFlame+1","expansioncontent:QuickStudy+1","expansioncontent:LastStand","hexamod:TimeWarp"],"relics":["hexamod:SpiritBrand","DaveBox","ice","ChiXiaoBlade","LetterFromLob","Replay:Mystery Machine","downfall:HeartBlessingRed","Singing Bowl","downfall:HeartBlessingBlue","NightmareShop","BionicSphere","MerchantsRug","Meat on the Bone","hexamod:TheBrokenSeal","PatriotShield","downfall:HeartBlessingGreen","Membership Card","Shuriken","Blue Doll","Juzu Bracelet","Darkstone Periapt","Mirror","Pantograph","Orichalcum","Du-Vu Doll"],"acts_visited":["Exordium","Gensokyo:Gensokyoer","Gensokyo:Gensokyoest","TheEnding"],"potions_floor_usage":[18,18,18,23,35],"damage_taken":[{"damage":1,"enemies":"Jaw Worm","floor":2,"turns":3},{"damage":15,"enemies":"Small Slimes","floor":4,"turns":3},{"damage":0,"enemies":"downfall:FleeingMerchant","floor":6,"turns":4},{"damage":20,"enemies":"3 Sentries","floor":8,"turns":11},{"damage":14,"enemies":"Gremlin Nob","floor":10,"turns":5},{"damage":2,"enemies":"2 Louse","floor":13,"turns":3},{"damage":11,"enemies":"3 Sentries","floor":14,"turns":8},{"damage":5,"enemies":"Lots of Slimes","floor":16,"turns":5},{"damage":12,"enemies":"downfall:LooterAlt","floor":17,"turns":4},{"damage":7,"enemies":"DF_ARCHETYPE_STREAMLINE","floor":18,"turns":6},{"damage":15,"enemies":"Gensokyo:AngelMirror","floor":21,"turns":4},{"damage":29,"enemies":"Gensokyo:CosmicMonolith","floor":22,"turns":4},{"damage":0,"enemies":"downfall:FleeingMerchant","floor":23,"turns":4},{"damage":19,"enemies":"Gensokyo:Slime_Group","floor":25,"turns":4},{"damage":0,"enemies":"Gensokyo:3_Gloops","floor":30,"turns":4},{"damage":0,"enemies":"Gensokyo:Wraith","floor":31,"turns":3},{"damage":0,"enemies":"downfall:FleeingMerchant","floor":32,"turns":4},{"damage":2,"enemies":"Gensokyo:Koishi","floor":33,"turns":4},{"damage":5,"enemies":"Gensokyo:Slime_Group","floor":34,"turns":3},{"damage":25,"enemies":"SI_MIRROR_ARCHETYPE","floor":35,"turns":7},{"damage":13,"enemies":"Gensokyo:3_Boulders","floor":38,"turns":3},{"damage":0,"enemies":"downfall:FleeingMerchant","floor":41,"turns":2},{"damage":0,"enemies":"Gensokyo:Kasen","floor":47,"turns":4},{"damage":0,"enemies":"Gensokyo:3_Bats","floor":48,"turns":2},{"damage":0,"enemies":"Gensokyo:Dusk_and_Dawn","floor":49,"turns":2},{"damage":0,"enemies":"Gensokyo:Marisa","floor":50,"turns":3},{"damage":0,"enemies":"Gensokyo:Rafflesia","floor":51,"turns":3},{"damage":3,"enemies":"WA_ARCHETYPE_DIVINITY","floor":52,"turns":3},{"damage":0,"enemies":"downfall:CharBossMerchant","floor":55,"turns":3},{"damage":0,"enemies":"downfall:NeowBoss","floor":58,"turns":7},{"damage":0,"enemies":"downfall:NeowBossFinal","floor":59,"turns":4}],"seed_played":"-5292953457507505189","potions_obtained":[{"floor":2,"key":"Strength Potion"},{"floor":4,"key":"Fire Potion"},{"floor":8,"key":"SkillPotion"},{"floor":21,"key":"SpeedPotion"},{"floor":22,"key":"Slimebound:ThreeZeroPotion"},{"floor":23,"key":"Elixir"},{"floor":25,"key":"DuplicationPotion"},{"floor":30,"key":"CultistPotion"},{"floor":34,"key":"hexamod:EctoCoolerPotion"},{"floor":38,"key":"Toxic Potion"},{"floor":47,"key":"Swift Potion"}],"is_trial":false,"path_per_floor":["R","M","?","M","?","$","T","E","R","E","PTL","PTL","M","E","R","M","M","B",null,"R","M","M","$","?","M","T","?","R","T","M","M","$","E","M","B",null,"R","M","?","?","$","COS","T","?","R","?","E","M","M","E","M","B",null,null,"E","$","R","B","B",null],"character_chosen":"THE_SPIRIT","items_purchased":["Replay:Mystery Machine","Apotheosis","BionicSphere","MerchantsRug","Membership Card","Shuriken","Blue Doll","Juzu Bracelet","expansioncontent:QuickStudy","expansioncontent:LastStand","Du-Vu Doll"],"campfire_rested":0,"item_purchase_floors":[6,23,23,23,41,41,41,41,56,56,56],"current_hp_per_floor":[77,76,76,61,61,61,61,41,41,27,27,27,25,14,24,21,11,4,91,91,76,47,95,90,75,75,75,75,75,79,88,88,88,90,141,141,141,130,130,130,132,132,132,138,138,138,140,142,142,142,144,166,166,172,172,172,172,174,176],"gold":64,"neow_bonus":"TEN_PERCENT_HP_BONUS","is_daily":false,"chose_seed":false,"campfire_upgraded":6,"win_rate":0.0,"timestamp":1614131747,"path_taken":["R","M","?","M","?","$","T","E","R","E","PTL","PTL","M","E","R","M","M","BOSS","R","M","M","?","?","?","T","?","R","?","M","M","$","E","M","BOSS","R","M","?","?","?","COS","T","?","R","?","E","M","M","E","M","BOSS","E","$","R","BOSS","BOSS"],"items_purchased_type":["Relic","Card","Relic","Relic","Relic","Relic","Relic","Relic","Card","Card","Relic"],"build_version":"2020-12-22","purchased_purges":1,"victory":true,"max_hp_per_floor":[77,77,77,77,77,77,77,77,77,77,77,77,77,77,87,89,91,91,91,91,91,91,95,90,97,97,97,97,97,102,108,113,118,120,141,141,141,146,146,146,148,148,148,154,154,154,160,163,163,169,172,172,172,172,173,173,173,176,180],"card_choices":[{"not_picked":["hexamod:SoulSteal","hexamod:NightmareGuise"],"picked":"hexamod:SecondSeal","floor":2},{"not_picked":["hexamod:InspiringFlames","hexamod:NightmareStrike"],"picked":"hexamod:NightmareGuise","floor":4},{"not_picked":["hexamod:GhostShield","hexamod:ChargedBarrage"],"picked":"hexamod:GhostflameBarrier","floor":6},{"not_picked":["hexamod:RetreatToShadows","hexamod:ChargedBarrage"],"picked":"hexamod:NecessarySacrifice","floor":8},{"not_picked":["hexamod:BacktrackSmack","hexamod:AdvancingGuard"],"picked":"hexamod:ExtraCrispy","floor":10},{"not_picked":["hexamod:BacktrackSmack","hexamod:Again"],"picked":"hexamod:RainOfEmbers","floor":13},{"not_picked":["hexamod:FastForward","hexamod:NightmareStrike"],"picked":"hexamod:HexaLevel","floor":14},{"not_picked":["hexamod:FlamesFromBeyond","hexamod:AdvancingGuard","hexamod:ThermalTransfer"],"picked":"Singing Bowl","floor":16},{"not_picked":["hexamod:SwordOfDarkness","hexamod:SoulSteal","hexamod:AdvancingGuard"],"picked":"Singing Bowl","floor":17},{"not_picked":["hexamod:GiftsFromTheDead","hexamod:ForkedFlame"],"picked":"hexamod:FifthSeal","floor":18},{"not_picked":["hexamod:FirstSeal","hexamod:SecondSeal"],"picked":"hexamod:FourthSeal","floor":21},{"not_picked":["hexamod:SpectersWail","hexamod:SkipABeat+1"],"picked":"hexamod:GhostOfSpirePast+1","floor":21},{"not_picked":["hexamod:FirstSeal","hexamod:SecondSeal"],"picked":"hexamod:ThirdSeal","floor":22},{"not_picked":["hexamod:ThermalTransfer","hexamod:Hexaguard"],"picked":"hexamod:BacktrackSmack+1","floor":22},{"not_picked":["hexamod:Firestarter","hexamod:ThermalTransfer","hexamod:Haunt"],"picked":"Singing Bowl","floor":23},{"not_picked":["hexamod:FirstSeal","hexamod:ThirdSeal"],"picked":"hexamod:SixthSeal","floor":23},{"not_picked":["hexamod:SpectersWail","hexamod:GhostShield","hexamod:HeatShield"],"picked":"Singing Bowl","floor":23},{"not_picked":["hexamod:SecondSeal","hexamod:ThirdSeal"],"picked":"hexamod:SixthSeal","floor":25},{"not_picked":["hexamod:FourthSeal","hexamod:AdvancingGuard","hexamod:Hexaguard"],"picked":"Singing Bowl","floor":25},{"not_picked":["hexamod:SwordOfDarkness","hexamod:EtherealExpedition","hexamod:HeatMetal"],"picked":"Singing Bowl","floor":25},{"not_picked":["hexamod:GhostOfSpirePast","hexamod:NightmareStrike","hexamod:DynamicBlow"],"picked":"Singing Bowl","floor":30},{"not_picked":["hexamod:SecondSeal","hexamod:ThirdSeal"],"picked":"hexamod:FirstSeal","floor":30},{"not_picked":["hexamod:Rewind","hexamod:RadiantFlame","hexamod:SwordOfDarkness"],"picked":"Singing Bowl","floor":30},{"not_picked":["hexamod:GhostShield","hexamod:CatchUp+1","hexamod:NightmareGuise"],"picked":"Singing Bowl","floor":31},{"not_picked":["hexamod:TimeWarp","hexamod:BacktrackSmack"],"picked":"hexamod:HexaLevel","floor":32},{"not_picked":["hexamod:ShieldOfDarkness","hexamod:Hexaguard","hexamod:Haunt+1"],"picked":"Singing Bowl","floor":33},{"not_picked":["hexamod:FlamesFromBeyond+1","hexamod:ShieldOfDarkness"],"picked":"hexamod:RainOfEmbers+1","floor":34},{"not_picked":["hexamod:NightmareStrike+1","hexamod:HeatMetal+1"],"picked":"hexamod:ExtraCrispy+1","floor":34},{"not_picked":["hexamod:SearingWound","hexamod:GiftsFromTheDead"],"picked":"hexamod:WildfireWeapon","floor":35},{"not_picked":["hexamod:GhostLash+1","hexamod:ChargedBarrage","hexamod:ThermalTransfer+1"],"picked":"Singing Bowl","floor":38},{"not_picked":["hexamod:PhantomCloak","hexamod:AdvancingGuard","hexamod:InspiringFlames"],"picked":"Singing Bowl","floor":41},{"not_picked":["hexamod:AdvancingGuard","hexamod:SkipABeat+1","hexamod:ThermalTransfer"],"picked":"Singing Bowl","floor":47},{"not_picked":["hexamod:NightmareGuise+1","hexamod:FirstSeal","hexamod:PhantomFireball"],"picked":"Singing Bowl","floor":48},{"not_picked":["hexamod:RainOfEmbers","hexamod:SoulSteal"],"picked":"hexamod:FlamesFromBeyond+1","floor":49},{"not_picked":["hexamod:FirstSeal","hexamod:SpectersWail"],"picked":"hexamod:RainOfEmbers+1","floor":50},{"not_picked":["hexamod:NightmareStrike","hexamod:GhostLash","hexamod:NightmareGuise"],"picked":"Singing Bowl","floor":51},{"not_picked":["hexamod:ChargedBarrage+1","hexamod:FlamesFromBeyond"],"picked":"hexamod:RadiantFlame+1","floor":55}],"player_experience":449881,"relics_obtained":[{"floor":2,"key":"LetterFromLob"},{"floor":8,"key":"MawBank"},{"floor":10,"key":"Singing Bowl"},{"floor":14,"key":"Dream Catcher"},{"floor":26,"key":"Bottled Flame"},{"floor":29,"key":"Meat on the Bone"},{"floor":33,"key":"Replay:Bottled Eggs"},{"floor":43,"key":"Darkstone Periapt"},{"floor":47,"key":"Mirror"},{"floor":50,"key":"Pantograph"},{"floor":55,"key":"Orichalcum"}],"event_choices":[],"is_beta":false,"boss_relics":[{"not_picked":["Abe\u0027s Treasure","EE1DDrone"],"picked":"NightmareShop"},{"not_picked":["Sozu","Replay:Wanted Poster"],"picked":"PatriotShield"}],"items_purged_floors":[41],"is_endless":false,"potions_floor_spawned":[2,4,8,14,17,21,31,33,34,38,47,48,50],"ascension_level":1}}