{"host":"0r455zfix56tawas","time":1614187874,"event":{"mods":["AlwaysNeverKeys","BaseMod","Colored Powertips","Downfall","Highlight Path","Minty Spire (QoL Compilation)","Permanent Neow","StSLib","The Necromancer","The Servant 0.9.4"],"gold_per_floor":[112,127,127,153,171,171,17,35,58,73,73,85,85,98,98,198,198,211,310,327,337,347,347,262,262,313,331,331,345,360,380,380,480,480,495,211,222,240,260,260,273,273,297,350,366,397,397,430,430,430],"floor_reached":51,"language":"ENG","playtime":2241,"items_purged":["Strike_W","Strike_W"],"score":707,"play_id":"0ce97899-35ee-4003-b94d-c6a278a11c55","local_time":"20210224183114","is_ascension_mode":false,"campfire_choices":[{"data":"Apotheosis","floor":6,"key":"SMITH"},{"data":"Summon_Undead_Army","floor":11,"key":"SMITH"},{"data":"Summon_Vampire_Lady","floor":15,"key":"SMITH"},{"data":"Summon_Undead","floor":23,"key":"SMITH"},{"data":"Summon_Undead","floor":25,"key":"SMITH"},{"data":"Summon_Death_Knight","floor":32,"key":"SMITH"},{"data":"Summon_Vampire_Lady","floor":40,"key":"SMITH"},{"floor":42,"key":"REST"},{"data":"Summon_Undead_Army","floor":47,"key":"SMITH"},{"data":"Uncharnel","floor":49,"key":"SMITH"}],"circlet_count":0,"master_deck":["Strike_W","Strike_W","Defend_W","Defend_W","Defend_W","Defend_W","Negative_Energy_Arrows","Bone_Wall","Apotheosis+1","Exploit","Death_March_Dance","Negative_Energy_Sphere","Summon_Undead_Army+1","Uncharnel","Negative_Energy_Shield","Summon_Vampire_Lady+1","Hellfire","CurseOfTheBell","Summon_Undead+1","Summon_Undead_Army+1","Summon_Undead+1","Summon_Death_Knight+1","Spectral_Armor","Summon_Vampire_Lady+1","Summon_Death_Knight+1","Uncharnel+1","Spectral_Armor+1","Negative_Energy_Shield","Uncharnel+1","Spectral_Walk"],"relics":["Vampire_Amulet","Nunchaku","Oddly Smooth Stone","Calling Bell","Bag of Marbles","Ornamental Fan","Pocketwatch","Sundial","Dream Catcher","SlaversCollar","DollysMirror","Bronze Scales","Mango","Juzu Bracelet","PreservedInsect"],"acts_visited":["Exordium","TheCity","TheBeyond"],"potions_floor_usage":[12,27,50,50,50],"damage_taken":[{"damage":3,"enemies":"Cultist","floor":1,"turns":4},{"damage":5,"enemies":"Jaw Worm","floor":2,"turns":5},{"damage":0,"enemies":"Small Slimes","floor":5,"turns":4},{"damage":0,"enemies":"Looter","floor":8,"turns":3},{"damage":0,"enemies":"2 Fungi Beasts","floor":10,"turns":4},{"damage":0,"enemies":"Exordium Wildlife","floor":12,"turns":3},{"damage":21,"enemies":"Lots of Slimes","floor":14,"turns":4},{"damage":5,"enemies":"The Guardian","floor":16,"turns":9},{"damage":12,"enemies":"2 Thieves","floor":18,"turns":4},{"damage":6,"enemies":"Shell Parasite","floor":20,"turns":4},{"damage":7,"enemies":"Cultist and Chosen","floor":21,"turns":4},{"damage":37,"enemies":"Shelled Parasite and Fungi","floor":22,"turns":4},{"damage":7,"enemies":"Snecko","floor":27,"turns":4},{"damage":37,"enemies":"Colosseum Slavers","floor":28,"turns":5},{"damage":11,"enemies":"3 Cultists","floor":29,"turns":5},{"damage":5,"enemies":"Chosen and Byrds","floor":30,"turns":4},{"damage":19,"enemies":"Snake Plant","floor":31,"turns":3},{"damage":23,"enemies":"Collector","floor":33,"turns":8},{"damage":7,"enemies":"3 Shapes","floor":35,"turns":5},{"damage":5,"enemies":"Orb Walker","floor":37,"turns":2},{"damage":30,"enemies":"Jaw Worm Horde","floor":38,"turns":4},{"damage":9,"enemies":"4 Shapes","floor":39,"turns":6},{"damage":48,"enemies":"Writhing Mass","floor":41,"turns":5},{"damage":41,"enemies":"2 Orb Walkers","floor":44,"turns":6},{"damage":10,"enemies":"Transient","floor":45,"turns":5},{"damage":29,"enemies":"Giant Head","floor":46,"turns":9},{"damage":48,"enemies":"Reptomancer","floor":48,"turns":6},{"damage":43,"enemies":"Donu and Deca","floor":50,"turns":8}],"seed_played":"-8598032070078736962","potions_obtained":[{"floor":5,"key":"champ:CounterPotion"},{"floor":8,"key":"champ:CounterPotion"},{"floor":10,"key":"BlessingOfTheForge"},{"floor":16,"key":"PowerPotion"},{"floor":22,"key":"PowerPotion"},{"floor":31,"key":"SmokeBomb"},{"floor":33,"key":"Dexterity Potion"}],"is_trial":false,"path_per_floor":["M","M","?","T","M","R","$","M","T","M","R","M","$","M","R","B",null,"M","?","M","M","M","R","?","R","T","M","?","M","M","M","R","B",null,"M","$","M","M","M","R","M","R","T","?","M","E","R","E","R","B",null],"character_chosen":"NECROMANCER","items_purchased":["Summon_Undead_Army","DollysMirror","Uncharnel"],"campfire_rested":1,"item_purchase_floors":[7,36,36],"current_hp_per_floor":[74,71,71,71,75,75,75,75,75,75,75,75,75,73,73,75,75,67,67,72,75,48,48,48,48,48,49,31,44,43,35,35,63,75,75,75,72,57,59,59,31,53,53,45,61,85,85,83,83,89],"gold":430,"neow_bonus":"RANDOM_COLORLESS_2","is_daily":false,"chose_seed":false,"campfire_upgraded":9,"win_rate":0.0,"timestamp":1614187874,"path_taken":["M","?","?","?","M","R","?","M","T","M","R","M","$","M","R","BOSS","M","?","M","M","M","R","?","R","T","M","?","?","M","M","R","BOSS","M","?","M","?","M","R","M","R","T","?","M","E","R","E","R","BOSS"],"items_purchased_type":["Card","Relic","Card"],"build_version":"2020-12-22","purchased_purges":2,"victory":true,"max_hp_per_floor":[75,75,75,75,75,75,75,75,75,75,75,75,75,75,75,75,75,75,75,75,75,75,75,75,75,75,75,75,75,75,75,75,75,75,75,75,75,75,75,75,75,75,75,89,89,89,89,89,89,89],"card_choices":[{"not_picked":["The Bomb","Metamorphosis"],"picked":"Apotheosis","floor":0},{"not_picked":["Death_Coil","Bone_Prison"],"picked":"Exploit","floor":1},{"not_picked":["Blood_Curse","Life_Tap"],"picked":"Death_March_Dance","floor":2},{"not_picked":["Death_Coil","Chill_Blood"],"picked":"Negative_Energy_Sphere","floor":5},{"not_picked":["Negative_Energy_Sphere","Finger_Of_Death"],"picked":"Uncharnel","floor":8},{"not_picked":["Bone_Shift","Bone_Armor"],"picked":"Negative_Energy_Shield","floor":10},{"not_picked":["Thousand_Bone_Knives","Toxic_Smoke_Screen"],"picked":"Summon_Vampire_Lady","floor":12},{"not_picked":["Bone_Shift","Corrupt","Bone_Spikes"],"picked":"SKIP","floor":14},{"not_picked":["Negative_Energy_Bomb","Blood_Magic"],"picked":"Hellfire","floor":16},{"not_picked":["Corrupt","Thousand_Bone_Knives","Blood_Whip"],"picked":"SKIP","floor":18},{"not_picked":["Pandemic+1","Finger_Of_Death"],"picked":"Summon_Undead","floor":20},{"not_picked":["Epidemic","Toxic_Smoke_Screen"],"picked":"Summon_Undead_Army","floor":21},{"not_picked":["Bones_to_Steel+1","Bone_Spikes"],"picked":"Summon_Undead","floor":22},{"not_picked":["Negative_Energy_Shield","Blood_for_Blood+1"],"picked":"Summon_Death_Knight","floor":27},{"not_picked":["Blood_Whip+1","Consume_Illness+1","Negative_Energy_Sphere"],"picked":"SKIP","floor":29},{"not_picked":["Bone_Bullets+1","Negative_Energy_Javelin"],"picked":"Spectral_Armor","floor":30},{"not_picked":["Finger_Of_Death","Death_Knell+1","Slay_Living"],"picked":"SKIP","floor":31},{"not_picked":["Negative_Energy_Bomb","Hellfire"],"picked":"Summon_Vampire_Lady","floor":33},{"not_picked":["Necromantic_Selection","Negative_Energy_Mist","Flesh_Made_Foul"],"picked":"SKIP","floor":35},{"not_picked":["Pandemic+1","Life_Tap"],"picked":"Spectral_Armor+1","floor":37},{"not_picked":["Negative_Energy_Javelin+1","Blood_Curse","Finger_Of_Death+1"],"picked":"SKIP","floor":38},{"not_picked":["Chill_Blood+1","Death_Coil"],"picked":"Negative_Energy_Shield","floor":39},{"not_picked":["Blood_Shield","Death_Knell"],"picked":"Uncharnel+1","floor":41},{"not_picked":["Strike_from_Beyond+1","Blood_Whip+1"],"picked":"Spectral_Walk","floor":42},{"not_picked":["Bone_Bullets","Bones_to_Steel+1","Summon_Lich"],"picked":"SKIP","floor":45},{"not_picked":["Thousand_Bone_Knives","Negative_Energy_Bomb","Bone_Shift+1"],"picked":"SKIP","floor":46},{"not_picked":["Bone_Shift+1","Death_Knell+1","Negative_Energy_Javelin"],"picked":"SKIP","floor":48}],"player_experience":1031642,"relics_obtained":[{"floor":4,"key":"Nunchaku"},{"floor":9,"key":"Oddly Smooth Stone"},{"floor":17,"key":"Bag of Marbles"},{"floor":17,"key":"Ornamental Fan"},{"floor":17,"key":"Pocketwatch"},{"floor":26,"key":"Dream Catcher"},{"floor":43,"key":"Bronze Scales"},{"floor":44,"key":"Mango"},{"floor":46,"key":"Juzu Bracelet"},{"floor":48,"key":"PreservedInsect"}],"event_choices":[{"cards_removed":["Pain"],"damage_healed":0,"gold_gain":0,"player_choice":"Forget","damage_taken":0,"max_hp_gain":0,"max_hp_loss":0,"event_name":"Living Wall","floor":3,"gold_loss":0},{"damage_healed":0,"gold_gain":99,"player_choice":"Stole From Cult","damage_taken":0,"max_hp_gain":0,"max_hp_loss":0,"event_name":"Nest","floor":19,"gold_loss":0},{"damage_healed":0,"gold_gain":0,"player_choice":"Obtained Relic","damage_taken":0,"relics_obtained":["Sundial"],"max_hp_gain":0,"max_hp_loss":0,"event_name":"Addict","floor":24,"gold_loss":85},{"damage_healed":0,"gold_gain":0,"player_choice":"Fight","damage_taken":0,"max_hp_gain":0,"max_hp_loss":0,"event_name":"Colosseum","floor":28,"gold_loss":0},{"damage_healed":0,"gold_gain":0,"player_choice":"Fled From Nobs","damage_taken":0,"max_hp_gain":0,"max_hp_loss":0,"event_name":"Colosseum","floor":28,"gold_loss":0},{"damage_healed":0,"gold_gain":0,"player_choice":"Fight","damage_taken":0,"max_hp_gain":0,"max_hp_loss":0,"event_name":"Mysterious Sphere","floor":44,"gold_loss":0}],"is_beta":false,"boss_relics":[{"not_picked":["Coffee Dripper","Cursed Key"],"picked":"Calling Bell"},{"not_picked":["Astrolabe","SacredBark"],"picked":"SlaversCollar"}],"items_purged_floors":[7,36],"is_endless":false,"potions_floor_spawned":[5,8,10,16,21,22,31,33,41,45,46],"ascension_level":0}}