{"host":"pjjzz70vl4t83ifx","time":1614125736,"event":{"mods":["AchievementEnabler","BaseMod","Card Forge","Colored Map","Colored Powertips","Highlight Path","Infinite Spire","Minty Spire (QoL Compilation)","Permanent Neow","Practice Mode","Rare Cards Sparkle","Relic Stats","StSLib","Synergy Search"],"gold_per_floor":[109,124,124,134,134,167,167,267,315,350,70,70,88,105,105,105,105],"floor_reached":16,"language":"ENG","playtime":696,"items_purged":["Strike_G"],"score":154,"play_id":"1e6135c8-1701-4032-b6ab-f4656eb1fb8a","local_time":"20210223161536","is_ascension_mode":true,"campfire_choices":[{"data":"Neutralize","floor":12,"key":"SMITH"},{"data":"Cloak And Dagger","floor":15,"key":"SMITH"}],"circlet_count":0,"master_deck":["Strike_G+1","Strike_G","Strike_G+1","Strike_G+1","Defend_G","Defend_G","Defend_G+1","Defend_G","Defend_G","Survivor","Neutralize+1","Cloak And Dagger+1","Escape Plan","Distraction","Dagger Spray","Backflip","Prepared"],"relics":["Ring of the Snake","Hammer of Thor","Seething Fire","Anvil of the Gods","Whetstone","Happy Flower","Blood Vial","Tiny Chest"],"acts_visited":["Exordium"],"potions_floor_usage":[6,10,14,14,16,16],"damage_taken":[{"damage":0,"enemies":"Jaw Worm","floor":1,"turns":4},{"damage":2,"enemies":"Cultist","floor":2,"turns":4},{"damage":0,"enemies":"Small Slimes","floor":4,"turns":3},{"damage":20,"enemies":"Gremlin Nob","floor":6,"turns":4},{"damage":21,"enemies":"Lagavulin","floor":10,"turns":7},{"damage":0,"enemies":"3 Louse","floor":13,"turns":3},{"damage":6,"enemies":"Exordium Thugs","floor":14,"turns":4},{"damage":29,"enemies":"Slime Boss","floor":16,"turns":9}],"seed_played":"7616951337003686715","potions_obtained":[{"floor":3,"key":"Fire Potion"},{"floor":3,"key":"CultistPotion"},{"floor":3,"key":"LiquidMemories"},{"floor":4,"key":"SpeedPotion"},{"floor":10,"key":"infinitespire:BlackPotion"},{"floor":13,"key":"DistilledChaos"},{"floor":14,"key":"SteroidPotion"}],"is_trial":false,"path_per_floor":["M","M","?","M","?","E","?","?","T","E","$","R","M","M","R","B"],"character_chosen":"THE_SILENT","items_purchased":["Tiny Chest","Backflip"],"campfire_rested":0,"item_purchase_floors":[11,11],"current_hp_per_floor":[70,68,68,68,53,33,33,33,33,12,12,12,14,20,20,0,0],"gold":105,"neow_bonus":"TEN_PERCENT_HP_BONUS","is_daily":false,"chose_seed":false,"campfire_upgraded":2,"win_rate":0.0,"timestamp":1614125736,"path_taken":["M","M","?","?","?","E","?","?","T","E","$","R","M","M","R","BOSS"],"items_purchased_type":["Relic","Card"],"build_version":"2020-12-22","purchased_purges":1,"victory":false,"max_hp_per_floor":[77,77,77,77,77,77,77,77,77,77,77,77,77,77,77,77,77],"relic_stats":{"Blood Vial":6,"Happy Flower":[7],"counters":[8,38],"Tiny Chest":0,"Whetstone":["Strike_G","Strike_G"],"obtain_stats":[{"Blood Vial":10,"Happy Flower":9,"Anvil of the Gods":0,"Tiny Chest":11,"Hammer of Thor":0,"Seething Fire":0,"Whetstone":6,"Ring of the Snake":0},{"Blood Vial":5,"Happy Flower":4,"Anvil of the Gods":0,"Tiny Chest":5,"Hammer of Thor":0,"Seething Fire":0,"Whetstone":4,"Ring of the Snake":0},{"Blood Vial":22,"Happy Flower":15,"Anvil of the Gods":0,"Tiny Chest":22,"Hammer of Thor":0,"Seething Fire":0,"Whetstone":15,"Ring of the Snake":0}],"Ring of the Snake":[16]},"card_choices":[{"not_picked":["Deadly Poison","Acrobatics"],"picked":"Cloak And Dagger","floor":1},{"not_picked":["Sucker Punch","Bane","Quick Slash"],"picked":"SKIP","floor":2},{"not_picked":["Flechettes","Sucker Punch"],"picked":"Escape Plan","floor":4},{"not_picked":["Underhanded Strike","Terror"],"picked":"Distraction","floor":6},{"not_picked":["Distraction","Riddle With Holes"],"picked":"Dagger Spray","floor":10},{"not_picked":["Finisher","Dagger Spray"],"picked":"Prepared","floor":13},{"not_picked":["Setup","Sucker Punch","Bane"],"picked":"SKIP","floor":14}],"player_experience":269063,"relics_obtained":[{"floor":6,"key":"Whetstone"},{"floor":9,"key":"Happy Flower"},{"floor":10,"key":"Blood Vial"}],"event_choices":[{"damage_healed":0,"gold_gain":0,"player_choice":"Got Potions","damage_taken":0,"max_hp_gain":0,"max_hp_loss":0,"event_name":"Lab","floor":3,"gold_loss":0},{"damage_healed":0,"gold_gain":0,"player_choice":"Entered Light","damage_taken":15,"max_hp_gain":0,"max_hp_loss":0,"event_name":"Shining Light","floor":5,"gold_loss":0,"cards_upgraded":["Defend_G","Strike_G"]},{"damage_healed":0,"gold_gain":0,"player_choice":"Ignored","damage_taken":0,"max_hp_gain":0,"max_hp_loss":0,"event_name":"Liars Game","floor":7,"gold_loss":0},{"damage_healed":0,"gold_gain":100,"player_choice":"Pray","damage_taken":0,"max_hp_gain":0,"max_hp_loss":0,"event_name":"Golden Shrine","floor":8,"gold_loss":0}],"is_beta":false,"boss_relics":[],"items_purged_floors":[11],"is_endless":false,"potions_floor_spawned":[4,10,13,14],"killed_by":"Slime Boss","ascension_level":8}}