{"host":"6q94iy5iz6612v89","time":1614173174,"event":{"mods":["2.2 Compatiblity","AchievementEnabler","BaseMod","Colored Map","DeckTracker","Keyboard Shortcuts","Minty Spire (QoL Compilation)","Permanent Neow","StSLib","SuperFastMode"],"gold_per_floor":[18,18,38,38,62,62,82,82,82,94,19,32,61,73,73,147,147,165,90,102,2,19,19,39,39,117,128,128,128],"floor_reached":28,"language":"KOR","playtime":542,"items_purged":["Strike_G","Defend_G"],"score":444,"play_id":"bafbe67b-09e7-41b8-803e-d0997a5abcea","local_time":"20210224222614","is_ascension_mode":true,"campfire_choices":[{"data":"Eviscerate","floor":6.0,"key":"SMITH"},{"data":"Blade Dance","floor":15,"key":"SMITH"},{"data":"Envenom","floor":23,"key":"SMITH"},{"floor":25,"key":"REST"}],"circlet_count":0,"master_deck":["AscendersBane","Defend_G","Defend_G","Defend_G","Survivor","Neutralize","Eviscerate+1","Infinite Blades","Blade Dance+1","Backstab","Venomology","Envenom+1","Bane+1","Cloak And Dagger"],"relics":["Ring of the Snake","Lantern","Gremlin Horn","InkBottle","WristBlade","Shuriken"],"acts_visited":["Exordium","TheCity"],"potions_floor_usage":[13,14,16,16,18,22,24,27,28],"damage_taken":[{"damage":19.0,"enemies":"Cultist","floor":1.0,"turns":7.0},{"damage":2.0,"enemies":"2 Louse","floor":3.0,"turns":4.0},{"damage":0.0,"enemies":"Jaw Worm","floor":7.0,"turns":4.0},{"damage":0.0,"enemies":"3 Louse","floor":10.0,"turns":3.0},{"damage":3.0,"enemies":"Exordium Thugs","floor":12.0,"turns":5.0},{"damage":7,"enemies":"Lagavulin","floor":13,"turns":4},{"damage":0,"enemies":"Blue Slaver","floor":14,"turns":2},{"damage":10,"enemies":"Hexaghost","floor":16,"turns":8},{"damage":3,"enemies":"2 Thieves","floor":18,"turns":3},{"damage":7,"enemies":"Spheric Guardian","floor":20,"turns":4},{"damage":0,"enemies":"Centurion and Healer","floor":22,"turns":4},{"damage":38,"enemies":"Snake Plant","floor":24,"turns":4},{"damage":0,"enemies":"Snecko","floor":27,"turns":3},{"damage":26,"enemies":"Centurion and Healer","floor":28,"turns":3}],"seed_played":"-6500947252148124246","potions_obtained":[{"floor":7.0,"key":"BlessingOfTheForge"},{"floor":8.0,"key":"Strength Potion"},{"floor":13,"key":"Explosive Potion"},{"floor":14,"key":"Strength Potion"},{"floor":16,"key":"PowerPotion"},{"floor":20,"key":"DistilledChaos"}],"is_trial":false,"path_per_floor":["M","?","M","?","T","R","M","?","T","M","$","M","E","M","R","B",null,"M","?","M","$","M","R","M","R","T","M","M"],"character_chosen":"THE_SILENT","items_purchased":[],"campfire_rested":1,"item_purchase_floors":[],"current_hp_per_floor":[40,40,38,31,31,31,31,31,31,31,31,28,21,21,21,11,52,49,49,42,42,42,42,4,23,23,23,0,0],"gold":128,"neow_bonus":"REMOVE_TWO","is_daily":false,"chose_seed":false,"campfire_upgraded":3,"win_rate":0.0,"timestamp":1614173174,"path_taken":["M","?","M","?","?","R","M","?","T","M","$","?","E","M","R","BOSS","M","?","M","$","M","R","M","R","T","M","M"],"items_purchased_type":[],"build_version":"2020-12-22","purchased_purges":2,"victory":false,"max_hp_per_floor":[66,66,66,66,66,66,66,66,66,66,66,66,66,66,66,66,66,66,66,66,66,66,66,66,66,66,66,66,66],"card_choices":[{"not_picked":["Underhanded Strike","Leg Sweep"],"picked":"Eviscerate","floor":1.0},{"not_picked":["Dodge and Roll","Bane"],"picked":"Infinite Blades","floor":3.0},{"not_picked":["Prepared","Underhanded Strike"],"picked":"Blade Dance","floor":7.0},{"not_picked":["Well Laid Plans","Eviscerate","Reflex"],"picked":"SKIP","floor":10.0},{"not_picked":["Caltrops","Dodge and Roll"],"picked":"Backstab","floor":12.0},{"not_picked":["Blur","Dagger Spray"],"picked":"Venomology","floor":13},{"not_picked":["Predator","Infinite Blades","Sucker Punch"],"picked":"SKIP","floor":14},{"not_picked":["Predator","Infinite Blades","Sucker Punch"],"picked":"SKIP","floor":14},{"not_picked":["Adrenaline","Night Terror"],"picked":"Envenom","floor":16},{"not_picked":["Quick Slash","Bane+1","Slice"],"picked":"SKIP","floor":18},{"not_picked":["Quick Slash","Slice"],"picked":"Bane+1","floor":18},{"not_picked":["Poisoned Stab","Outmaneuver","Deflect"],"picked":"SKIP","floor":20},{"not_picked":["Slice","Deadly Poison"],"picked":"Cloak And Dagger","floor":22},{"not_picked":["Slice","Poisoned Stab","Deflect"],"picked":"SKIP","floor":24},{"not_picked":["Deadly Poison","Flechettes","Sucker Punch"],"picked":"SKIP","floor":27}],"player_experience":1497471,"relics_obtained":[{"floor":5.0,"key":"Lantern"},{"floor":9.0,"key":"Gremlin Horn"},{"floor":13,"key":"InkBottle"},{"floor":26,"key":"Shuriken"}],"event_choices":[{"cards_removed":["Defend_G"],"damage_healed":0.0,"max_hp_gain":0.0,"max_hp_loss":0.0,"gold_gain":0.0,"event_name":"Living Wall","player_choice":"Forget","floor":2.0,"gold_loss":0.0,"damage_taken":0.0},{"cards_removed":["Strike_G"],"damage_healed":0.0,"max_hp_gain":0.0,"max_hp_loss":0.0,"gold_gain":0.0,"event_name":"Golden Wing","player_choice":"Card Removal","floor":4.0,"gold_loss":0.0,"damage_taken":7.0},{"damage_healed":0.0,"max_hp_gain":0.0,"max_hp_loss":0.0,"gold_gain":0.0,"event_name":"Lab","player_choice":"Got Potions","floor":8.0,"gold_loss":0.0,"damage_taken":0.0},{"cards_removed":["Strike_G"],"damage_healed":0,"gold_gain":0,"player_choice":"Gave Gold","damage_taken":0,"max_hp_gain":0,"max_hp_loss":0,"event_name":"Beggar","floor":19,"gold_loss":75}],"is_beta":false,"boss_relics":[{"not_picked":["Philosopher\u0027s Stone","HoveringKite"],"picked":"WristBlade"}],"items_purged_floors":[11,21],"is_endless":false,"potions_floor_spawned":[7,13,14,16,20,22,24],"killed_by":"Centurion and Healer","ascension_level":20}}