{"host":"vffiqp1ujyo7gcng","time":1614138560,"event":{"mods":["Act Like it!","BaseMod","Downfall","Gensokyo","Minty Spire (QoL Compilation)","Prisma Mod","READ ME - Guardian Mod","READ ME - Snecko Mod","Shop Mod","StSLib","The Cursed","The Disciple","The Exalted"],"gold_per_floor":[99,274,289,289,289,289,289,303,74,104,104,136,136,155,166,269,269,69,82,98,111,196,2,2,102,102,122,142,7,7,26,45,146,146,146,162,162,174,187,187,187,187,24,24,40,73,73,103,135,147],"floor_reached":51,"language":"ZHS","playtime":3591,"items_purged":["Parasite","Clumsy"],"score":980,"play_id":"457c6b94-1c40-4056-8be1-404f948c9161","local_time":"20210224114920","is_ascension_mode":true,"campfire_choices":[{"data":"Slimebound:Split","floor":1.0,"key":"SMITH"},{"data":"Slimebound:Schlurp","floor":6.0,"key":"SMITH"},{"data":"Slimebound:LeechEnergy","floor":11.0,"key":"SMITH"},{"data":"Slimebound:MassFeed","floor":18.0,"key":"SMITH"},{"data":"expansioncontent:QuickStudy","floor":26.0,"key":"SMITH"},{"data":"J.A.X.","floor":35,"key":"SMITH"},{"floor":42,"key":"DIG"},{"floor":44,"key":"RECALL"},{"data":"Slimebound:WasteNot","floor":47,"key":"SMITH"}],"circlet_count":0,"master_deck":["Slimebound:Tackle","Slimebound:Defend_Slimebound","Slimebound:Defend_Slimebound","Slimebound:Defend_Slimebound","Slimebound:Split+1","Slimebound:CorrosiveSpit","Slimebound:Schlurp+1","Slimebound:ComboTackle","Slimebound:LeechEnergy+1","Slimebound:Dissolve+1","Flash of Steel","Slimebound:LeechEnergy+1","Slimebound:SpikyOuterGoop","Slimebound:GoopSpray","Slimebound:Equalize","Slimebound:Prepare","Slimebound:MassFeed+1","Slimebound:Schlurp","Slimebound:HauntingLick","Slimebound:GoopTackle","Slimebound:DisruptingSlam+1","expansioncontent:QuickStudy+1","Slimebound:RejuvenatingLick","Slimebound:Nibble","J.A.X.+1","Slimebound:SplitLeeching","Slimebound:LevelUp","Slimebound:GoopTackle","Slimebound:Schlurp","Slimebound:LeechingTouch","Slimebound:SamplingLick+1","Slimebound:HauntingLick","Slimebound:MassRepurpose","Slimebound:ComboTackle","Slimebound:LivingWall+1","expansioncontent:DashGenerateEvil","Slimebound:Recollect","Slimebound:HauntingLick+1","Slimebound:WasteNot+1","Slimebound:HauntingLick+1"],"relics":["Slimebound:AbsorbEndCombat","Lantern","Pear","Letter Opener","Runic Pyramid","downfall:HeartBlessingGreen","downfall:HeartBlessingBlue","Question Card","MutagenicStrength","Enchiridion","Busted Crown","Shovel","Smiling Mask","Toolbox","Art of War","MawBank"],"acts_visited":["Exordium","TheCity","TheBeyond"],"potions_floor_usage":[33,33,43,50,50,50],"damage_taken":[{"damage":1.0,"enemies":"Small Slimes","floor":3.0,"turns":3.0},{"damage":9.0,"enemies":"Jaw Worm","floor":8.0,"turns":4.0},{"damage":18.0,"enemies":"downfall:FleeingMerchant","floor":9.0,"turns":4.0},{"damage":36.0,"enemies":"Lagavulin","floor":10.0,"turns":5.0},{"damage":14.0,"enemies":"3 Sentries","floor":12.0,"turns":6.0},{"damage":0.0,"enemies":"2 Louse","floor":14.0,"turns":2.0},{"damage":5.0,"enemies":"Lots of Slimes","floor":15.0,"turns":4.0},{"damage":5.0,"enemies":"SI_SHIV_ARCHETYPE","floor":16.0,"turns":4.0},{"damage":4.0,"enemies":"3 Byrds","floor":19.0,"turns":5.0},{"damage":0.0,"enemies":"downfall:LooterAlt2","floor":20.0,"turns":3.0},{"damage":29.0,"enemies":"Snecko","floor":21.0,"turns":5.0},{"damage":6.0,"enemies":"downfall:FleeingMerchant","floor":23.0,"turns":4.0},{"damage":12.0,"enemies":"downfall:Augmenter","floor":25.0,"turns":5.0},{"damage":6.0,"enemies":"Cultist and Chosen","floor":27.0,"turns":4.0},{"damage":0.0,"enemies":"3 Cultists","floor":28.0,"turns":1.0},{"damage":6.0,"enemies":"downfall:FleeingMerchant","floor":29.0,"turns":4.0},{"damage":9.0,"enemies":"Sentry and Sphere","floor":31.0,"turns":3.0},{"damage":2.0,"enemies":"Snake Plant","floor":32.0,"turns":2.0},{"damage":29,"enemies":"WA_ARCHETYPE_CALM","floor":33,"turns":5},{"damage":3,"enemies":"3 Darklings","floor":36,"turns":2},{"damage":3,"enemies":"3 Darklings","floor":37,"turns":2},{"damage":9,"enemies":"3 Shapes","floor":38,"turns":3},{"damage":3,"enemies":"3 Darklings","floor":39,"turns":3},{"damage":3,"enemies":"downfall:FleeingMerchant","floor":43,"turns":2},{"damage":3,"enemies":"Jaw Worm Horde","floor":45,"turns":3},{"damage":21,"enemies":"Nemesis","floor":46,"turns":5},{"damage":0,"enemies":"Reptomancer","floor":48,"turns":4},{"damage":14,"enemies":"Spire Growth","floor":49,"turns":3},{"damage":37,"enemies":"IC_BLOCK_ARCHETYPE","floor":50,"turns":7}],"seed_played":"6505726653669705757","potions_obtained":[{"floor":3.0,"key":"Energy Potion"},{"floor":12.0,"key":"Fire Potion"},{"floor":15.0,"key":"champ:CounterPotion"},{"floor":20.0,"key":"Guardian:BlockOnCardUsePotion"},{"floor":25.0,"key":"Dexterity Potion"},{"floor":28.0,"key":"Guardian:BlockOnCardUsePotion"},{"floor":32.0,"key":"Slimebound:ThreeZeroPotion"},{"floor":36,"key":"DuplicationPotion"},{"floor":37,"key":"EssenceOfSteel"},{"floor":39,"key":"DistilledChaos"},{"floor":48,"key":"SkillPotion"}],"is_trial":false,"path_per_floor":["R","?","M","?","?","R","T","M","$","E","R","E","?","M","M","B",null,"R","M","M","M","?","$","T","?","R","M","M","$","?","M","M","B",null,"R","M","?","M","M","?","T","R","$","R","M","E","R","E","M","B",null],"character_chosen":"SLIMEBOUND","items_purchased":["Slimebound:Dissolve","Flash of Steel","Slimebound:LeechEnergy","expansioncontent:QuickStudy","Slimebound:LeechingTouch","Toolbox","expansioncontent:DashGenerateEvil","Slimebound:Recollect","Energy Potion"],"campfire_rested":0,"item_purchase_floors":[9,9,9,23,29,43,43,43,43],"current_hp_per_floor":[71,71,71,71,71,71,71,66,52,34,34,28,28,32,39,46,81,91,95,99,86,74,76,76,80,80,86,90,99,83,90,92,83,104,104,104,107,103,108,108,108,108,108,108,112,111,111,120,114,85],"gold":159,"neow_bonus":"TEN_PERCENT_HP_BONUS","is_daily":false,"chose_seed":false,"campfire_upgraded":7,"win_rate":0.0,"timestamp":1614138560,"path_taken":["R","?","M","?","?","R","T","M","$","E","R","E","?","M","M","BOSS","R","M","M","?","?","$","T","?","R","M","M","$","?","M","M","BOSS","R","M","?","M","M","?","T","R","$","R","?","E","R","E","M","BOSS"],"items_purchased_type":["Card","Card","Card","Card","Card","Relic","Card","Card","Potion"],"build_version":"2020-12-22","purchased_purges":2,"victory":true,"max_hp_per_floor":[71,71,71,71,71,71,71,71,71,81,81,81,81,81,81,81,81,91,95,99,103,103,103,103,103,103,103,103,100,100,100,100,104,104,104,104,108,108,108,108,108,108,108,108,112,116,116,120,120,120],"card_choices":[{"not_picked":["Slimebound:SplitMire","Slimebound:SplitSpecialist"],"picked":"Slimebound:Schlurp","floor":3.0},{"not_picked":["Slimebound:FinishingTackle","Slimebound:Equalize"],"picked":"Slimebound:ComboTackle","floor":8.0},{"not_picked":["Slimebound:FlameTackle","Slimebound:CheckThePlaybook"],"picked":"Slimebound:LeechEnergy","floor":9.0},{"not_picked":["Slimebound:LevelUp","Slimebound:SplitAcid"],"picked":"Slimebound:SpikyOuterGoop","floor":10.0},{"not_picked":["Slimebound:GoopTackle","Slimebound:FormOfPuddle"],"picked":"Slimebound:GoopSpray","floor":12.0},{"not_picked":["Slimebound:GrowthPunch","Slimebound:SlimeBarrage"],"picked":"Slimebound:Equalize","floor":14.0},{"not_picked":["Slimebound:Gluttony","Slimebound:ComboTackle"],"picked":"Slimebound:Prepare","floor":15.0},{"not_picked":["Slimebound:OozeBath","Slimebound:MinionMaster"],"picked":"Slimebound:MassFeed","floor":16.0},{"not_picked":["Slimebound:Recollect+1","Slimebound:RollThrough"],"picked":"Slimebound:Schlurp","floor":19.0},{"not_picked":["Slimebound:RainOfGoop","Slimebound:LivingWall"],"picked":"Slimebound:HauntingLick","floor":20.0},{"not_picked":["Slimebound:FlameTackle","Slimebound:SlimeSpikes"],"picked":"Slimebound:GoopTackle","floor":21.0},{"not_picked":["Slimebound:Schlurp","Slimebound:RollThrough+1"],"picked":"Slimebound:DisruptingSlam+1","floor":23.0},{"not_picked":[],"picked":"J.A.X.","floor":25.0},{"not_picked":["Slimebound:Repurpose+1","Slimebound:LeadByExample","Slimebound:Prepare"],"picked":"Slimebound:SplitLeeching","floor":25.0},{"not_picked":["Slimebound:GoopTackle","Slimebound:Chomp","Slimebound:ItLooksTasty+1"],"picked":"Slimebound:LevelUp","floor":27.0},{"not_picked":["Slimebound:ForwardTackle+1","Slimebound:PressTheAttack","Slimebound:SelfFormingGoo"],"picked":"Slimebound:GoopTackle","floor":28.0},{"not_picked":["Slimebound:PrepareCrush","Slimebound:GoopTackle","Slimebound:Replication"],"picked":"Slimebound:Schlurp","floor":29.0},{"not_picked":["Slimebound:FormOfPuddle","Slimebound:SplitLeeching","Slimebound:Replication"],"picked":"Slimebound:SamplingLick+1","floor":31.0},{"not_picked":["Slimebound:PressTheAttack","Slimebound:Schlurp","Slimebound:ItLooksTasty+1"],"picked":"Slimebound:HauntingLick","floor":32.0},{"not_picked":["Slimebound:Overexert","Slimebound:SlimeSlap","Slimebound:PrepareCrush"],"picked":"Slimebound:MassRepurpose","floor":33},{"not_picked":["Slimebound:SplitBruiser","Slimebound:RollThrough+1"],"picked":"SKIP","floor":36},{"not_picked":["Slimebound:BestDefense+1","Slimebound:SlimeBrawl"],"picked":"SKIP","floor":38},{"not_picked":["Slimebound:HungryTackle"],"picked":"Slimebound:ComboTackle","floor":39},{"not_picked":["Slimebound:HungryTackle"],"picked":"Slimebound:LivingWall+1","floor":43},{"not_picked":["Slimebound:RollThrough+1"],"picked":"Slimebound:HauntingLick+1","floor":45},{"not_picked":["Slimebound:SlimeSpikes"],"picked":"Slimebound:WasteNot","floor":46},{"not_picked":["Slimebound:GoopTackle+1"],"picked":"Slimebound:HauntingLick+1","floor":48},{"not_picked":["Slimebound:Grow","Slimebound:Chomp+1"],"picked":"SKIP","floor":49}],"player_experience":372999,"relics_obtained":[{"floor":10.0,"key":"Pear"},{"floor":12.0,"key":"Letter Opener"},{"floor":24.0,"key":"Question Card"},{"floor":25.0,"key":"MutagenicStrength"},{"floor":30.0,"key":"Enchiridion"},{"floor":41,"key":"Shovel"},{"floor":42,"key":"Smiling Mask"},{"floor":46,"key":"Art of War"},{"floor":48,"key":"MawBank"}],"event_choices":[{"cards_removed":["Doubt"],"damage_healed":0.0,"max_hp_gain":0.0,"max_hp_loss":0.0,"gold_gain":0.0,"event_name":"The Cleric","player_choice":"Card Removal","floor":4.0,"gold_loss":0.0,"damage_taken":0.0},{"damage_healed":0.0,"max_hp_gain":0.0,"max_hp_loss":0.0,"gold_gain":0.0,"event_name":"Big Fish","player_choice":"Box","floor":5.0,"gold_loss":0.0,"damage_taken":0.0,"relics_obtained":["Lantern"],"cards_obtained":["Regret"]}],"is_beta":false,"boss_relics":[{"not_picked":["Calling Bell","Fusion Hammer"],"picked":"Runic Pyramid"},{"not_picked":["Bromod:ArcaneGrace","Pandora\u0027s Box"],"picked":"Busted Crown"}],"items_purged_floors":[29,43],"is_endless":false,"potions_floor_spawned":[3,12,15,20,25,28,32,36,37,39,48,49],"ascension_level":4}}