{"host":"cr9rpoy6dx9riis3","time":1614169222,"event":{"mods":["AchievementEnabler","BaseMod","Better Altar","Better Note","Better Sensory Stone","Better Skull","Better Third Choice","Better-Laid Plans","BetterRewards","Block Reminder","Curses Come First","Displayed Cursed Tome","Emptier Cage","Marked Mod","Minty Spire (QoL Compilation)","Permanent Neow","Relic Sorter","StSLib","The Blue Laboratory","Transform Curses"],"gold_per_floor":[112,123,73,5,5,5,17,17,99,130,305,14,37,84,84,189,189,171,187,187,187,205,205,240,240,265,295,311,0,50,50,50],"floor_reached":31,"language":"ENG","playtime":1703,"items_purged":["Eruption","Doubt"],"score":511,"play_id":"e9ddc31a-0307-4b30-a2a6-b1b3f3b6efaa","local_time":"20210224132022","is_ascension_mode":true,"campfire_choices":[{"data":"MarkedMod:PinPointDefense","floor":6,"key":"SMITH"},{"data":"Wish","floor":8,"key":"SMITH"},{"floor":15,"key":"REST"},{"data":"Omniscience","floor":23,"key":"SMITH"},{"floor":25,"key":"REST"}],"circlet_count":0,"master_deck":["Strike_P","Strike_P","Strike_P","Strike_P","Defend_P","Defend_P","Defend_P","Perseverance","Sanctity","MarkedMod:PinPointDefense+1","Indignation","Wish+1","PathToVictory","Sadistic Nature","DevaForm","Perseverance+1","ClearTheMind+1","Omniscience+1","WaveOfTheHand","InnerPeace","MarkedMod:GentlePulse"],"relics":["PureWater","SlaversCollar","Lantern","Bottled Tornado","Akabeko","MarkedMod:AcupunctureKit"],"acts_visited":["Exordium","TheCity"],"potions_floor_usage":[10,10,10,14,18,18,24,30,31,31],"damage_taken":[{"damage":5,"enemies":"Small Slimes","floor":1,"turns":5},{"damage":1,"enemies":"Jaw Worm","floor":2,"turns":6},{"damage":0,"enemies":"Cultist","floor":7,"turns":5},{"damage":28,"enemies":"3 Sentries","floor":10,"turns":6},{"damage":1,"enemies":"Looter","floor":14,"turns":4},{"damage":0,"enemies":"Hexaghost","floor":16,"turns":7},{"damage":28,"enemies":"2 Thieves","floor":18,"turns":5},{"damage":0,"enemies":"Spheric Guardian","floor":19,"turns":7},{"damage":24,"enemies":"Centurion and Healer","floor":22,"turns":7},{"damage":9,"enemies":"Gremlin Leader","floor":24,"turns":5},{"damage":27,"enemies":"Slavers","floor":27,"turns":5},{"damage":12,"enemies":"Snake Plant","floor":28,"turns":4},{"damage":11,"enemies":"Cultist and Chosen","floor":30,"turns":6},{"damage":7,"enemies":"3 Cultists","floor":31,"turns":3}],"seed_played":"1079608116492606912","potions_obtained":[{"floor":2,"key":"EntropicBrew"},{"floor":10,"key":"BottledMiracle"},{"floor":16,"key":"FearPotion"},{"floor":22,"key":"StancePotion"},{"floor":28,"key":"CultistPotion"},{"floor":30,"key":"blueLaboratory:SavagePotion"}],"is_trial":false,"path_per_floor":["M","M","?","$","?","R","M","R","T","E","?","$","T","M","R","B",null,"M","M","?","?","M","R","E","R","T","E","M","$","M","M"],"character_chosen":"WATCHER","items_purchased":["MarkedMod:AcupunctureKit","Perseverance","Indignation","PathToVictory","Sadistic Nature","blueLaboratory:FruitPunch","Mango"],"campfire_rested":2,"item_purchase_floors":[0,0,4,12,12,29,29],"current_hp_per_floor":[56,55,55,55,48,48,48,48,48,20,20,20,20,19,40,40,72,44,44,44,44,20,20,12,33,33,13,1,15,6,0,0],"gold":50,"neow_bonus":"","is_daily":false,"chose_seed":false,"campfire_upgraded":3,"win_rate":0.0,"timestamp":1614169222,"path_taken":["M","M","?","$","?","R","M","R","T","E","?","$","?","?","R","BOSS","M","M","?","?","M","R","E","R","T","E","M","$","M","?"],"items_purchased_type":["Relic","Card","Card","Card","Card","Potion","Relic"],"build_version":"2020-12-22","purchased_purges":2,"victory":false,"max_hp_per_floor":[72,72,72,72,72,72,72,72,72,72,72,72,72,72,72,72,72,72,72,72,72,72,72,72,72,72,79,79,93,95,95,95],"card_choices":[{"not_picked":["MarkedMod:GentlePulse","EmptyBody"],"picked":"Sanctity","floor":1},{"not_picked":["Halt","CrushJoints"],"picked":"MarkedMod:PinPointDefense","floor":2},{"not_picked":["ReachHeaven","ClearTheMind"],"picked":"Wish","floor":7},{"not_picked":["Weave","CrushJoints","Pray"],"picked":"SKIP","floor":10},{"not_picked":["EmptyFist","ClearTheMind","Prostrate"],"picked":"SKIP","floor":14},{"not_picked":["Brilliance","Judgement"],"picked":"DevaForm","floor":16},{"not_picked":["Crescendo","CrushJoints"],"picked":"Perseverance+1","floor":18},{"not_picked":["Collect","SashWhip"],"picked":"ClearTheMind+1","floor":19},{"not_picked":["Blasphemy","CutThroughFate"],"picked":"WaveOfTheHand","floor":22},{"not_picked":["ThirdEye+1","MarkedMod:FirstStrike","JustLucky"],"picked":"SKIP","floor":24},{"not_picked":["BattleHymn","ThirdEye"],"picked":"InnerPeace","floor":27},{"not_picked":["Study+1","WreathOfFlame"],"picked":"MarkedMod:GentlePulse","floor":28},{"not_picked":["Swivel","Crescendo","SignatureMove+1"],"picked":"SKIP","floor":30}],"player_experience":798947,"relics_obtained":[{"floor":9,"key":"Bottled Tornado"},{"floor":10,"key":"Lantern"},{"floor":24,"key":"Akabeko"},{"floor":27,"key":"Strawberry"}],"event_choices":[{"cards_removed":["Vigilance"],"damage_healed":0,"gold_gain":0,"player_choice":"Card Removal","damage_taken":0,"max_hp_gain":0,"max_hp_loss":0,"event_name":"The Cleric","floor":3,"gold_loss":50},{"cards_removed":["Defend_P"],"damage_healed":0,"gold_gain":0,"player_choice":"Card Removal","damage_taken":7,"max_hp_gain":0,"max_hp_loss":0,"event_name":"Golden Wing","floor":5,"gold_loss":0},{"damage_healed":0,"gold_gain":175,"player_choice":"AGREE","damage_taken":130,"max_hp_gain":0,"max_hp_loss":0,"event_name":"betterThird:BetterSerpent","floor":11,"gold_loss":0},{"damage_healed":0,"gold_gain":0,"player_choice":"Ignored","damage_taken":0,"max_hp_gain":0,"max_hp_loss":0,"event_name":"betterNote:BetterNote","floor":20,"gold_loss":0,"cards_obtained":["Brilliance"]},{"damage_healed":0,"gold_gain":0,"player_choice":"1 cards matched","damage_taken":0,"max_hp_gain":0,"max_hp_loss":0,"event_name":"Match and Keep!","floor":21,"gold_loss":0,"cards_obtained":["Omniscience"]}],"is_beta":false,"boss_relics":[{"not_picked":["Philosopher\u0027s Stone","Velvet Choker"],"picked":"SlaversCollar"}],"items_purged_floors":[0,12],"is_endless":false,"potions_floor_spawned":[2,10,16,22,28,30],"killed_by":"3 Cultists","ascension_level":3}}