{"host":"avybiddlniqinkgc","time":1614138469,"event":{"mods":["AchievementEnabler","BaseMod","Colored Map","DeckTracker","Highlight Path","KOR Keyword Fix","Keyboard Shortcuts","Minty Spire (QoL Compilation)","Permanent Neow","Quick Restart","Random Character Button","Rare Cards Sparkle","StSLib","SuperFastMode"],"gold_per_floor":[117,142,160,12,28,28,28,42,42,42,42,106,6,39,39,167,167,181,181,181],"floor_reached":19,"language":"KOR","playtime":254,"items_purged":["Strike_R","Defend_R"],"score":190,"play_id":"c4d76725-5928-4537-a215-64aed7bbc47c","local_time":"20210224124749","is_ascension_mode":true,"campfire_choices":[{"data":"Combust","floor":6.0,"key":"SMITH"},{"data":"Warcry","floor":10.0,"key":"SMITH"},{"data":"Flex","floor":15.0,"key":"SMITH"}],"circlet_count":0,"master_deck":["Strike_R","Strike_R","Strike_R+1","Strike_R","Defend_R","Defend_R","Defend_R","Bash","Cleave+1","Flex+1","Combust+1","Shrug It Off","Warcry+1","Shrug It Off","Double Tap","CurseOfTheBell","Inflame"],"relics":["Burning Blood","Nunchaku","Whetstone","Golden Idol","Paper Frog","Darkstone Periapt","Calling Bell","Dream Catcher","Meat on the Bone","Girya"],"acts_visited":["Exordium","TheCity"],"potions_floor_usage":[16,16],"damage_taken":[{"damage":6.0,"enemies":"Cultist","floor":1.0,"turns":3.0},{"damage":6.0,"enemies":"2 Louse","floor":3.0,"turns":2.0},{"damage":5.0,"enemies":"Jaw Worm","floor":5.0,"turns":4.0},{"damage":8.0,"enemies":"Blue Slaver","floor":8.0,"turns":3.0},{"damage":17.0,"enemies":"3 Sentries","floor":14.0,"turns":3.0},{"damage":35,"enemies":"Hexaghost","floor":16,"turns":10},{"damage":24,"enemies":"Chosen","floor":18,"turns":5},{"damage":0,"enemies":"Spheric Guardian","floor":19,"turns":1}],"seed_played":"-145663747566368476","potions_obtained":[{"floor":1.0,"key":"SkillPotion"},{"floor":5.0,"key":"DuplicationPotion"},{"floor":14.0,"key":"HeartOfIron"},{"floor":18,"key":"AttackPotion"}],"is_trial":false,"path_per_floor":["M","T","M","$","M","R","?","M","T","R","$","?","$","E","R","B",null,"M","M"],"character_chosen":"IRONCLAD","items_purchased":["Combust"],"campfire_rested":0,"item_purchase_floors":[4],"current_hp_per_floor":[80,80,80,80,80,80,60,58,58,58,58,58,58,47,47,18,86,68,68,68],"gold":181,"neow_bonus":"RANDOM_COMMON_RELIC","is_daily":false,"chose_seed":false,"campfire_upgraded":3,"win_rate":0.0,"timestamp":1614138469,"path_taken":["M","?","M","$","M","R","?","M","T","R","$","?","$","E","R","BOSS","M","M"],"items_purchased_type":["Card"],"build_version":"2020-12-22","purchased_purges":2,"victory":false,"max_hp_per_floor":[80,80,80,80,80,80,80,80,80,80,80,80,80,80,80,80,86,86,86,86],"card_choices":[{"not_picked":["Ghostly Armor","Rupture"],"picked":"Cleave","floor":1.0},{"not_picked":["Havoc","Cleave"],"picked":"Flex","floor":3.0},{"not_picked":["Flex","Iron Wave"],"picked":"Shrug It Off","floor":5.0},{"not_picked":["Dual Wield","Cleave"],"picked":"Warcry","floor":8.0},{"not_picked":["Pummel","Warcry"],"picked":"Shrug It Off","floor":14.0},{"not_picked":["Berserk","Impervious"],"picked":"Double Tap","floor":16},{"not_picked":["Rampage","Rage+1"],"picked":"Inflame","floor":18}],"player_experience":12823,"relics_obtained":[{"floor":2.0,"key":"Whetstone"},{"floor":9.0,"key":"Paper Frog"},{"floor":14.0,"key":"Darkstone Periapt"},{"floor":17,"key":"Dream Catcher"},{"floor":17,"key":"Meat on the Bone"},{"floor":17,"key":"Girya"}],"event_choices":[{"damage_healed":0.0,"max_hp_gain":0.0,"max_hp_loss":0.0,"gold_gain":0.0,"event_name":"Golden Idol","player_choice":"Take Damage","floor":7.0,"gold_loss":0.0,"damage_taken":20.0,"relics_obtained":["Golden Idol"]},{"damage_healed":0.0,"max_hp_gain":0.0,"max_hp_loss":0.0,"gold_gain":64.0,"event_name":"Golden Wing","player_choice":"Gained Gold","floor":12.0,"gold_loss":0.0,"damage_taken":0.0}],"is_beta":false,"boss_relics":[{"not_picked":["Ectoplasm","Fusion Hammer"],"picked":"Calling Bell"}],"items_purged_floors":[4,13],"is_endless":false,"potions_floor_spawned":[1,5,14,18],"killed_by":"Spheric Guardian","ascension_level":3}}