{"host":"p1m23ahqzkuu8avx","time":1614194985,"event":{"mods":["BaseMod","Downfall","Minty Spire (QoL Compilation)","StSLib"],"gold_per_floor":[112,128,128,146,146,181,192,192,217,242,82,82,82,115,115,194,194,211,221,239,78,78,110,120,145,145,170,170,170,185,21,21,99,99,110,124,134,134,134,166,178,225,260,298,143,168,216,236,236,236,236,236,236],"floor_reached":51,"language":"ENG","playtime":13512,"items_purged":[],"score":2082,"play_id":"3f4020e6-7402-4242-bfca-debf0e62bfbb","local_time":"20210224132945","daily_mods":["SealedDeck"],"is_ascension_mode":true,"campfire_choices":[{"data":"bronze:Fortify","floor":8.0,"key":"SMITH"},{"data":"bronze:Boost","floor":15.0,"key":"SMITH"},{"data":"bronze:Boost","floor":28,"key":"SMITH"},{"data":"bronze:Iterate","floor":32,"key":"SMITH"},{"data":"bronze:Flail","floor":49,"key":"SMITH"}],"circlet_count":0,"master_deck":["AscendersBane","bronze:Iterate+1","bronze:WhirlingStrike","bronze:Constructor","bronze:Iterate","bronze:Branch","bronze:Boost+1","bronze:BronzeOrb","bronze:Frontload","bronze:Frontload","bronze:DelayedGuard","bronze:Constructor","bronze:Repair+1","bronze:Fortify+1","bronze:Boost+1","bronze:Branch","bronze:Assembly+1","bronze:FollowUp+1","bronze:Boost+1","bronze:Iterate","bronze:BronzeOrb","bronze:TinkerersToolbox","bronze:Format","bronze:Flail+1","bronze:OilSpill","Enlightenment","bronze:OilSpill+1"],"relics":["bronze:BronzeCore","Bag of Preparation","Boot","ClockworkSouvenir","Juzu Bracelet","bronze:Mallet","Coffee Dripper","Slimebound:StickyStick","bronze:BottledCode","Torii","Smiling Mask","bronze:CableSpool","Gremlin Horn","War Paint","sneckomod:SneckoTalon","MawBank","Blue Candle","bronze:Timepiece","Regal Pillow","Meat on the Bone","Bronze Scales","Bird Faced Urn"],"acts_visited":["Exordium","TheCity","TheBeyond"],"potions_floor_usage":[],"damage_taken":[{"damage":0.0,"enemies":"2 Louse","floor":1.0,"turns":3.0},{"damage":0.0,"enemies":"Cultist","floor":2.0,"turns":3.0},{"damage":0.0,"enemies":"Jaw Worm","floor":4.0,"turns":4.0},{"damage":5.0,"enemies":"3 Sentries","floor":6.0,"turns":10.0},{"damage":0.0,"enemies":"Exordium Wildlife","floor":7.0,"turns":4.0},{"damage":27.0,"enemies":"Gremlin Nob","floor":10.0,"turns":5.0},{"damage":6.0,"enemies":"Lagavulin","floor":14.0,"turns":12.0},{"damage":6,"enemies":"Slime Boss","floor":16,"turns":6},{"damage":0,"enemies":"Chosen","floor":18,"turns":3},{"damage":0,"enemies":"Shell Parasite","floor":19,"turns":4},{"damage":0,"enemies":"Snecko","floor":20,"turns":4},{"damage":0,"enemies":"Gremlin Leader","floor":23,"turns":7},{"damage":0,"enemies":"Shelled Parasite and Fungi","floor":24,"turns":3},{"damage":0,"enemies":"Book of Stabbing","floor":25,"turns":6},{"damage":0,"enemies":"Slavers","floor":27,"turns":3},{"damage":0,"enemies":"Sentry and Sphere","floor":30,"turns":4},{"damage":0,"enemies":"Champ","floor":33,"turns":6},{"damage":0,"enemies":"3 Shapes","floor":35,"turns":2},{"damage":0,"enemies":"Orb Walker","floor":36,"turns":2},{"damage":0,"enemies":"Spire Growth","floor":37,"turns":3},{"damage":0,"enemies":"Nemesis","floor":40,"turns":7},{"damage":8,"enemies":"Giant Head","floor":42,"turns":6},{"damage":0,"enemies":"Reptomancer","floor":44,"turns":3},{"damage":0,"enemies":"Nemesis","floor":46,"turns":5},{"damage":0,"enemies":"2 Orb Walkers","floor":47,"turns":2},{"damage":0,"enemies":"Jaw Worm Horde","floor":48,"turns":2},{"damage":0,"enemies":"Awakened One","floor":50,"turns":7},{"damage":59,"enemies":"Time Eater","floor":51,"turns":6}],"seed_played":"-7770377873635302228","potions_obtained":[{"floor":4.0,"key":"AttackPotion"},{"floor":6.0,"key":"SkillPotion"},{"floor":14.0,"key":"Dexterity Potion"},{"floor":23,"key":"EntropicBrew"},{"floor":44,"key":"Explosive Potion"}],"is_trial":true,"path_per_floor":["M","M","?","M","$","E","M","R","T","E","$","T","$","E","R","B",null,"M","M","M","$","?","E","M","E","T","E","R","?","M","$","R","B",null,"M","M","M","?","?","E","?","E","T","E","$","E","?","M","R","B","B"],"character_chosen":"THE_AUTOMATON","items_purchased":["ClockworkSouvenir","Slimebound:StickyStick","War Paint","Bronze Scales"],"campfire_rested":0,"item_purchase_floors":[11,21,31,45],"current_hp_per_floor":[57,57,57,63,63,62,63,63,63,36,36,36,36,37,37,38,57,63,63,63,63,53,53,53,53,53,53,53,53,53,53,53,53,53,53,53,53,53,43,53,48,50,50,53,53,53,53,53,53,53,0,0,0],"gold":236,"neow_bonus":"","is_daily":false,"chose_seed":false,"campfire_upgraded":5,"win_rate":0.0,"timestamp":1614194985,"path_taken":["M","M","?","M","$","E","M","R","T","E","?","?","$","E","R","BOSS","M","M","M","$","?","E","M","E","T","E","R","?","M","$","R","BOSS","M","M","M","?","?","E","?","E","T","E","$","E","?","M","R","BOSS","BOSS"],"items_purchased_type":["Relic","Relic","Relic","Relic"],"build_version":"2020-12-22","purchased_purges":0,"victory":false,"max_hp_per_floor":[63,63,63,63,63,63,63,63,63,63,63,63,63,63,63,63,63,63,63,63,63,53,53,53,53,53,53,53,53,53,53,53,53,53,53,53,53,53,53,53,53,53,53,53,53,53,53,53,53,53,53,53,53],"card_choices":[{"not_picked":["bronze:WildBeam","bronze:Iterate"],"picked":"bronze:Constructor","floor":1.0},{"not_picked":["bronze:ChildClass","bronze:BuggyMess"],"picked":"bronze:Repair","floor":2.0},{"not_picked":["bronze:BitShift","bronze:ShipIt","bronze:Constructor"],"picked":"SKIP","floor":4.0},{"not_picked":["bronze:BugBarrage","bronze:Deprecate","bronze:DelayedSlice"],"picked":"SKIP","floor":6.0},{"not_picked":["bronze:Shield","bronze:Repulsor"],"picked":"bronze:Boost","floor":7.0},{"not_picked":["bronze:NullPointer","bronze:Safeguard"],"picked":"bronze:Branch","floor":10.0},{"not_picked":["bronze:Fortify","bronze:CleanCode"],"picked":"bronze:Assembly","floor":14.0},{"not_picked":["bronze:DelayedSlice","bronze:BronzeArmor+1"],"picked":"bronze:FollowUp+1","floor":18},{"not_picked":["bronze:Invalidate","bronze:Allocate"],"picked":"bronze:Boost","floor":19},{"not_picked":["bronze:BugBarrage","bronze:Deprecate","bronze:DarkDash"],"picked":"SKIP","floor":20},{"not_picked":["bronze:Virus","bronze:Refactor"],"picked":"bronze:Iterate","floor":23},{"not_picked":["bronze:FineTuning","bronze:Iterate"],"picked":"bronze:BronzeOrb","floor":24},{"not_picked":["bronze:Repulsor","bronze:Invalidate"],"picked":"bronze:TinkerersToolbox","floor":25},{"not_picked":["bronze:FineTuning","bronze:DigitalCarnage","bronze:BugBarrage"],"picked":"SKIP","floor":27},{"not_picked":["bronze:Backtrace","bronze:Shield","bronze:WhirlingStrike"],"picked":"SKIP","floor":30},{"not_picked":["bronze:TinkerersToolbox","bronze:FindAndReplace"],"picked":"bronze:Format","floor":33},{"not_picked":["bronze:GetLatest+1","bronze:Overheat"],"picked":"bronze:Flail","floor":35},{"not_picked":["bronze:Invalidate","bronze:Constructor+1","bronze:ForLoop+1"],"picked":"SKIP","floor":36},{"not_picked":["bronze:BitShift","bronze:Iterate"],"picked":"bronze:OilSpill","floor":37},{"not_picked":["Good Instincts","Dark Shackles"],"picked":"Enlightenment","floor":39},{"not_picked":["bronze:Frontload","bronze:Repulsor+1","bronze:Turbo"],"picked":"SKIP","floor":40},{"not_picked":["bronze:AlphaBuild","bronze:Frontload+1","bronze:FindAndReplace"],"picked":"SKIP","floor":42},{"not_picked":["bronze:DelayedSlice","bronze:BitShift+1","bronze:Overheat"],"picked":"SKIP","floor":44},{"not_picked":["bronze:Branch+1","bronze:Shield","bronze:Invalidate"],"picked":"SKIP","floor":46},{"not_picked":["bronze:Constructor","bronze:InfiniteLoop"],"picked":"bronze:OilSpill+1","floor":48}],"player_experience":1781266,"relics_obtained":[{"floor":6.0,"key":"Bag of Preparation"},{"floor":10.0,"key":"Boot"},{"floor":12.0,"key":"Juzu Bracelet"},{"floor":14.0,"key":"bronze:Mallet"},{"floor":23,"key":"Torii"},{"floor":25,"key":"Smiling Mask"},{"floor":26,"key":"bronze:CableSpool"},{"floor":27,"key":"Gremlin Horn"},{"floor":40,"key":"MawBank"},{"floor":42,"key":"bronze:Timepiece"},{"floor":43,"key":"Regal Pillow"},{"floor":44,"key":"Meat on the Bone"},{"floor":46,"key":"Bird Faced Urn"}],"event_choices":[{"damage_healed":0.0,"max_hp_gain":0.0,"max_hp_loss":0.0,"gold_gain":0.0,"event_name":"Match and Keep!","player_choice":"1 cards matched","floor":3.0,"gold_loss":0.0,"damage_taken":0.0,"cards_obtained":["bronze:Fortify"]},{"damage_healed":0,"gold_gain":0,"player_choice":"0 cards matched","damage_taken":0,"max_hp_gain":0,"max_hp_loss":0,"event_name":"Match and Keep!","floor":29,"gold_loss":0,"cards_obtained":[]},{"damage_healed":0,"gold_gain":0,"player_choice":"Upgraded","damage_taken":0,"max_hp_gain":0,"max_hp_loss":0,"event_name":"Upgrade Shrine","floor":38,"gold_loss":0,"cards_upgraded":["bronze:Assembly"]},{"damage_healed":0,"gold_gain":0,"player_choice":"Memory 3","damage_taken":10,"max_hp_gain":0,"max_hp_loss":0,"event_name":"SensoryStone","floor":39,"gold_loss":0},{"damage_healed":0,"gold_gain":0,"player_choice":"Fight","damage_taken":0,"max_hp_gain":0,"max_hp_loss":0,"event_name":"Mysterious Sphere","floor":47,"gold_loss":0}],"is_beta":false,"boss_relics":[{"not_picked":["bronze:PlatinumCore","Snecko Eye"],"picked":"Coffee Dripper"},{"not_picked":["Runic Pyramid","Velvet Choker"],"picked":"sneckomod:SneckoTalon"}],"items_purged_floors":[],"is_endless":false,"potions_floor_spawned":[4,6,14,16,18,23,27,30,35,36,44,46,48],"killed_by":"Time Eater","ascension_level":20}}