{"host":"7t8rqoeeopyy0nh0","time":1614154729,"event":{"mods":["AchievementEnabler","Aspiration","BaseMod","Better Third Choice","BetterRewards","Colored Map","Colored Powertips","Conspire","Downfall","Hubris","Minty Spire (QoL Compilation)","Permanent Neow","Quick Restart","Random Character Button","Rare Cards Sparkle","Reliquary","Replay The Spire","StSLib"],"gold_per_floor":[115,127,143,158,158,158,192,207,207,207,207,207],"floor_reached":11,"language":"ENG","playtime":354,"items_purged":[],"score":150,"play_id":"0289faf2-1bad-4676-9e7d-91166bd9d375","local_time":"20210224031849","is_ascension_mode":true,"campfire_choices":[{"data":"Fiend Fire","floor":6.0,"key":"SMITH"},{"floor":10.0,"key":"REST"}],"circlet_count":0,"master_deck":["AscendersBane","Strike_R","Strike_R","Strike_R","Strike_R","Strike_R","Defend_R","Defend_R","Defend_R","Defend_R","Bash+1","Shrug It Off","Fiend Fire+1","Feel No Pain","Headbutt","True Grit","conspire:Charge","Pommel Strike","Rampage","Feed"],"relics":["Burning Blood","Regal Pillow","Bird Faced Urn","Question Card","reliquary:Firecrackers"],"acts_visited":["Exordium"],"potions_floor_usage":[],"damage_taken":[{"damage":6.0,"enemies":"conspire:RoseBush","floor":1.0,"turns":5.0},{"damage":3.0,"enemies":"2 Louse","floor":2.0,"turns":4.0},{"damage":1.0,"enemies":"Cultist","floor":3.0,"turns":3.0},{"damage":12.0,"enemies":"Gremlin Gang","floor":4.0,"turns":4.0},{"damage":35.0,"enemies":"3 Sentries","floor":7.0,"turns":9.0},{"damage":23.0,"enemies":"Exordium Thugs","floor":8.0,"turns":5.0},{"damage":55,"enemies":"Gremlin Nob","floor":11,"turns":4}],"seed_played":"-2171220802216480953","potions_obtained":[{"floor":1.0,"key":"ElixirPotion"},{"floor":4.0,"key":"BloodPotion"}],"is_trial":false,"path_per_floor":["M","M","M","M","?","R","E","M","T","R","E"],"character_chosen":"IRONCLAD","items_purchased":["Regal Pillow","Shrug It Off","Fiend Fire","Feel No Pain","Headbutt","Explosive Potion"],"campfire_rested":1,"item_purchase_floors":[0,0,0,0,0,0],"current_hp_per_floor":[35,40,47,41,41,41,29,14,14,51,0,0],"gold":207,"neow_bonus":"","is_daily":false,"chose_seed":false,"campfire_upgraded":1,"win_rate":0.0,"timestamp":1614154729,"path_taken":["M","M","?","M","?","R","E","M","T","R","E"],"items_purchased_type":["Relic","Card","Card","Card","Card","Potion"],"build_version":"2020-12-22","purchased_purges":0,"victory":false,"max_hp_per_floor":[75,75,75,75,75,75,75,75,75,75,75,75],"card_choices":[{"not_picked":["Armaments","Headbutt"],"picked":"True Grit","floor":1.0},{"not_picked":["Flex","Reckless Charge"],"picked":"conspire:Charge","floor":2.0},{"not_picked":["Massacre","hubris:ReadiedAction"],"picked":"Pommel Strike","floor":3.0},{"not_picked":["Dropkick","Infernal Blade"],"picked":"Rampage","floor":4.0},{"not_picked":["Clash","Thunderclap"],"picked":"Feed","floor":7.0},{"not_picked":["Flex","Massacre","Entrench","Heavy Blade"],"picked":"SKIP","floor":8.0}],"player_experience":453161,"relics_obtained":[{"floor":7.0,"key":"Question Card"},{"floor":9.0,"key":"reliquary:Firecrackers"}],"event_choices":[{"damage_healed":0.0,"max_hp_gain":0.0,"max_hp_loss":0.0,"gold_gain":0.0,"event_name":"Accursed Blacksmith","player_choice":"Forge","floor":5.0,"gold_loss":0.0,"damage_taken":0.0,"cards_upgraded":["Bash"]}],"is_beta":false,"boss_relics":[],"items_purged_floors":[],"is_endless":false,"potions_floor_spawned":[1,4],"killed_by":"Gremlin Nob","ascension_level":20}}