{"host":"s0nrlal5fls38heo","time":1614171533,"event":{"mods":["AchievementEnabler","BaseMod","Colored Powertips","Dark Map","Displayed Cursed Tome","Downfall","Faster Ascension Climbing","GifTheSpireLib","Minty Spire (QoL Compilation)","Permanent Neow","Rare Cards Sparkle","Relic Filter Mod","Relic Stats","StSLib"],"gold_per_floor":[99,115,132,232,407,407,407,407,407,407],"floor_reached":8,"language":"ENG","playtime":231,"items_purged":[],"score":70,"play_id":"f1462941-bbb1-4d3d-a96b-5cf641aa0498","local_time":"20210224135853","is_ascension_mode":true,"campfire_choices":[{"data":"Slimebound:Split","floor":1,"key":"SMITH"},{"data":"Slimebound:CorrosiveSpit","floor":6,"key":"SMITH"}],"circlet_count":0,"master_deck":["AscendersBane","Slimebound:Strike_Slimebound","Slimebound:Strike_Slimebound","Slimebound:Strike_Slimebound","Slimebound:Tackle","Slimebound:Defend_Slimebound","Slimebound:Defend_Slimebound","Slimebound:Defend_Slimebound","Slimebound:Defend_Slimebound","Slimebound:Split+1","Slimebound:CorrosiveSpit+1","Slimebound:LeechLife","Slimebound:SlimeTap","Slimebound:LeechingTouch","Doubt"],"relics":["Slimebound:AbsorbEndCombat","HornCleat"],"acts_visited":["Exordium"],"potions_floor_usage":[8,8],"damage_taken":[{"damage":15,"enemies":"Jaw Worm","floor":2,"turns":4},{"damage":12,"enemies":"2 Louse","floor":3,"turns":4},{"damage":25,"enemies":"3 Sentries","floor":8,"turns":9}],"seed_played":"4211874919732922487","potions_obtained":[{"floor":2,"key":"BlessingOfTheForge"},{"floor":3,"key":"EntropicBrew"}],"is_trial":false,"path_per_floor":["R","M","M","?","?","R","T","E"],"character_chosen":"SLIMEBOUND","items_purchased":[],"campfire_rested":0,"item_purchase_floors":[],"current_hp_per_floor":[59,58,50,50,50,50,50,25,25,25],"gold":407,"neow_bonus":"ONE_RANDOM_RARE_CARD","is_daily":false,"chose_seed":false,"campfire_upgraded":2,"win_rate":0.0,"timestamp":1614171533,"path_taken":["R","M","M","?","?","R","T","E"],"items_purchased_type":[],"build_version":"2020-12-22","purchased_purges":0,"victory":false,"max_hp_per_floor":[65,65,65,65,65,65,65,65,65,65],"relic_stats":{"counters":[3,17],"obtain_stats":[{"HornCleat":7,"Slimebound:AbsorbEndCombat":0},{"HornCleat":2,"Slimebound:AbsorbEndCombat":0},{"HornCleat":8,"Slimebound:AbsorbEndCombat":0}]},"card_choices":[{"not_picked":["Slimebound:ProtectTheBoss","Slimebound:FlameTackle"],"picked":"Slimebound:SlimeTap","floor":2},{"not_picked":["Slimebound:TongueLash","Slimebound:ComboTackle"],"picked":"Slimebound:LeechingTouch","floor":3}],"player_experience":85361,"relics_obtained":[{"floor":7,"key":"HornCleat"}],"event_choices":[],"is_beta":false,"boss_relics":[],"items_purged_floors":[],"is_endless":false,"potions_floor_spawned":[2,3],"killed_by":"3 Sentries","ascension_level":12}}