{"host":"lufzn74xe9ct3rkf","time":1614149779,"event":{"mods":["AchievementEnabler","BaseMod","DNKmod","Evolution","Friendly Minions","Minty Spire (QoL Compilation)","StSLib","Treasure Hunter"],"gold_per_floor":[477,68,143,155,155,191,206,224,224,239,239,269,269,294,294,424,424,447,472,25,25,38,71,71,94,171,212,232,245,245,268,268,399,399,420,445,470,25,55,55,94,94,118,138,157,157,197,0,0,5,5,5,5,44,44],"floor_reached":56,"language":"ENG","playtime":2979,"items_purged":[],"score":1728,"play_id":"49dee304-5d69-46aa-be89-70468b804108","local_time":"20210223225619","is_ascension_mode":false,"campfire_choices":[{"floor":11,"key":"RECALL"},{"floor":13,"key":"DIG"},{"floor":15,"key":"DIG"},{"floor":30,"key":"DIG"},{"floor":32,"key":"DIG"},{"floor":40,"key":"DIG"},{"floor":46,"key":"DIG"},{"floor":49,"key":"DIG"},{"floor":52,"key":"DIG"}],"circlet_count":3,"master_deck":["Sweeping Beam","Sweeping Beam","Sweeping Beam","Sweeping Beam","Conserve Battery","Conserve Battery","Defend_B","Defend_B","Zap","Dualcast","Magnetism+1","Cold Snap+1","Melter+1","Panacea+1","Ball Lightning+1","Electrodynamics+1","Compile Driver+1","Lockon+1","TH:DeckOfManyThings+1","Creative AI+1","Doom and Gloom+1","White Noise+1","Barrage+1","Ball Lightning+1","TH:Mimic+1","Rip and Tear+1","Aggregate+1","Gash+1","Go for the Eyes+1","Scrape+1","TH:TreasureMap+1","Machine Learning+1","Hello World+1","Ball Lightning+1","Stack+1","Melter+1","Transmutation+1","Discovery+1","Rebound+1","Sunder+1","Lockon+1","TH:BikiniMail+1","Amplify+1","J.A.X.+1","White Noise+1","Compile Driver+1","TH:Mimic+1","Sweeping Beam+1","TH:Mimic+1","Hello World+1","All For One+1","Rebound+1","Defragment+1","Streamline+1","Streamline+1","TH:CopperCoins+1","Amplify+1","Ball Lightning+1","Sunder+1","Streamline+1","Ball Lightning+1","Capacitor+1","Rebound+1","Turbo+1","TH:DeckOfManyThings+1","Coolheaded+1","Transmutation+1","Master of Strategy+1","Metamorphosis+1","TH:CursedSword+1","Aggregate+1","Reinforced Body+1","Reinforced Body+1","Loop+1","TH:EnergyPotion+1","Rip and Tear+1","TH:CursedSword+1","Turbo+1"],"relics":["Cracked Core","EVO:Axolotl","Letter Opener","Pantograph","Sundial","Shuriken","Kunai","Singing Bowl","Eternal Feather","Blue Candle","Darkstone Periapt","Ornamental Fan","HornCleat","Bottled Lightning","Gremlin Horn","White Beast Statue","TH:Anvil","Mummified Hand","Frozen Egg 2","Mercury Hourglass","Meat on the Bone","InkBottle","Pear","Molten Egg 2","Toxic Egg 2","TH:Strongbox","Matryoshka","Bottled Flame","Question Card","Du-Vu Doll","Ice Cream","TungstenRod","Peace Pipe","Thread and Needle","Shovel","Incense Burner","Dead Branch","Torii","Prayer Wheel","Unceasing Top","CaptainsWheel","FossilizedHelix","Bag of Marbles","Golden Idol","StoneCalendar","Orichalcum","Odd Mushroom","Omamori","Pen Nib","Runic Pyramid","Frozen Eye","Ginger","Pocketwatch","MealTicket","Boot","Smiling Mask","Tiny Chest","Black Star","Lizard Tail","Chemical X","Regal Pillow","Gambling Chip","Blood Vial","Potion Belt","Vajra","Strawberry","Nunchaku","Red Mask","Oddly Smooth Stone","Circlet"],"acts_visited":["Exordium","TheCity","TheBeyond","TheEnding"],"potions_floor_usage":[50,55,55,55],"damage_taken":[{"damage":0,"enemies":"Jaw Worm","floor":1,"turns":2},{"damage":0,"enemies":"2 Louse","floor":4,"turns":1},{"damage":0,"enemies":"3 Sentries","floor":6,"turns":2},{"damage":0,"enemies":"Small Slimes","floor":7,"turns":1},{"damage":0,"enemies":"3 Louse","floor":8,"turns":1},{"damage":0,"enemies":"Blue Slaver","floor":10,"turns":1},{"damage":0,"enemies":"The Mushroom Lair","floor":12,"turns":1},{"damage":0,"enemies":"Looter","floor":14,"turns":1},{"damage":0,"enemies":"Hexaghost","floor":16,"turns":3},{"damage":0,"enemies":"Chosen","floor":18,"turns":1},{"damage":0,"enemies":"2 Thieves","floor":19,"turns":1},{"damage":0,"enemies":"Snake Plant","floor":22,"turns":1},{"damage":0,"enemies":"Book of Stabbing","floor":23,"turns":1},{"damage":0,"enemies":"Chosen and Byrds","floor":25,"turns":2},{"damage":8,"enemies":"Slavers","floor":27,"turns":2},{"damage":0,"enemies":"Snecko","floor":28,"turns":2},{"damage":0,"enemies":"Snake Plant","floor":29,"turns":2},{"damage":0,"enemies":"3 Cultists","floor":31,"turns":1},{"damage":0,"enemies":"Collector","floor":33,"turns":3},{"damage":0,"enemies":"Orb Walker","floor":35,"turns":2},{"damage":0,"enemies":"3 Darklings","floor":36,"turns":2},{"damage":0,"enemies":"Transient","floor":37,"turns":5},{"damage":8,"enemies":"4 Shapes","floor":39,"turns":2},{"damage":2,"enemies":"Giant Head","floor":41,"turns":1},{"damage":0,"enemies":"Jaw Worm Horde","floor":44,"turns":1},{"damage":0,"enemies":"Spire Growth","floor":45,"turns":1},{"damage":0,"enemies":"Nemesis","floor":47,"turns":3},{"damage":0,"enemies":"Awakened One","floor":50,"turns":5},{"damage":0,"enemies":"Shield and Spear","floor":54,"turns":2},{"damage":16,"enemies":"The Heart","floor":55,"turns":4}],"seed_played":"-5772379239901255371","potions_obtained":[{"floor":1,"key":"Dexterity Potion"},{"floor":4,"key":"FocusPotion"},{"floor":6,"key":"SpeedPotion"},{"floor":27,"key":"PotionOfCapacity"},{"floor":28,"key":"FairyPotion"},{"floor":44,"key":"Explosive Potion"},{"floor":54,"key":"Weak Potion"}],"is_trial":false,"path_per_floor":["M","$","?","M","?","E","M","M","T","M","R","?","R","M","R","B",null,"M","M","$","?","M","E","?","M","T","E","M","M","R","M","R","B",null,"M","M","M","$","M","R","E","?","T","M","M","R","E","?","R","B",null,"R","$","E","B",null],"character_chosen":"DEFECT","items_purchased":["Panacea+1","Ball Lightning+1","Electrodynamics+1","Bag of Marbles","Transmutation+1","Frozen Eye","Discovery+1","Rebound+1","Lizard Tail","Chemical X"],"campfire_rested":0,"item_purchase_floors":[2,2,2,2,20,20,20,20,38,38],"current_hp_per_floor":[75,75,65,65,48,48,48,48,48,48,63,63,75,75,75,75,75,75,75,75,75,75,75,75,75,75,67,67,67,75,75,75,75,75,75,75,75,75,67,75,73,64,64,66,68,75,82,82,82,82,82,82,82,82,66],"gold":44,"neow_bonus":"RANDOM_COLORLESS_2","is_daily":false,"chose_seed":false,"campfire_upgraded":0,"win_rate":0.0,"timestamp":1614149779,"path_taken":["M","$","?","M","?","E","M","M","T","M","R","?","R","M","R","BOSS","M","M","$","?","M","E","?","M","T","E","M","M","R","M","R","BOSS","M","M","M","$","M","R","E","?","T","M","M","R","E","?","R","BOSS","R","$","E","BOSS"],"items_purchased_type":["Card","Card","Card","Relic","Card","Relic","Card","Card","Relic","Relic"],"build_version":"2020-12-22","purchased_purges":0,"victory":true,"max_hp_per_floor":[75,75,75,75,75,75,75,75,75,75,75,75,75,75,75,75,75,75,75,75,75,75,75,75,75,75,75,75,75,75,75,75,75,75,75,75,75,75,75,75,75,75,75,75,75,75,82,82,82,82,82,82,82,82,82],"card_choices":[{"not_picked":["Sadistic Nature","TH:DeckOfManyThings"],"picked":"Magnetism","floor":0},{"not_picked":["Leap+1","Darkness+1","Conserve Battery+1"],"picked":"Cold Snap+1","floor":1},{"not_picked":["Beam Cell+1","Barrage+1","Steam Power+1"],"picked":"Melter+1","floor":1},{"not_picked":["Barrage+1","Streamline+1","Coolheaded+1"],"picked":"Compile Driver+1","floor":4},{"not_picked":["Reinforced Body+1","Rainbow+1","Leap+1"],"picked":"Lockon+1","floor":4},{"not_picked":["TH:ElvenBoots","TH:BikiniMail"],"picked":"TH:DeckOfManyThings","floor":6},{"not_picked":["Force Field+1","Rebound+1","Compile Driver+1"],"picked":"Creative AI+1","floor":6},{"not_picked":["Steam+1","Blizzard+1","Hologram+1"],"picked":"Doom and Gloom+1","floor":7},{"not_picked":["Stack+1","Leap+1","Coolheaded+1"],"picked":"White Noise+1","floor":7},{"not_picked":["Electrodynamics+1","Go for the Eyes+1","Sweeping Beam+1"],"picked":"Barrage+1","floor":8},{"not_picked":["Coolheaded+1","Auto Shields+1","Cold Snap+1"],"picked":"Ball Lightning+1","floor":8},{"not_picked":["TH:TreasureMap","TH:PixieDust"],"picked":"TH:Mimic","floor":9},{"not_picked":["Steam Power+1","Force Field+1","Consume+1"],"picked":"Rip and Tear+1","floor":10},{"not_picked":["Auto Shields+1","Coolheaded+1","Force Field+1"],"picked":"Aggregate+1","floor":10},{"not_picked":["Chaos+1","Beam Cell+1","Streamline+1"],"picked":"Gash+1","floor":12},{"not_picked":["Force Field+1","Chaos+1","Leap+1"],"picked":"Go for the Eyes+1","floor":14},{"not_picked":["Go for the Eyes+1","Turbo+1","Seek+1"],"picked":"Scrape+1","floor":14},{"not_picked":["TH:BikiniMail","TH:ArmorSpikes"],"picked":"TH:TreasureMap","floor":16},{"not_picked":["Rainbow+1","Thunder Strike+1","Biased Cognition+1"],"picked":"Machine Learning+1","floor":16},{"not_picked":["Compile Driver+1","Go for the Eyes+1","Stack+1"],"picked":"Hello World+1","floor":18},{"not_picked":["Stack+1","Storm+1","Loop+1"],"picked":"Ball Lightning+1","floor":18},{"not_picked":["Genetic Algorithm+1","Heatsinks+1","Consume+1"],"picked":"Stack+1","floor":19},{"not_picked":["Static Discharge+1","Sweeping Beam+1","Ball Lightning+1"],"picked":"Melter+1","floor":19},{"not_picked":["Rebound+1","Chaos+1","Double Energy+1"],"picked":"Sunder+1","floor":22},{"not_picked":["Cold Snap+1","Gash+1","Glacier+1"],"picked":"Lockon+1","floor":22},{"not_picked":["TH:TreasureMap","TH:ArmorSpikes"],"picked":"TH:BikiniMail","floor":23},{"not_picked":["Rainbow+1","Barrage+1","FTL+1"],"picked":"Amplify+1","floor":23},{"not_picked":["Ball Lightning+1","Streamline+1","Chill+1"],"picked":"White Noise+1","floor":25},{"not_picked":["Stack+1","Self Repair+1","Barrage+1"],"picked":"Compile Driver+1","floor":25},{"not_picked":["TH:CopperCoins","TH:ArmorSpikes"],"picked":"TH:Mimic","floor":26},{"not_picked":["Compile Driver+1","Glacier+1","Chaos+1"],"picked":"Sweeping Beam+1","floor":27},{"not_picked":["TH:BikiniMail","TH:ArmorSpikes"],"picked":"TH:Mimic","floor":27},{"not_picked":["Reprogram+1","Scrape+1","Sweeping Beam+1"],"picked":"Hello World+1","floor":28},{"not_picked":["Ball Lightning+1","Sweeping Beam+1","FTL+1"],"picked":"All For One+1","floor":28},{"not_picked":["Ball Lightning+1","Compile Driver+1","Sweeping Beam+1"],"picked":"Rebound+1","floor":29},{"not_picked":["Force Field+1","Turbo+1","Conserve Battery+1"],"picked":"Defragment+1","floor":29},{"not_picked":["Stack+1","Redo+1","Tempest+1"],"picked":"Streamline+1","floor":31},{"not_picked":["Hologram+1","Consume+1","Undo+1"],"picked":"Streamline+1","floor":31},{"not_picked":["TH:Mimic","TH:DeckOfManyThings"],"picked":"TH:CopperCoins","floor":33},{"not_picked":["Rainbow+1","Multi-Cast+1","Buffer+1"],"picked":"Amplify+1","floor":33},{"not_picked":["Self Repair+1","Fusion+1","Gash+1"],"picked":"Ball Lightning+1","floor":35},{"not_picked":["Self Repair+1","Rebound+1","BootSequence+1"],"picked":"Sunder+1","floor":35},{"not_picked":["Auto Shields+1","Storm+1","Coolheaded+1"],"picked":"Streamline+1","floor":36},{"not_picked":["Auto Shields+1","Steam+1","Rebound+1","Stack+1"],"picked":"SKIP","floor":36},{"not_picked":["Hologram+1","Undo+1","Beam Cell+1"],"picked":"Ball Lightning+1","floor":37},{"not_picked":["Tempest+1","Gash+1","Scrape+1"],"picked":"Capacitor+1","floor":37},{"not_picked":["Compile Driver+1","Reprogram+1","Sunder+1"],"picked":"Rebound+1","floor":39},{"not_picked":["Fusion+1","Steam Power+1","Chaos+1"],"picked":"Turbo+1","floor":39},{"not_picked":["TH:ElvenBoots","TH:ArmorSpikes"],"picked":"TH:DeckOfManyThings","floor":41},{"not_picked":["Hologram+1","Fusion+1","Leap+1"],"picked":"Coolheaded+1","floor":41},{"not_picked":["Purity+1","Flash of Steel+1","Bandage Up+1"],"picked":"Transmutation+1","floor":42},{"not_picked":["Good Instincts+1","Flash of Steel+1","TH:EnergyPotion"],"picked":"Master of Strategy+1","floor":42},{"not_picked":["TH:PixieDust","Forethought+1","Chrysalis+1"],"picked":"Metamorphosis+1","floor":42},{"not_picked":["TH:CopperCoins","TH:EnergyPotion"],"picked":"TH:CursedSword","floor":43},{"not_picked":["Streamline+1","Barrage+1","Ball Lightning+1"],"picked":"Aggregate+1","floor":44},{"not_picked":["Conserve Battery+1","Sweeping Beam+1","Compile Driver+1"],"picked":"Reinforced Body+1","floor":44},{"not_picked":["Sweeping Beam+1","Fission+1","Streamline+1"],"picked":"Reinforced Body+1","floor":45},{"not_picked":["Steam+1","FTL+1","Conserve Battery+1"],"picked":"Loop+1","floor":45},{"not_picked":["TH:CopperCoins","TH:ElvenBoots"],"picked":"TH:EnergyPotion","floor":47},{"not_picked":["Beam Cell+1","Glacier+1","Electrodynamics+1"],"picked":"Rip and Tear+1","floor":47},{"not_picked":["TH:CopperCoins","TH:PixieDust"],"picked":"TH:CursedSword","floor":54},{"not_picked":["Tempest+1","Reinforced Body+1","Storm+1"],"picked":"Turbo+1","floor":54}],"player_experience":54496,"relics_obtained":[{"floor":6,"key":"StoneCalendar"},{"floor":9,"key":"Orichalcum"},{"floor":12,"key":"Odd Mushroom"},{"floor":13,"key":"Omamori"},{"floor":15,"key":"Pen Nib"},{"floor":23,"key":"Ginger"},{"floor":26,"key":"Pocketwatch"},{"floor":26,"key":"MealTicket"},{"floor":27,"key":"Boot"},{"floor":30,"key":"Smiling Mask"},{"floor":32,"key":"Tiny Chest"},{"floor":40,"key":"Regal Pillow"},{"floor":41,"key":"Gambling Chip"},{"floor":41,"key":"Blood Vial"},{"floor":43,"key":"Potion Belt"},{"floor":46,"key":"Vajra"},{"floor":47,"key":"Strawberry"},{"floor":47,"key":"Nunchaku"},{"floor":49,"key":"Oddly Smooth Stone"},{"floor":52,"key":"Circlet"},{"floor":54,"key":"Circlet"},{"floor":54,"key":"Circlet"}],"event_choices":[{"damage_healed":0,"gold_gain":75,"player_choice":"Gather Gold","damage_taken":11,"max_hp_gain":0,"max_hp_loss":0,"event_name":"World of Goop","floor":3,"gold_loss":0},{"damage_healed":0,"gold_gain":0,"player_choice":"Take Damage","damage_taken":18,"relics_obtained":["Golden Idol"],"max_hp_gain":0,"max_hp_loss":0,"event_name":"Golden Idol","floor":5,"gold_loss":0},{"damage_healed":0,"gold_gain":0,"player_choice":"Fought Mushrooms","damage_taken":0,"max_hp_gain":0,"max_hp_loss":0,"event_name":"Mushrooms","floor":12,"gold_loss":0},{"damage_healed":0,"gold_gain":0,"player_choice":"Ignored","damage_taken":0,"max_hp_gain":0,"max_hp_loss":0,"event_name":"Vampires","floor":21,"gold_loss":0},{"damage_healed":0,"gold_gain":0,"player_choice":"Obtain J.A.X.","damage_taken":0,"max_hp_gain":0,"max_hp_loss":0,"event_name":"Drug Dealer","floor":24,"gold_loss":0,"cards_obtained":["J.A.X."]},{"damage_healed":0,"gold_gain":0,"player_choice":"Memory 3","damage_taken":10,"max_hp_gain":0,"max_hp_loss":0,"event_name":"SensoryStone","floor":42,"gold_loss":0},{"damage_healed":0,"gold_gain":0,"player_choice":"Paid","damage_taken":0,"relics_obtained":["Red Mask"],"max_hp_gain":0,"max_hp_loss":0,"event_name":"Tomb of Lord Red Mask","floor":48,"gold_loss":197}],"is_beta":false,"boss_relics":[{"not_picked":["Runic Dome","SacredBark"],"picked":"Runic Pyramid"},{"not_picked":["Pandora\u0027s Box","Busted Crown"],"picked":"Black Star"}],"items_purged_floors":[],"is_endless":false,"potions_floor_spawned":[1,4,6,7,8,10,12,14,16,18,19,22,23,25,27,28,29,31,33,35,36,37,39,41,44,45,47,54],"ascension_level":0}}