{"host":"s41rn2jhghpwfrvz","time":1614139514,"event":{"mods":["BaseMod","Minty Spire (QoL Compilation)","Quick Restart","Relic Stats","SuperFastMode"],"gold_per_floor":[116,135,60,60,72,104,116,151,151,184,200,233,233,263,263,337,337,353,253,178,178,228,263,263,298,323,323,323],"floor_reached":27,"language":"ENG","playtime":1050,"items_purged":["Warcry","Pain"],"score":724,"play_id":"81158065-02e5-4ac3-a9d1-b304cdda43da","local_time":"20210224060514","daily_mods":["SealedDeck","Diverse","Elite Swarm"],"is_ascension_mode":true,"campfire_choices":[{"data":"Body Slam","floor":15,"key":"SMITH"},{"data":"Footwork","floor":24,"key":"SMITH"}],"circlet_count":0,"master_deck":["AscendersBane","True Grit","Power Through","Acrobatics","Dual Wield","Body Slam+1","Double Energy","Footwork+1"],"relics":["Burning Blood","WarpedTongs","Happy Flower","Molten Egg 2","Mummified Hand","Blue Candle","Blood Vial","Ancient Tea Set","Mango","Runic Pyramid","Charon\u0027s Ashes","Ornamental Fan"],"acts_visited":["Exordium","TheCity"],"potions_floor_usage":[11,12,12],"damage_taken":[{"damage":0,"enemies":"Jaw Worm","floor":1,"turns":4},{"damage":0,"enemies":"Cultist","floor":2,"turns":4},{"damage":5,"enemies":"2 Louse","floor":5,"turns":2},{"damage":2,"enemies":"Lagavulin","floor":6,"turns":7},{"damage":7,"enemies":"Exordium Wildlife","floor":7,"turns":4},{"damage":64,"enemies":"Gremlin Nob","floor":8,"turns":5},{"damage":7,"enemies":"3 Sentries","floor":10,"turns":6},{"damage":1,"enemies":"Blue Slaver","floor":11,"turns":4},{"damage":21,"enemies":"Gremlin Nob","floor":12,"turns":4},{"damage":1,"enemies":"Lagavulin","floor":14,"turns":7},{"damage":28,"enemies":"Slime Boss","floor":16,"turns":6},{"damage":1,"enemies":"Shell Parasite","floor":18,"turns":5},{"damage":34,"enemies":"Slavers","floor":23,"turns":5},{"damage":0,"enemies":"Gremlin Leader","floor":25,"turns":6},{"damage":72,"enemies":"Slavers","floor":27,"turns":4}],"seed_played":"8225881787227941138","potions_obtained":[{"floor":1,"key":"Fire Potion"},{"floor":2,"key":"Weak Potion"},{"floor":10,"key":"Block Potion"},{"floor":11,"key":"BloodPotion"},{"floor":16,"key":"Strength Potion"},{"floor":23,"key":"CultistPotion"}],"is_trial":true,"path_per_floor":["M","M","$","?","M","E","M","E","T","E","M","E","?","E","R","B",null,"M","$","?","?","?","E","R","E","T","E"],"character_chosen":"IRONCLAD","items_purchased":[],"campfire_rested":0,"item_purchase_floors":[],"current_hp_per_floor":[74,75,75,75,75,75,74,16,16,15,20,20,20,41,41,21,72,79,79,79,79,79,53,53,61,61,0,0],"gold":323,"neow_bonus":"","is_daily":false,"chose_seed":false,"campfire_upgraded":2,"win_rate":0.0,"timestamp":1614139514,"path_taken":["M","M","$","?","M","E","?","E","T","E","M","E","?","E","R","BOSS","M","$","?","?","?","E","R","E","T","E"],"items_purchased_type":[],"build_version":"2020-12-22","purchased_purges":2,"victory":false,"max_hp_per_floor":[75,75,75,75,75,75,75,75,75,75,75,75,75,89,89,89,89,89,89,89,89,89,89,89,89,89,89,89],"relic_stats":{"Blood Vial":12,"Happy Flower":[18],"counters":[15,73],"Mummified Hand":[29],"Ornamental Fan":[0],"Blue Candle":[4],"Charon\u0027s Ashes":[82],"obtain_stats":[{"Blood Vial":12,"Happy Flower":6,"Mummified Hand":9,"Ornamental Fan":25,"Blue Candle":10,"Molten Egg 2":8,"Mango":14,"Charon\u0027s Ashes":23,"Ancient Tea Set":13,"Burning Blood":0,"WarpedTongs":4,"Runic Pyramid":17},{"Blood Vial":9,"Happy Flower":4,"Mummified Hand":6,"Ornamental Fan":14,"Blue Candle":7,"Molten Egg 2":6,"Mango":10,"Charon\u0027s Ashes":13,"Ancient Tea Set":9,"Burning Blood":0,"WarpedTongs":2,"Runic Pyramid":11},{"Blood Vial":40,"Happy Flower":17,"Mummified Hand":26,"Ornamental Fan":69,"Blue Candle":32,"Molten Egg 2":26,"Mango":47,"Charon\u0027s Ashes":63,"Ancient Tea Set":40,"Burning Blood":0,"WarpedTongs":8,"Runic Pyramid":53}],"Burning Blood":74,"WarpedTongs":[53]},"card_choices":[{"not_picked":["Stack","Steam","Caltrops"],"picked":"SKIP","floor":1},{"not_picked":["WaveOfTheHand","Quick Slash","Warcry"],"picked":"SKIP","floor":2},{"not_picked":["Eviscerate","Cleave","ForeignInfluence"],"picked":"SKIP","floor":5},{"not_picked":["Ragnarok","Unload","Electrodynamics"],"picked":"SKIP","floor":6},{"not_picked":["BowlingBash","Heatsinks","Flex"],"picked":"SKIP","floor":7},{"not_picked":["Reaper+1","DevaForm","Buffer"],"picked":"SKIP","floor":8},{"not_picked":["Hyperbeam+1","Night Terror","Tools of the Trade"],"picked":"SKIP","floor":10},{"not_picked":["Accuracy","Conserve Battery","Underhanded Strike+1"],"picked":"SKIP","floor":11},{"not_picked":["Alpha","Establishment","Blasphemy"],"picked":"SKIP","floor":12},{"not_picked":["Echo Form","Exhume","Establishment"],"picked":"SKIP","floor":14},{"not_picked":["Thunderclap+1","Rampage+1","Underhanded Strike+1"],"picked":"SKIP","floor":18},{"not_picked":["Venomology","Die Die Die+1","Creative AI"],"picked":"SKIP","floor":23},{"not_picked":["Night Terror","Bludgeon+1","Omniscience"],"picked":"SKIP","floor":25}],"player_experience":2000188,"relics_obtained":[{"floor":6,"key":"Happy Flower"},{"floor":8,"key":"Molten Egg 2"},{"floor":9,"key":"Mummified Hand"},{"floor":10,"key":"Blue Candle"},{"floor":12,"key":"Blood Vial"},{"floor":14,"key":"Mango"},{"floor":23,"key":"Charon\u0027s Ashes"},{"floor":25,"key":"Ornamental Fan"}],"event_choices":[{"damage_healed":0,"gold_gain":0,"player_choice":"Rummage","damage_taken":0,"relics_obtained":["WarpedTongs"],"max_hp_gain":0,"max_hp_loss":0,"event_name":"Accursed Blacksmith","floor":4,"gold_loss":0,"cards_obtained":["Pain"]},{"damage_healed":0,"gold_gain":0,"player_choice":"Searched \u00271\u0027 times","damage_taken":0,"relics_obtained":["Ancient Tea Set"],"max_hp_gain":0,"max_hp_loss":0,"event_name":"Dead Adventurer","floor":13,"gold_loss":0},{"cards_removed":["Armaments"],"damage_healed":0,"gold_gain":0,"player_choice":"Gave Gold","damage_taken":0,"max_hp_gain":0,"max_hp_loss":0,"event_name":"Beggar","floor":20,"gold_loss":75},{"cards_removed":["Conclude"],"damage_healed":0,"gold_gain":0,"player_choice":"Elegance","damage_taken":0,"max_hp_gain":0,"max_hp_loss":0,"event_name":"Back to Basics","floor":21,"gold_loss":0},{"damage_healed":0,"gold_gain":50,"player_choice":"Stole From Cult","damage_taken":0,"max_hp_gain":0,"max_hp_loss":0,"event_name":"Nest","floor":22,"gold_loss":0}],"is_beta":false,"boss_relics":[{"not_picked":["SacredBark","SlaversCollar"],"picked":"Runic Pyramid"}],"items_purged_floors":[3,19],"is_endless":false,"potions_floor_spawned":[1,2,10,11,16,23,25],"killed_by":"Slavers","ascension_level":20}}