{"host":"wmrrle71ao22fxdw","time":1614186730,"event":{"mods":["BaseMod","Colored Map","Minty Spire (QoL Compilation)","Rare Cards Sparkle","Relic Stats"],"gold_per_floor":[117,129,54,68,82,82,107,107,107,121,156,170,170,182,182,282,282,295,308,133,133,148,178,178,203,203,241,267,279,320,432,444,456,456],"floor_reached":33,"language":"ENG","playtime":1245,"items_purged":["Defend_P","LikeWater+1"],"score":380,"play_id":"e9272532-0045-4ad7-8e0d-69435c8a2edc","local_time":"20210224181210","is_ascension_mode":true,"campfire_choices":[{"data":"Eruption","floor":6,"key":"SMITH"},{"data":"SandsOfTime","floor":8,"key":"SMITH"},{"data":"CutThroughFate","floor":13,"key":"SMITH"},{"data":"Protect","floor":15,"key":"SMITH"},{"data":"Ragnarok","floor":24,"key":"SMITH"},{"data":"Tantrum","floor":29,"key":"SMITH"},{"data":"TalkToTheHand","floor":32,"key":"SMITH"}],"circlet_count":0,"master_deck":["Strike_P","Strike_P","Defend_P","Defend_P","Eruption+1","Vigilance","ThirdEye","Crescendo","Indignation","SandsOfTime+1","CutThroughFate+1","Protect+1","Ragnarok+1","Brilliance+1","WreathOfFlame+1","Meditate+1","Tantrum+1","CarveReality","DeusExMachina","TalkToTheHand+1","Protect+1"],"relics":["PureWater","Matryoshka","Akabeko","Meat on the Bone","Lantern","Astrolabe","Question Card","TungstenRod","MawBank","StoneCalendar","Peace Pipe","Ancient Tea Set","CloakClasp","InkBottle"],"acts_visited":["Exordium","TheCity"],"potions_floor_usage":[25,25,25],"damage_taken":[{"damage":0,"enemies":"2 Louse","floor":1,"turns":2},{"damage":0,"enemies":"Jaw Worm","floor":2,"turns":3},{"damage":0,"enemies":"Small Slimes","floor":4,"turns":2},{"damage":0,"enemies":"Exordium Wildlife","floor":5,"turns":4},{"damage":11,"enemies":"Lagavulin","floor":7,"turns":6},{"damage":0,"enemies":"Large Slime","floor":10,"turns":4},{"damage":28,"enemies":"Gremlin Nob","floor":11,"turns":3},{"damage":0,"enemies":"2 Fungi Beasts","floor":12,"turns":1},{"damage":0,"enemies":"Blue Slaver","floor":14,"turns":1},{"damage":29,"enemies":"Hexaghost","floor":16,"turns":6},{"damage":4,"enemies":"Shell Parasite","floor":18,"turns":3},{"damage":2,"enemies":"Spheric Guardian","floor":19,"turns":3},{"damage":2,"enemies":"Shelled Parasite and Fungi","floor":22,"turns":3},{"damage":23,"enemies":"Book of Stabbing","floor":23,"turns":4},{"damage":26,"enemies":"Slavers","floor":25,"turns":3},{"damage":0,"enemies":"Gremlin Leader","floor":27,"turns":3},{"damage":18,"enemies":"Snake Plant","floor":28,"turns":2},{"damage":21,"enemies":"Slavers","floor":30,"turns":3},{"damage":0,"enemies":"Colosseum Slavers","floor":31,"turns":1},{"damage":19,"enemies":"Colosseum Nobs","floor":31,"turns":3},{"damage":40,"enemies":"Automaton","floor":33,"turns":4}],"seed_played":"-7955007342569435399","potions_obtained":[{"floor":1,"key":"ColorlessPotion"},{"floor":4,"key":"EssenceOfSteel"},{"floor":14,"key":"Regen Potion"},{"floor":18,"key":"SkillPotion"},{"floor":19,"key":"Regen Potion"},{"floor":25,"key":"SpeedPotion"},{"floor":30,"key":"Swift Potion"}],"is_trial":false,"path_per_floor":["M","M","$","M","M","R","E","R","T","M","E","M","R","M","R","B",null,"M","M","$","?","M","E","R","E","T","E","M","R","E","?","R","B"],"character_chosen":"WATCHER","items_purchased":["Tantrum"],"campfire_rested":0,"item_purchase_floors":[20],"current_hp_per_floor":[79,79,79,79,79,79,68,68,68,68,40,40,40,40,40,23,79,75,73,73,73,71,48,48,41,41,41,35,35,26,31,31,0,0],"gold":456,"neow_bonus":"TEN_PERCENT_HP_BONUS","is_daily":false,"chose_seed":false,"campfire_upgraded":7,"win_rate":0.0,"timestamp":1614186730,"path_taken":["M","M","$","M","M","R","E","R","T","M","E","M","R","M","R","BOSS","M","M","$","?","M","E","R","E","T","E","M","R","E","?","R","BOSS"],"items_purchased_type":["Card"],"build_version":"2020-12-22","purchased_purges":2,"victory":false,"max_hp_per_floor":[79,79,79,79,79,79,79,79,79,79,79,79,79,79,79,79,79,79,79,79,79,79,79,79,79,79,79,79,79,79,79,79,79,79],"relic_stats":{"Peace Pipe":0,"counters":[21,64],"Astrolabe":["LikeWater","Brilliance","WreathOfFlame"],"StoneCalendar":[0],"CloakClasp":[15],"Question Card":5,"MawBank":84,"obtain_stats":[{"Lantern":11,"Astrolabe":17,"StoneCalendar":26,"CloakClasp":31,"Question Card":23,"MawBank":26,"Ancient Tea Set":30,"Akabeko":9,"Peace Pipe":27,"Matryoshka":7,"PureWater":0,"TungstenRod":25,"InkBottle":31,"Meat on the Bone":9},{"Lantern":7,"Astrolabe":10,"StoneCalendar":15,"CloakClasp":20,"Question Card":14,"MawBank":15,"Ancient Tea Set":18,"Akabeko":5,"Peace Pipe":16,"Matryoshka":5,"PureWater":0,"TungstenRod":15,"InkBottle":20,"Meat on the Bone":5},{"Lantern":24,"Astrolabe":32,"StoneCalendar":48,"CloakClasp":60,"Question Card":45,"MawBank":48,"Ancient Tea Set":56,"Akabeko":17,"Peace Pipe":51,"Matryoshka":17,"PureWater":0,"TungstenRod":48,"InkBottle":60,"Meat on the Bone":17}],"TungstenRod":11,"InkBottle":[1],"Meat on the Bone":60},"card_choices":[{"not_picked":["Conclude","Protect"],"picked":"ThirdEye","floor":1},{"not_picked":["Evaluate","DeceiveReality"],"picked":"Crescendo","floor":2},{"not_picked":["WindmillStrike","Fasting2","PathToVictory"],"picked":"SKIP","floor":4},{"not_picked":["ForeignInfluence","FollowUp"],"picked":"Indignation","floor":5},{"not_picked":["Wish","PathToVictory"],"picked":"SandsOfTime","floor":7},{"not_picked":["Prostrate","Crescendo"],"picked":"CutThroughFate","floor":10},{"not_picked":["Indignation","ThirdEye","CutThroughFate"],"picked":"SKIP","floor":11},{"not_picked":["Study","CrushJoints","EmptyBody"],"picked":"SKIP","floor":12},{"not_picked":["ReachHeaven","EmptyBody"],"picked":"Protect","floor":14},{"not_picked":["Scrawl","MasterReality"],"picked":"Ragnarok","floor":16},{"not_picked":["ReachHeaven","Protect"],"picked":"Meditate+1","floor":18},{"not_picked":["CutThroughFate+1","Perseverance+1","Crescendo"],"picked":"SKIP","floor":19},{"not_picked":["JustLucky+1","Crescendo","SandsOfTime"],"picked":"SKIP","floor":22},{"not_picked":["SpiritShield","Evaluate"],"picked":"DeusExMachina","floor":23},{"not_picked":["FlyingSleeves+1","FearNoEvil","Blasphemy","Weave+1"],"picked":"SKIP","floor":25},{"not_picked":["Prostrate+1","FlyingSleeves","LikeWater+1"],"picked":"TalkToTheHand","floor":27},{"not_picked":["FlurryOfBlows","Adaptation","FearNoEvil"],"picked":"Protect+1","floor":28},{"not_picked":["Pray+1","BowlingBash","Crescendo+1","DeusExMachina"],"picked":"SKIP","floor":30}],"player_experience":125011,"relics_obtained":[{"floor":7,"key":"Matryoshka"},{"floor":9,"key":"Akabeko"},{"floor":9,"key":"Meat on the Bone"},{"floor":11,"key":"Lantern"},{"floor":23,"key":"Question Card"},{"floor":25,"key":"TungstenRod"},{"floor":26,"key":"MawBank"},{"floor":26,"key":"StoneCalendar"},{"floor":27,"key":"Peace Pipe"},{"floor":30,"key":"Ancient Tea Set"},{"floor":31,"key":"CloakClasp"},{"floor":31,"key":"InkBottle"}],"event_choices":[{"damage_healed":0,"gold_gain":0,"player_choice":"Read","damage_taken":0,"max_hp_gain":0,"max_hp_loss":0,"event_name":"The Library","floor":21,"gold_loss":0,"cards_obtained":["CarveReality"]},{"damage_healed":0,"gold_gain":0,"player_choice":"Fight","damage_taken":0,"max_hp_gain":0,"max_hp_loss":0,"event_name":"Colosseum","floor":31,"gold_loss":0},{"damage_healed":0,"gold_gain":0,"player_choice":"Fought Nobs","damage_taken":0,"max_hp_gain":0,"max_hp_loss":0,"event_name":"Colosseum","floor":31,"gold_loss":0}],"is_beta":false,"boss_relics":[{"not_picked":["SacredBark","HolyWater"],"picked":"Astrolabe"}],"items_purged_floors":[3,20],"is_endless":false,"potions_floor_spawned":[1,4,14,18,19,22,25,30],"killed_by":"Automaton","ascension_level":1}}