{"host":"5n1fl7z5i1vf7jan","time":1614155033,"event":{"mods":["BaseMod","Minty Spire (QoL Compilation)","Quick Restart","Relic Stats"],"gold_per_floor":[119,130,142,142,142,168,168,168,194,244,278,307,25,45,45,124,124,140,151,151,151,151,201,221,221,221,221,237,237,237],"floor_reached":29,"language":"ENG","playtime":930,"items_purged":[],"score":470,"play_id":"2df14854-d23a-4be4-acef-fb13cf0a99ee","local_time":"20210224002353","is_ascension_mode":true,"campfire_choices":[{"floor":7.0,"key":"REST"},{"floor":15,"key":"REST"},{"data":"Defragment","floor":25,"key":"SMITH"},{"floor":27,"key":"REST"}],"circlet_count":0,"master_deck":["AscendersBane","Strike_B","Strike_B","Defend_B","Defend_B","Defend_B","Defend_B","Zap","Dualcast","Ball Lightning","Compile Driver","Coolheaded","Self Repair","BootSequence","Compile Driver+1","Lockon+1","Defragment+1","Fission","Ball Lightning+1","Streamline+1","Darkness","Amplify","Writhe","Glacier","Stack","Cold Snap+1","Coolheaded"],"relics":["Cracked Core","NeowsBlessing","Ancient Tea Set","Molten Egg 2","Vajra","Happy Flower","MawBank","Oddly Smooth Stone","SlaversCollar","Prayer Wheel","Unceasing Top"],"acts_visited":["Exordium","TheCity"],"potions_floor_usage":[11,14,16,21,24,29],"damage_taken":[{"damage":0.0,"enemies":"Jaw Worm","floor":1.0,"turns":1.0},{"damage":0.0,"enemies":"2 Louse","floor":2.0,"turns":1.0},{"damage":0.0,"enemies":"Small Slimes","floor":3.0,"turns":1.0},{"damage":36.0,"enemies":"Gremlin Nob","floor":6.0,"turns":4.0},{"damage":21,"enemies":"Lagavulin","floor":11,"turns":6},{"damage":0,"enemies":"Red Slaver","floor":12,"turns":2},{"damage":10,"enemies":"Lots of Slimes","floor":14,"turns":3},{"damage":46,"enemies":"Hexaghost","floor":16,"turns":10},{"damage":12,"enemies":"Chosen","floor":18,"turns":4},{"damage":14,"enemies":"Spheric Guardian","floor":19,"turns":4},{"damage":0,"enemies":"Snake Plant","floor":21,"turns":2},{"damage":29,"enemies":"Snecko","floor":24,"turns":4},{"damage":15,"enemies":"Chosen and Byrds","floor":28,"turns":6},{"damage":57,"enemies":"Gremlin Leader","floor":29,"turns":7}],"seed_played":"2670333130493110050","potions_obtained":[{"floor":1.0,"key":"SkillPotion"},{"floor":2.0,"key":"CultistPotion"},{"floor":12,"key":"Fruit Juice"},{"floor":18,"key":"SmokeBomb"},{"floor":19,"key":"SkillPotion"},{"floor":24,"key":"LiquidMemories"}],"is_trial":false,"path_per_floor":["M","M","M","?","T","E","R","?","T","?","E","M","$","M","R","B",null,"M","M","?","M","?","?","M","R","T","R","M","E"],"character_chosen":"DEFECT","items_purchased":["Lockon+1","Oddly Smooth Stone","Regen Potion"],"campfire_rested":3,"item_purchase_floors":[13,13,13],"current_hp_per_floor":[64,64,64,38,38,2,23,23,23,23,9,9,9,11,33,9,59,54,47,47,54,54,54,25,25,25,47,46,0,0],"gold":237,"neow_bonus":"THREE_ENEMY_KILL","is_daily":false,"chose_seed":false,"campfire_upgraded":1,"win_rate":0.0,"timestamp":1614155033,"path_taken":["M","M","M","?","?","E","R","?","T","?","E","M","$","?","R","BOSS","M","?","?","M","?","?","M","R","T","R","M","E"],"items_purchased_type":["Card","Relic","Potion"],"build_version":"2020-12-22","purchased_purges":0,"victory":false,"max_hp_per_floor":[71,71,71,71,71,71,71,71,71,71,71,71,71,76,76,76,76,76,76,76,76,76,76,76,76,76,76,76,76,76],"relic_stats":{"Happy Flower":[16],"counters":[14,55],"Prayer Wheel":2,"MawBank":24,"obtain_stats":[{"SlaversCollar":17,"NeowsBlessing":0,"Happy Flower":9,"Vajra":6,"Oddly Smooth Stone":13,"Molten Egg 2":5,"Prayer Wheel":22,"Cracked Core":0,"Ancient Tea Set":4,"MawBank":11,"Unceasing Top":26},{"SlaversCollar":8,"NeowsBlessing":0,"Happy Flower":4,"Vajra":4,"Oddly Smooth Stone":6,"Molten Egg 2":3,"Prayer Wheel":11,"Cracked Core":0,"Ancient Tea Set":3,"MawBank":5,"Unceasing Top":12},{"SlaversCollar":28,"NeowsBlessing":0,"Happy Flower":7,"Vajra":7,"Oddly Smooth Stone":15,"Molten Egg 2":3,"Prayer Wheel":38,"Cracked Core":0,"Ancient Tea Set":3,"MawBank":13,"Unceasing Top":42}],"Unceasing Top":[0]},"card_choices":[{"not_picked":["Heatsinks","Hologram"],"picked":"Ball Lightning","floor":1.0},{"not_picked":["Barrage","Turbo"],"picked":"Compile Driver","floor":2.0},{"not_picked":["Gash","Skim"],"picked":"Coolheaded","floor":3.0},{"not_picked":["Blizzard+1","Loop"],"picked":"Self Repair","floor":6.0},{"not_picked":["Self Repair","Turbo"],"picked":"BootSequence","floor":11},{"not_picked":["Aggregate","Gash+1"],"picked":"Compile Driver+1","floor":12},{"not_picked":["FTL+1","Sweeping Beam+1"],"picked":"Defragment","floor":14},{"not_picked":["Thunder Strike+1","Rainbow"],"picked":"Fission","floor":16},{"not_picked":["Fusion","Lockon+1"],"picked":"Ball Lightning+1","floor":18},{"not_picked":["Compile Driver+1","Aggregate"],"picked":"Streamline+1","floor":19},{"not_picked":["Stack","Go for the Eyes+1"],"picked":"Glacier","floor":24},{"not_picked":["Rebound+1","Redo"],"picked":"Stack","floor":24},{"not_picked":["Streamline+1","Conserve Battery"],"picked":"Cold Snap+1","floor":28},{"not_picked":["Steam Power","Consume"],"picked":"Coolheaded","floor":28}],"player_experience":390369,"relics_obtained":[{"floor":5.0,"key":"Molten Egg 2"},{"floor":6.0,"key":"Vajra"},{"floor":9,"key":"Happy Flower"},{"floor":11,"key":"MawBank"},{"floor":26,"key":"Unceasing Top"}],"event_choices":[{"damage_healed":0.0,"max_hp_gain":0.0,"max_hp_loss":0.0,"gold_gain":0.0,"event_name":"Scrap Ooze","player_choice":"Success","floor":4.0,"gold_loss":0.0,"damage_taken":26.0,"relics_obtained":["Ancient Tea Set"]},{"damage_healed":0,"gold_gain":0,"player_choice":"Ignored","damage_taken":0,"max_hp_gain":0,"max_hp_loss":0,"event_name":"Golden Wing","floor":8,"gold_loss":0},{"damage_healed":0,"gold_gain":50,"player_choice":"Pray","damage_taken":0,"max_hp_gain":0,"max_hp_loss":0,"event_name":"Golden Shrine","floor":10,"gold_loss":0},{"damage_healed":0,"gold_gain":0,"cards_transformed":["Strike_B","Strike_B"],"player_choice":"Became Test Subject","damage_taken":0,"max_hp_gain":0,"max_hp_loss":0,"event_name":"Drug Dealer","floor":20,"gold_loss":0,"cards_obtained":["Darkness","Amplify"]},{"damage_healed":0,"gold_gain":0,"player_choice":"Opened","damage_taken":0,"relics_obtained":["Prayer Wheel"],"max_hp_gain":0,"max_hp_loss":0,"event_name":"The Mausoleum","floor":22,"gold_loss":0,"cards_obtained":["Writhe"]},{"damage_healed":0,"gold_gain":50,"player_choice":"Stole From Cult","damage_taken":0,"max_hp_gain":0,"max_hp_loss":0,"event_name":"Nest","floor":23,"gold_loss":0}],"is_beta":false,"boss_relics":[{"not_picked":["Fusion Hammer","SacredBark"],"picked":"SlaversCollar"}],"items_purged_floors":[],"is_endless":false,"potions_floor_spawned":[1,2,12,18,19,24],"killed_by":"Gremlin Leader","ascension_level":20}}