{"host":"1j7ywpib2fztfglu","time":1614132777,"event":{"mods":["BaseMod","Dark Map","Highlight Path","Keyboard Shortcuts","Minty Spire (QoL Compilation)","RNG Fix","Random Character Button","Relic Stats","StSLib","Uncapped","Waifu the Spire","ojb\u0027s Info Mod"],"gold_per_floor":[111,127,138,213,213,238,238,268,268,301,0,0,16,34,34,34,34],"floor_reached":16,"language":"ENG","playtime":2544,"items_purged":["Strike_B"],"score":220,"play_id":"c1dc9266-d2a4-4899-b542-63bfe58c28fd","local_time":"20210223201257","is_ascension_mode":true,"campfire_choices":[{"data":"Zap","floor":7,"key":"SMITH"},{"data":"Loop","floor":15,"key":"SMITH"}],"circlet_count":0,"master_deck":["AscendersBane","Strike_B","Strike_B","Strike_B","Defend_B","Defend_B","Defend_B","Defend_B","Zap+1","Dualcast","Ball Lightning","Defragment+1","FTL","Loop+1","Cold Snap","Master of Strategy","Hologram","Conserve Battery"],"relics":["Cracked Core","NeowsBlessing","Kunai","Odd Mushroom","Strawberry","Membership Card"],"acts_visited":["Exordium"],"potions_floor_usage":[6,10,13,14],"damage_taken":[{"damage":0,"enemies":"Small Slimes","floor":1,"turns":1},{"damage":0,"enemies":"2 Louse","floor":2,"turns":1},{"damage":0,"enemies":"Cultist","floor":3,"turns":1},{"damage":11,"enemies":"Gremlin Nob","floor":6,"turns":3},{"damage":15,"enemies":"The Mushroom Lair","floor":8,"turns":4},{"damage":19,"enemies":"Lagavulin","floor":10,"turns":6},{"damage":5,"enemies":"Gremlin Gang","floor":13,"turns":2},{"damage":6,"enemies":"Exordium Wildlife","floor":14,"turns":3},{"damage":11,"enemies":"Hexaghost","floor":16,"turns":9}],"seed_played":"2304735571826990079","potions_obtained":[{"floor":1,"key":"Explosive Potion"},{"floor":2,"key":"DistilledChaos"},{"floor":8,"key":"Dexterity Potion"},{"floor":10,"key":"Fruit Juice"}],"is_trial":false,"path_per_floor":["M","M","M","?","?","E","R","?","T","E","$","?","M","M","R","B"],"character_chosen":"DEFECT","items_purchased":["Membership Card","Master of Strategy"],"campfire_rested":0,"item_purchase_floors":[11,11],"current_hp_per_floor":[64,64,64,53,53,42,42,27,27,15,15,15,10,9,9,0,0],"gold":34,"neow_bonus":"THREE_ENEMY_KILL","is_daily":false,"chose_seed":false,"campfire_upgraded":2,"win_rate":0.0,"timestamp":1614132777,"path_taken":["M","M","?","?","?","E","R","?","T","E","$","?","M","?","R","BOSS"],"items_purchased_type":["Relic","Card"],"build_version":"2020-12-22","purchased_purges":1,"victory":false,"max_hp_per_floor":[71,71,71,71,71,71,71,71,71,78,78,78,78,83,83,83,83],"relic_stats":{"counters":[9,30],"Kunai":[3],"obtain_stats":[{"NeowsBlessing":0,"Strawberry":10,"Kunai":6,"Membership Card":11,"Odd Mushroom":8,"Cracked Core":0},{"NeowsBlessing":0,"Strawberry":6,"Kunai":4,"Membership Card":6,"Odd Mushroom":5,"Cracked Core":0},{"NeowsBlessing":0,"Strawberry":16,"Kunai":6,"Membership Card":16,"Odd Mushroom":10,"Cracked Core":0}]},"card_choices":[{"not_picked":["Turbo","Stack"],"picked":"Ball Lightning","floor":1},{"not_picked":["Gash","Beam Cell","Barrage"],"picked":"SKIP","floor":2},{"not_picked":["Ball Lightning","Turbo"],"picked":"Defragment","floor":3},{"not_picked":["Compile Driver","Conserve Battery"],"picked":"FTL","floor":6},{"not_picked":["Hologram","Melter"],"picked":"Loop","floor":8},{"not_picked":["Steam","Auto Shields"],"picked":"Cold Snap","floor":10},{"not_picked":["Scrape","Rebound"],"picked":"Hologram","floor":13},{"not_picked":["Rebound","Self Repair"],"picked":"Conserve Battery","floor":14}],"player_experience":1960433,"relics_obtained":[{"floor":6,"key":"Kunai"},{"floor":8,"key":"Odd Mushroom"},{"floor":10,"key":"Strawberry"}],"event_choices":[{"damage_healed":0,"gold_gain":75,"player_choice":"Gather Gold","damage_taken":11,"max_hp_gain":0,"max_hp_loss":0,"event_name":"World of Goop","floor":4,"gold_loss":0},{"damage_healed":0,"gold_gain":0,"player_choice":"Upgraded","damage_taken":0,"max_hp_gain":0,"max_hp_loss":0,"event_name":"Upgrade Shrine","floor":5,"gold_loss":0,"cards_upgraded":["Defragment"]},{"damage_healed":0,"gold_gain":0,"player_choice":"Fought Mushrooms","damage_taken":0,"max_hp_gain":0,"max_hp_loss":0,"event_name":"Mushrooms","floor":8,"gold_loss":0},{"damage_healed":0,"gold_gain":0,"player_choice":"Ignored","damage_taken":0,"max_hp_gain":0,"max_hp_loss":0,"event_name":"Shining Light","floor":12,"gold_loss":0}],"is_beta":false,"boss_relics":[],"items_purged_floors":[11],"is_endless":false,"potions_floor_spawned":[1,2,8,10],"killed_by":"Hexaghost","ascension_level":20}}