{"host":"65a95dzim48ko8ke","time":1614146664,"event":{"mods":["AchievementEnabler","Aspiration","BaseMod","Bestiary","Better Altar","Better Match","Better Note","Better Sensory Stone","Better Skull","Better Third Choice","Block Reminder","Colored Map","Colored Powertips","Conspire","Curses Come First","DeckTracker","Energized Spire","Halation","Highlight Path","Hubris","Jedi Mod","Minty Spire (QoL Compilation)","MostiFishMod","Permanent Neow","Quick Restart","Random Character Button","Rare Cards Sparkle","Relic Sorter","Reliquary","Replay The Spire","RumiaBox-òIïƒ?ìIê_îÈ·¥éq","Spicy Shops","StSLib","TestMod","The Blue Laboratory","The IronCluck","Trackpad","Wandering Minibosses","Åy?ï®?îvÅzREMEMod"],"gold_per_floor":[113,123,114,514,159,184,184,207,207,217,231,262,262,280,280,388,388,406,1167,1167,1167,-1045,-1045,-1014,-1014,-1014,-986,-967,-942,-942,-932,-932,-834,-834,-813,-800,-750,-750,-750,-718,-718,-702,-679,-659,-659,-659,-630,-630,-630,-626],"floor_reached":51,"language":"ENG","playtime":3098,"items_purged":[],"score":1525,"play_id":"dffd4b61-968d-41dd-b8a5-ff910bbfdf4f","local_time":"20210224150424","is_ascension_mode":true,"campfire_choices":[{"data":"Eruption","floor":7.0,"key":"SMITH"},{"floor":15.0,"key":"REST"},{"data":"ReplayTheSpireMod:Brewmster","floor":23.0,"key":"SMITH"},{"data":"TalkToTheHand","floor":25.0,"key":"SMITH"},{"floor":32.0,"key":"REST"},{"floor":45.0,"key":"REST"},{"floor":49.0,"key":"REST"}],"circlet_count":0,"master_deck":["AscendersBane","ReplayTheSpireMod:Brewmster+1","Looming Evil","Perseverance","SandsOfTime+1"],"relics":["testmod-TestBox","REME_ComplimentaryCards","testmod-KeyOfTheVoid","Happy Flower","Anchor","reliquary:TuningFork","halation:IllGainedPizza","reliquary:Spinner","Yang","aspiration:HiddenCompartment","SoulBox","wanderingMiniBosses:MasterThiefsPresence","hubris:EmptyBottle","reliquary:RoseTintedGlasses","SynthV:MejaisSoulstealer","reliquary:TridentHead","Replay:Bottled Flurry","reliquary:RosewoodLute","Dream Catcher","SlaversCollar","Ring of Greed","Membership Card","Golden Egg","hubris:Towel","halation:EternalFortune","Blood Vial","Red Mask","trackpad:SappingStone","testmod-RandomTest"],"acts_visited":["Exordium","TheCity","TheBeyond"],"potions_floor_usage":[50,50,50,50,50,50,50,50,50,50,50,50],"damage_taken":[{"damage":14.0,"enemies":"2 Louse","floor":1.0,"turns":3.0},{"damage":6.0,"enemies":"Jaw Worm","floor":2.0,"turns":5.0},{"damage":0.0,"enemies":"Small Slimes","floor":3.0,"turns":6.0},{"damage":9.0,"enemies":"3 Sentries","floor":6.0,"turns":11.0},{"damage":12.0,"enemies":"Replay:BlueRogue","floor":8.0,"turns":6.0},{"damage":0.0,"enemies":"Looter","floor":10.0,"turns":2.0},{"damage":0.0,"enemies":"3 Louse","floor":11.0,"turns":2.0},{"damage":7.0,"enemies":"3 Sentries","floor":12.0,"turns":5.0},{"damage":0.0,"enemies":"Blue Slaver","floor":14.0,"turns":2.0},{"damage":5.0,"enemies":"The Guardian","floor":16.0,"turns":6.0},{"damage":0.0,"enemies":"conspire:FuzzyDice","floor":18.0,"turns":3.0},{"damage":4.0,"enemies":"3 Byrds","floor":19.0,"turns":5.0},{"damage":2.0,"enemies":"conspire:SneckoGhost","floor":24.0,"turns":4.0},{"damage":0.0,"enemies":"Slavers","floor":27.0,"turns":3.0},{"damage":0.0,"enemies":"Cultist and Chosen","floor":28.0,"turns":1.0},{"damage":0.0,"enemies":"Gremlin Leader","floor":29.0,"turns":2.0},{"damage":0.0,"enemies":"Shelled Parasite and Fungi","floor":31.0,"turns":1.0},{"damage":0.0,"enemies":"Champ","floor":33.0,"turns":3.0},{"damage":0.0,"enemies":"3 Shapes","floor":35.0,"turns":1.0},{"damage":0.0,"enemies":"3 Darklings","floor":36.0,"turns":1.0},{"damage":4.0,"enemies":"R_Hoarder","floor":40.0,"turns":5.0},{"damage":0.0,"enemies":"Transient","floor":42.0,"turns":5.0},{"damage":0.0,"enemies":"Maw","floor":44.0,"turns":2.0},{"damage":8.0,"enemies":"Giant Head","floor":47.0,"turns":4.0},{"damage":8,"enemies":"Donu and Deca","floor":50,"turns":3}],"seed_played":"4459616872515233773","potions_obtained":[{"floor":2.0,"key":"Explosive Potion"},{"floor":3.0,"key":"Elixir"},{"floor":6.0,"key":"AttackPotion"},{"floor":8.0,"key":"blueLaboratory:PhilterOfMotion"},{"floor":16.0,"key":"DuplicationPotion"},{"floor":19.0,"key":"FearPotion"},{"floor":28.0,"key":"blueLaboratory:MidnightOil"},{"floor":31.0,"key":"LiquidBronze"},{"floor":36.0,"key":"SteroidPotion"},{"floor":40.0,"key":"PowerPotion"}],"is_trial":false,"path_per_floor":["M","M","M","?","$","E","R","E","T","M","M","E","?","M","R_BF","B",null,"M","M","?","?","$","R","E","R","T","E","M","E","$","M","R","B",null,"M","M","?","?","?","E","?","M","T","M","R","$","E","$","R","B",null],"character_chosen":"WATCHER","items_purchased":["Happy Flower","Anchor","Halt","ReplayTheSpireMod:Brewmster","hubris:EmptyBottle","CutThroughFate+1","reliquary:RoseTintedGlasses","SynthV:MejaisSoulstealer"],"campfire_rested":4,"item_purchase_floors":[5,5,5,22,22,22,22,22],"current_hp_per_floor":[51,45,45,45,45,36,36,24,24,24,24,17,14,14,35,30,62,62,58,58,58,58,58,56,56,56,56,56,56,56,56,72,72,72,72,72,72,72,75,72,72,74,74,76,76,76,68,68,76,68],"gold":-626,"neow_bonus":"BOSS_RELIC","is_daily":false,"chose_seed":false,"campfire_upgraded":3,"win_rate":0.0,"timestamp":1614146664,"path_taken":["M","M","M","?","?","E","R","E","T","M","M","E","?","M","R_BF","BOSS","M","M","?","?","?","R","E","R","T","E","M","E","$","M","R","BOSS","M","M","?","?","?","E","?","M","T","?","R","$","E","$","R","BOSS"],"items_purchased_type":["Relic","Relic","Card","Card","Relic","Card","Relic","Relic"],"build_version":"2020-12-22","purchased_purges":0,"victory":true,"max_hp_per_floor":[72,72,72,72,72,72,72,72,72,72,72,72,72,72,72,72,72,72,72,72,72,72,72,72,72,72,72,72,72,72,72,72,72,72,72,72,72,72,75,76,76,76,76,76,76,76,76,76,76,76],"card_choices":[{"not_picked":["Protect","REME_Repentance"],"picked":"Adaptation","floor":1.0},{"not_picked":["MostiFishMod:Nomercy","CrushJoints"],"picked":"TalkToTheHand","floor":2.0},{"not_picked":["CrushJoints","MostiFishMod:Speedup"],"picked":"EmptyBody","floor":3.0},{"not_picked":["Replay:Anticipation","CrushJoints"],"picked":"Consecrate","floor":6.0},{"not_picked":["PathToVictory","MostiFishMod:StarHerder"],"picked":"ReachHeaven","floor":8.0},{"not_picked":["FlyingSleeves","Replay:BluntJabs"],"picked":"Consecrate","floor":10.0},{"not_picked":["Replay:ManipulateFuture","PathToVictory"],"picked":"SashWhip","floor":11.0},{"not_picked":["Collect","MostiFishMod:Speedup"],"picked":"EmptyBody","floor":12.0},{"not_picked":["SashWhip","Halt"],"picked":"JustLucky","floor":14.0},{"not_picked":["SpiritShield","MostiFishMod:DisColor"],"picked":"Ragnarok","floor":16.0},{"not_picked":["Meditate","Nirvana"],"picked":"Prostrate","floor":18.0},{"not_picked":["Evaluate","MostiFishMod:LegendTransform"],"picked":"EmptyBody+1","floor":19.0},{"not_picked":["testmod-AssimilatedRune","testmod-Collector"],"picked":"REME_BuildACard","floor":21.0},{"not_picked":["ReplayTheSpireMod:Trickstab","Apotheosis"],"picked":"Panacea","floor":21.0},{"not_picked":["BattleHymn","MostiFishMod:StarHerder"],"picked":"Ragnarok","floor":24.0},{"not_picked":["EmptyBody","PathToVictory"],"picked":"Replay:Battleflow","floor":27.0},{"not_picked":["CrushJoints","Replay:BluntJabs+1"],"picked":"Halt+1","floor":28.0},{"not_picked":["jedi:nirvanicrebirth","Collect"],"picked":"ClearTheMind","floor":29.0},{"not_picked":["ClearTheMind","WindmillStrike+1"],"picked":"FollowUp","floor":31.0},{"not_picked":["REME_MusicOfDeath","Protect"],"picked":"Wallop","floor":32.0},{"not_picked":["Replay:LoomingThreat","Blasphemy"],"picked":"MostiFishMod:StarWish","floor":33.0},{"not_picked":["MentalFortress+1","InnerPeace+1"],"picked":"SashWhip+1","floor":35.0},{"not_picked":["EmptyBody+1","Consecrate+1"],"picked":"Evaluate+1","floor":36.0},{"not_picked":["Sanctity","SashWhip"],"picked":"DeusExMachina","floor":40.0},{"not_picked":["Replay:AtTheReady+1","BowlingBash+1"],"picked":"Replay:BluntJabs+1","floor":42.0},{"not_picked":["FlyingSleeves+1","WindmillStrike"],"picked":"WaveOfTheHand+1","floor":44.0},{"not_picked":["Vengeance+1","FlyingSleeves"],"picked":"MostiFishMod:DustFall","floor":45.0},{"not_picked":["Consecrate","PathToVictory+1"],"picked":"Perseverance","floor":47.0},{"not_picked":["BowlingBash+1","Replay:BluntJabs+1"],"picked":"SandsOfTime+1","floor":49.0}],"player_experience":413168,"relics_obtained":[{"floor":6.0,"key":"reliquary:TuningFork"},{"floor":8.0,"key":"halation:IllGainedPizza"},{"floor":9.0,"key":"reliquary:Spinner"},{"floor":12.0,"key":"Yang"},{"floor":19.0,"key":"wanderingMiniBosses:MasterThiefsPresence"},{"floor":24.0,"key":"reliquary:TridentHead"},{"floor":26.0,"key":"Replay:Bottled Flurry"},{"floor":27.0,"key":"reliquary:RosewoodLute"},{"floor":29.0,"key":"Dream Catcher"},{"floor":37.0,"key":"Ring of Greed"},{"floor":37.0,"key":"Membership Card"},{"floor":37.0,"key":"Golden Egg"},{"floor":40.0,"key":"Blood Vial"},{"floor":43.0,"key":"trackpad:SappingStone"},{"floor":47.0,"key":"testmod-RandomTest"}],"event_choices":[{"damage_healed":0.0,"max_hp_gain":0.0,"max_hp_loss":0.0,"gold_gain":400.0,"event_name":"Plate Of N\u0027loth","player_choice":"Sell","floor":4.0,"relics_lost":["DaveBox"],"gold_loss":0.0,"damage_taken":0.0},{"damage_healed":0.0,"max_hp_gain":0.0,"max_hp_loss":0.0,"gold_gain":0.0,"event_name":"betterThird:BetterScrap","player_choice":"Relic ","floor":13.0,"gold_loss":0.0,"damage_taken":3.0,"cards_obtained":["MostiFishMod:TemporaryOutbreak"]},{"damage_healed":0.0,"max_hp_gain":0.0,"max_hp_loss":0.0,"gold_gain":0.0,"event_name":"Drug Dealer","player_choice":"Obtain J.A.X.","floor":20.0,"gold_loss":0.0,"damage_taken":0.0,"cards_obtained":["J.A.X."]},{"damage_healed":0.0,"max_hp_gain":0.0,"max_hp_loss":0.0,"gold_gain":2.0,"event_name":"betterStone:BetterStone","player_choice":"1","floor":21.0,"gold_loss":0.0,"damage_taken":0.0},{"damage_healed":0.0,"max_hp_gain":0.0,"max_hp_loss":0.0,"gold_gain":0.0,"event_name":"Tomb of Lord Red Mask","player_choice":"Paid","floor":41.0,"gold_loss":-718.0,"damage_taken":0.0,"relics_obtained":["Red Mask"]}],"is_beta":false,"boss_relics":[{"not_picked":["halation:PinkAlligatorPlush","hubris:Stopwatch"],"picked":"SoulBox"},{"not_picked":["halation:CatFaceCupcake","Snecko Eye"],"picked":"SlaversCollar"}],"items_purged_floors":[],"is_endless":false,"potions_floor_spawned":[2,3,6,8,16,19,28,31,35,36,40,47],"ascension_level":10}}