{"host":"5mo0809oo9tcrmpl","time":1614139481,"event":{"mods":["BaseMod","Highlight Path","Minty Spire (QoL Compilation)","Relic Stats","Slay the Relics Exporter"],"gold_per_floor":[117,132,147,99,109,109,109,109],"floor_reached":7,"language":"ENG","playtime":225,"items_purged":[],"score":86,"play_id":"9224b02a-2089-4e6d-9898-6998281e8af0","local_time":"20210223220441","is_ascension_mode":true,"campfire_choices":[{"floor":6,"key":"REST"}],"circlet_count":0,"master_deck":["AscendersBane","Strike_R","Strike_R","Strike_R","Strike_R","Strike_R","Defend_R","Defend_R","Defend_R","Defend_R","Bash+1","Sever Soul","Sword Boomerang","Twin Strike","Armaments"],"relics":["Burning Blood"],"acts_visited":["Exordium"],"potions_floor_usage":[5],"damage_taken":[{"damage":11,"enemies":"2 Louse","floor":1,"turns":3},{"damage":10,"enemies":"Small Slimes","floor":2,"turns":4},{"damage":6,"enemies":"Cultist","floor":3,"turns":3},{"damage":42,"enemies":"Exordium Thugs","floor":5,"turns":4},{"damage":50,"enemies":"3 Sentries","floor":7,"turns":6}],"seed_played":"54635798723545526","potions_obtained":[{"floor":1,"key":"SteroidPotion"},{"floor":3,"key":"FearPotion"}],"is_trial":false,"path_per_floor":["M","M","M","?","M","R","E"],"character_chosen":"IRONCLAD","items_purchased":[],"campfire_rested":1,"item_purchase_floors":[],"current_hp_per_floor":[63,59,59,59,23,45,0,0],"gold":109,"neow_bonus":"UPGRADE_CARD","is_daily":false,"chose_seed":false,"campfire_upgraded":0,"win_rate":0.0,"timestamp":1614139481,"path_taken":["M","M","M","?","M","R","E"],"items_purchased_type":[],"build_version":"2020-12-22","purchased_purges":0,"victory":false,"max_hp_per_floor":[75,75,75,75,75,75,75,75],"relic_stats":{"counters":[5,20],"obtain_stats":[{"Burning Blood":0},{"Burning Blood":0},{"Burning Blood":0}],"Burning Blood":24},"card_choices":[{"not_picked":["Power Through","Flame Barrier"],"picked":"Sever Soul","floor":1},{"not_picked":["Rage","Anger"],"picked":"Sword Boomerang","floor":2},{"not_picked":["Power Through","Metallicize"],"picked":"Twin Strike","floor":3},{"not_picked":["Dual Wield","Evolve"],"picked":"Armaments","floor":5}],"player_experience":1321223,"relics_obtained":[],"event_choices":[{"damage_healed":0,"gold_gain":0,"player_choice":"Left Gold","damage_taken":0,"max_hp_gain":0,"max_hp_loss":0,"event_name":"World of Goop","floor":4,"gold_loss":48}],"is_beta":false,"boss_relics":[],"items_purged_floors":[],"is_endless":false,"potions_floor_spawned":[1,3],"killed_by":"3 Sentries","ascension_level":20}}