{"host":"g907ck67u7c3hrs6","time":1614130951,"event":{"mods":["BaseMod","Colored Map","DeckTracker","Force Act Four","Highlight Path","Keyboard Shortcuts","Minty Spire (QoL Compilation)","Permanent Neow","Say the Spire","SuperFastMode"],"gold_per_floor":[114,114,129,144,159,189,204,204,279,279,309,324,354,369,369,469,469,484,484,499,499,499],"floor_reached":21,"language":"KOR","playtime":505,"items_purged":[],"score":203,"play_id":"3d736fee-096d-4cc3-b1a1-acc17392c699","local_time":"20210224104231","daily_mods":["Heirloom","Colorless Cards","DeadlyEvents"],"is_ascension_mode":false,"campfire_choices":[{"data":"Demon Form","floor":8,"key":"SMITH"},{"data":"Bash","floor":10,"key":"SMITH"},{"data":"Sword Boomerang","floor":15,"key":"SMITH"}],"circlet_count":0,"master_deck":["Strike_R","Strike_R","Strike_R","Strike_R","Strike_R","Defend_R","Defend_R","Defend_R","Defend_R","Bash+1","Cleave","Flash of Steel","Demon Form+1","Seeing Red","Madness","Sword Boomerang+1","Apotheosis","Warcry+1","Evolve","Pummel"],"relics":["Burning Blood","Magic Flower","Gremlin Horn","Sundial","Bottled Flame","Centennial Puzzle","SlaversCollar"],"acts_visited":["Exordium","TheCity"],"potions_floor_usage":[12,20,20,21],"damage_taken":[{"damage":6,"enemies":"Cultist","floor":1,"turns":3},{"damage":11,"enemies":"Jaw Worm","floor":3,"turns":2},{"damage":6,"enemies":"2 Louse","floor":4,"turns":3},{"damage":9,"enemies":"Blue Slaver","floor":5,"turns":3},{"damage":46,"enemies":"Lagavulin","floor":6,"turns":6},{"damage":2,"enemies":"3 Louse","floor":7,"turns":2},{"damage":25,"enemies":"Gremlin Nob","floor":11,"turns":4},{"damage":10,"enemies":"Looter","floor":12,"turns":3},{"damage":8,"enemies":"Lagavulin","floor":13,"turns":5},{"damage":7,"enemies":"Large Slime","floor":14,"turns":5},{"damage":59,"enemies":"The Guardian","floor":16,"turns":6},{"damage":12,"enemies":"Spheric Guardian","floor":18,"turns":4},{"damage":30,"enemies":"2 Thieves","floor":20,"turns":4},{"damage":67,"enemies":"Masked Bandits","floor":21,"turns":3}],"seed_played":"1986488565424594500","potions_obtained":[{"floor":5,"key":"BloodPotion"},{"floor":6,"key":"Block Potion"},{"floor":11,"key":"EssenceOfSteel"},{"floor":13,"key":"DistilledChaos"}],"is_trial":false,"path_per_floor":["M","$","M","M","M","E","M","R","T","R","E","M","E","M","R","B",null,"M","?","M","?"],"character_chosen":"IRONCLAD","items_purchased":[],"campfire_rested":0,"item_purchase_floors":[],"current_hp_per_floor":[80,80,78,80,80,43,50,50,50,50,34,57,58,60,60,10,80,77,77,56,0,0],"gold":499,"neow_bonus":"","is_daily":true,"chose_seed":false,"campfire_upgraded":3,"win_rate":0.0,"timestamp":1614130951,"path_taken":["M","?","M","M","M","E","?","R","T","R","?","M","E","M","R","BOSS","M","?","M","?"],"items_purchased_type":[],"build_version":"2020-12-22","purchased_purges":0,"victory":false,"max_hp_per_floor":[80,80,80,80,80,80,80,80,80,80,80,80,80,80,80,80,80,80,80,80,80,80],"card_choices":[{"not_picked":["Flex","Body Slam"],"picked":"Cleave","floor":1},{"not_picked":["Inflame","Second Wind"],"picked":"Flash of Steel","floor":3},{"not_picked":["Anger","Warcry","Flex"],"picked":"SKIP","floor":4},{"not_picked":["Cleave","Dark Embrace","Heavy Blade"],"picked":"SKIP","floor":5},{"not_picked":["Forethought","Feel No Pain"],"picked":"Demon Form","floor":6},{"not_picked":["Thunderclap","Pommel Strike","Spot Weakness"],"picked":"SKIP","floor":7},{"not_picked":["Thunderclap","Pommel Strike","Spot Weakness"],"picked":"SKIP","floor":7},{"not_picked":["Havoc","Shrug It Off"],"picked":"Seeing Red","floor":11},{"not_picked":["Cleave","Clothesline"],"picked":"Madness","floor":12},{"not_picked":["Armaments","Infernal Blade","Sever Soul"],"picked":"SKIP","floor":13},{"not_picked":["Headbutt","Spot Weakness"],"picked":"Sword Boomerang","floor":14},{"not_picked":["Secret Technique","Double Tap"],"picked":"Apotheosis","floor":16},{"not_picked":["Pommel Strike","Feel No Pain"],"picked":"Warcry+1","floor":18},{"not_picked":["Sword Boomerang","Wild Strike"],"picked":"Pummel","floor":20}],"player_experience":357073,"relics_obtained":[{"floor":6,"key":"Gremlin Horn"},{"floor":9,"key":"Sundial"},{"floor":11,"key":"Bottled Flame"},{"floor":13,"key":"Centennial Puzzle"}],"event_choices":[{"damage_healed":0,"gold_gain":0,"player_choice":"Read","damage_taken":0,"max_hp_gain":0,"max_hp_loss":0,"event_name":"The Library","floor":19,"gold_loss":0,"cards_obtained":["Evolve"]},{"damage_healed":0,"gold_gain":0,"player_choice":"Fought Bandits","damage_taken":0,"max_hp_gain":0,"max_hp_loss":0,"event_name":"Masked Bandits","floor":21,"gold_loss":0}],"is_beta":false,"boss_relics":[{"not_picked":["Tiny House","Black Star"],"picked":"SlaversCollar"}],"items_purged_floors":[],"is_endless":false,"potions_floor_spawned":[5,6,11,13,16,18],"killed_by":"Masked Bandits","ascension_level":0}}