{"host":"dbkc9h3etq50r1dq","time":1614158398,"event":{"mods":["AchievementEnabler","BaseMod","Block Reminder","Colored Powertips","Curses Come First","Dark Map","Minty Spire (QoL Compilation)","Permanent Neow","Potion Indicator Mod","Rare Cards Sparkle","StSLib","Together in Spire"],"gold_per_floor":[110,125,135,145,161,161,177,177,204,223,148,148,174,209,209,313,313,328,363,17,117,117,117,132,7,59,59,77,77,110,130,130,229,229,248,298,520,540,559,585,585,611,611,81,91,91,122,150,162,174],"floor_reached":51,"language":"ZHS","playtime":3378,"items_purged":["Strike_R","Strike_R","Strike_R","Strike_R"],"score":732,"play_id":"55469459-9762-46b7-ad2f-1939fef6ac6c","local_time":"20210224171958","is_ascension_mode":false,"campfire_choices":[{"data":"Inflame","floor":6.0,"key":"SMITH"},{"data":"Armaments","floor":15.0,"key":"SMITH"},{"floor":23.0,"key":"REST"},{"data":"Metallicize","floor":29.0,"key":"SMITH"},{"data":"Limit Break","floor":32.0,"key":"SMITH"},{"data":"Whirlwind","floor":41.0,"key":"SMITH"},{"data":"Brutality","floor":46,"key":"SMITH"},{"data":"Demon Form","floor":49,"key":"SMITH"}],"circlet_count":0,"master_deck":["Strike_R","Defend_R","Defend_R","Defend_R","Defend_R","Bash","Heavy Blade+1","Seeing Red","Inflame+1","Flex","Reaper","Armaments+1","Heavy Blade","Limit Break+1","Shrug It Off","Spot Weakness+1","Metallicize+1","Twin Strike","Battle Trance","Infernal Blade","Brutality+1","Whirlwind+1","Cleave+1","Bloodletting+1","Twin Strike","Demon Form+1","Good Instincts","Ghostly Armor","Inflame+1","Flex","Parasite","Inflame"],"relics":["Black Blood","Strawberry","Bag of Preparation","HornCleat","Red Mask","Vajra","Orichalcum","Toy Ornithopter","SacredBark","Torii","Prayer Wheel","Shovel","MawBank"],"acts_visited":[],"potions_floor_usage":[50,50],"damage_taken":[{"damage":8.0,"enemies":"Jaw Worm","floor":1.0,"turns":4.0},{"damage":6.0,"enemies":"Cultist","floor":2.0,"turns":3.0},{"damage":2.0,"enemies":"2 Louse","floor":3.0,"turns":4.0},{"damage":18.0,"enemies":"Exordium Wildlife","floor":4.0,"turns":4.0},{"damage":13.0,"enemies":"2 Fungi Beasts","floor":5.0,"turns":3.0},{"damage":26.0,"enemies":"Exordium Thugs","floor":7.0,"turns":6.0},{"damage":14.0,"enemies":"Blue Slaver","floor":10.0,"turns":3.0},{"damage":34.0,"enemies":"3 Sentries","floor":14.0,"turns":7.0},{"damage":0.0,"enemies":"Slime Boss","floor":16.0,"turns":4.0},{"damage":23.0,"enemies":"Shell Parasite","floor":18.0,"turns":4.0},{"damage":45.0,"enemies":"Masked Bandits","floor":19.0,"turns":5.0},{"damage":0.0,"enemies":"2 Thieves","floor":24.0,"turns":1.0},{"damage":4.0,"enemies":"Shelled Parasite and Fungi","floor":28.0,"turns":4.0},{"damage":9.0,"enemies":"Gremlin Leader","floor":30.0,"turns":2.0},{"damage":0.0,"enemies":"Cultist and Chosen","floor":31.0,"turns":4.0},{"damage":16.0,"enemies":"Automaton","floor":33.0,"turns":6.0},{"damage":0.0,"enemies":"3 Shapes","floor":35.0,"turns":2.0},{"damage":12.0,"enemies":"Mind Bloom Boss Battle","floor":36.0,"turns":5.0},{"damage":2.0,"enemies":"Orb Walker","floor":38.0,"turns":3.0},{"damage":24.0,"enemies":"Sphere and 2 Shapes","floor":39.0,"turns":5.0},{"damage":20.0,"enemies":"Reptomancer","floor":40.0,"turns":4.0},{"damage":0,"enemies":"Nemesis","floor":42,"turns":1},{"damage":1,"enemies":"4 Shapes","floor":45,"turns":3},{"damage":6,"enemies":"Giant Head","floor":47,"turns":5},{"damage":6,"enemies":"Writhing Mass","floor":48,"turns":3},{"damage":57,"enemies":"Donu and Deca","floor":50,"turns":6}],"seed_played":"5460270964939448361","potions_obtained":[{"floor":2.0,"key":"Fruit Juice"},{"floor":3.0,"key":"SkillPotion"},{"floor":4.0,"key":"SteroidPotion"},{"floor":10.0,"key":"LiquidBronze"},{"floor":14.0,"key":"Fire Potion"},{"floor":19.0,"key":"SkillPotion"},{"floor":31.0,"key":"BlessingOfTheForge"},{"floor":33.0,"key":"CultistPotion"},{"floor":36.0,"key":"Block Potion"}],"is_trial":false,"path_per_floor":["M","M","M","M","M","R","M","?","T","M","$","?","T","E","R","B",null,"M","?","$","?","$","R","M","$","T","?","M","R","E","M","R","B",null,"M","?","?","M","M","E","R","E","T","$","M","R","E","M","R","B",null],"character_chosen":"IRONCLAD","items_purchased":["Vajra","FairyPotion","Demon Form","LiquidBronze","Good Instincts","Ghostly Armor"],"campfire_rested":1,"item_purchase_floors":[20,20,44,44,44,44],"current_hp_per_floor":[86,86,88,76,74,74,54,54,61,53,53,86,86,93,93,100,100,89,56,56,56,56,86,98,98,98,98,100,100,100,100,100,96,100,100,100,100,100,88,85,85,97,97,97,100,100,100,100,100,55],"gold":186,"neow_bonus":"TEN_PERCENT_HP_BONUS","is_daily":false,"chose_seed":false,"campfire_upgraded":7,"win_rate":0.0,"timestamp":1614158398,"path_taken":["M","M","M","M","M","R","M","?","T","?","$","?","?","E","R","BOSS","M","?","?","?","$","R","?","$","T","?","M","R","E","M","R","BOSS","M","?","?","M","M","E","R","E","T","$","M","R","E","M","R","BOSS"],"items_purchased_type":["Relic","Potion","Card","Potion","Card","Card"],"build_version":"2020-12-22","purchased_purges":4,"victory":true,"max_hp_per_floor":[88,88,88,88,93,93,93,93,100,100,100,100,100,100,100,100,100,100,100,100,100,100,100,100,100,100,100,100,100,100,100,100,100,100,100,100,100,100,100,100,100,100,100,100,100,100,100,100,100,100],"card_choices":[{"not_picked":["Iron Wave","Twin Strike"],"picked":"Heavy Blade","floor":1.0},{"not_picked":["Infernal Blade","Dark Embrace"],"picked":"Seeing Red","floor":2.0},{"not_picked":["Pommel Strike","Ghostly Armor","Havoc"],"picked":"SKIP","floor":3.0},{"not_picked":["Shrug It Off","Havoc"],"picked":"Inflame","floor":4.0},{"not_picked":["Iron Wave","Body Slam"],"picked":"Flex","floor":5.0},{"not_picked":["Intimidate","Seeing Red"],"picked":"Reaper","floor":7.0},{"not_picked":["Twin Strike","Warcry"],"picked":"Armaments","floor":10.0},{"not_picked":["Fiend Fire","Wild Strike"],"picked":"Heavy Blade","floor":14.0},{"not_picked":["Impervious","Brutality"],"picked":"Limit Break","floor":16.0},{"not_picked":["Dual Wield","Blood for Blood"],"picked":"Shrug It Off","floor":18.0},{"not_picked":["Flex","Seeing Red"],"picked":"Spot Weakness+1","floor":24.0},{"not_picked":["Body Slam","Sentinel"],"picked":"Twin Strike","floor":28.0},{"not_picked":["Fire Breathing","Body Slam"],"picked":"Battle Trance","floor":30.0},{"not_picked":["Pommel Strike+1","Intimidate"],"picked":"Infernal Blade","floor":31.0},{"not_picked":["Reaper","Juggernaut"],"picked":"Brutality","floor":33.0},{"not_picked":["Havoc","Power Through"],"picked":"Whirlwind","floor":35.0},{"not_picked":["Rage","Armaments"],"picked":"Cleave+1","floor":38.0},{"not_picked":["Ghostly Armor+1","Anger"],"picked":"Bloodletting+1","floor":39.0},{"not_picked":["Iron Wave","Heavy Blade"],"picked":"Twin Strike","floor":40.0},{"not_picked":["Iron Wave","Heavy Blade","Twin Strike"],"picked":"SKIP","floor":42},{"not_picked":["Havoc","Dropkick"],"picked":"Inflame+1","floor":45},{"not_picked":["Feel No Pain+1","Wild Strike","Exhume"],"picked":"SKIP","floor":45},{"not_picked":["Body Slam","Perfected Strike+1"],"picked":"Flex","floor":47},{"not_picked":["Dropkick+1","Seeing Red+1"],"picked":"Inflame","floor":48},{"not_picked":["Pommel Strike+1","Sever Soul","Havoc+1"],"picked":"SKIP","floor":48}],"player_experience":154932,"relics_obtained":[{"floor":9.0,"key":"Strawberry"},{"floor":13.0,"key":"Bag of Preparation"},{"floor":14.0,"key":"HornCleat"},{"floor":19.0,"key":"Red Mask"},{"floor":26.0,"key":"Orichalcum"},{"floor":30.0,"key":"Toy Ornithopter"},{"floor":36.0,"key":"Torii"},{"floor":40.0,"key":"Prayer Wheel"},{"floor":42,"key":"Shovel"},{"floor":47,"key":"MawBank"}],"event_choices":[{"damage_healed":0.0,"max_hp_gain":0.0,"max_hp_loss":0.0,"gold_gain":0.0,"event_name":"Accursed Blacksmith","player_choice":"Forge","floor":8.0,"gold_loss":0.0,"damage_taken":0.0,"cards_upgraded":["Heavy Blade"]},{"damage_healed":33.0,"max_hp_gain":0.0,"max_hp_loss":0.0,"gold_gain":0.0,"event_name":"Big Fish","player_choice":"Banana","floor":12.0,"gold_loss":0.0,"damage_taken":0.0},{"damage_healed":0.0,"max_hp_gain":0.0,"max_hp_loss":0.0,"gold_gain":0.0,"event_name":"Masked Bandits","player_choice":"Fought Bandits","floor":19.0,"gold_loss":0.0,"damage_taken":0.0},{"damage_healed":0.0,"max_hp_gain":0.0,"max_hp_loss":0.0,"gold_gain":100.0,"event_name":"Golden Shrine","player_choice":"Pray","floor":21.0,"gold_loss":0.0,"damage_taken":0.0},{"damage_healed":0.0,"max_hp_gain":0.0,"max_hp_loss":0.0,"gold_gain":0.0,"event_name":"The Library","player_choice":"Read","floor":27.0,"gold_loss":0.0,"damage_taken":0.0,"cards_obtained":["Metallicize"]},{"damage_healed":0.0,"max_hp_gain":0.0,"max_hp_loss":0.0,"gold_gain":0.0,"event_name":"MindBloom","player_choice":"Fight","floor":36.0,"gold_loss":0.0,"damage_taken":0.0},{"damage_healed":0.0,"max_hp_gain":0.0,"max_hp_loss":0.0,"gold_gain":222.0,"event_name":"Tomb of Lord Red Mask","player_choice":"Wore Mask","floor":37.0,"gold_loss":0.0,"damage_taken":0.0}],"is_beta":false,"boss_relics":[{"not_picked":["Cursed Key","Black Star"],"picked":"Black Blood"},{"not_picked":["Sozu","Pandora\u0027s Box"],"picked":"SacredBark"}],"items_purged_floors":[11,20,25,44],"is_endless":false,"potions_floor_spawned":[2,3,4,10,14,19,31,33,36,45,48],"ascension_level":0}}