{"host":"o9lehcdjc4u6j9un","time":1614157982,"event":{"mods":["Aspiration","BaseMod","Better-Laid Plans","Bossed Relics","Colored Map","Koishi","Marisa£®ÏF”Í°°ƒß¿Ì…≥£©","Minty Spire (QoL Compilation)","Reimu£®≤©¿ˆ¡È√Œ£©","Remilia£®¿Ÿ√◊¿Ú—«£©","StSLib","The Senshi","The Servant 0.9.4","Yakumo Yukari mod","Youmu£®ªÍ∆«—˝√Œ£©"],"gold_per_floor":[112,125,143,43,43,77,97,97,97],"floor_reached":8,"language":"ZHS","playtime":922,"items_purged":["Strike_S"],"score":83,"play_id":"d73c00fb-b0a9-402c-b353-1a82f2e9e17a","local_time":"20210224171302","is_ascension_mode":false,"campfire_choices":[],"circlet_count":0,"master_deck":["Strike_S","Strike_S","Strike_S","Defend_S","Defend_S","Defend_S","Defend_S","KidneyShot","Exchange","Starlight","Rearm+1","ReturningBlade","FastForward+1","Defy"],"relics":["Uniform","Pear"],"acts_visited":["Exordium"],"potions_floor_usage":[8,8,8],"damage_taken":[{"damage":3,"enemies":"Jaw Worm","floor":1,"turns":4},{"damage":2,"enemies":"2 Louse","floor":2,"turns":3},{"damage":3,"enemies":"Small Slimes","floor":3,"turns":3},{"damage":25,"enemies":"3 Sentries","floor":6,"turns":7},{"damage":2,"enemies":"Looter","floor":7,"turns":4},{"damage":34,"enemies":"Lagavulin","floor":8,"turns":11}],"seed_played":"-9100784067810312199","potions_obtained":[{"floor":3,"key":"ZuzhouPotion:ReiMu"},{"floor":6,"key":"Swift Potion"},{"floor":7,"key":"BlessingOfTheForge"}],"is_trial":false,"path_per_floor":["M","M","M","$","?","E","M","E"],"character_chosen":"THE_SERVANT","items_purchased":["FastForward"],"campfire_rested":0,"item_purchase_floors":[4],"current_hp_per_floor":[68,66,63,63,49,34,32,0,0],"gold":97,"neow_bonus":"TEN_PERCENT_HP_BONUS","is_daily":false,"chose_seed":false,"campfire_upgraded":0,"win_rate":0.0,"timestamp":1614157982,"path_taken":["M","M","M","$","?","E","M","E"],"items_purchased_type":["Card"],"build_version":"2020-12-22","purchased_purges":1,"victory":false,"max_hp_per_floor":[71,71,71,71,71,81,81,81,81],"card_choices":[{"not_picked":["SpecialFormula","Spin"],"picked":"Starlight","floor":1},{"not_picked":["Unruled","Potential"],"picked":"Rearm","floor":2},{"not_picked":["Reset","Hightail"],"picked":"ReturningBlade","floor":3},{"not_picked":["BottledTime","ShatteredReality","StarChef"],"picked":"SKIP","floor":6},{"not_picked":["Starlight","ReturningBlade"],"picked":"Defy","floor":7}],"player_experience":176099,"relics_obtained":[{"floor":6,"key":"Pear"}],"event_choices":[{"damage_healed":0,"gold_gain":0,"player_choice":"Entered Light","damage_taken":14,"max_hp_gain":0,"max_hp_loss":0,"event_name":"Shining Light","floor":5,"gold_loss":0,"cards_upgraded":["FastForward","Rearm"]}],"is_beta":false,"boss_relics":[],"items_purged_floors":[4],"is_endless":false,"potions_floor_spawned":[3,6,7],"killed_by":"Lagavulin","ascension_level":0}}