{"host":"6lme9gmrtv3g6npf","time":1614210515,"event":{"mods":["BaseMod","Better Third Choice","Hubris","Infinite Spire","Minty Spire (QoL Compilation)","Reliquary","Replay The Spire","StSLib","The Cursed","egg"],"gold_per_floor":[113,113,113,132,62,97,97,97,97],"floor_reached":8,"language":"ENG","playtime":340,"items_purged":[],"score":99,"play_id":"44be73fd-fd15-483d-a22d-890facbb9f97","local_time":"20210224204835","is_ascension_mode":true,"campfire_choices":[],"circlet_count":0,"master_deck":["Strike_G","Strike_G","Strike_G","Strike_G","Strike_G","Defend_G","Defend_G","Defend_G","Defend_G","Defend_G","Survivor","Neutralize","Outmaneuver","Sucker Punch","Infinite Blades","Acrobatics","ReplayTheSpireMod:Haul"],"relics":["Ring of the Snake","NeowsBlessing","MealTicket","hubris:Towel","Tingsha"],"acts_visited":["Exordium"],"potions_floor_usage":[8],"damage_taken":[{"damage":0,"enemies":"Cultist","floor":1,"turns":1},{"damage":0,"enemies":"Jaw Worm","floor":4,"turns":1},{"damage":0,"enemies":"Gremlin Nob","floor":6,"turns":1},{"damage":57,"enemies":"Lagavulin","floor":8,"turns":10}],"seed_played":"7650485738209745176","potions_obtained":[{"floor":6,"key":"EssenceOfSteel"}],"is_trial":false,"path_per_floor":["M","?","?","M","$","E","?","E"],"character_chosen":"THE_SILENT","items_purchased":["Infinite Blades"],"campfire_rested":0,"item_purchase_floors":[5],"current_hp_per_floor":[70,58,58,58,70,70,52,0,0],"gold":97,"neow_bonus":"THREE_ENEMY_KILL","is_daily":false,"chose_seed":false,"campfire_upgraded":0,"win_rate":0.0,"timestamp":1614210515,"path_taken":["M","?","?","M","$","E","?","E"],"items_purchased_type":["Card"],"build_version":"2020-12-22","purchased_purges":0,"victory":false,"max_hp_per_floor":[70,70,70,70,70,70,70,70,70],"card_choices":[{"not_picked":["Underhanded Strike","Flying Knee"],"picked":"Outmaneuver","floor":1},{"not_picked":["Expertise","Night Terror"],"picked":"Sucker Punch","floor":4},{"not_picked":["Draining Mist","Catalyst"],"picked":"Acrobatics","floor":6},{"not_picked":["hubris:InfiniteBlow","infinitespire:UltimateForm"],"picked":"ReplayTheSpireMod:Haul","floor":7}],"player_experience":171998,"relics_obtained":[{"floor":6,"key":"Tingsha"}],"event_choices":[{"damage_healed":0,"gold_gain":0,"player_choice":"Relic ","damage_taken":12,"max_hp_gain":0,"max_hp_loss":0,"event_name":"betterThird:BetterScrap","floor":2,"gold_loss":0,"cards_obtained":["Weave"]}],"is_beta":false,"boss_relics":[],"items_purged_floors":[],"is_endless":false,"potions_floor_spawned":[6],"killed_by":"Lagavulin","ascension_level":5}}