{"host":"xltl1aroowo69o4n","time":1614190602,"event":{"mods":["BaseMod","Colored Map","Colored Powertips","Downfall","Koishi","Marisa????????","Minty Spire (QoL Compilation)","Replay The Spire","StSLib","The Cursed","The Hierophant","The Mystic","The Necromancer","The Servant 0.9.4"],"gold_per_floor":[111,121,1,15,25,25,58,58,58,72,72,89,89,123,123,223,223,235,235,269,269,280,313,313,324,350,8,8,25,25,43,43,141,141,155,170,189,189,214,245,245,272,296,316,37,37,57,58,58,58,58,58,6,39,39],"floor_reached":56,"language":"ENG","playtime":4128,"items_purged":["Wraith","Normality"],"score":1411,"play_id":"80c22eac-dd33-4c91-981d-8aa898e2d152","local_time":"20210224131642","is_ascension_mode":true,"campfire_choices":[{"data":"Koishi:HauntingSlash","floor":6.0,"key":"SMITH"},{"data":"Koishi:RacingHeart","floor":8.0,"key":"SMITH"},{"floor":11.0,"key":"RECALL"},{"floor":15.0,"key":"REST"},{"data":"Koishi:Possession","floor":24.0,"key":"SMITH"},{"data":"Koishi:ApparitionsStalkTheNight","floor":32.0,"key":"SMITH"},{"data":"Koishi:PerfectMindControl","floor":41.0,"key":"SMITH"},{"data":"Koishi:JumpScare","floor":49.0,"key":"SMITH"},{"data":"Koishi:Vanish","floor":52,"key":"SMITH"}],"circlet_count":0,"master_deck":["Koishi:BasicStrike+1","Koishi:BasicStrike+1","Koishi:BasicStrike+1","Koishi:BasicStrike+1","Koishi:BasicDefend+1","Koishi:BasicDefend+1","Koishi:BasicDefend+1","Koishi:BasicDefend+1","Koishi:Provoke","Koishi:HauntingSlash+1","Delirium","Koishi:SpiritedAway+1","Koishi:UnansweredLove","Koishi:ImGoingToCallYouNow+1","Koishi:RacingHeart+1","Koishi:ParalyzingFear","Koishi:DanmakuParanoia","Koishi:Possession+1","Koishi:BloodcurdlingScream","Koishi:PhantomStrike","Koishi:PerfectMindControl","Koishi:Untouchable+1","Koishi:TraumaticStroke","Koishi:StingingMind+1","Koishi:DreadfulBlow+1","Koishi:SilentAndRestless","Koishi:RacingHeart","Koishi:UnconsciousUrges","Koishi:ParalyzingFear","Koishi:FleetingPhantom","Koishi:Vanish+1","Shame","Koishi:ApparitionsStalkTheNight+1","Koishi:PerfectMindControl+1","Sickly","Delirium","downfall:Icky","Koishi:Jaunt+1","Koishi:JumpScare+1","Koishi:PhantomBarrier+1","Koishi:MindNumbingTerror+1","Koishi:EmbersOfLove+1","Koishi:CatchAndRose+1","Koishi:Catatonia"],"relics":["Koishi:ImaginaryFriend","FossilizedHelix","Snack Pack","Replay:Accelerometer","ChewingGum","Red Mask","Koishi:LettersToReimu","Anchor","Centennial Puzzle","Durian","Replay:Ancient Bell","PreservedInsect","Kunai","Pocketwatch","Potion Belt","Replay:Bottled Snecko","Replay:Mystery Machine","Bronze Scales","ReplayTheSpireMod:CursedCoin","Replay:Ringing Soul"],"acts_visited":["Exordium","TheCity","TheBeyond","TheEnding"],"potions_floor_usage":[54,55],"damage_taken":[{"damage":1.0,"enemies":"Cultist","floor":1.0,"turns":4.0},{"damage":0.0,"enemies":"2 Louse","floor":2.0,"turns":4.0},{"damage":0.0,"enemies":"Small Slimes","floor":4.0,"turns":4.0},{"damage":0.0,"enemies":"3 Louse","floor":5.0,"turns":5.0},{"damage":19.0,"enemies":"Replay:BlueRogue","floor":7.0,"turns":8.0},{"damage":13.0,"enemies":"2 Fungi Beasts","floor":10.0,"turns":5.0},{"damage":6.0,"enemies":"Exordium Wildlife","floor":12.0,"turns":5.0},{"damage":49.0,"enemies":"3 Sentries","floor":14.0,"turns":10.0},{"damage":30.0,"enemies":"Slime Boss","floor":16.0,"turns":14.0},{"damage":10.0,"enemies":"Chosen","floor":18.0,"turns":5.0},{"damage":12.0,"enemies":"Masked Bandits","floor":20.0,"turns":4.0},{"damage":0.0,"enemies":"Shell Parasite","floor":22.0,"turns":5.0},{"damage":4.0,"enemies":"Book of Stabbing","floor":23.0,"turns":6.0},{"damage":0.0,"enemies":"Shelled Parasite and Fungi","floor":25.0,"turns":7.0},{"damage":0.0,"enemies":"Cultist and Chosen","floor":29.0,"turns":5.0},{"damage":0.0,"enemies":"Snecko","floor":31.0,"turns":3.0},{"damage":17.0,"enemies":"Pondfish","floor":33.0,"turns":19.0},{"damage":16.0,"enemies":"3 Darklings","floor":35.0,"turns":7.0},{"damage":0.0,"enemies":"3 Shapes","floor":36.0,"turns":6.0},{"damage":0.0,"enemies":"Jaw Worm Horde","floor":37.0,"turns":5.0},{"damage":0.0,"enemies":"Giant Head","floor":40.0,"turns":11.0},{"damage":0.0,"enemies":"Nemesis","floor":42.0,"turns":11.0},{"damage":19.0,"enemies":"3 Darklings","floor":44.0,"turns":6.0},{"damage":0.0,"enemies":"Transient","floor":47.0,"turns":5.0},{"damage":0.0,"enemies":"Replay:Hell Engine","floor":50.0,"turns":19.0},{"damage":7,"enemies":"Shield and Spear","floor":54,"turns":7},{"damage":38,"enemies":"The Heart","floor":55,"turns":14}],"seed_played":"5162872298477053210","potions_obtained":[{"floor":1.0,"key":"SkillPotion"},{"floor":7.0,"key":"champ:CounterPotion"},{"floor":10.0,"key":"SpeedPotion"},{"floor":12.0,"key":"FearPotion"},{"floor":20.0,"key":"Adrenaline Potion"},{"floor":23.0,"key":"Cursed Concoction"},{"floor":44.0,"key":"Elixir"},{"floor":54,"key":"FearPotion"}],"is_trial":false,"path_per_floor":["M","M","$","M","M","R","E","R","T","M","R","M","?","E","R","B",null,"M","?","?","?","M","E","R","M","T","$","$","M","?","M","R","B",null,"M","M","M","?","T","E","R","E","T","M","$","?","M","$","R","B",null,"R","$","E","B",null],"character_chosen":"KOISHI","items_purchased":["Koishi:ImGoingToCallYouNow+1","Koishi:UnconsciousUrges","Koishi:ParalyzingFear","Koishi:PhantomBarrier","Centennial Puzzle","Koishi:FleetingPhantom","DuplicationPotion","LiquidBronze","AttackPotion","ReplayTheSpireMod:CursedCoin","ColorlessPotion","Block Potion"],"campfire_rested":1,"item_purchase_floors":[3,27,27,27,27,27,45,45,45,48,48,53],"current_hp_per_floor":[60,60,60,60,60,60,60,60,60,60,60,54,54,20,38,12,60,54,54,48,48,60,60,60,60,60,60,60,60,65,65,65,65,65,65,65,65,65,65,65,65,65,65,63,63,63,65,65,65,65,65,65,65,68,68],"gold":39,"neow_bonus":"ONE_RARE_RELIC","is_daily":false,"chose_seed":false,"campfire_upgraded":7,"win_rate":0.0,"timestamp":1614190602,"path_taken":["M","M","$","M","M","R","E","R","T","?","R","M","?","E","R","BOSS","M","?","?","?","?","E","R","M","T","?","$","M","?","M","R","BOSS","M","M","M","?","?","E","R","E","T","M","$","?","M","?","R","BOSS","R","$","E","BOSS"],"items_purchased_type":["Card","Card","Card","Card","Relic","Card","Potion","Potion","Potion","Relic","Potion","Potion"],"build_version":"2020-12-13","purchased_purges":2,"victory":true,"max_hp_per_floor":[60,60,60,60,60,60,60,60,60,60,60,60,60,60,60,60,60,60,60,60,60,60,60,60,60,60,60,60,60,65,65,65,65,65,65,65,65,65,65,65,65,65,65,65,65,65,65,65,65,65,65,65,65,68,68],"card_choices":[{"not_picked":["Koishi:SubterraneanRose","Koishi:Whimsy"],"picked":"Koishi:SpiritedAway","floor":1.0},{"not_picked":["Koishi:Possession","Koishi:VengefulSpirit"],"picked":"Koishi:UnansweredLove","floor":2.0},{"not_picked":["Koishi:Whimsy","Koishi:RorschachInDanmaku"],"picked":"Koishi:RacingHeart","floor":4.0},{"not_picked":["Koishi:FormlessExistence","Koishi:ReflexRadar"],"picked":"Koishi:ParalyzingFear","floor":5.0},{"not_picked":["Koishi:IdleWhim","Koishi:GeneticsOfTheUnconscious"],"picked":"Koishi:DanmakuParanoia","floor":7.0},{"not_picked":["Koishi:ApparitionsStalkTheNight","Koishi:SpiritedAway"],"picked":"Koishi:Possession","floor":10.0},{"not_picked":["Koishi:Jaunt","Koishi:CatchAndRose"],"picked":"Koishi:BloodcurdlingScream","floor":12.0},{"not_picked":["Koishi:Bloodlust","Koishi:ParalyzingFear"],"picked":"Koishi:PhantomStrike","floor":14.0},{"not_picked":["Koishi:RoseHell","Koishi:MindStellarRelief"],"picked":"Koishi:PerfectMindControl","floor":16.0},{"not_picked":["Koishi:PhantomStrike","Koishi:Vanish"],"picked":"Koishi:Untouchable+1","floor":18.0},{"not_picked":["Koishi:SubconsciousSweep","Koishi:RacingHeart"],"picked":"Koishi:StingingMind+1","floor":20.0},{"not_picked":["Koishi:EmbryosDream","Koishi:PhantomStrike"],"picked":"Koishi:DreadfulBlow+1","floor":22.0},{"not_picked":["Koishi:IdleWhim+1","Koishi:MassHysteria"],"picked":"Koishi:SilentAndRestless","floor":23.0},{"not_picked":["Koishi:PhilosophyOfTheDespised","Koishi:Jaunt+1"],"picked":"Koishi:RacingHeart","floor":25.0},{"not_picked":["Koishi:UnconsciousUprising","Koishi:HeartfeltFancy+1"],"picked":"Koishi:Vanish","floor":29.0},{"not_picked":["Koishi:BramblyRoseGarden+1","Koishi:HeartAttack"],"picked":"Koishi:ApparitionsStalkTheNight","floor":31.0},{"not_picked":["Koishi:FadingMemory","Koishi:RoseHell"],"picked":"Koishi:PerfectMindControl","floor":33.0},{"not_picked":["Shame","Looming Evil"],"picked":"Sickly","floor":34.0},{"not_picked":["AbeCurse","Normality"],"picked":"Delirium","floor":34.0},{"not_picked":["Pain","ReplayTheSpireMod:Restless Dread"],"picked":"downfall:Icky","floor":34.0},{"not_picked":["Koishi:Prune+1","Koishi:GeneticsOfTheUnconscious","Koishi:HeartfeltFancy+1"],"picked":"SKIP","floor":35.0},{"not_picked":["Koishi:ReflexRadar","Koishi:GeneticsOfTheUnconscious+1"],"picked":"Koishi:Jaunt+1","floor":36.0},{"not_picked":["Koishi:Possession","Koishi:ParalyzingFear+1"],"picked":"Koishi:JumpScare","floor":37.0},{"not_picked":["Koishi:RacingHeart+1","Koishi:RuptureMind"],"picked":"Koishi:PhantomBarrier+1","floor":40.0},{"not_picked":["Koishi:ReleaseOfTheId","Koishi:JumpScare"],"picked":"Koishi:MindNumbingTerror+1","floor":42.0},{"not_picked":["Koishi:HeartAttack","Koishi:ParalyzingFear"],"picked":"Koishi:EmbersOfLove+1","floor":44.0},{"not_picked":["Koishi:StrangeCloudFist+1","Koishi:EmbersOfLove+1"],"picked":"Koishi:CatchAndRose+1","floor":47.0},{"not_picked":["Koishi:FormlessExistence","Koishi:StingingMind"],"picked":"Koishi:Catatonia","floor":54}],"player_experience":272431,"relics_obtained":[{"floor":7.0,"key":"Snack Pack"},{"floor":14.0,"key":"Replay:Accelerometer"},{"floor":20.0,"key":"Red Mask"},{"floor":23.0,"key":"Koishi:LettersToReimu"},{"floor":26.0,"key":"Anchor"},{"floor":39.0,"key":"Potion Belt"},{"floor":40.0,"key":"Replay:Bottled Snecko"},{"floor":42.0,"key":"Replay:Mystery Machine"},{"floor":43.0,"key":"Bronze Scales"},{"floor":54,"key":"Replay:Ringing Soul"}],"event_choices":[{"damage_healed":0.0,"max_hp_gain":0.0,"max_hp_loss":0.0,"gold_gain":0.0,"event_name":"The Library","player_choice":"Read","floor":19.0,"gold_loss":0.0,"damage_taken":0.0,"cards_obtained":["Koishi:TraumaticStroke"]},{"damage_healed":0.0,"max_hp_gain":0.0,"max_hp_loss":0.0,"gold_gain":0.0,"event_name":"Masked Bandits","player_choice":"Fought Bandits","floor":20.0,"gold_loss":0.0,"damage_taken":0.0},{"damage_healed":0.0,"max_hp_gain":0.0,"max_hp_loss":0.0,"gold_gain":0.0,"event_name":"Back to Basics","player_choice":"Simplicity","floor":21.0,"gold_loss":0.0,"damage_taken":0.0,"cards_upgraded":["Koishi:BasicStrike","Koishi:BasicStrike","Koishi:BasicStrike","Koishi:BasicStrike","Koishi:BasicDefend","Koishi:BasicDefend","Koishi:BasicDefend","Koishi:BasicDefend"]},{"damage_healed":0.0,"max_hp_gain":0.0,"max_hp_loss":0.0,"gold_gain":0.0,"event_name":"Addict","player_choice":"Stole Relic","floor":30.0,"gold_loss":0.0,"damage_taken":0.0,"relics_obtained":["Durian"],"cards_obtained":["Shame"]},{"damage_healed":0.0,"max_hp_gain":0.0,"max_hp_loss":0.0,"gold_gain":0.0,"event_name":"OrinTheCat","player_choice":"Ignored","floor":38.0,"gold_loss":0.0,"damage_taken":0.0},{"cards_removed":["Koishi:PhantomBarrier"],"damage_healed":0.0,"max_hp_gain":0.0,"max_hp_loss":0.0,"gold_gain":0.0,"event_name":"Falling","player_choice":"Removed Skill","floor":46.0,"gold_loss":0.0,"damage_taken":0.0}],"is_beta":false,"boss_relics":[{"not_picked":["Abe\u0027s Treasure","Replay:Wanted Poster"],"picked":"ChewingGum"},{"not_picked":["Snecko Heart","Painkiller Herb"],"picked":"Replay:Ancient Bell"},{"not_picked":["MawBank","Replay:Bandana"],"picked":"PreservedInsect"},{"not_picked":["Onion Ring","Replay:Bottled Eggs"],"picked":"Kunai"},{"not_picked":["Replay:Arrowhead","Girya"],"picked":"Pocketwatch"}],"items_purged_floors":[45,48],"is_endless":false,"potions_floor_spawned":[1,7,10,12,20,23,44,54],"ascension_level":1}}