{"host":"k7udt7atmcuzf6l0","time":1614127055,"event":{"mods":["Act Like it!","BaseMod","Colored Map","Colored Powertips","Highlight Path","Minty Spire (QoL Compilation)","Quick Restart","Rare Cards Sparkle","Relic Stats","StSLib","UnlockEverythingMod"],"gold_per_floor":[114,63,78,153,163,191,191,216,243,243,33,33,33,61,61,186,186,202,227,35,235,245,245,257,257,283,283,307,341,341,341,341],"floor_reached":31,"language":"ZHS","playtime":691,"items_purged":["Strike_R"],"score":259,"play_id":"9e85cf90-f524-4af5-bc7b-ccf8d6e96745","local_time":"20210224083735","is_ascension_mode":false,"campfire_choices":[{"data":"Armaments","floor":7.0,"key":"SMITH"},{"data":"Inflame","floor":10.0,"key":"SMITH"},{"data":"Dark Embrace","floor":12.0,"key":"SMITH"},{"data":"Purity","floor":15.0,"key":"SMITH"},{"data":"Dual Wield","floor":23,"key":"SMITH"},{"data":"Fiend Fire","floor":25,"key":"SMITH"},{"data":"Anger","floor":27,"key":"SMITH"},{"data":"Intimidate","floor":30,"key":"SMITH"}],"circlet_count":0,"master_deck":["Strike_R","Strike_R","Strike_R","Strike_R","Defend_R","Defend_R","Defend_R","Defend_R","Bash","Clash","Armaments+1","Inflame+1","Intimidate+1","Anger+1","Dark Embrace+1","Purity+1","Dual Wield+1","Fiend Fire+1","Shockwave+1","Magnetism+1","Bloodletting","Pommel Strike","Disarm"],"relics":["Burning Blood","NeowsBlessing","Akabeko","Bag of Marbles","Dream Catcher","Frozen Egg 2","Sozu","Red Mask","CeramicFish","Bronze Scales"],"acts_visited":["Exordium","TheCity"],"potions_floor_usage":[22],"damage_taken":[{"damage":0.0,"enemies":"Cultist","floor":1.0,"turns":1.0},{"damage":0.0,"enemies":"Jaw Worm","floor":3.0,"turns":1.0},{"damage":0.0,"enemies":"2 Louse","floor":5.0,"turns":1.0},{"damage":20.0,"enemies":"Gremlin Nob","floor":6.0,"turns":4.0},{"damage":8.0,"enemies":"Lagavulin","floor":14.0,"turns":4.0},{"damage":4.0,"enemies":"Hexaghost","floor":16.0,"turns":6.0},{"damage":0.0,"enemies":"Chosen","floor":18.0,"turns":3.0},{"damage":18.0,"enemies":"Masked Bandits","floor":19.0,"turns":5.0},{"damage":17,"enemies":"Spheric Guardian","floor":22,"turns":4},{"damage":13,"enemies":"Snake Plant","floor":24,"turns":2},{"damage":28,"enemies":"Shelled Parasite and Fungi","floor":28,"turns":5},{"damage":31,"enemies":"Book of Stabbing","floor":29,"turns":6},{"damage":15,"enemies":"Centurion and Healer","floor":31,"turns":2}],"seed_played":"-8676193329588451180","potions_obtained":[{"floor":3.0,"key":"Energy Potion"},{"floor":6.0,"key":"BlessingOfTheForge"},{"floor":14.0,"key":"ColorlessPotion"},{"floor":16.0,"key":"Regen Potion"}],"is_trial":false,"path_per_floor":["M","$","M","?","M","E","R","T","T","R","$","R","$","E","R","B",null,"M","?","$","?","M","R","M","R","T","R","M","E","R","M"],"character_chosen":"IRONCLAD","items_purchased":["Armaments","Dark Embrace","Purity","Magnetism+1"],"campfire_rested":0,"item_purchase_floors":[2,11,11,20],"current_hp_per_floor":[80,80,80,69,75,61,61,61,61,61,61,61,61,59,59,61,80,80,68,68,68,69,69,62,62,62,62,40,15,15,0,0],"gold":341,"neow_bonus":"THREE_ENEMY_KILL","is_daily":false,"chose_seed":false,"campfire_upgraded":8,"win_rate":0.0,"timestamp":1614127055,"path_taken":["M","$","M","?","M","E","R","?","T","R","$","R","$","E","R","BOSS","M","?","$","?","M","R","M","R","T","R","M","E","R","M"],"items_purchased_type":["Card","Card","Card","Card"],"build_version":"2020-12-22","purchased_purges":1,"victory":false,"max_hp_per_floor":[80,80,80,80,80,80,80,80,80,80,80,80,80,80,80,80,80,80,80,80,80,80,80,80,80,80,80,80,80,80,80,80],"relic_stats":{"Sozu":1,"Dream Catcher":0,"counters":[13,44],"CeramicFish":18,"Bronze Scales":[6],"obtain_stats":[{"Sozu":17,"Dream Catcher":9,"NeowsBlessing":0,"CeramicFish":26,"Bronze Scales":29,"Bag of Marbles":8,"Red Mask":19,"Frozen Egg 2":14,"Burning Blood":0,"Akabeko":6},{"Sozu":6,"Dream Catcher":4,"NeowsBlessing":0,"CeramicFish":10,"Bronze Scales":12,"Bag of Marbles":4,"Red Mask":8,"Frozen Egg 2":5,"Burning Blood":0,"Akabeko":4},{"Sozu":17,"Dream Catcher":7,"NeowsBlessing":0,"CeramicFish":31,"Bronze Scales":42,"Bag of Marbles":7,"Red Mask":25,"Frozen Egg 2":11,"Burning Blood":0,"Akabeko":7}],"Burning Blood":54},"card_choices":[{"not_picked":["Cleave","True Grit"],"picked":"Clash","floor":1.0},{"not_picked":["Thunderclap","Carnage"],"picked":"Inflame","floor":3.0},{"not_picked":["Shrug It Off","Clash"],"picked":"Intimidate","floor":5.0},{"not_picked":["Spot Weakness","Evolve"],"picked":"Anger","floor":6.0},{"not_picked":["Burning Pact","Thunderclap"],"picked":"Dual Wield","floor":14.0},{"not_picked":["Offering","Reaper"],"picked":"Fiend Fire","floor":16.0},{"not_picked":["Hemokinesis+1","Heavy Blade","Iron Wave"],"picked":"SKIP","floor":18.0},{"not_picked":["Shrug It Off","Cleave+1"],"picked":"Shockwave+1","floor":19.0},{"not_picked":["Carnage","Battle Trance"],"picked":"Bloodletting","floor":22},{"not_picked":["Ghostly Armor","Shockwave","Perfected Strike"],"picked":"SKIP","floor":24},{"not_picked":["Shrug It Off","Warcry"],"picked":"Pommel Strike","floor":28},{"not_picked":["Clash+1","Wild Strike+1"],"picked":"Disarm","floor":29}],"player_experience":157825,"relics_obtained":[{"floor":6.0,"key":"Akabeko"},{"floor":8.0,"key":"Bag of Marbles"},{"floor":9.0,"key":"Dream Catcher"},{"floor":14.0,"key":"Frozen Egg 2"},{"floor":19.0,"key":"Red Mask"},{"floor":26,"key":"CeramicFish"},{"floor":29,"key":"Bronze Scales"}],"event_choices":[{"damage_healed":0.0,"max_hp_gain":0.0,"max_hp_loss":0.0,"gold_gain":75.0,"event_name":"World of Goop","player_choice":"Gather Gold","floor":4.0,"gold_loss":0.0,"damage_taken":11.0},{"damage_healed":0.0,"max_hp_gain":0.0,"max_hp_loss":0.0,"gold_gain":0.0,"event_name":"Masked Bandits","player_choice":"Fought Bandits","floor":19.0,"gold_loss":0.0,"damage_taken":0.0},{"damage_healed":0,"gold_gain":200,"player_choice":"Gold","damage_taken":0,"max_hp_gain":0,"max_hp_loss":0,"event_name":"Wheel of Change","floor":21,"gold_loss":0}],"is_beta":false,"boss_relics":[{"not_picked":["Mark of Pain","Ectoplasm"],"picked":"Sozu"}],"items_purged_floors":[11],"is_endless":false,"potions_floor_spawned":[3,6,14,16,19],"killed_by":"Centurion and Healer","ascension_level":0}}