{"host":"61r95uy0hn86b9iu","time":1614137964,"event":{"mods":["AchievementEnabler","BaseMod","Better Vampires","BetterRewards","Colored Powertips","Hubris","Minty Spire (QoL Compilation)","Shop Mod","StSLib"],"gold_per_floor":[118,132,150,7,21,21,21,31,31,31,57,71,71,85,85,161,161,175,6,24,24,37,37,37],"floor_reached":23,"language":"ENG","playtime":1294,"items_purged":[],"score":575,"play_id":"45d13e2e-a83b-4c79-92ca-37c76de4d90b","local_time":"20210223213924","is_ascension_mode":true,"campfire_choices":[{"floor":6.0,"key":"REST"},{"floor":10.0,"key":"REST"},{"data":"Defragment","floor":13.0,"key":"SMITH"},{"floor":15.0,"key":"REST"}],"circlet_count":0,"master_deck":["AscendersBane","Strike_B","Strike_B","Strike_B","Strike_B","Defend_B","Defend_B","Defend_B","Dualcast","Conserve Battery","Reinforced Body","The Bomb","Swift Strike","Defragment+1","BootSequence","Core Surge","Coolheaded","Leap","FTL","Electrodynamics","Streamline","Reboot","Chaos","Defragment"],"relics":["Cracked Core","Oddly Smooth Stone","Runic Capacitor","Girya","hubris:Towel","hubris:CuriousFeather","hubris:TenFootPole","Inserter","Membership Card","Orichalcum"],"acts_visited":["Exordium","TheCity"],"potions_floor_usage":[20],"damage_taken":[{"damage":4.0,"enemies":"Jaw Worm","floor":1.0,"turns":3.0},{"damage":1.0,"enemies":"2 Louse","floor":2.0,"turns":3.0},{"damage":0.0,"enemies":"Cultist","floor":3.0,"turns":4.0},{"damage":5.0,"enemies":"Blue Slaver","floor":5.0,"turns":4.0},{"damage":0.0,"enemies":"Looter","floor":8.0,"turns":2.0},{"damage":5.0,"enemies":"3 Sentries","floor":11.0,"turns":4.0},{"damage":1.0,"enemies":"Lots of Slimes","floor":12.0,"turns":3.0},{"damage":9.0,"enemies":"3 Louse","floor":14.0,"turns":3.0},{"damage":21.0,"enemies":"The Guardian","floor":16.0,"turns":10.0},{"damage":0.0,"enemies":"Spheric Guardian","floor":18.0,"turns":3.0},{"damage":4,"enemies":"Chosen","floor":20,"turns":5},{"damage":21,"enemies":"Sentry and Sphere","floor":22,"turns":5},{"damage":43,"enemies":"Slavers","floor":23,"turns":3}],"seed_played":"7684244567843603642","potions_obtained":[{"floor":1.0,"key":"SmokeBomb"},{"floor":5.0,"key":"Fire Potion"},{"floor":12.0,"key":"Weak Potion"},{"floor":16.0,"key":"Ancient Potion"},{"floor":18.0,"key":"BlessingOfTheForge"}],"is_trial":false,"path_per_floor":["M","M","M","$","M","R","?","M","T","R","E","M","R","M","R","B",null,"M","$","M","?","M","E"],"character_chosen":"DEFECT","items_purchased":["Oddly Smooth Stone","Conserve Battery","Runic Capacitor","Swift Strike","Core Surge","Coolheaded","Membership Card"],"campfire_rested":3,"item_purchase_floors":[0,0,0,0,4,4,19],"current_hp_per_floor":[21,20,20,20,15,36,36,36,36,57,52,51,51,42,63,42,64,64,64,60,60,39,0,0],"gold":37,"neow_bonus":"","is_daily":false,"chose_seed":false,"campfire_upgraded":1,"win_rate":0.0,"timestamp":1614137964,"path_taken":["M","M","M","$","M","R","?","M","T","R","E","M","R","M","R","BOSS","M","$","M","?","?","E"],"items_purchased_type":["Relic","Card","Relic","Card","Card","Card","Relic"],"build_version":"2020-12-22","purchased_purges":0,"victory":false,"max_hp_per_floor":[71,71,71,71,71,71,71,71,71,71,71,71,71,71,71,71,71,71,71,71,71,71,71,71],"card_choices":[{"not_picked":["Redo","Rebound"],"picked":"Defragment","floor":1.0},{"not_picked":["Force Field","Ball Lightning","Steam"],"picked":"SKIP","floor":2.0},{"not_picked":["Reprogram","Gash"],"picked":"BootSequence","floor":3.0},{"not_picked":["Skim","hubris:Ukulele"],"picked":"Leap","floor":5.0},{"not_picked":["Barrage","Beam Cell"],"picked":"FTL","floor":8.0},{"not_picked":["BootSequence","Hologram"],"picked":"Electrodynamics","floor":11.0},{"not_picked":["Gash","Hologram"],"picked":"Streamline","floor":12.0},{"not_picked":["Beam Cell","Auto Shields","Rebound"],"picked":"SKIP","floor":14.0},{"not_picked":["hubris:DoWhile","Machine Learning"],"picked":"Reboot","floor":16.0},{"not_picked":["Conserve Battery","Capacitor"],"picked":"Chaos","floor":18.0},{"not_picked":["Go for the Eyes","Cold Snap","FTL"],"picked":"SKIP","floor":20},{"not_picked":["Rebound","Reprogram"],"picked":"Defragment","floor":22}],"player_experience":3384858,"relics_obtained":[{"floor":9.0,"key":"hubris:CuriousFeather"},{"floor":11.0,"key":"hubris:TenFootPole"}],"event_choices":[{"damage_healed":0,"gold_gain":0,"player_choice":"Gave Potion","damage_taken":0,"relics_obtained":["Orichalcum"],"max_hp_gain":0,"max_hp_loss":0,"event_name":"WeMeetAgain","floor":21,"gold_loss":0}],"is_beta":false,"boss_relics":[{"not_picked":["Velvet Choker","Empty Cage"],"picked":"Inserter"}],"items_purged_floors":[],"is_endless":false,"potions_floor_spawned":[1,5,12,14,16,18],"killed_by":"Slavers","ascension_level":19}}