{"host":"v63m4f6t57xrjbnq","time":1614177958,"event":{"mods":["100% Spire Juice","ATMod(阿瑾Mod)","Act Like it!","Arknights","BaseMod","Colored Powertips","Dota2Spire","Downfall","Energized Spire","Gensokyo","Hallownest","KinomotoSakuraMod(木之本樱)","KomeijiMod","LagranYue(拉格朗・月)","Lobotomy","LobotomyExtend","Marisa（F雨　魔理沙）","Marked Mod","Minty Spire (QoL Compilation)","Quick Restart","Reimu（博丽灵梦）","Relic Filter Mod","Remilia（蕾米莉亚）","Replay The Spire","RumiaBox-露米娅的神秘盒子","StSLib","The Administrix","The Marked","The Senshi","The Servant 0.9.4","Waifu the Spire","WarShipGirlsR/战舰少女R mod","Yakumo Yukari mod","Youmu（魂魄妖梦）","Yuyuko","【遗物卡牌】REMEMod"],"gold_per_floor":[369,56,74,90,20,20,20,220,220],"floor_reached":8,"language":"ZHS","playtime":1140,"items_purged":[],"score":48,"play_id":"3545a6a4-deb7-442e-8991-688f10f03a2f","local_time":"20210224224558","is_ascension_mode":true,"campfire_choices":[],"circlet_count":0,"master_deck":["ClowCardTheSword+1","ClowCardTheShield+1","SpellCardSeal","SpellCardRelease","AT_FamilyPortrait","ClowCardThePower","Gensokyo:DepletedGenerator","Gensokyo:Shovel","ClowCardTheDream+1","ClowCardTheWood"],"relics":["KSMOD_SealedBook","KSMOD_SealedWand","AT_ATBox","REME_ComplimentaryCards","LagranYue:RandomDrawCardRelic","Baka","LetterFromLob","KSMOD_GemBrooch","FossilizedHelix","AT_ChloranthyRing"],"acts_visited":["Gensokyo:Gensokyo"],"potions_floor_usage":[],"damage_taken":[{"damage":0,"enemies":"Gensokyo:3_Fairies","floor":1,"turns":4},{"damage":6,"enemies":"Gensokyo:Gryphon","floor":3,"turns":2},{"damage":4,"enemies":"Gensokyo:2_Kodama","floor":4,"turns":5},{"damage":53,"enemies":"Gensokyo:Aya","floor":8,"turns":11}],"seed_played":"-3808156992737239237","potions_obtained":[{"floor":1,"key":"Reflective Coating"}],"is_trial":false,"path_per_floor":["M","COS","M","M","?","PTL","PTL","E"],"character_chosen":"KINOMOTOSAKURA","items_purchased":[],"campfire_rested":0,"item_purchase_floors":[],"current_hp_per_floor":[63,63,57,53,53,53,53,0,0],"gold":220,"neow_bonus":"TWO_FIFTY_GOLD","is_daily":false,"chose_seed":false,"campfire_upgraded":0,"win_rate":0.0,"timestamp":1614177958,"path_taken":["M","COS","M","M","?","PTL","PTL","E"],"items_purchased_type":[],"build_version":"2020-12-22","purchased_purges":0,"victory":false,"max_hp_per_floor":[63,63,63,63,63,63,63,63,63],"card_choices":[{"not_picked":["ClowCardTheIllusion","ClowCardTheErase"],"picked":"ClowCardThePower","floor":1},{"not_picked":["ClowCardTheArrow+1","ClowCardTheEarthy+1"],"picked":"ClowCardTheDream+1","floor":3},{"not_picked":["ClowCardTheWindy","ClowCardTheLibra"],"picked":"ClowCardTheWood","floor":3},{"not_picked":["ClowCardTheWood","ClowCardTheDream","ClowCardTheWave"],"picked":"SKIP","floor":4}],"player_experience":265743,"relics_obtained":[{"floor":1,"key":"Baka"},{"floor":1,"key":"LetterFromLob"},{"floor":3,"key":"FossilizedHelix"}],"event_choices":[],"is_beta":false,"boss_relics":[],"items_purged_floors":[],"is_endless":false,"potions_floor_spawned":[1],"killed_by":"Gensokyo:Aya","ascension_level":1}}