{"host":"0tbecx6mc13icp35","time":1614125907,"event":{"mods":["AchievementEnabler","BaseMod","Colored Map","Colored Powertips","Minty Spire (QoL Compilation)","Relic Stats","Synergy Search","slay the spire mod where everything is the same but ironclad has a cowboy hat"],"gold_per_floor":[114,126,89,89,89,125,125,166,166,166,197,150,150,150,150],"floor_reached":14,"language":"ENG","playtime":312,"items_purged":[],"score":142,"play_id":"d1370bef-1141-4c9c-b4fe-ee6605c6509b","local_time":"20210224031827","is_ascension_mode":true,"campfire_choices":[{"data":"Infernal Blade","floor":7,"key":"SMITH"},{"floor":10,"key":"REST"}],"circlet_count":0,"master_deck":["Strike_R","Strike_R+1","Strike_R","Strike_R","Strike_R","Defend_R","Defend_R","Defend_R","Defend_R","Bash","Heavy Blade+1","Rupture","Infernal Blade+1","Regret","Blood for Blood","Heavy Blade","Exhume"],"relics":["Burning Blood","NeowsBlessing","Golden Idol","Mercury Hourglass","Bottled Flame","Whetstone","Singing Bowl","Centennial Puzzle","Potion Belt"],"acts_visited":["Exordium"],"potions_floor_usage":[11],"damage_taken":[{"damage":0,"enemies":"Cultist","floor":1,"turns":1},{"damage":0,"enemies":"2 Louse","floor":2,"turns":1},{"damage":0,"enemies":"Gremlin Nob","floor":6,"turns":1},{"damage":38,"enemies":"Lagavulin","floor":8,"turns":4},{"damage":25,"enemies":"3 Sentries","floor":11,"turns":5},{"damage":27,"enemies":"Gremlin Nob","floor":14,"turns":3}],"seed_played":"8664660782777219208","potions_obtained":[{"floor":8,"key":"Strength Potion"}],"is_trial":false,"path_per_floor":["M","M","$","?","?","E","R","E","T","R","E","?","?","E"],"character_chosen":"IRONCLAD","items_purchased":["Infernal Blade"],"campfire_rested":1,"item_purchase_floors":[3],"current_hp_per_floor":[80,80,80,60,60,66,66,34,34,58,39,39,27,0,0],"gold":150,"neow_bonus":"THREE_ENEMY_KILL","is_daily":false,"chose_seed":false,"campfire_upgraded":1,"win_rate":0.0,"timestamp":1614125907,"path_taken":["M","M","$","?","?","E","R","E","T","R","E","?","?","E"],"items_purchased_type":["Card"],"build_version":"2020-12-22","purchased_purges":0,"victory":false,"max_hp_per_floor":[80,80,80,80,80,80,80,80,80,80,80,80,80,80,80],"relic_stats":{"Centennial Puzzle":[3],"Singing Bowl":0,"counters":[6,15],"Golden Idol":21,"Whetstone":["Heavy Blade","Strike_R"],"obtain_stats":[{"Potion Belt":13,"Bottled Flame":6,"Centennial Puzzle":11,"NeowsBlessing":0,"Singing Bowl":9,"Golden Idol":4,"Whetstone":8,"Burning Blood":0,"Mercury Hourglass":5},{"Potion Belt":5,"Bottled Flame":3,"Centennial Puzzle":5,"NeowsBlessing":0,"Singing Bowl":4,"Golden Idol":2,"Whetstone":4,"Burning Blood":0,"Mercury Hourglass":2},{"Potion Belt":12,"Bottled Flame":3,"Centennial Puzzle":12,"NeowsBlessing":0,"Singing Bowl":7,"Golden Idol":2,"Whetstone":7,"Burning Blood":0,"Mercury Hourglass":2}],"Burning Blood":18,"Mercury Hourglass":[43]},"card_choices":[{"not_picked":["Sentinel","Warcry"],"picked":"Heavy Blade","floor":1},{"not_picked":["Dropkick","True Grit"],"picked":"Rupture","floor":2},{"not_picked":["Intimidate","Thunderclap"],"picked":"Blood for Blood","floor":6},{"not_picked":["Clash","Twin Strike"],"picked":"Heavy Blade","floor":8},{"not_picked":["Body Slam","Twin Strike"],"picked":"Exhume","floor":11}],"player_experience":74320,"relics_obtained":[{"floor":6,"key":"Bottled Flame"},{"floor":8,"key":"Whetstone"},{"floor":9,"key":"Singing Bowl"},{"floor":11,"key":"Centennial Puzzle"}],"event_choices":[{"damage_healed":0,"gold_gain":0,"player_choice":"Take Damage","damage_taken":20,"relics_obtained":["Golden Idol"],"max_hp_gain":0,"max_hp_loss":0,"event_name":"Golden Idol","floor":4,"gold_loss":0},{"damage_healed":0,"gold_gain":0,"player_choice":"Box","damage_taken":0,"relics_obtained":["Mercury Hourglass"],"max_hp_gain":0,"max_hp_loss":0,"event_name":"Big Fish","floor":5,"gold_loss":0,"cards_obtained":["Regret"]},{"damage_healed":0,"gold_gain":0,"player_choice":"Left Gold","damage_taken":0,"max_hp_gain":0,"max_hp_loss":0,"event_name":"World of Goop","floor":12,"gold_loss":47},{"damage_healed":0,"gold_gain":0,"player_choice":"Success","damage_taken":12,"relics_obtained":["Potion Belt"],"max_hp_gain":0,"max_hp_loss":0,"event_name":"Scrap Ooze","floor":13,"gold_loss":0}],"is_beta":false,"boss_relics":[],"items_purged_floors":[],"is_endless":false,"potions_floor_spawned":[8],"killed_by":"Gremlin Nob","ascension_level":2}}