{"host":"i0avyit1s6jb1siw","time":1614194627,"event":{"mods":["BaseMod","DeckTracker","Dota2Spire","Minty Spire (QoL Compilation)","Quick Restart","StSLib","SuperFastMode"],"gold_per_floor":[115,40,115,115,130,155,155,167,241,265,265,265],"floor_reached":11,"language":"ENG","playtime":240,"items_purged":["Strike_G"],"score":192,"play_id":"d10abb52-027e-4943-a491-0fd615a96f8e","local_time":"20210224202347","is_ascension_mode":true,"campfire_choices":[{"data":"Poisoned Stab","floor":7,"key":"SMITH"}],"circlet_count":0,"master_deck":["AscendersBane","Strike_G","Strike_G","Strike_G","Strike_G","Defend_G","Defend_G","Defend_G","Defend_G","Defend_G","Survivor","Neutralize","Dagger Throw","Poisoned Stab+1"],"relics":["Ring of the Snake","NeowsBlessing","Dota2Spire:PhaseBoots","Tiny Chest","Bag of Marbles"],"acts_visited":["Exordium"],"potions_floor_usage":[11],"damage_taken":[{"damage":0,"enemies":"2 Louse","floor":1,"turns":1},{"damage":0,"enemies":"Jaw Worm","floor":5,"turns":1},{"damage":0,"enemies":"3 Sentries","floor":6,"turns":1},{"damage":0,"enemies":"Cultist","floor":8,"turns":3},{"damage":52,"enemies":"Lagavulin","floor":11,"turns":9}],"seed_played":"5598597936106559856","potions_obtained":[{"floor":1,"key":"LiquidMemories"},{"floor":6,"key":"Regen Potion"}],"is_trial":false,"path_per_floor":["M","$","?","?","M","E","R","M","T","T","E"],"character_chosen":"THE_SILENT","items_purchased":[],"campfire_rested":0,"item_purchase_floors":[],"current_hp_per_floor":[59,59,48,43,43,43,43,43,43,43,0,0],"gold":265,"neow_bonus":"THREE_ENEMY_KILL","is_daily":false,"chose_seed":false,"campfire_upgraded":1,"win_rate":0.0,"timestamp":1614194627,"path_taken":["M","$","?","?","?","E","R","M","T","T","E"],"items_purchased_type":[],"build_version":"2020-12-22","purchased_purges":1,"victory":false,"max_hp_per_floor":[66,66,66,66,66,66,66,66,66,66,66,66],"card_choices":[{"not_picked":["Deflect","PiercingWail"],"picked":"Dagger Throw","floor":1},{"not_picked":["Skewer","Catalyst"],"picked":"Poisoned Stab","floor":5},{"not_picked":["Slice","Heel Hook","Expertise"],"picked":"SKIP","floor":6},{"not_picked":["Underhanded Strike","Finisher","Acrobatics"],"picked":"SKIP","floor":8}],"player_experience":2509441,"relics_obtained":[{"floor":6,"key":"Tiny Chest"},{"floor":10,"key":"Bag of Marbles"}],"event_choices":[{"damage_healed":0,"gold_gain":75,"player_choice":"Gather Gold","damage_taken":11,"max_hp_gain":0,"max_hp_loss":0,"event_name":"World of Goop","floor":3,"gold_loss":0},{"damage_healed":0,"gold_gain":0,"player_choice":"Success","damage_taken":5,"relics_obtained":["Dota2Spire:PhaseBoots"],"max_hp_gain":0,"max_hp_loss":0,"event_name":"Scrap Ooze","floor":4,"gold_loss":0}],"is_beta":false,"boss_relics":[],"items_purged_floors":[2],"is_endless":false,"potions_floor_spawned":[1,6],"killed_by":"Lagavulin","ascension_level":20}}