{"host":"vk2xyavtylxbvrfq","time":1614186103,"event":{"mods":["Bard","BaseMod","Bestiary","Better Altar","Better Match","Better Note","Better Sensory Stone","Better Skull","Better Vampires","Block Reminder","Bossed Relics","Colored Map","Curses Come First","Displayed Cursed Tome","Downfall","Extra Virgin Snecko Oil","Fox Events","Hermit","Ironclad Rager","Marked Mod","Minty Spire (QoL Compilation)","Quick Restart","Rare Cards Sparkle","Relic Sorter","Reliquary","Robot Space Explorer","StSLib","The Hayseed","The Runesmith","Unceasing Turn Reminder"],"gold_per_floor":[113,113,113,123,2,2,34,34,61,138,138,172,172,187,187,285,285,285,285,285,255,255,255,255,255,255,255,255,255,255,255,255,255,255,255,43,43,0,0,0,0,0,0,0,0,0,0,0,0,0,0,0,0,0,0,0],"floor_reached":55,"language":"ENG","playtime":3196,"items_purged":[],"score":1144,"play_id":"26d29f53-9272-4eb8-bca5-3aee852fc324","local_time":"20210224120143","is_ascension_mode":true,"campfire_choices":[{"data":"hermit:TakeCover","floor":6.0,"key":"SMITH"},{"data":"hermit:TakeCover","floor":8.0,"key":"SMITH"},{"data":"hermit:LuckOfTheDraw","floor":11.0,"key":"SMITH"},{"floor":13.0,"key":"REST"},{"floor":15.0,"key":"REST"},{"data":"hermit:LoneWolf","floor":23.0,"key":"SMITH"},{"data":"hermit:HighNoon","floor":25.0,"key":"SMITH"},{"data":"hermit:HighNoon","floor":28.0,"key":"SMITH"},{"data":"hermit:Maintenance","floor":30.0,"key":"SMITH"},{"floor":32.0,"key":"REST"},{"floor":42.0,"key":"REST"},{"floor":44.0,"key":"RECALL"},{"data":"hermit:Showdown","floor":46.0,"key":"SMITH"},{"data":"hermit:FlashPowder","floor":49.0,"key":"SMITH"},{"floor":52.0,"key":"REST"}],"circlet_count":0,"master_deck":["hermit:Strike_Hermit","hermit:Strike_Hermit","hermit:Strike_Hermit","hermit:Strike_Hermit","hermit:Defend_Hermit+1","hermit:Defend_Hermit","hermit:Defend_Hermit","hermit:Defend_Hermit","hermit:Snapshot","hermit:Covet+1","hermit:LuckOfTheDraw+1","hermit:TakeCover+1","hermit:Coalescence","hermit:TakeCover+1","hermit:Brawl","hermit:LoneWolf+1","hermit:EyeOfTheStorm","hermit:HighNoon+1","hermit:Scavenge","hermit:Snipe+1","hermit:Virtue+1","hermit:HighNoon+1","hermit:Determination","hermit:Maintenance+1","hermit:Reprieve","hermit:RoundhouseKick","hermit:Vantage","hermit:Shortfuse","hermit:Showdown+1","hermit:FlashPowder+1","hermit:BodyArmor+1","hermit:Shortfuse","hermit:Enervate+1","hermit:RoundhouseKick"],"relics":["hermit:Momento","Centennial Puzzle","reliquary:Sod","NeowsBlessing","Juzu Bracelet","Ectoplasm","Nloth\u0027s Gift","reliquary:Firecrackers","hermit:Spyglass","Potion Belt","reliquary:RedCape","Bronze Scales","Red Mask","Vajra","hermit:CharredGlove","Ornamental Fan","Dream Catcher","CeramicFish","Boot"],"acts_visited":["Exordium","TheCity","TheBeyond","TheEnding"],"potions_floor_usage":[55],"damage_taken":[{"damage":0.0,"enemies":"Cultist","floor":1.0,"turns":1.0},{"damage":0.0,"enemies":"Small Slimes","floor":4.0,"turns":1.0},{"damage":0.0,"enemies":"3 Sentries","floor":7.0,"turns":2.0},{"damage":58.0,"enemies":"Gremlin Nob","floor":12.0,"turns":6.0},{"damage":0.0,"enemies":"2 Louse","floor":14.0,"turns":3.0},{"damage":29.0,"enemies":"Slime Boss","floor":16.0,"turns":13.0},{"damage":0.0,"enemies":"Shell Parasite","floor":18.0,"turns":5.0},{"damage":4.0,"enemies":"2 Thieves","floor":21.0,"turns":3.0},{"damage":0.0,"enemies":"Shelled Parasite and Fungi","floor":22.0,"turns":7.0},{"damage":0.0,"enemies":"Book of Stabbing","floor":24.0,"turns":7.0},{"damage":3.0,"enemies":"Gremlin Leader","floor":27.0,"turns":6.0},{"damage":20.0,"enemies":"Snecko","floor":29.0,"turns":6.0},{"damage":4.0,"enemies":"Centurion and Healer","floor":31.0,"turns":6.0},{"damage":12.0,"enemies":"Automaton","floor":33.0,"turns":7.0},{"damage":14.0,"enemies":"3 Darklings","floor":35.0,"turns":5.0},{"damage":3.0,"enemies":"Orb Walker","floor":39.0,"turns":4.0},{"damage":0.0,"enemies":"Nemesis","floor":40.0,"turns":7.0},{"damage":9.0,"enemies":"Mind Bloom Boss Battle","floor":41.0,"turns":8.0},{"damage":0.0,"enemies":"3 Darklings","floor":45.0,"turns":5.0},{"damage":10.0,"enemies":"Reptomancer","floor":47.0,"turns":6.0},{"damage":30.0,"enemies":"Donu and Deca","floor":50.0,"turns":7.0},{"damage":40.0,"enemies":"Shield and Spear","floor":54.0,"turns":7.0},{"damage":51,"enemies":"The Heart","floor":55,"turns":3}],"seed_played":"7669191704142779723","potions_obtained":[{"floor":7.0,"key":"Ancient Potion"},{"floor":16.0,"key":"Fire Potion"},{"floor":19.0,"key":"Slimebound:ThreeZeroPotion"},{"floor":19.0,"key":"hermit:Eclipse"},{"floor":22.0,"key":"BlessingOfTheForge"},{"floor":27.0,"key":"BlessingOfTheForge"},{"floor":29.0,"key":"Regen Potion"},{"floor":31.0,"key":"Dexterity Potion"},{"floor":39.0,"key":"ColorlessPotion"}],"is_trial":false,"path_per_floor":["M","T","?","M","$","R","E","R","T","?","R","E","R","M","R","B",null,"M","?","?","M","M","R","E","R","T","E","R","M","R","M","R","B",null,"M","$","?","?","M","E","?","R","T","R","M","R","E","T","R","B",null,"R","$","E","B"],"character_chosen":"HERMIT","items_purchased":["hermit:Coalescence","hermit:TakeCover","Bronze Scales","hermit:Shortfuse"],"campfire_rested":5,"item_purchase_floors":[5,5,36,36],"current_hp_per_floor":[68,68,68,68,68,68,68,68,68,68,68,10,32,32,54,25,63,63,63,63,59,59,59,59,59,59,56,56,36,36,47,69,57,71,57,57,57,57,58,58,49,71,71,71,71,71,65,65,65,35,65,75,75,35,0,0],"gold":0,"neow_bonus":"THREE_ENEMY_KILL","is_daily":false,"chose_seed":false,"campfire_upgraded":9,"win_rate":0.0,"timestamp":1614186103,"path_taken":["M","?","?","?","$","R","E","R","T","?","R","E","R","M","R","BOSS","M","?","?","M","M","R","E","R","T","E","R","M","R","M","R","BOSS","M","$","?","?","M","E","?","R","T","R","M","R","E","?","R","BOSS","R","$","E","BOSS"],"items_purchased_type":["Card","Card","Relic","Card"],"build_version":"2020-12-22","purchased_purges":0,"victory":false,"max_hp_per_floor":[75,75,75,75,75,75,75,75,75,75,75,75,75,75,75,75,75,75,75,75,75,75,75,75,75,75,75,75,75,75,75,75,75,75,75,75,75,75,75,75,75,75,75,75,75,75,75,75,75,75,75,75,75,75,75,75],"card_choices":[{"not_picked":["hermit:Misfire","hermit:CalledShot"],"picked":"hermit:Coalescence","floor":1.0},{"not_picked":["hermit:Midnight","hermit:LuckOfTheDraw"],"picked":"hermit:TakeCover","floor":4.0},{"not_picked":["hermit:NoHoldsBarred","hermit:BigShot"],"picked":"hermit:Brawl","floor":7.0},{"not_picked":["hermit:TakeAim","hermit:BigShot"],"picked":"hermit:LoneWolf","floor":12.0},{"not_picked":["hermit:WideOpen","hermit:Midnight"],"picked":"hermit:EyeOfTheStorm","floor":14.0},{"not_picked":["hermit:FatalDesire","hermit:Magnum"],"picked":"hermit:HighNoon","floor":16.0},{"not_picked":["hermit:CursedWeapon","hermit:Vantage"],"picked":"hermit:Scavenge","floor":18.0},{"not_picked":["hermit:Headshot+1","hermit:SprayPray"],"picked":"hermit:Snipe+1","floor":21.0},{"not_picked":["hermit:Roulette+1","hermit:Feint"],"picked":"hermit:Virtue+1","floor":22.0},{"not_picked":["hermit:LowProfile","hermit:Enervate"],"picked":"hermit:HighNoon","floor":24.0},{"not_picked":["hermit:Misfire","hermit:Gestalt"],"picked":"hermit:Determination","floor":27.0},{"not_picked":["hermit:Manifest+1","hermit:HoleUp"],"picked":"hermit:Maintenance","floor":29.0},{"not_picked":["hermit:CalledShot","hermit:ItchyTrigger"],"picked":"hermit:Reprieve","floor":31.0},{"not_picked":["hermit:Adapt","hermit:Dissolve"],"picked":"hermit:RoundhouseKick","floor":33.0},{"not_picked":["hermit:Ricochet","hermit:LuckOfTheDraw+1"],"picked":"hermit:Vantage","floor":35.0},{"not_picked":["hermit:WideOpen","hermit:LowProfile"],"picked":"hermit:Showdown","floor":39.0},{"not_picked":["hermit:PistolWhip","hermit:Manifest+1"],"picked":"hermit:FlashPowder","floor":40.0},{"not_picked":["hermit:CalledShot+1","hermit:LuckOfTheDraw+1"],"picked":"hermit:BodyArmor+1","floor":41.0},{"not_picked":["hermit:Magnum","hermit:Misfire+1"],"picked":"hermit:Shortfuse","floor":45.0},{"not_picked":["hermit:GoldenBullet","hermit:TrackingShot","hermit:Cheat"],"picked":"SKIP","floor":47.0},{"not_picked":["hermit:CursedWeapon+1","hermit:TakeAim+1"],"picked":"hermit:Enervate+1","floor":52.0},{"not_picked":["hermit:Horror+1","hermit:Reprieve"],"picked":"hermit:RoundhouseKick","floor":54.0}],"player_experience":1468321,"relics_obtained":[{"floor":2.0,"key":"reliquary:Sod"},{"floor":7.0,"key":"Centennial Puzzle"},{"floor":9.0,"key":"Juzu Bracelet"},{"floor":12.0,"key":"War Paint"},{"floor":24.0,"key":"reliquary:Firecrackers"},{"floor":26.0,"key":"hermit:Spyglass"},{"floor":27.0,"key":"Potion Belt"},{"floor":40.0,"key":"Vajra"},{"floor":41.0,"key":"hermit:CharredGlove"},{"floor":43.0,"key":"Ornamental Fan"},{"floor":47.0,"key":"Dream Catcher"},{"floor":48.0,"key":"CeramicFish"},{"floor":54.0,"key":"Boot"}],"event_choices":[{"damage_healed":0.0,"max_hp_gain":0.0,"max_hp_loss":0.0,"gold_gain":0.0,"cards_transformed":["hermit:Coalescence"],"event_name":"Transmorgrifier","player_choice":"Transformed","floor":3.0,"gold_loss":0.0,"damage_taken":0.0,"cards_obtained":["hermit:LuckOfTheDraw"]},{"damage_healed":0.0,"max_hp_gain":0.0,"max_hp_loss":0.0,"gold_gain":77.0,"event_name":"Golden Wing","player_choice":"Gained Gold","floor":10.0,"gold_loss":0.0,"damage_taken":0.0},{"damage_healed":0.0,"max_hp_gain":0.0,"max_hp_loss":0.0,"gold_gain":0.0,"event_name":"Lab","player_choice":"Got Potions","floor":19.0,"gold_loss":0.0,"damage_taken":0.0},{"damage_healed":0.0,"max_hp_gain":0.0,"max_hp_loss":0.0,"gold_gain":0.0,"event_name":"N\u0027loth","player_choice":"Traded Relic","floor":20.0,"relics_lost":["War Paint"],"gold_loss":0.0,"damage_taken":0.0,"relics_obtained":["Nloth\u0027s Gift"]},{"damage_healed":0.0,"max_hp_gain":0.0,"max_hp_loss":0.0,"gold_gain":0.0,"event_name":"Tomb of Lord Red Mask","player_choice":"Paid","floor":38.0,"gold_loss":43.0,"damage_taken":0.0,"relics_obtained":["Red Mask"]},{"damage_healed":0.0,"max_hp_gain":0.0,"max_hp_loss":0.0,"gold_gain":0.0,"event_name":"MindBloom","player_choice":"Fight","floor":41.0,"gold_loss":0.0,"damage_taken":0.0}],"is_beta":false,"boss_relics":[{"not_picked":["hermit:DentedPlate","hermit:ClaspedLocket"],"picked":"Ectoplasm"},{"not_picked":["reliquary:Craggleroot","reliquary:RedPaperclip"],"picked":"reliquary:RedCape"}],"items_purged_floors":[],"is_endless":false,"potions_floor_spawned":[7,16,22,27,29,31,39],"killed_by":"The Heart","ascension_level":8}}