{"host":"s41rn2jhghpwfrvz","time":1614144343,"event":{"mods":["BaseMod","Minty Spire (QoL Compilation)","Quick Restart","Relic Stats","SuperFastMode"],"gold_per_floor":[110,123,123,123,140,140,172,222,245,278,293,293,327,343,343,418,468,478,489,507,507,457,492,492,527,527,527,546,496,528,540,540,614,614,630,650,650,650,650,675,675,700,700,725,738,738,252,270,270,270,270,270,270,109,134,134],"floor_reached":57,"language":"ENG","playtime":1365,"items_purged":["Iron Wave+1","BootSequence"],"score":3736,"play_id":"de2b55b6-8464-4ed9-a220-3641d8de72d7","local_time":"20210224072543","daily_mods":["SealedDeck","Diverse","Elite Swarm"],"is_ascension_mode":true,"campfire_choices":[{"data":"Quick Slash","floor":6,"key":"SMITH"},{"data":"Backflip","floor":15,"key":"SMITH"},{"data":"Prostrate","floor":24,"key":"SMITH"},{"data":"Prostrate","floor":27,"key":"SMITH"},{"floor":32,"key":"RECALL"},{"data":"Madness","floor":41,"key":"SMITH"},{"data":"Madness","floor":49,"key":"SMITH"}],"circlet_count":0,"master_deck":["AscendersBane","Quick Slash+1","Expertise+1","Backflip+1","Prostrate+1","Burning Pact+1","Prostrate+1","Genetic Algorithm+1","Grand Finale+1","Madness+1","Madness+1","Vault"],"relics":["Burning Blood","StrikeDummy","War Paint","Smiling Mask","Tiny House","Red Skull","Bronze Scales","Letter Opener","Gremlin Horn","Coffee Dripper","MealTicket","TungstenRod","Oddly Smooth Stone","Ice Cream","PreservedInsect","Cauldron","Mercury Hourglass"],"acts_visited":["Exordium","TheCity","TheBeyond","TheEnding"],"potions_floor_usage":[7,56,56,56,56],"damage_taken":[{"damage":0,"enemies":"Small Slimes","floor":1,"turns":2},{"damage":0,"enemies":"2 Louse","floor":2,"turns":3},{"damage":0,"enemies":"Cultist","floor":5,"turns":3},{"damage":17,"enemies":"3 Sentries","floor":7,"turns":7},{"damage":0,"enemies":"Gremlin Nob","floor":10,"turns":2},{"damage":0,"enemies":"Exordium Wildlife","floor":11,"turns":2},{"damage":0,"enemies":"Lagavulin","floor":13,"turns":2},{"damage":0,"enemies":"2 Fungi Beasts","floor":14,"turns":2},{"damage":0,"enemies":"The Guardian","floor":16,"turns":3},{"damage":0,"enemies":"2 Thieves","floor":18,"turns":1},{"damage":0,"enemies":"Spheric Guardian","floor":19,"turns":2},{"damage":0,"enemies":"Shelled Parasite and Fungi","floor":20,"turns":2},{"damage":0,"enemies":"Slavers","floor":23,"turns":1},{"damage":0,"enemies":"Gremlin Leader","floor":25,"turns":2},{"damage":0,"enemies":"Cultist and Chosen","floor":28,"turns":2},{"damage":0,"enemies":"Book of Stabbing","floor":30,"turns":2},{"damage":0,"enemies":"Snake Plant","floor":31,"turns":2},{"damage":0,"enemies":"Collector","floor":33,"turns":2},{"damage":0,"enemies":"3 Darklings","floor":35,"turns":2},{"damage":0,"enemies":"Orb Walker","floor":36,"turns":2},{"damage":0,"enemies":"Giant Head","floor":40,"turns":2},{"damage":0,"enemies":"Reptomancer","floor":42,"turns":1},{"damage":0,"enemies":"Giant Head","floor":44,"turns":3},{"damage":0,"enemies":"Maw","floor":45,"turns":1},{"damage":0,"enemies":"4 Shapes","floor":48,"turns":1},{"damage":0,"enemies":"Donu and Deca","floor":50,"turns":1},{"damage":0,"enemies":"Time Eater","floor":51,"turns":2},{"damage":0,"enemies":"Shield and Spear","floor":55,"turns":1},{"damage":75,"enemies":"The Heart","floor":56,"turns":6}],"seed_played":"-139555253854230849","potions_obtained":[{"floor":1,"key":"Regen Potion"},{"floor":7,"key":"Explosive Potion"},{"floor":10,"key":"LiquidBronze"},{"floor":20,"key":"PowerPotion"},{"floor":54,"key":"EntropicBrew"}],"is_trial":true,"path_per_floor":["M","M","?","?","M","R","E","?","T","E","M","?","E","M","R","B",null,"M","M","M","?","$","E","R","E","T","R","M","$","E","M","R","B",null,"M","M","?","?","?","E","R","E","T","E","M","?","$","M","R","B","B",null,"R","$","E","B",null],"character_chosen":"IRONCLAD","items_purchased":["Ice Cream","PreservedInsect","Cauldron"],"campfire_rested":0,"item_purchase_floors":[47,47,54],"current_hp_per_floor":[74,75,75,52,58,58,62,62,62,68,74,79,80,80,80,80,85,85,85,85,85,85,85,85,85,85,85,85,85,85,85,85,85,85,85,85,75,75,60,66,66,72,72,78,84,84,85,85,85,85,85,85,85,85,85,16],"gold":134,"neow_bonus":"","is_daily":false,"chose_seed":false,"campfire_upgraded":6,"win_rate":0.0,"timestamp":1614144343,"path_taken":["M","M","?","?","M","R","E","?","T","E","?","?","E","M","R","BOSS","M","M","M","?","$","E","R","E","T","R","?","$","E","M","R","BOSS","M","?","?","?","?","E","R","E","T","E","M","?","$","M","R","BOSS","BOSS","R","$","E","BOSS"],"items_purchased_type":["Relic","Relic","Relic"],"build_version":"2020-12-22","purchased_purges":2,"victory":true,"max_hp_per_floor":[75,75,75,75,75,75,75,75,75,75,75,80,80,80,80,80,85,85,85,85,85,85,85,85,85,85,85,85,85,85,85,85,85,85,85,85,85,85,85,85,85,85,85,85,85,85,85,85,85,85,85,85,85,85,85,85],"relic_stats":{"Gremlin Horn":[5,5],"counters":[29,64],"Bronze Scales":[78],"MealTicket":1,"PreservedInsect":77,"Letter Opener":[340],"War Paint":["Expertise","Genetic Algorithm"],"Smiling Mask":75,"obtain_stats":[{"Ice Cream":47,"Tiny House":17,"Gremlin Horn":30,"Oddly Smooth Stone":44,"PreservedInsect":47,"Letter Opener":26,"War Paint":9,"Smiling Mask":13,"Burning Blood":0,"Mercury Hourglass":55,"Cauldron":54,"Bronze Scales":25,"MealTicket":40,"Coffee Dripper":34,"StrikeDummy":7,"Red Skull":23,"TungstenRod":42},{"Ice Cream":24,"Tiny House":9,"Gremlin Horn":16,"Oddly Smooth Stone":23,"PreservedInsect":24,"Letter Opener":14,"War Paint":4,"Smiling Mask":7,"Burning Blood":0,"Mercury Hourglass":28,"Cauldron":27,"Bronze Scales":14,"MealTicket":21,"Coffee Dripper":18,"StrikeDummy":4,"Red Skull":13,"TungstenRod":22},{"Ice Cream":53,"Tiny House":26,"Gremlin Horn":38,"Oddly Smooth Stone":52,"PreservedInsect":53,"Letter Opener":34,"War Paint":15,"Smiling Mask":21,"Burning Blood":0,"Mercury Hourglass":58,"Cauldron":57,"Bronze Scales":34,"MealTicket":48,"Coffee Dripper":42,"StrikeDummy":15,"Red Skull":32,"TungstenRod":49}],"Burning Blood":62,"TungstenRod":20,"Mercury Hourglass":[18]},"card_choices":[{"not_picked":["Footwork","Havoc","Halt"],"picked":"SKIP","floor":1},{"not_picked":["Sucker Punch","Rebound"],"picked":"Genetic Algorithm","floor":2},{"not_picked":["Twin Strike","Compile Driver","Masterful Stab"],"picked":"SKIP","floor":5},{"not_picked":["Impervious","A Thousand Cuts","Immolate"],"picked":"SKIP","floor":7},{"not_picked":["SpiritShield","Demon Form"],"picked":"Grand Finale","floor":10},{"not_picked":["Clash","Rebound","Defragment"],"picked":"SKIP","floor":11},{"not_picked":["Reaper","Electrodynamics","Brutality"],"picked":"SKIP","floor":13},{"not_picked":["Riddle With Holes","Body Slam","Havoc"],"picked":"SKIP","floor":14},{"not_picked":["Static Discharge+1","Burning Pact","Dodge and Roll"],"picked":"SKIP","floor":18},{"not_picked":["Coolheaded+1","Crescendo","EmptyBody"],"picked":"SKIP","floor":19},{"not_picked":["Reflex","WaveOfTheHand","Double Energy"],"picked":"SKIP","floor":20},{"not_picked":["Vault","Unload","Limit Break"],"picked":"SKIP","floor":23},{"not_picked":["Core Surge","Corruption","Burst"],"picked":"SKIP","floor":25},{"not_picked":["FlyingSleeves","Redo","Armaments"],"picked":"SKIP","floor":28},{"not_picked":["Ragnarok","Blasphemy","Envenom"],"picked":"SKIP","floor":30},{"not_picked":["Turbo","Reinforced Body+1","Reprogram"],"picked":"SKIP","floor":31},{"not_picked":["Predator","CrushJoints","Cloak And Dagger+1"],"picked":"SKIP","floor":35},{"not_picked":["Armaments+1","Tempest","Expertise+1"],"picked":"SKIP","floor":36},{"not_picked":["Judgement","LessonLearned","Echo Form"],"picked":"SKIP","floor":40},{"not_picked":["Corruption","Devotion","Bludgeon"],"picked":"SKIP","floor":42},{"not_picked":["LessonLearned","ConjureBlade","Berserk"],"picked":"SKIP","floor":44},{"not_picked":["Steam","JustLucky","Anger"],"picked":"SKIP","floor":45},{"not_picked":["Quick Slash","Study","White Noise"],"picked":"SKIP","floor":48},{"not_picked":["Envenom","A Thousand Cuts"],"picked":"Vault","floor":55}],"player_experience":2000188,"relics_obtained":[{"floor":7,"key":"StrikeDummy"},{"floor":9,"key":"War Paint"},{"floor":13,"key":"Smiling Mask"},{"floor":23,"key":"Red Skull"},{"floor":25,"key":"Bronze Scales"},{"floor":26,"key":"Letter Opener"},{"floor":30,"key":"Gremlin Horn"},{"floor":40,"key":"MealTicket"},{"floor":42,"key":"TungstenRod"},{"floor":44,"key":"Oddly Smooth Stone"},{"floor":55,"key":"Mercury Hourglass"}],"event_choices":[{"damage_healed":0,"gold_gain":0,"player_choice":"Ignored","damage_taken":0,"max_hp_gain":0,"max_hp_loss":0,"event_name":"Liars Game","floor":3,"gold_loss":0},{"damage_healed":0,"gold_gain":0,"player_choice":"Entered Light","damage_taken":23,"max_hp_gain":0,"max_hp_loss":0,"event_name":"Shining Light","floor":4,"gold_loss":0,"cards_upgraded":["Burning Pact","Iron Wave"]},{"damage_healed":0,"gold_gain":50,"player_choice":"Pray","damage_taken":0,"max_hp_gain":0,"max_hp_loss":0,"event_name":"Golden Shrine","floor":8,"gold_loss":0},{"damage_healed":0,"gold_gain":0,"player_choice":"Donut","damage_taken":0,"max_hp_gain":5,"max_hp_loss":0,"event_name":"Big Fish","floor":12,"gold_loss":0},{"cards_removed":["Calculated Gamble"],"damage_healed":0,"gold_gain":0,"player_choice":"Purged","damage_taken":0,"max_hp_gain":0,"max_hp_loss":0,"event_name":"Purifier","floor":21,"gold_loss":0},{"damage_healed":0,"gold_gain":0,"player_choice":"Memory 3","damage_taken":10,"max_hp_gain":0,"max_hp_loss":0,"event_name":"SensoryStone","floor":37,"gold_loss":0},{"damage_healed":0,"gold_gain":0,"player_choice":"Ignored","damage_taken":0,"max_hp_gain":0,"max_hp_loss":0,"event_name":"Tomb of Lord Red Mask","floor":38,"gold_loss":0},{"damage_healed":0,"gold_gain":0,"player_choice":"Embrace Madness","damage_taken":15,"max_hp_gain":0,"max_hp_loss":0,"event_name":"Winding Halls","floor":39,"gold_loss":0,"cards_obtained":["Madness","Madness"]},{"cards_removed":["PiercingWail"],"damage_healed":0,"gold_gain":0,"player_choice":"Purged","damage_taken":0,"max_hp_gain":0,"max_hp_loss":0,"event_name":"Purifier","floor":46,"gold_loss":0}],"is_beta":false,"boss_relics":[{"not_picked":["Velvet Choker","Mark of Pain"],"picked":"Tiny House"},{"not_picked":["Cursed Key","Philosopher\u0027s Stone"],"picked":"Coffee Dripper"}],"items_purged_floors":[22,29],"is_endless":false,"potions_floor_spawned":[1,7,10,16,20,23,25,30,31,42,44,45],"ascension_level":20}}