{"host":"r3islh0l1a1ykxfu","time":1614185599,"event":{"mods":["BaseMod","Bestiary","Colored Map","Colored Powertips","Highlight Path","Minty Spire (QoL Compilation)","Relic Stats","Slay-I","StSLib","Weighted Paths"],"gold_per_floor":[119,129,139,152,252,252,263,290,290,310,326,342,359,414,414,511,511,511,511,511,511,511,511,60,60,60,60,60,60,60,60,60,60,60,60,60,60],"floor_reached":36,"language":"ENG","playtime":2396,"items_purged":["Defend_B"],"score":493,"play_id":"80f743d6-7e94-4291-8dc4-01a728e0837c","local_time":"20210224105319","is_ascension_mode":true,"campfire_choices":[{"data":"Ball Lightning","floor":6.0,"key":"SMITH"},{"floor":15.0,"key":"REST"},{"floor":23.0,"key":"REST"},{"data":"Sunder","floor":25.0,"key":"SMITH"},{"data":"Defragment","floor":30.0,"key":"SMITH"},{"data":"Defragment","floor":32.0,"key":"SMITH"}],"circlet_count":0,"master_deck":["Strike_B+1","Strike_B+1","Strike_B","Strike_B","Defend_B","Defend_B","Defend_B","Zap","Dualcast","BootSequence","Auto Shields","Ball Lightning+1","Ball Lightning","Ball Lightning","Steam","Doom and Gloom","Defragment+1","Echo Form","Ball Lightning+1","Sunder+1","Defragment+1","Self Repair+1"],"relics":["Philosopher\u0027s Stone","Whetstone","StrikeDummy","MealTicket","Ectoplasm","Du-Vu Doll","Thread and Needle","Eternal Feather","Pantograph","Juzu Bracelet","Inserter"],"acts_visited":["Exordium","TheCity","TheBeyond"],"potions_floor_usage":[],"damage_taken":[{"damage":0.0,"enemies":"Cultist","floor":1.0,"turns":3.0},{"damage":0.0,"enemies":"2 Louse","floor":2.0,"turns":3.0},{"damage":0.0,"enemies":"Jaw Worm","floor":3.0,"turns":4.0},{"damage":2.0,"enemies":"2 Fungi Beasts","floor":4.0,"turns":4.0},{"damage":7.0,"enemies":"Lots of Slimes","floor":7.0,"turns":3.0},{"damage":25.0,"enemies":"3 Sentries","floor":8.0,"turns":8.0},{"damage":0.0,"enemies":"Gremlin Gang","floor":10.0,"turns":3.0},{"damage":3.0,"enemies":"Exordium Wildlife","floor":11.0,"turns":2.0},{"damage":0.0,"enemies":"Blue Slaver","floor":12.0,"turns":2.0},{"damage":0.0,"enemies":"Red Slaver","floor":13.0,"turns":2.0},{"damage":28.0,"enemies":"Lagavulin Event","floor":14.0,"turns":4.0},{"damage":27.0,"enemies":"Slime Boss","floor":16.0,"turns":6.0},{"damage":0.0,"enemies":"Chosen","floor":18.0,"turns":3.0},{"damage":6.0,"enemies":"Shell Parasite","floor":20.0,"turns":3.0},{"damage":25.0,"enemies":"Snake Plant","floor":22.0,"turns":4.0},{"damage":18.0,"enemies":"Gremlin Leader","floor":27.0,"turns":5.0},{"damage":20.0,"enemies":"Centurion and Healer","floor":28.0,"turns":5.0},{"damage":2.0,"enemies":"Sentry and Sphere","floor":29.0,"turns":3.0},{"damage":58.0,"enemies":"Collector","floor":33.0,"turns":7.0},{"damage":50,"enemies":"3 Darklings","floor":35,"turns":5},{"damage":36,"enemies":"2 Orb Walkers","floor":36,"turns":2}],"seed_played":"-6674218053187157162","potions_obtained":[{"floor":1.0,"key":"FearPotion"},{"floor":2.0,"key":"SkillPotion"},{"floor":8.0,"key":"Regen Potion"},{"floor":11.0,"key":"PowerPotion"},{"floor":13.0,"key":"Explosive Potion"},{"floor":14.0,"key":"GamblersBrew"},{"floor":27.0,"key":"DuplicationPotion"},{"floor":29.0,"key":"ColorlessPotion"},{"floor":35,"key":"SkillPotion"}],"is_trial":false,"path_per_floor":["M","M","M","M","?","R","M","E","T","M","M","M","M","?","R","B",null,"M","?","M","?","M","R","$","R","T","E","M","M","R","T","R","B",null,"M","?"],"character_chosen":"DEFECT","items_purchased":["Defragment","Thread and Needle"],"campfire_rested":2,"item_purchase_floors":[24,24],"current_hp_per_floor":[75,75,75,73,73,73,66,41,41,41,38,38,38,10,32,5,75,75,75,69,69,44,66,75,75,75,57,47,45,57,57,69,27,75,35,0,0],"gold":60,"neow_bonus":"BOSS_RELIC","is_daily":false,"chose_seed":false,"campfire_upgraded":4,"win_rate":0.0,"timestamp":1614185599,"path_taken":["M","M","?","M","?","R","?","E","T","M","?","M","M","?","R","BOSS","M","?","M","?","?","R","$","R","T","E","M","?","R","?","R","BOSS","M","?"],"items_purchased_type":["Card","Relic"],"build_version":"2020-12-22","purchased_purges":1,"victory":false,"max_hp_per_floor":[75,75,75,75,75,75,75,75,75,75,75,75,75,75,75,75,75,75,75,75,75,75,75,75,75,75,75,75,75,75,75,75,75,75,75,75,75],"relic_stats":{"Inserter":[3],"counters":[21,81],"Pantograph":6,"MealTicket":9,"Eternal Feather":24,"Ectoplasm":245,"Juzu Bracelet":0,"Whetstone":["Strike_B","Strike_B"],"obtain_stats":[{"Du-Vu Doll":21,"Inserter":34,"Pantograph":27,"Philosopher\u0027s Stone":0,"MealTicket":14,"Thread and Needle":24,"Eternal Feather":26,"Ectoplasm":17,"Juzu Bracelet":31,"Whetstone":8,"Cracked Core":0,"StrikeDummy":9},{"Du-Vu Doll":14,"Inserter":19,"Pantograph":16,"Philosopher\u0027s Stone":0,"MealTicket":11,"Thread and Needle":15,"Eternal Feather":15,"Ectoplasm":12,"Juzu Bracelet":18,"Whetstone":6,"Cracked Core":0,"StrikeDummy":6},{"Du-Vu Doll":50,"Inserter":74,"Pantograph":59,"Philosopher\u0027s Stone":0,"MealTicket":38,"Thread and Needle":54,"Eternal Feather":54,"Ectoplasm":44,"Juzu Bracelet":67,"Whetstone":25,"Cracked Core":0,"StrikeDummy":25}]},"card_choices":[{"not_picked":["Reinforced Body","Fusion"],"picked":"BootSequence","floor":1.0},{"not_picked":["Compile Driver","Rebound"],"picked":"Auto Shields","floor":2.0},{"not_picked":["FTL","Auto Shields"],"picked":"Ball Lightning","floor":3.0},{"not_picked":["Leap","Rebound"],"picked":"Ball Lightning","floor":4.0},{"not_picked":["Stack","Hologram","Rebound"],"picked":"SKIP","floor":7.0},{"not_picked":["Steam Power","Hologram"],"picked":"Ball Lightning","floor":8.0},{"not_picked":["Force Field","Streamline","Go for the Eyes"],"picked":"SKIP","floor":10.0},{"not_picked":["All For One","Barrage","Recycle"],"picked":"SKIP","floor":11.0},{"not_picked":["Loop","Coolheaded"],"picked":"Steam","floor":12.0},{"not_picked":["Cold Snap","Barrage"],"picked":"Doom and Gloom","floor":13.0},{"not_picked":["Turbo","Glacier"],"picked":"Defragment","floor":14.0},{"not_picked":["All For One","Creative AI"],"picked":"Echo Form","floor":16.0},{"not_picked":["Gash","Chill","Sweeping Beam"],"picked":"SKIP","floor":18.0},{"not_picked":["Hologram+1","Glacier+1"],"picked":"Ball Lightning+1","floor":20.0},{"not_picked":["Static Discharge+1","Redo"],"picked":"Sunder","floor":22.0},{"not_picked":["Loop+1","Consume"],"picked":"Self Repair+1","floor":27.0},{"not_picked":["Scrape","Doom and Gloom","Conserve Battery"],"picked":"SKIP","floor":28.0},{"not_picked":["Barrage","Redo+1","Turbo"],"picked":"SKIP","floor":29.0},{"not_picked":["Turbo","Doom and Gloom+1","Glacier"],"picked":"SKIP","floor":35}],"player_experience":1411453,"relics_obtained":[{"floor":8.0,"key":"Whetstone"},{"floor":9.0,"key":"StrikeDummy"},{"floor":14.0,"key":"MealTicket"},{"floor":26.0,"key":"Eternal Feather"},{"floor":27.0,"key":"Pantograph"},{"floor":31.0,"key":"Juzu Bracelet"}],"event_choices":[{"damage_healed":0.0,"max_hp_gain":0.0,"max_hp_loss":0.0,"gold_gain":100.0,"event_name":"Golden Shrine","player_choice":"Pray","floor":5.0,"gold_loss":0.0,"damage_taken":0.0},{"damage_healed":0.0,"max_hp_gain":0.0,"max_hp_loss":0.0,"gold_gain":30.0,"event_name":"Dead Adventurer","player_choice":"Searched \u00272\u0027 times","floor":14.0,"gold_loss":0.0,"damage_taken":0.0},{"damage_healed":0.0,"max_hp_gain":0.0,"max_hp_loss":0.0,"gold_gain":0.0,"event_name":"Vampires","player_choice":"Ignored","floor":19.0,"gold_loss":0.0,"damage_taken":0.0},{"damage_healed":0.0,"max_hp_gain":0.0,"max_hp_loss":0.0,"gold_gain":0.0,"event_name":"WeMeetAgain","player_choice":"Gave Potion","floor":21.0,"gold_loss":0.0,"damage_taken":0.0,"relics_obtained":["Du-Vu Doll"]},{"damage_healed":0,"gold_gain":0,"player_choice":"Fight","damage_taken":0,"max_hp_gain":0,"max_hp_loss":0,"event_name":"Mysterious Sphere","floor":36,"gold_loss":0}],"is_beta":false,"boss_relics":[{"not_picked":["Black Star","Coffee Dripper"],"picked":"Ectoplasm"},{"not_picked":["Cursed Key","Sozu"],"picked":"Inserter"}],"items_purged_floors":[24],"is_endless":false,"potions_floor_spawned":[1,2,8,11,13,14,27,29,35],"killed_by":"2 Orb Walkers","ascension_level":4}}