{"host":"2l5k2wp87eek7qja","time":1614168206,"event":{"mods":["BaseMod","Colored Map","Minty Spire (QoL Compilation)","Relic Stats"],"gold_per_floor":[114,114,114,128,128,159,179,179,205,225,243,243,243],"floor_reached":12,"language":"ENG","playtime":485,"items_purged":[],"score":160,"play_id":"faf15507-411a-4b75-8852-28364bb1d939","local_time":"20210224140326","is_ascension_mode":true,"campfire_choices":[{"floor":8.0,"key":"REST"}],"circlet_count":0,"master_deck":["AscendersBane","Strike_G","Strike_G","Strike_G","Strike_G+1","Strike_G","Defend_G","Defend_G","Defend_G","Defend_G","Defend_G","Survivor","Neutralize+1","Glass Knife","Deadly Poison","Poisoned Stab","Pain","Footwork","Flying Knee","Catalyst"],"relics":["Ring of the Snake","Golden Idol","WarpedTongs","Vajra","Whetstone"],"acts_visited":["Exordium"],"potions_floor_usage":[11],"damage_taken":[{"damage":1.0,"enemies":"Small Slimes","floor":1.0,"turns":3.0},{"damage":2.0,"enemies":"Jaw Worm","floor":4.0,"turns":4.0},{"damage":43.0,"enemies":"3 Sentries","floor":6.0,"turns":13.0},{"damage":3.0,"enemies":"2 Louse","floor":7.0,"turns":4.0},{"damage":11,"enemies":"Gremlin Gang","floor":10,"turns":5},{"damage":2,"enemies":"Blue Slaver","floor":11,"turns":3},{"damage":30,"enemies":"Gremlin Nob","floor":12,"turns":3}],"seed_played":"-8201138862678902249","potions_obtained":[{"floor":4.0,"key":"DuplicationPotion"},{"floor":6.0,"key":"ColorlessPotion"},{"floor":10,"key":"Swift Potion"}],"is_trial":false,"path_per_floor":["M","?","?","M","?","E","M","R","T","M","M","E"],"character_chosen":"THE_SILENT","items_purchased":[],"campfire_rested":1,"item_purchase_floors":[],"current_hp_per_floor":[58,58,58,56,56,13,10,28,28,17,15,0,0],"gold":243,"neow_bonus":"ONE_RANDOM_RARE_CARD","is_daily":false,"chose_seed":false,"campfire_upgraded":0,"win_rate":0.0,"timestamp":1614168206,"path_taken":["M","?","?","M","?","E","M","R","T","?","M","E"],"items_purchased_type":[],"build_version":"2020-12-22","purchased_purges":0,"victory":false,"max_hp_per_floor":[66,60,60,60,60,60,60,60,60,60,60,60,60],"relic_stats":{"counters":[7,35],"Golden Idol":21,"Whetstone":["Strike_G","Neutralize"],"obtain_stats":[{"Golden Idol":2,"Vajra":6,"Whetstone":9,"Ring of the Snake":0,"WarpedTongs":5},{"Golden Idol":1,"Vajra":3,"Whetstone":4,"Ring of the Snake":0,"WarpedTongs":2},{"Golden Idol":3,"Vajra":20,"Whetstone":24,"Ring of the Snake":0,"WarpedTongs":7}],"Ring of the Snake":[14],"WarpedTongs":[27]},"card_choices":[{"not_picked":["Bane","Endless Agony"],"picked":"Deadly Poison","floor":1.0},{"not_picked":["Underhanded Strike","Concentrate"],"picked":"Poisoned Stab","floor":4.0},{"not_picked":["Underhanded Strike","Endless Agony"],"picked":"Footwork","floor":6.0},{"not_picked":["Dodge and Roll","Dagger Throw"],"picked":"Flying Knee","floor":7.0},{"not_picked":["Predator","Masterful Stab"],"picked":"Catalyst","floor":10},{"not_picked":["Eviscerate","Quick Slash","Dagger Throw"],"picked":"SKIP","floor":11}],"player_experience":878230,"relics_obtained":[{"floor":6.0,"key":"Vajra"},{"floor":9.0,"key":"Whetstone"}],"event_choices":[{"damage_healed":0.0,"max_hp_gain":0.0,"max_hp_loss":6.0,"gold_gain":0.0,"event_name":"Golden Idol","player_choice":"Lose Max HP","floor":2.0,"gold_loss":0.0,"damage_taken":0.0,"relics_obtained":["Golden Idol"]},{"damage_healed":0.0,"max_hp_gain":0.0,"max_hp_loss":0.0,"gold_gain":0.0,"event_name":"Liars Game","player_choice":"Ignored","floor":3.0,"gold_loss":0.0,"damage_taken":0.0},{"damage_healed":0.0,"max_hp_gain":0.0,"max_hp_loss":0.0,"gold_gain":0.0,"event_name":"Accursed Blacksmith","player_choice":"Rummage","floor":5.0,"gold_loss":0.0,"damage_taken":0.0,"relics_obtained":["WarpedTongs"],"cards_obtained":["Pain"]}],"is_beta":false,"boss_relics":[],"items_purged_floors":[],"is_endless":false,"potions_floor_spawned":[4,6,10],"killed_by":"Gremlin Nob","ascension_level":20}}