{"host":"n2sr453jcjz6vvl4","time":1614132161,"event":{"mods":["BaseMod","Colored Map","Minty Spire (QoL Compilation)","Permanent Neow","Relic Stats","StSLib"],"gold_per_floor":[112,287,305,322,68,68,97,97,122,147,161,179,190,190,190,190,190],"floor_reached":16,"language":"ENG","playtime":1124,"items_purged":[],"score":131,"play_id":"7dd4c90c-a914-4f62-a0df-bb4df61782cf","local_time":"20210223220241","is_ascension_mode":true,"campfire_choices":[{"data":"Infernal Blade","floor":6,"key":"SMITH"},{"floor":15,"key":"REST"}],"circlet_count":0,"master_deck":["Strike_R","Strike_R","Defend_R","Defend_R","Defend_R","Defend_R","Bash","Infernal Blade+1","Bloodletting","Twin Strike","Doubt","Twin Strike","Flex","Dropkick","Metallicize","Shrug It Off","Iron Wave","Armaments"],"relics":["Burning Blood","White Beast Statue","Strawberry","Boot","Pen Nib"],"acts_visited":["Exordium"],"potions_floor_usage":[10,10,11,13,14,16,16],"damage_taken":[{"damage":1,"enemies":"2 Louse","floor":1,"turns":2},{"damage":3,"enemies":"Small Slimes","floor":3,"turns":3},{"damage":1,"enemies":"Cultist","floor":4,"turns":3},{"damage":36,"enemies":"Gremlin Nob","floor":7,"turns":4},{"damage":53,"enemies":"3 Sentries","floor":10,"turns":9},{"damage":13,"enemies":"Blue Slaver","floor":11,"turns":2},{"damage":2,"enemies":"Red Slaver","floor":12,"turns":4},{"damage":3,"enemies":"Looter","floor":13,"turns":3},{"damage":14,"enemies":"Lots of Slimes","floor":14,"turns":3},{"damage":38,"enemies":"Slime Boss","floor":16,"turns":9}],"seed_played":"1212886711320270240","potions_obtained":[{"floor":1,"key":"SneckoOil"},{"floor":4,"key":"BloodPotion"},{"floor":7,"key":"SmokeBomb"},{"floor":10,"key":"Swift Potion"},{"floor":11,"key":"Strength Potion"},{"floor":12,"key":"SteroidPotion"},{"floor":13,"key":"SkillPotion"}],"is_trial":false,"path_per_floor":["M","?","M","M","$","R","E","?","T","E","M","M","M","M","R","B"],"character_chosen":"IRONCLAD","items_purchased":["White Beast Statue"],"campfire_rested":1,"item_purchase_floors":[5],"current_hp_per_floor":[72,72,72,72,72,72,49,49,49,17,10,14,17,9,32,0,0],"gold":190,"neow_bonus":"TRANSFORM_TWO_CARDS","is_daily":false,"chose_seed":false,"campfire_upgraded":1,"win_rate":0.0,"timestamp":1614132161,"path_taken":["M","?","M","M","$","R","E","?","T","E","?","M","M","M","R","BOSS"],"items_purchased_type":["Relic"],"build_version":"2020-12-22","purchased_purges":0,"victory":false,"max_hp_per_floor":[72,72,72,72,72,72,79,79,79,79,79,79,79,79,79,79,79],"relic_stats":{"counters":[10,42],"Pen Nib":[4],"Boot":[35],"obtain_stats":[{"Strawberry":7,"Pen Nib":10,"Boot":9,"Burning Blood":0,"White Beast Statue":5},{"Strawberry":4,"Pen Nib":5,"Boot":4,"Burning Blood":0,"White Beast Statue":3},{"Strawberry":12,"Pen Nib":21,"Boot":12,"Burning Blood":0,"White Beast Statue":8}],"Burning Blood":41},"card_choices":[{"not_picked":["Sentinel","Sever Soul"],"picked":"Twin Strike","floor":1},{"not_picked":["Dropkick","Perfected Strike"],"picked":"Twin Strike","floor":3},{"not_picked":["Dark Embrace","Havoc","Second Wind"],"picked":"SKIP","floor":4},{"not_picked":["Entrench","Clash"],"picked":"Flex","floor":7},{"not_picked":["Reckless Charge","Perfected Strike"],"picked":"Metallicize","floor":10},{"not_picked":["Cleave","Sword Boomerang"],"picked":"Shrug It Off","floor":11},{"not_picked":["Clothesline","Anger"],"picked":"Iron Wave","floor":12},{"not_picked":["True Grit","Intimidate"],"picked":"Armaments","floor":13}],"player_experience":238848,"relics_obtained":[{"floor":7,"key":"Strawberry"},{"floor":9,"key":"Boot"},{"floor":10,"key":"Pen Nib"}],"event_choices":[{"damage_healed":0,"gold_gain":175,"player_choice":"AGREE","damage_taken":0,"max_hp_gain":0,"max_hp_loss":0,"event_name":"Liars Game","floor":2,"gold_loss":0,"cards_obtained":["Doubt"]},{"damage_healed":0,"gold_gain":0,"cards_transformed":["Strike_R"],"player_choice":"Transformed","damage_taken":0,"max_hp_gain":0,"max_hp_loss":0,"event_name":"Transmorgrifier","floor":8,"gold_loss":0,"cards_obtained":["Dropkick"]}],"is_beta":false,"boss_relics":[],"items_purged_floors":[],"is_endless":false,"potions_floor_spawned":[1,4,7,10,11,12,13,14],"killed_by":"Slime Boss","ascension_level":3}}