{"host":"9gd2vfcpq4ax5tj2","time":1614167486,"event":{"mods":["BaseMod","Colored Map","Minty Spire (QoL Compilation)","StSLib"],"gold_per_floor":[110,130,130,153,177,177,221,230,230,230,249,271,292,320,329,438,438,462,485,494,516,545,554,579,579,579,588,178,178,202,243,243,243,243],"floor_reached":33,"language":"ENG","playtime":1273,"items_purged":["Defend_G"],"score":271,"play_id":"e448f9bd-2590-4782-8d22-9e0f361d0347","local_time":"20210224222125","is_ascension_mode":false,"campfire_choices":[{"data":"Crippling Poison","floor":6,"key":"SMITH"},{"floor":8,"key":"REST"},{"data":"Neutralize","floor":10,"key":"SMITH"},{"floor":15,"key":"REST"},{"floor":23,"key":"REST"},{"data":"Envenom","floor":25,"key":"SMITH"},{"floor":27,"key":"REST"},{"data":"Catalyst","floor":29,"key":"SMITH"},{"floor":32,"key":"REST"}],"circlet_count":0,"master_deck":["Strike_G","Strike_G","Strike_G","Strike_G","Strike_G","Defend_G","Defend_G","Defend_G","Defend_G","Survivor+1","Neutralize+1","Backstab","Underhanded Strike+1","Crippling Poison+1","Dagger Throw","PiercingWail","Envenom+1","Flying Knee","Endless Agony","Dagger Spray","Dagger Spray","Glass Knife","Deflect+1","Endless Agony","Eviscerate","Dagger Throw","Riddle With Holes","Deflect+1","Outmaneuver+1","Catalyst+1","Backflip+1","Noxious Fumes+1","Escape Plan+1","Escape Plan+1"],"relics":["Ring of the Snake","NeowsBlessing","CeramicFish","Dream Catcher","Kunai","SlaversCollar","Frozen Egg 2","Toxic Egg 2","Letter Opener"],"acts_visited":["Exordium","TheCity"],"potions_floor_usage":[7],"damage_taken":[{"damage":0,"enemies":"Cultist","floor":1,"turns":1},{"damage":0,"enemies":"2 Louse","floor":2,"turns":1},{"damage":0,"enemies":"Jaw Worm","floor":5,"turns":1},{"damage":27,"enemies":"Gremlin Nob","floor":7,"turns":5},{"damage":3,"enemies":"Red Slaver","floor":11,"turns":3},{"damage":0,"enemies":"Gremlin Gang","floor":12,"turns":4},{"damage":5,"enemies":"Lots of Slimes","floor":13,"turns":2},{"damage":5,"enemies":"Large Slime","floor":14,"turns":6},{"damage":17,"enemies":"The Guardian","floor":16,"turns":10},{"damage":10,"enemies":"Chosen","floor":18,"turns":4},{"damage":0,"enemies":"3 Byrds","floor":19,"turns":3},{"damage":15,"enemies":"3 Cultists","floor":21,"turns":6},{"damage":18,"enemies":"Shelled Parasite and Fungi","floor":22,"turns":4},{"damage":19,"enemies":"Snecko","floor":24,"turns":5},{"damage":4,"enemies":"Centurion and Healer","floor":30,"turns":6},{"damage":36,"enemies":"Book of Stabbing","floor":31,"turns":5},{"damage":31,"enemies":"Collector","floor":33,"turns":3}],"seed_played":"-8158307939491223598","potions_obtained":[{"floor":2,"key":"SteroidPotion"},{"floor":11,"key":"CultistPotion"},{"floor":14,"key":"CultistPotion"},{"floor":16,"key":"LiquidMemories"},{"floor":31,"key":"Block Potion"}],"is_trial":false,"path_per_floor":["M","M","?","T","M","R","E","R","T","R","M","M","M","M","R","B",null,"M","M","?","M","M","R","M","R","T","R","$","R","M","E","R","B"],"character_chosen":"THE_SILENT","items_purchased":["Toxic Egg 2","Backflip+1","Noxious Fumes+1"],"campfire_rested":5,"item_purchase_floors":[28,28,28],"current_hp_per_floor":[70,70,56,56,56,56,29,50,50,50,47,47,42,37,58,41,70,60,60,60,45,27,48,29,29,29,50,50,50,46,10,31,0,0],"gold":243,"neow_bonus":"THREE_ENEMY_KILL","is_daily":false,"chose_seed":false,"campfire_upgraded":4,"win_rate":0.0,"timestamp":1614167485,"path_taken":["M","?","?","?","M","R","E","R","T","R","?","M","?","M","R","BOSS","M","?","?","M","?","R","?","R","T","R","?","R","M","E","R","BOSS"],"items_purchased_type":["Relic","Card","Card"],"build_version":"2020-12-22","purchased_purges":1,"victory":false,"max_hp_per_floor":[70,70,70,70,70,70,70,70,70,70,70,70,70,70,70,70,70,70,70,70,70,70,70,70,70,70,70,70,70,70,70,70,70,70],"card_choices":[{"not_picked":["Slice","Backstab","Cloak And Dagger"],"picked":"SKIP","floor":1},{"not_picked":["Slice","Cloak And Dagger"],"picked":"Backstab","floor":1},{"not_picked":["Flying Knee","Footwork"],"picked":"Underhanded Strike","floor":2},{"not_picked":["Underhanded Strike","Backflip"],"picked":"Crippling Poison","floor":5},{"not_picked":["Backstab","Escape Plan"],"picked":"Dagger Throw","floor":7},{"not_picked":["Cloak And Dagger","Well Laid Plans"],"picked":"PiercingWail","floor":8},{"not_picked":["Backflip","Predator"],"picked":"Envenom","floor":11},{"not_picked":["Backflip","Outmaneuver"],"picked":"Flying Knee","floor":12},{"not_picked":["Leg Sweep","Predator"],"picked":"Endless Agony","floor":13},{"not_picked":["Distraction","Quick Slash"],"picked":"Dagger Spray","floor":14},{"not_picked":["Blur","Well Laid Plans"],"picked":"Dagger Spray","floor":15},{"not_picked":["Malaise","Tools of the Trade"],"picked":"Glass Knife","floor":16},{"not_picked":["Outmaneuver","Sucker Punch+1"],"picked":"Deflect+1","floor":18},{"not_picked":["Outmaneuver","Backflip"],"picked":"Endless Agony","floor":19},{"not_picked":["Outmaneuver","Flying Knee"],"picked":"Dagger Throw","floor":21},{"not_picked":["Blade Dance","Deflect"],"picked":"Riddle With Holes","floor":22},{"not_picked":["Tactician","Blur"],"picked":"Deflect+1","floor":23},{"not_picked":["PiercingWail+1","Acrobatics"],"picked":"Outmaneuver+1","floor":24},{"not_picked":["Underhanded Strike+1","Phantasmal Killer"],"picked":"Catalyst","floor":27},{"not_picked":["Backflip+1","Well Laid Plans+1"],"picked":"Escape Plan+1","floor":30},{"not_picked":["Sucker Punch+1","Leg Sweep+1"],"picked":"Escape Plan+1","floor":31}],"player_experience":123217,"relics_obtained":[{"floor":4,"key":"CeramicFish"},{"floor":7,"key":"Dream Catcher"},{"floor":9,"key":"Kunai"},{"floor":26,"key":"Frozen Egg 2"},{"floor":31,"key":"Letter Opener"}],"event_choices":[{"damage_healed":0,"gold_gain":0,"player_choice":"Entered Light","damage_taken":14,"max_hp_gain":0,"max_hp_loss":0,"event_name":"Shining Light","floor":3,"gold_loss":0,"cards_upgraded":["Underhanded Strike","Survivor"]},{"damage_healed":0,"gold_gain":0,"player_choice":"1 cards matched","damage_taken":0,"max_hp_gain":0,"max_hp_loss":0,"event_name":"Match and Keep!","floor":20,"gold_loss":0,"cards_obtained":["Eviscerate"]}],"is_beta":false,"boss_relics":[{"not_picked":["Coffee Dripper","WristBlade"],"picked":"SlaversCollar"}],"items_purged_floors":[28],"is_endless":false,"potions_floor_spawned":[2,11,14,16,19,22,30,31],"killed_by":"Collector","ascension_level":0}}