{"host":"mujoymdbv27pmqgz","time":1614143073,"event":{"mods":["BaseMod","Downfall","KinomotoSakuraMod(????)","Minty Spire (QoL Compilation)","StSLib","The Jungle"],"gold_per_floor":[111,111,121,132,132,166,183,208,208,218,238,92,92,92,92,218,218,238,238,264,278,292,335,335,335,335],"floor_reached":25,"language":"ZHS","playtime":1488,"items_purged":[],"score":329,"play_id":"906ac95d-3d1c-45ab-b49b-db9e22a194be","local_time":"20210224000433","is_ascension_mode":true,"campfire_choices":[{"floor":15.0,"key":"REST"},{"floor":24.0,"key":"REST"}],"circlet_count":0,"master_deck":["SakuraCardTheLibra+","SakuraCardTheFirey+","ClowCardTheSword","ClowCardTheSword","ClowCardTheSword","ClowCardTheSword","ClowCardTheShield","ClowCardTheShield","ClowCardTheShield","ClowCardTheShield","SpellCardSeal","SpellCardRelease","ClowCardTheJump","ClowCardTheFly","ClowCardTheFloat","ClowCardTheRain","ClowCardTheGlow","ClowCardTheBubbles","Injury","ClowCardTheWatery","downfall:Bewildered","ClowCardTheEarthy+1","ClowCardTheMove+1","ClowCardTheFlower+1"],"relics":["KSMOD_SealedBook","KSMOD_StarWand","NeowsBlessing","FaceOfCleric","Question Card","Vajra","Tiny Chest","ClockworkSouvenir","Golden Idol","sneckomod:BabySnecko","KSMOD_TeddyBear","Frozen Egg 2","Molten Egg 2"],"acts_visited":["Exordium","TheCity"],"potions_floor_usage":[25],"damage_taken":[{"damage":0.0,"enemies":"Small Slimes","floor":1.0,"turns":1.0},{"damage":0.0,"enemies":"Cultist","floor":3.0,"turns":1.0},{"damage":0.0,"enemies":"Jaw Worm","floor":4.0,"turns":1.0},{"damage":30.0,"enemies":"3 Sentries","floor":6.0,"turns":16.0},{"damage":1.0,"enemies":"2 Fungi Beasts","floor":7.0,"turns":5.0},{"damage":29.0,"enemies":"Lagavulin","floor":8.0,"turns":6.0},{"damage":0.0,"enemies":"3 Louse","floor":10.0,"turns":1.0},{"damage":0.0,"enemies":"Gremlin Gang","floor":11.0,"turns":4.0},{"damage":0.0,"enemies":"Exordium Wildlife","floor":13.0,"turns":1.0},{"damage":4.0,"enemies":"The Guardian","floor":16.0,"turns":14.0},{"damage":26.0,"enemies":"Chosen","floor":18.0,"turns":5.0},{"damage":20.0,"enemies":"Spheric Guardian","floor":21.0,"turns":6.0},{"damage":0.0,"enemies":"Chosen and Byrds","floor":22.0,"turns":8.0},{"damage":12.0,"enemies":"Gremlin Leader","floor":23.0,"turns":7.0},{"damage":47,"enemies":"Book of Stabbing","floor":25,"turns":6}],"seed_played":"7059611618037836497","potions_obtained":[{"floor":1.0,"key":"EntropicBrew"},{"floor":8.0,"key":"Swift Potion"},{"floor":10.0,"key":"Block Potion"},{"floor":11.0,"key":"SpeedPotion"},{"floor":22.0,"key":"Fire Potion"},{"floor":23.0,"key":"BlessingOfTheForge"}],"is_trial":false,"path_per_floor":["M","?","M","M","$","E","M","E","T","M","M","$","M","?","R","B",null,"M","?","T","M","M","E","R","E"],"character_chosen":"KINOMOTOSAKURA","items_purchased":["ClockworkSouvenir"],"campfire_rested":2,"item_purchase_floors":[12],"current_hp_per_floor":[63,63,64,65,65,36,36,8,8,9,10,10,11,11,34,31,67,42,42,42,23,24,13,37,0,0],"gold":335,"neow_bonus":"THREE_ENEMY_KILL","is_daily":false,"chose_seed":false,"campfire_upgraded":0,"win_rate":0.0,"timestamp":1614143073,"path_taken":["M","?","?","?","?","E","M","E","T","?","M","$","M","?","R","BOSS","M","?","?","M","M","E","R","E"],"items_purchased_type":["Relic"],"build_version":"2020-12-22","purchased_purges":0,"victory":false,"max_hp_per_floor":[70,70,71,72,72,73,74,75,75,76,77,77,78,78,78,79,79,80,80,80,81,82,83,83,83,83],"card_choices":[{"not_picked":["ClowCardTheBig","ClowCardTheSleep"],"picked":"ClowCardTheJump","floor":1.0},{"not_picked":["ClowCardTheChange","ClowCardTheMirror"],"picked":"ClowCardTheLibra","floor":3.0},{"not_picked":["ClowCardTheErase","ClowCardTheShot"],"picked":"ClowCardTheFly","floor":4.0},{"not_picked":["ClowCardTheLibra","ClowCardTheThunder"],"picked":"ClowCardTheFloat","floor":6.0},{"not_picked":["ClowCardTheMirror","ClowCardTheMaze","ClowCardTheShot"],"picked":"ClowCardTheFirey","floor":7.0},{"not_picked":["ClowCardTheMaze","ClowCardTheSleep","ClowCardTheErase"],"picked":"ClowCardTheRain","floor":8.0},{"not_picked":["ClowCardTheDream","ClowCardTheMirror","ClowCardTheArrow"],"picked":"ClowCardTheGlow","floor":10.0},{"not_picked":["ClowCardTheMist","ClowCardTheFly","ClowCardTheSilent"],"picked":"ClowCardTheBubbles","floor":11.0},{"not_picked":["ClowCardTheFight","ClowCardTheThrough","ClowCardTheReturn"],"picked":"ClowCardTheCreate","floor":16.0},{"not_picked":["ClowCardTheBubbles","ClowCardTheFreeze+1","ClowCardTheArrow+1"],"picked":"ClowCardTheWatery","floor":18.0},{"not_picked":["ClowCardTheStorm","ClowCardTheWood","ClowCardTheMist"],"picked":"ClowCardTheEarthy+1","floor":21.0},{"not_picked":["ClowCardTheArrow","ClowCardTheBubbles","ClowCardTheMirror+1"],"picked":"ClowCardTheMove+1","floor":22.0},{"not_picked":["ClowCardTheShadow","ClowCardTheVoice","ClowCardTheWood"],"picked":"ClowCardTheFlower+1","floor":23.0}],"player_experience":516673,"relics_obtained":[{"floor":6.0,"key":"Question Card"},{"floor":8.0,"key":"Vajra"},{"floor":9.0,"key":"Tiny Chest"},{"floor":20.0,"key":"KSMOD_TeddyBear"},{"floor":21.0,"key":"Frozen Egg 2"},{"floor":23.0,"key":"Molten Egg 2"}],"event_choices":[{"damage_healed":0.0,"max_hp_gain":0.0,"max_hp_loss":0.0,"gold_gain":0.0,"event_name":"FaceTrader","player_choice":"Trade","floor":2.0,"gold_loss":0.0,"damage_taken":0.0,"relics_obtained":["FaceOfCleric"]},{"damage_healed":0.0,"max_hp_gain":0.0,"max_hp_loss":0.0,"gold_gain":0.0,"event_name":"Golden Idol","player_choice":"Take Wound","floor":14.0,"gold_loss":0.0,"damage_taken":0.0,"relics_obtained":["Golden Idol"],"cards_obtained":["Injury"]}],"is_beta":false,"boss_relics":[{"not_picked":["Ectoplasm","Fusion Hammer"],"picked":"KSMOD_StarWand"}],"items_purged_floors":[],"is_endless":false,"potions_floor_spawned":[1,8,10,11,13,22,23],"killed_by":"Book of Stabbing","ascension_level":8}}