{"host":"sbes2ysx244eovb1","time":1614139817,"event":{"mods":["AchievementEnabler","Act Like it!","Aspiration","BaseMod","BetterRewards","Colored Map","Colored Powertips","Downfall","Hubris","KomeijiMod","Minty Spire (QoL Compilation)","Quick Restart","Replay The Spire","StSLib","SuperFastMode"],"gold_per_floor":[0,15,27,27,27,27,48,64,140,1040,1144,1144,414,564,580,606,619,716,716,616,635,650,650,650,670,871,871,871,891,814,814,831,831,257,284,299,403,403,403,414,434,434,549,560,560,798,465,465,492,842,842,970,990,990],"floor_reached":55,"language":"ENG","playtime":2893,"items_purged":["downfall:Icky","Overencumbered","hubris:Despair"],"score":1140,"play_id":"d49d1d04-37f3-4b18-82a7-25478af9f31e","local_time":"20210224111017","is_ascension_mode":true,"campfire_choices":[{"data":"Guardian:TwinSlam","floor":10,"key":"SMITH"},{"floor":20,"key":"REST"},{"data":"Guardian:RefractedBeam+3","floor":31,"key":"SMITH"},{"data":"Guardian:RefractedBeam+4","floor":33,"key":"SMITH"},{"floor":51,"key":"DIG"}],"circlet_count":0,"master_deck":["Guardian:Strike_Guardian+1","Guardian:Strike_Guardian","Guardian:Strike_Guardian","Guardian:Strike_Guardian","Guardian:Defend_Guardian","Guardian:Defend_Guardian","Guardian:Defend_Guardian","Guardian:Defend_Guardian+1","Guardian:CurlUp","Guardian:TwinSlam+1","Guardian:FuturePlans+1","Guardian:FloatingOrbs+1","Guardian:RefractedBeam+7","expansioncontent:StudyTheSpire+1","Guardian:GemFire+1","Guardian:RollAttack+1","Guardian:DecasProtection+1","Guardian:SpikerProtocol+1","Guardian:RevengeProtocol+1","Guardian:EvasiveProtocol+1","Guardian:Harden+1","Guardian:SpikerProtocol+1","hubris:DuctTapeCard","Guardian:Incinerate+1","Guardian:RevengeProtocol+1","Guardian:PrismaticBeam+1","Guardian:PiercingHide+1","Guardian:TemporalStrike+1","Guardian:ConstructionForm+1","Clumsy","Guardian:PrismaticBeam+1","Guardian:AncientConstruct+1","Guardian:ExploitGems+1","Guardian:Repulse+1","Guardian:ExploitGems+1","Guardian:Gem_Green"],"relics":["Guardian:ModeShifterPlus","Juzu Bracelet","Molten Egg 2","Toxic Egg 2","Frozen Egg 2","Mummified Hand","aspiration:AnachronicSnailShell","Odd Mushroom","downfall:HeartBlessingBlue","ReplayTheSpireMod:Lightbulb","PreservedInsect","Bag of Marbles","Sling","Gremlin Food","downfall:HeartBlessingGreen","Strange Spoon","Replay:Bottled Flurry","hubris:DuctTape","Replay:Bottled Eggs","Bronze Scales","Orichalcum","Onion Ring","Art of War","Guide Book","Anchor","Replay:Ancient Bell","hubris:ToyBattleship","Quantum Egg","hubris:CuriousFeather","hubris:Icosahedron","Garlic","Potion Belt","Shovel","ClockworkSouvenir","Snack Pack","Blue Doll","Guardian:BottledStasis","Iron Hammer","hubris:PeanutButter","Pocketwatch","DollysMirror"],"acts_visited":["Exordium","TheCity","TheBeyond"],"potions_floor_usage":[37],"damage_taken":[{"damage":0,"enemies":"Small Slimes","floor":2,"turns":4},{"damage":5,"enemies":"2 Louse","floor":3,"turns":2},{"damage":16,"enemies":"The Mushroom Lair","floor":7,"turns":5},{"damage":3,"enemies":"Cultist","floor":8,"turns":4},{"damage":5,"enemies":"downfall:FleeingMerchant","floor":13,"turns":4},{"damage":9,"enemies":"Exordium Wildlife","floor":15,"turns":3},{"damage":10,"enemies":"Gremlin Nob","floor":16,"turns":3},{"damage":8,"enemies":"3 Louse","floor":17,"turns":3},{"damage":3,"enemies":"WA_ARCHETYPE_RETAIN","floor":18,"turns":5},{"damage":3,"enemies":"downfall:LooterAlt2","floor":21,"turns":3},{"damage":0,"enemies":"3 Byrds","floor":22,"turns":2},{"damage":1,"enemies":"Cultist and Chosen","floor":25,"turns":3},{"damage":0,"enemies":"downfall:FleeingMerchant","floor":26,"turns":4},{"damage":0,"enemies":"Snecko","floor":29,"turns":4},{"damage":0,"enemies":"downfall:FleeingMerchant","floor":30,"turns":1},{"damage":0,"enemies":"Snake Plant","floor":32,"turns":2},{"damage":0,"enemies":"Book of Stabbing","floor":35,"turns":3},{"damage":0,"enemies":"Sentry and Sphere","floor":36,"turns":3},{"damage":0,"enemies":"SI_MIRROR_ARCHETYPE","floor":37,"turns":4},{"damage":0,"enemies":"3 Shapes","floor":40,"turns":1},{"damage":0,"enemies":"3 Darklings","floor":41,"turns":1},{"damage":0,"enemies":"Spire Growth","floor":43,"turns":4},{"damage":2,"enemies":"Transient","floor":44,"turns":5},{"damage":0,"enemies":"Nemesis","floor":49,"turns":5},{"damage":0,"enemies":"Maw","floor":53,"turns":2},{"damage":0,"enemies":"DF_ARCHETYPE_ORBS","floor":54,"turns":2}],"seed_played":"1627451861302742390","potions_obtained":[{"floor":2,"key":"GamblersBrew"},{"floor":8,"key":"champ:CounterPotion"},{"floor":15,"key":"Venom Potion"},{"floor":18,"key":"Guardian:AcceleratePotion"},{"floor":32,"key":"hexamod:SoulburnPotion"},{"floor":37,"key":"bronze:BurnAndBuffPotion"}],"is_trial":false,"path_per_floor":["R_BF","M","M","?","PTL","PTL","?","M","T","R","?","?","$","?","M","E","M","B",null,"R_BF","M","M","PTL","PTL","M","$","?","T","M","$","R","M","R","$","E","M","B",null,"R_BF","M","M","?","M","M","T","$","?","?","E","$","R","$","M","B",null],"character_chosen":"GUARDIAN","items_purchased":["PreservedInsect","Bag of Marbles","Sling","expansioncontent:StudyTheSpire","Guardian:GemFire+1","Strange Spoon","Guardian:SpikerProtocol+1","Replay:Bottled Flurry","hubris:DuctTape","Bronze Scales","Orichalcum","Guardian:Gem_Lightblue","Guardian:PrismaticBeam+1","Onion Ring","Art of War","Guide Book","Guardian:Gem_Lightblue","Potion Belt","Shovel","ClockworkSouvenir","Guardian:ExploitGems+1","Snack Pack","Blue Doll","Guardian:BottledStasis","hubris:PeanutButter","Pocketwatch","DollysMirror","Guardian:Gem_Green"],"campfire_rested":1,"item_purchase_floors":[13,13,13,13,13,26,26,26,26,30,30,30,30,34,34,34,34,46,46,46,46,50,50,50,52,52,52,52],"current_hp_per_floor":[80,80,75,75,75,75,59,56,56,66,44,44,90,90,81,90,82,79,90,90,87,87,87,87,86,86,90,90,90,90,90,90,90,90,90,90,90,90,90,90,90,90,90,88,88,88,101,101,101,101,101,101,101,101],"gold":990,"neow_bonus":"ONE_RARE_RELIC","is_daily":false,"chose_seed":false,"campfire_upgraded":3,"win_rate":0.0,"timestamp":1614139817,"path_taken":["R_BF","M","M","?","PTL","PTL","?","M","T","R","?","?","$","?","M","E","M","BOSS","R_BF","M","M","PTL","PTL","M","$","?","T","M","$","R","M","R","$","E","M","BOSS","R_BF","M","M","?","M","M","T","$","?","?","E","$","R","?","M","BOSS"],"items_purchased_type":["Relic","Relic","Relic","Card","Card","Relic","Card","Relic","Relic","Relic","Relic","Card","Card","Relic","Relic","Relic","Card","Relic","Relic","Relic","Card","Relic","Relic","Relic","Relic","Relic","Relic","Card"],"build_version":"2020-12-22","purchased_purges":3,"victory":true,"max_hp_per_floor":[80,80,80,80,80,80,80,80,80,90,90,90,90,90,90,90,90,90,90,90,90,90,90,90,90,90,90,90,90,90,90,90,90,90,90,90,90,90,90,90,90,90,90,90,90,90,101,101,101,101,101,101,101,101],"card_choices":[{"not_picked":["Guardian:BronzeOrb+1","Guardian:SentryBeam+1"],"picked":"Guardian:FuturePlans+1","floor":2},{"not_picked":["Guardian:Preprogram+1","Guardian:Planning+1"],"picked":"Guardian:VentSteam+1","floor":3},{"not_picked":["Guardian:TimeCapacitor+1","Guardian:TemporalStrike+1"],"picked":"Guardian:Gem_Fragmented","floor":7},{"not_picked":["Guardian:Preprogram+1","Guardian:BronzeArmor+1"],"picked":"Guardian:CrystalBeam+1","floor":8},{"not_picked":["Guardian:Gem_Lightblue","Guardian:DecasProtection+1"],"picked":"Guardian:FloatingOrbs+1","floor":11},{"not_picked":["Guardian:BodySlam+1","Guardian:TimeCapacitor+1"],"picked":"Guardian:RefractedBeam+1","floor":11},{"not_picked":["Guardian:FuturePlans+1","Guardian:DecasProtection+1"],"picked":"Guardian:Gem_Yellow","floor":13},{"not_picked":["Guardian:ChargeCore+1","Guardian:TimeBomb+1"],"picked":"Guardian:RollAttack+1","floor":15},{"not_picked":["Guardian:GemFire+1","Guardian:Gem_Red"],"picked":"Guardian:DecasProtection+1","floor":16},{"not_picked":["Guardian:VentSteam+1","Guardian:RollAttack+1"],"picked":"Guardian:SpikerProtocol+1","floor":17},{"not_picked":["Guardian:BaubleBeam+1","Guardian:StasisField+1"],"picked":"Guardian:RevengeProtocol+1","floor":18},{"not_picked":["Guardian:PrimingBeam+1","Guardian:ChargeCore+1"],"picked":"Guardian:EvasiveProtocol+1","floor":21},{"not_picked":["Guardian:VentSteam+1","Guardian:Planning+1"],"picked":"Guardian:Harden+1","floor":22},{"not_picked":["Guardian:Incinerate+1","Guardian:StasisField+1"],"picked":"Guardian:Gem_White","floor":25},{"not_picked":["Guardian:ShieldCharger+1","Guardian:Gem_Cyan"],"picked":"Guardian:Gem_Fragmented","floor":26},{"not_picked":["Guardian:ShieldCharger+1","Guardian:PrimingBeam+1"],"picked":"Guardian:Incinerate+1","floor":29},{"not_picked":["Guardian:ShieldCharger+1","Guardian:ChargeUp+1"],"picked":"Guardian:RevengeProtocol+1","floor":30},{"not_picked":["Guardian:MultiBeam+1","Guardian:ShieldSpikes+1"],"picked":"Guardian:PiercingHide+1","floor":32},{"not_picked":["Guardian:RollAttack+1","Guardian:HyperBeam_Guardian+1"],"picked":"Guardian:TemporalStrike+1","floor":35},{"not_picked":["Guardian:PrimingBeam+1","Guardian:VentSteam+1"],"picked":"Guardian:Gem_Crimson","floor":36},{"not_picked":["Guardian:CompilePackage+1","Guardian:RevengeProtocol+1"],"picked":"Guardian:ConstructionForm+1","floor":37},{"not_picked":["Doubt","ReplayTheSpireMod:IOU"],"picked":"Clumsy","floor":38},{"not_picked":["ReplayTheSpireMod:Splinters","Regret"],"picked":"hubris:Despair","floor":38},{"not_picked":["Voices","hubris:Lust"],"picked":"Overencumbered","floor":38},{"not_picked":["Guardian:FuturePlans+1","Guardian:Planning+1"],"picked":"Guardian:Gem_Lightblue","floor":40},{"not_picked":["Guardian:PiercingHide+1","Guardian:Suspension+1"],"picked":"Guardian:AncientConstruct+1","floor":41},{"not_picked":["Guardian:PrismaticBarrier+1","Guardian:SentryBeam+1"],"picked":"Guardian:Gem_Green","floor":43},{"not_picked":["Guardian:WalkerClaw+1","Guardian:VentSteam+1"],"picked":"Guardian:Gem_Fragmented","floor":44},{"not_picked":["Guardian:WalkerClaw+1","Guardian:TemporalStrike+1"],"picked":"Guardian:Repulse+1","floor":49},{"not_picked":["Guardian:VentSteam+1","Guardian:PiercingHide+1","Guardian:WalkerClaw+1"],"picked":"SKIP","floor":53}],"player_experience":275212,"relics_obtained":[{"floor":7,"key":"Odd Mushroom"},{"floor":11,"key":"ReplayTheSpireMod:Lightbulb"},{"floor":16,"key":"Gremlin Food"},{"floor":28,"key":"Replay:Bottled Eggs"},{"floor":35,"key":"Anchor"},{"floor":45,"key":"Garlic"},{"floor":51,"key":"Iron Hammer"}],"event_choices":[{"damage_healed":0,"gold_gain":0,"player_choice":"Fought Mushrooms","damage_taken":0,"max_hp_gain":0,"max_hp_loss":0,"event_name":"Mushrooms","floor":7,"gold_loss":0}],"is_beta":false,"boss_relics":[{"not_picked":["Ring of Chaos","Empty Cage"],"picked":"Guardian:ModeShifterPlus"},{"not_picked":["Cursed Key","Painkiller Herb"],"picked":"Replay:Ancient Bell"},{"not_picked":["Centennial Puzzle","Replay:Bandana"],"picked":"hubris:ToyBattleship"},{"not_picked":["Darkstone Periapt","Mirror"],"picked":"Quantum Egg"},{"not_picked":["Thread and Needle","Dead Branch"],"picked":"hubris:CuriousFeather"}],"items_purged_floors":[26,50,52],"is_endless":false,"potions_floor_spawned":[2,8,15,18,22,32,35,36,37,40,44],"ascension_level":3}}