{"host":"en4narc5947t7k9n","time":1614168037,"event":{"mods":["AchievementEnabler","BaseMod","Colored Map","Minty Spire (QoL Compilation)","SuperFastMode"],"gold_per_floor":[212,56,76,95,110,122,155,155,204,218,68,68,143,160,160,255,255,271,271,271,281,294,294,326,251,251,350,360,360,375,230,230,230,230],"floor_reached":33,"language":"KOR","playtime":1762,"items_purged":["Strike_G"],"score":269,"play_id":"5619eee5-9cb5-4767-b915-3c26927f37fc","local_time":"20210224210037","is_ascension_mode":false,"campfire_choices":[{"floor":12.0,"key":"RECALL"},{"floor":15.0,"key":"REST"},{"data":"Venomology","floor":23,"key":"SMITH"},{"data":"Wraith Form v2","floor":32,"key":"SMITH"}],"circlet_count":0,"master_deck":["Strike_G","Strike_G","Strike_G","Strike_G","Defend_G","Defend_G","Defend_G","Defend_G","Defend_G","Survivor","Neutralize","Infinite Blades","Leg Sweep","Catalyst","Blade Dance","Flechettes","Cloak And Dagger","Calculated Gamble","Dagger Throw","Venomology+1","Caltrops","Bane","Masterful Stab","Dagger Spray","Deflect","Terror","Endless Agony","Expertise","Blur","Wraith Form v2+1","Slice"],"relics":["Ring of the Snake","Oddly Smooth Stone","Omamori","White Beast Statue","MealTicket","Bag of Marbles","Toy Ornithopter","Ninja Scroll","The Specimen","Orrery"],"acts_visited":["Exordium","TheCity"],"potions_floor_usage":[16,16,18,22,22,24,24,24,24,30,30,30,30,33,33],"damage_taken":[{"damage":0.0,"enemies":"Jaw Worm","floor":1.0,"turns":5.0},{"damage":0.0,"enemies":"Small Slimes","floor":3.0,"turns":3.0},{"damage":0.0,"enemies":"2 Louse","floor":4.0,"turns":3.0},{"damage":0.0,"enemies":"Lots of Slimes","floor":5.0,"turns":3.0},{"damage":1.0,"enemies":"3 Louse","floor":6.0,"turns":5.0},{"damage":14.0,"enemies":"Lagavulin","floor":7.0,"turns":11.0},{"damage":13.0,"enemies":"Exordium Wildlife","floor":10.0,"turns":6.0},{"damage":1.0,"enemies":"Red Slaver","floor":14.0,"turns":4.0},{"damage":17,"enemies":"Hexaghost","floor":16,"turns":12},{"damage":22,"enemies":"Spheric Guardian","floor":18,"turns":8},{"damage":4,"enemies":"Shell Parasite","floor":21,"turns":8},{"damage":12,"enemies":"Snecko","floor":22,"turns":7},{"damage":4,"enemies":"Gremlin Leader","floor":24,"turns":2},{"damage":26,"enemies":"Snake Plant","floor":28,"turns":6},{"damage":9,"enemies":"Cultist and Chosen","floor":30,"turns":7},{"damage":56,"enemies":"Collector","floor":33,"turns":6}],"seed_played":"559112242798233099","potions_obtained":[{"floor":3.0,"key":"Explosive Potion"},{"floor":5.0,"key":"DuplicationPotion"},{"floor":6.0,"key":"EssenceOfSteel"},{"floor":10.0,"key":"DuplicationPotion"},{"floor":14.0,"key":"LiquidBronze"},{"floor":16,"key":"GamblersBrew"},{"floor":18,"key":"SteroidPotion"},{"floor":21,"key":"SteroidPotion"},{"floor":22,"key":"Fire Potion"},{"floor":24,"key":"AttackPotion"},{"floor":28,"key":"Dexterity Potion"},{"floor":30,"key":"SpeedPotion"}],"is_trial":false,"path_per_floor":["M","$","M","M","M","M","E","?","T","M","$","R","?","M","R","B",null,"M","?","?","M","M","R","E","$","T","?","M","T","M","$","R","B"],"character_chosen":"THE_SILENT","items_purchased":["Oddly Smooth Stone","MealTicket","Orrery"],"campfire_rested":1,"item_purchase_floors":[2,11,31],"current_hp_per_floor":[70,70,70,70,70,69,55,37,37,24,24,24,13,12,33,16,70,48,48,48,44,32,32,28,43,43,43,17,17,28,43,43,0,0],"gold":230,"neow_bonus":"HUNDRED_GOLD","is_daily":false,"chose_seed":false,"campfire_upgraded":2,"win_rate":0.0,"timestamp":1614168037,"path_taken":["M","$","M","M","M","M","E","?","T","M","$","R","?","M","R","BOSS","M","?","?","M","?","R","E","$","T","?","M","?","?","$","R","BOSS"],"items_purchased_type":["Relic","Relic","Relic"],"build_version":"2020-12-22","purchased_purges":1,"victory":false,"max_hp_per_floor":[70,70,70,70,70,70,70,70,70,70,70,70,70,70,70,70,70,70,70,70,70,70,70,70,70,70,70,70,70,70,70,70,70,70],"card_choices":[{"not_picked":["Dagger Spray","Choke"],"picked":"Infinite Blades","floor":1.0},{"not_picked":["Poisoned Stab","Acrobatics"],"picked":"Leg Sweep","floor":3.0},{"not_picked":["Quick Slash","Eviscerate"],"picked":"Catalyst","floor":4.0},{"not_picked":["Footwork","Prepared"],"picked":"Blade Dance","floor":5.0},{"not_picked":["Flying Knee","Expertise"],"picked":"Flechettes","floor":6.0},{"not_picked":["Tactician","Dagger Spray"],"picked":"Cloak And Dagger","floor":7.0},{"not_picked":["Dagger Throw","Bane"],"picked":"Calculated Gamble","floor":10.0},{"not_picked":["Outmaneuver","Quick Slash"],"picked":"Dagger Throw","floor":14.0},{"not_picked":["A Thousand Cuts","Malaise"],"picked":"Venomology","floor":16},{"not_picked":["Slice","Prepared"],"picked":"Caltrops","floor":18},{"not_picked":["Predator","Finisher"],"picked":"Bane","floor":21},{"not_picked":["Slice+1","Blade Dance"],"picked":"Masterful Stab","floor":22},{"not_picked":["Bane","Setup"],"picked":"Dagger Spray","floor":24},{"not_picked":["Catalyst","Infinite Blades"],"picked":"Deflect","floor":28},{"not_picked":["Cloak And Dagger","Sucker Punch+1"],"picked":"Terror","floor":30},{"not_picked":["Dagger Spray","Catalyst"],"picked":"Endless Agony","floor":31},{"not_picked":["Skewer","Quick Slash"],"picked":"Expertise","floor":31},{"not_picked":["Glass Knife","Footwork"],"picked":"Blur","floor":31},{"not_picked":["Quick Slash","Expertise"],"picked":"Wraith Form v2","floor":31},{"not_picked":["Dagger Throw","Dodge and Roll"],"picked":"Slice","floor":31}],"player_experience":195933,"relics_obtained":[{"floor":7.0,"key":"Omamori"},{"floor":24,"key":"Toy Ornithopter"},{"floor":26,"key":"Ninja Scroll"},{"floor":29,"key":"The Specimen"}],"event_choices":[{"damage_healed":0.0,"max_hp_gain":0.0,"max_hp_loss":0.0,"gold_gain":0.0,"event_name":"Scrap Ooze","player_choice":"Success","floor":8.0,"gold_loss":0.0,"damage_taken":18.0,"relics_obtained":["White Beast Statue"]},{"damage_healed":0.0,"max_hp_gain":0.0,"max_hp_loss":0.0,"gold_gain":75.0,"event_name":"World of Goop","player_choice":"Gather Gold","floor":13.0,"gold_loss":0.0,"damage_taken":11.0},{"damage_healed":0,"gold_gain":0,"player_choice":"Ignored","damage_taken":0,"max_hp_gain":0,"max_hp_loss":0,"event_name":"Ghosts","floor":19,"gold_loss":0},{"damage_healed":0,"gold_gain":0,"player_choice":"Gave Potion","damage_taken":0,"relics_obtained":["Bag of Marbles"],"max_hp_gain":0,"max_hp_loss":0,"event_name":"WeMeetAgain","floor":20,"gold_loss":0},{"damage_healed":0,"gold_gain":99,"player_choice":"Stole From Cult","damage_taken":0,"max_hp_gain":0,"max_hp_loss":0,"event_name":"Nest","floor":27,"gold_loss":0}],"is_beta":false,"boss_relics":[{"not_picked":["Runic Dome","Ectoplasm","Fusion Hammer"]}],"items_purged_floors":[25],"is_endless":false,"potions_floor_spawned":[3,5,6,10,14,16,18,21,22,24,28,30],"killed_by":"Collector","ascension_level":0}}