{"host":"d52brwsy6af8zvaq","time":1614194502,"event":{"mods":["AchievementEnabler","BaseMod","Bestiary","Highlight Path","Minty Spire (QoL Compilation)","Quick Restart","Relic Stats","ojb\u0027s Better Paths Mod"],"gold_per_floor":[119,119,137,4,23,23,55,55,55,87,87,97,97,116,116,190,190,205,155,175,194,194,225,225,225,225],"floor_reached":25,"language":"ENG","playtime":1239,"items_purged":[],"score":462,"play_id":"4cd65587-c5f9-47ca-bf91-72847e8edf0f","local_time":"20210224122142","is_ascension_mode":true,"campfire_choices":[{"data":"Streamline","floor":6.0,"key":"SMITH"},{"data":"Zap","floor":8.0,"key":"SMITH"},{"data":"Defragment","floor":13.0,"key":"SMITH"},{"data":"Hologram","floor":15.0,"key":"SMITH"},{"floor":24,"key":"REST"}],"circlet_count":0,"master_deck":["AscendersBane","Strike_B+1","Strike_B","Strike_B","Strike_B+1","Defend_B","Defend_B","Defend_B","Defend_B","Zap+1","Dualcast","Dark Shackles","Hologram+1","Sweeping Beam","Self Repair","Steam","Streamline+1","Doom and Gloom+1","Defragment+1","Leap","Conserve Battery","Meteor Strike","Go for the Eyes","Glacier","Ball Lightning"],"relics":["Cracked Core","InkBottle","Regal Pillow","Tiny Chest","Velvet Choker","Mercury Hourglass","Peace Pipe"],"acts_visited":["Exordium","TheCity"],"potions_floor_usage":[],"damage_taken":[{"damage":7.0,"enemies":"Jaw Worm","floor":1.0,"turns":3.0},{"damage":0.0,"enemies":"Small Slimes","floor":3.0,"turns":2.0},{"damage":1.0,"enemies":"Cultist","floor":5.0,"turns":4.0},{"damage":16.0,"enemies":"3 Sentries","floor":7.0,"turns":6.0},{"damage":31.0,"enemies":"Lagavulin","floor":10.0,"turns":7.0},{"damage":8.0,"enemies":"Lots of Slimes","floor":12.0,"turns":4.0},{"damage":12.0,"enemies":"3 Louse","floor":14.0,"turns":3.0},{"damage":11.0,"enemies":"The Guardian","floor":16.0,"turns":13.0},{"damage":29,"enemies":"Chosen","floor":18,"turns":6},{"damage":19,"enemies":"Shell Parasite","floor":20,"turns":6},{"damage":21,"enemies":"Chosen and Byrds","floor":21,"turns":6},{"damage":45,"enemies":"Gremlin Leader","floor":23,"turns":9},{"damage":48,"enemies":"Slavers","floor":25,"turns":3}],"seed_played":"-153316846629863822","potions_obtained":[{"floor":3.0,"key":"SpeedPotion"},{"floor":5.0,"key":"Fruit Juice"},{"floor":7.0,"key":"FairyPotion"},{"floor":10.0,"key":"Block Potion"}],"is_trial":false,"path_per_floor":["M","?","M","$","M","R","E","R","T","E","?","M","R","M","R","B",null,"M","?","M","M","T","E","R","E"],"character_chosen":"DEFECT","items_purchased":["Self Repair","Steam"],"campfire_rested":1,"item_purchase_floors":[4,4],"current_hp_per_floor":[57,36,36,36,47,47,38,38,38,14,39,38,38,33,33,29,64,42,42,30,16,16,8,45,0,0],"gold":225,"neow_bonus":"RANDOM_COLORLESS","is_daily":false,"chose_seed":false,"campfire_upgraded":4,"win_rate":0.0,"timestamp":1614194502,"path_taken":["M","?","M","$","M","R","E","R","T","E","?","M","R","M","R","BOSS","M","?","?","M","?","E","R","E"],"items_purchased_type":["Card","Card"],"build_version":"2020-12-22","purchased_purges":0,"victory":false,"max_hp_per_floor":[71,71,71,71,76,76,76,76,76,76,76,76,76,76,76,76,76,76,76,76,76,76,76,76,76,76],"relic_stats":{"Peace Pipe":0,"Regal Pillow":15,"counters":[13,72],"Tiny Chest":1,"obtain_stats":[{"Peace Pipe":23,"Regal Pillow":9,"Velvet Choker":17,"Tiny Chest":10,"Cracked Core":0,"InkBottle":7,"Mercury Hourglass":22},{"Peace Pipe":12,"Regal Pillow":4,"Velvet Choker":8,"Tiny Chest":5,"Cracked Core":0,"InkBottle":4,"Mercury Hourglass":11},{"Peace Pipe":69,"Regal Pillow":15,"Velvet Choker":42,"Tiny Chest":22,"Cracked Core":0,"InkBottle":15,"Mercury Hourglass":60}],"InkBottle":[18],"Mercury Hourglass":[63]},"card_choices":[{"not_picked":["Forethought","Bandage Up"],"picked":"Dark Shackles","floor":0.0},{"not_picked":["Stack","Double Energy"],"picked":"Hologram","floor":1.0},{"not_picked":["Capacitor","Storm"],"picked":"Sweeping Beam","floor":3.0},{"not_picked":["Steam","Sweeping Beam"],"picked":"Streamline","floor":5.0},{"not_picked":["Sunder","Beam Cell"],"picked":"Doom and Gloom","floor":7.0},{"not_picked":["Stack","Ball Lightning"],"picked":"Defragment","floor":10.0},{"not_picked":["Reprogram","Sweeping Beam"],"picked":"Leap","floor":12.0},{"not_picked":["Hello World","Double Energy"],"picked":"Conserve Battery","floor":14.0},{"not_picked":["Amplify","Creative AI"],"picked":"Meteor Strike","floor":16.0},{"not_picked":["Sweeping Beam","Redo"],"picked":"Go for the Eyes","floor":18},{"not_picked":["Steam+1","Fusion"],"picked":"Glacier","floor":20},{"not_picked":["Gash","Reprogram","Rebound"],"picked":"SKIP","floor":21},{"not_picked":["Cold Snap","Turbo"],"picked":"Ball Lightning","floor":23}],"player_experience":2356056,"relics_obtained":[{"floor":7.0,"key":"InkBottle"},{"floor":9.0,"key":"Regal Pillow"},{"floor":10.0,"key":"Tiny Chest"},{"floor":22,"key":"Mercury Hourglass"},{"floor":23,"key":"Peace Pipe"}],"event_choices":[{"damage_healed":0.0,"max_hp_gain":0.0,"max_hp_loss":0.0,"gold_gain":0.0,"event_name":"Shining Light","player_choice":"Entered Light","floor":2.0,"gold_loss":0.0,"damage_taken":21.0,"cards_upgraded":["Strike_B","Strike_B"]},{"damage_healed":25.0,"max_hp_gain":0.0,"max_hp_loss":0.0,"gold_gain":0.0,"event_name":"Big Fish","player_choice":"Banana","floor":11.0,"gold_loss":0.0,"damage_taken":0.0},{"damage_healed":0,"gold_gain":0,"player_choice":"Upgrade","damage_taken":0,"max_hp_gain":0,"max_hp_loss":0,"event_name":"Designer","floor":19,"gold_loss":50,"cards_upgraded":["Doom and Gloom"]}],"is_beta":false,"boss_relics":[{"not_picked":["Runic Dome","Ectoplasm"],"picked":"Velvet Choker"}],"items_purged_floors":[],"is_endless":false,"potions_floor_spawned":[3,5,7,10],"killed_by":"Slavers","ascension_level":20}}