{"host":"4c7m9tuvqombcnjj","time":1614176585,"event":{"mods":["100% Spire Juice","ATMod(∞¢Ë™Mod)","Act Like it!","Aspiration","Astrologer","BaseMod","Chen","Conspire","Dota2Spire","Downfall","Gensokyo","GungeonMod","Hallownest","HololiveMod","Jedi Mod","Jorbs\u0027s Wanderer Trilogy","Koishi","KomeijiMod","Lobotomy","LobotomyExtend","Marisa£®ÏF”Í°°ƒß¿Ì…≥£©","Minty Spire (QoL Compilation)","MostiFishMod","Prisma Mod","Quarter Circle Forward PUNCH!","Reimu£®≤©¿ˆ¡È√Œ£©","Reliquary","Remilia£®¿Ÿ√◊¿Ú—«£©","Replay The Spire","RumiaBox-¬∂√◊Ê´µƒ…Ò√ÿ∫–◊”","Smile Girya","StSLib","TestMod","The Alterego","The Animator","The Bug Knight","The Construct","The Cursed","The Hierophant","The Jungle","The Runesmith","WarShipGirlsR/’ΩΩ¢…Ÿ≈ÆR mod","Youmu£®ªÍ∆«—˝√Œ£©","Yuri Mod","Yuyuko","[IsaacMod]“‘»ˆº‚À˛","°æπ¶ƒ‹Mod°øªÏ„Á÷Æª∑–ﬁ∏¥≤π∂°","°æ“≈ŒÔø®≈∆°øREMEMod"],"gold_per_floor":[118,0,13,24,94,126,143,156,228,242,255,5,20,53,53,152,152,163,174,108,108,125,10,10,37,110,129,129,129,142,162,162,264,264,277,295,322,69,82,99,63,63,145,171,171,171,171,189,156,182,182,182,182,182,182,15,49,49],"floor_reached":59,"language":"ZHS","playtime":3165,"items_purged":[],"score":1458,"play_id":"fd28bad3-d254-4149-9e93-149990cdcabb","local_time":"20210224222305","is_ascension_mode":false,"campfire_choices":[{"floor":15,"key":"RECALL"},{"data":"HollowMod:Weaversong","floor":24,"key":"SMITH"},{"data":"HollowMod:SlysStrikes","floor":29,"key":"SMITH"},{"data":"HollowMod:GrimmsGift","floor":32,"key":"SMITH"},{"floor":45,"key":"REST"},{"floor":51,"key":"REST"},{"data":"HollowMod:AwokenDreamNail","floor":55,"key":"SMITH"}],"circlet_count":0,"master_deck":["HollowMod:NailStrikeStart","HollowMod:NailStrikeStart","HollowMod:NailStrikeStart","HollowMod:NailStrikeStart","HollowMod:QuickDashStart","HollowMod:QuickDashStart","HollowMod:QuickDashStart","HollowMod:QuickDashStart","HollowMod:FocusHealStart","HollowMod:PogoStrike","BloodyBrimstone","AT_FamilyPortrait","HollowMod:FallenFury","HollowMod:QuirrelsAssistance","HollowMod:BaldurShell","HollowMod:SoulSplash","HollowMod:Weaversong+1","HollowMod:DashSlash","HollowMod:SharpenedNail","HollowMod:SoulStrike+1","HollowMod:SoulShaman","HollowMod:GrimmsGift+1","HollowMod:SlysStrikes+1","HollowMod:HornetsHelp","HollowMod:LifebloodCocoon","HollowMod:Grubsong","HollowMod:QuirrelsAssistance","HollowMod:VengefulSpirit","HollowMod:theNailsmith","HollowMod:GoodIntentions","HollowMod:PerfectDash+1","HollowMod:CycloneSlash","HollowMod:Weaversong","HollowMod:CloakDash+1","HollowMod:DashSlash","HollowMod:QuirrelsAssistance","HollowMod:SoulEater+1","HollowMod:RecoilStrike+1","HollowMod:RecoilStrike","HollowMod:SoulStrike","HollowMod:MantisMark","HollowMod:LifebloodCocoon+1","CurseOfTheBell","CurseOfTheBell","HollowMod:CloakDash+1","HollowMod:ChannelNail+1","HollowMod:AwokenDreamNail+1","HollowMod:SoulEater+1"],"relics":["HollowMod:VesselMask","HushsDoor","REME_ComplimentaryCards","DaveBox","testmod-TestBox","AT_ATBox","testmod-Prudence","RhineSuit","GuppysTail","aspiration:Nostalgia","TheCursedMod:BlackMagic101","SynthV:TestCard","Hallownest:BankAccountRelic","AT_BladeRuinedKing","testmod-Register","reliquary:RoseTintedGlasses","reliquary:Boomerang","reliquary:KinkedSpring","RedMistMask","theJungle:BirthdayCakeSlice","SteamSale","reliquary:QuartzCube","Dota2Spire:OrchidMalevolence","HollowMod:MillibellesNoteRelic","Hololive_Finger","reliquary:SharkskinSheath","Frozen Egg 2","reliquary:Stiletto","Replay:Baseball","downfall:ExtraCursedBell","reliquary:TatteredRug","Pantograph","Torii","ReplayTheSpireMod:Ninjato","Gremlin Food","Anchor","Ornamental Fan","Replay:Rubber Ducky"],"acts_visited":["Hallownest:Greenpath","theJungle:Jungle","Hallownest:KingdomsEdge","TheEnding"],"potions_floor_usage":[16,16,33,33,38,44,52,52,57],"damage_taken":[{"damage":0,"enemies":"Hallownest:2_Baldur","floor":1,"turns":2},{"damage":0,"enemies":"Hallownest:monsterHuskWarrior","floor":3,"turns":1},{"damage":0,"enemies":"Hallownest:2_MossCreeps","floor":4,"turns":3},{"damage":1,"enemies":"Hallownest:eliteMossKnight","floor":6,"turns":3},{"damage":4,"enemies":"Hallownest:MossCreep_and_Mosskin","floor":7,"turns":5},{"damage":10,"enemies":"Hallownest:1_Ooma_and_2_Uuma","floor":8,"turns":4},{"damage":0,"enemies":"Hallownest:Wandering_and_Horned","floor":10,"turns":3},{"damage":0,"enemies":"Hallownest:monsterMossCharger","floor":11,"turns":1},{"damage":0,"enemies":"Hallownest:MossCreep_and_Mosskin","floor":13,"turns":4},{"damage":13,"enemies":"Hallownest:eliteCrystalGuardian","floor":14,"turns":4},{"damage":11,"enemies":"Hallownest:BossBrokenVessel","floor":16,"turns":5},{"damage":7,"enemies":"theJungle:Flameango_and_Byrd","floor":18,"turns":4},{"damage":0,"enemies":"theJungle:GiantWrat","floor":19,"turns":2},{"damage":25,"enemies":"theJungle:JungleHuntersEncounter","floor":22,"turns":4},{"damage":15,"enemies":"theJungle:Cassacara","floor":25,"turns":3},{"damage":0,"enemies":"theJungle:2_Snecko_Cultists","floor":27,"turns":2},{"damage":0,"enemies":"theJungle:Lyon","floor":30,"turns":2},{"damage":0,"enemies":"theJungle:Snecko_Cultist_And_Trap","floor":31,"turns":2},{"damage":0,"enemies":"theJungle:QueenSpyder","floor":33,"turns":5},{"damage":0,"enemies":"Hallownest:3_Siblings","floor":35,"turns":3},{"damage":4,"enemies":"Hallownest:2_Littles","floor":36,"turns":4},{"damage":18,"enemies":"conspire:MimicChest","floor":37,"turns":3},{"damage":23,"enemies":"Hallownest:Shield_Sturdy","floor":39,"turns":3},{"damage":5,"enemies":"Hallownest:2_Wandering_and_1_Horned","floor":40,"turns":5},{"damage":0,"enemies":"Hallownest:StalkingDevout","floor":44,"turns":3},{"damage":0,"enemies":"Hallownest:Xero_Hu_Marmu","floor":48,"turns":3},{"damage":0,"enemies":"Hallownest:eliteHiveKnight","floor":50,"turns":3},{"damage":0,"enemies":"Hallownest:Radiance","floor":52,"turns":5},{"damage":29,"enemies":"Shield and Spear","floor":57,"turns":3},{"damage":31,"enemies":"The Heart","floor":58,"turns":7}],"seed_played":"3198898616929822103","potions_obtained":[{"floor":1,"key":"Strength Potion"},{"floor":6,"key":"Fire Potion"},{"floor":7,"key":"Fire Potion"},{"floor":22,"key":"Strength Potion"},{"floor":25,"key":"SteroidPotion"},{"floor":33,"key":"SteroidPotion"},{"floor":37,"key":"REME_GoldPotion"},{"floor":40,"key":"jedi:StrikingPotion"},{"floor":44,"key":"PowerPotion"},{"floor":50,"key":"Languid Potion"}],"is_trial":false,"path_per_floor":["M","?","M","M","T","E","M","M","T","M","M","$","M","E","R","B",null,"M","M","$","?","M","$","R","E","T","M","?","R","M","M","R","B",null,"M","M","?","$","M","M","$","?","T","E","R","PTL","PTL","M","$","E","R","B",null,null,"R","$","E","B",null],"character_chosen":"THE_BUGKNIGHT","items_purchased":["testmod-Register","reliquary:RoseTintedGlasses","HollowMod:Grubsong","HollowMod:QuirrelsAssistance","SteamSale","Frozen Egg 2","reliquary:Stiletto","HollowMod:SoulEater+1","HollowMod:RecoilStrike","HollowMod:SoulStrike","Replay:Baseball","qcfpunch:Wrestler\u0027s_Cloak","Anchor","Ornamental Fan"],"campfire_rested":2,"item_purchase_floors":[12,12,20,20,23,38,38,38,38,38,41,49,56,56],"current_hp_per_floor":[75,75,75,75,75,74,75,65,65,71,71,71,75,62,62,57,75,68,68,68,73,54,54,54,39,39,39,24,24,24,24,24,24,80,80,76,58,58,35,36,36,36,36,36,60,60,60,60,60,60,80,80,80,80,80,80,57,49],"gold":49,"neow_bonus":"NOSTALGIA","is_daily":false,"chose_seed":false,"campfire_upgraded":4,"win_rate":0.0,"timestamp":1614176585,"path_taken":["M","?","?","M","?","E","M","M","T","M","M","$","M","E","R","BOSS","M","M","$","?","?","$","R","E","T","?","?","R","?","M","R","BOSS","M","M","?","$","M","?","$","?","T","E","R","PTL","PTL","M","?","E","R","BOSS","R","$","E","BOSS"],"items_purchased_type":["Relic","Relic","Card","Card","Relic","Relic","Relic","Card","Card","Card","Relic","Relic","Relic","Relic"],"build_version":"2020-12-22","purchased_purges":0,"victory":true,"max_hp_per_floor":[75,75,75,75,75,75,75,75,75,75,75,75,75,75,75,75,75,75,75,75,80,80,80,80,80,80,80,80,80,80,80,80,80,80,80,80,80,80,80,80,80,80,80,80,80,80,80,80,80,80,80,80,80,80,80,80,80,80],"card_choices":[{"not_picked":[],"picked":"BloodyBrimstone","floor":0},{"not_picked":["HollowMod:DashSlash","HollowMod:InfectedAttack"],"picked":"HollowMod:QuirrelsAssistance","floor":1},{"not_picked":["HollowMod:InfectedAttack","HollowMod:WraithStrike","HollowMod:ShadowDash","HollowMod:SoulEater"],"picked":"HollowMod:BaldurShell","floor":3},{"not_picked":["HollowMod:CornifersMapStart","HollowMod:InfectedCysts","HollowMod:MawleksShell","HollowMod:DescendingDark"],"picked":"HollowMod:SoulSplash","floor":4},{"not_picked":["HollowMod:SoulStrike","HollowMod:WraithStrike","HollowMod:VengefulVoid","HollowMod:ShapeofUnn"],"picked":"HollowMod:Weaversong","floor":6},{"not_picked":["HollowMod:InfectionAssault","HollowMod:CycloneSlash","HollowMod:GrimmsGift","HollowMod:InfectedCysts"],"picked":"HollowMod:DashSlash","floor":7},{"not_picked":["HollowMod:InfectionAssault","HollowMod:QuirrelsAssistance","HollowMod:WraithStrike","HollowMod:GoodIntentions"],"picked":"HollowMod:SharpenedNail","floor":8},{"not_picked":["HollowMod:ChannelNail","HollowMod:DoubleDash","HollowMod:SharpenedNail","HollowMod:NewJinnsSoul"],"picked":"HollowMod:SoulStrike","floor":10},{"not_picked":["HollowMod:SoulStrike","HollowMod:ShapeofUnn","HollowMod:SiblingsSouls","HollowMod:ElderbugsWisdom"],"picked":"HollowMod:SoulShaman","floor":11},{"not_picked":["HollowMod:GoodIntentions","HollowMod:SharpenedNail","HollowMod:DoubleDash","HollowMod:SiblingsSouls"],"picked":"HollowMod:GrimmsGift","floor":13},{"not_picked":["HollowMod:NewJinnsSoul","HollowMod:PureNailStrike","HollowMod:DungDefenderAura","HollowMod:VoidDash"],"picked":"HollowMod:SlysStrikes","floor":14},{"not_picked":["HollowMod:ZotesMagnificence","HollowMod:LifebloodCore","HollowMod:VoidDash","HollowMod:NewInfectedGuardian"],"picked":"HollowMod:HornetsHelp","floor":16},{"not_picked":["HollowMod:SharpenedNail","HollowMod:DoubleDash","HollowMod:DreamGate","HollowMod:InfectedAttack+1"],"picked":"HollowMod:LifebloodCocoon","floor":18},{"not_picked":["HollowMod:InfectedAttack","HollowMod:SiblingsSouls","HollowMod:BlackTendrils","HollowMod:PureNailStrike+1","HollowMod:MawleksShell"],"picked":"SKIP","floor":19},{"not_picked":["HollowMod:VengefulVoid","HollowMod:SharpenedNail","HollowMod:HeavyBlow","HollowMod:DashSlash"],"picked":"HollowMod:VengefulSpirit","floor":22},{"not_picked":["HollowMod:InfectedCysts","HollowMod:SlysStrikes","HollowMod:ShadowDash+1","HollowMod:MawleksShell"],"picked":"HollowMod:theNailsmith","floor":25},{"not_picked":["HollowMod:LifebloodCocoon","HollowMod:HowlingWraiths","HollowMod:VengefulVoid","HollowMod:AbyssShriek+1"],"picked":"HollowMod:GoodIntentions","floor":27},{"not_picked":["HollowMod:MothsMistake","HollowMod:CloakDash+1","HollowMod:NewJinnsSoul","HollowMod:SharpenedShadows+1"],"picked":"HollowMod:PerfectDash+1","floor":30},{"not_picked":["HollowMod:InfectedAttack+1","HollowMod:TaintedHusks","HollowMod:SoulSplash","HollowMod:MonarchWings"],"picked":"HollowMod:CycloneSlash","floor":31},{"not_picked":["HollowMod:MidwifesHunger","HollowMod:VoidDash","HollowMod:Hiveblood","HollowMod:LifebloodCore"],"picked":"HollowMod:Weaversong","floor":33},{"not_picked":["HollowMod:TaintedHusks+1","HollowMod:AbyssShriek","HollowMod:ChannelNail+1","HollowMod:GoodIntentions"],"picked":"HollowMod:CloakDash+1","floor":35},{"not_picked":["HollowMod:SoulSplash","HollowMod:PerfectDash","HollowMod:LifebloodCocoon+1","HollowMod:MothsMistake+1"],"picked":"HollowMod:DashSlash","floor":36},{"not_picked":["HollowMod:PerfectDash","HollowMod:InfectedCysts","HollowMod:CloakDash","HollowMod:AbyssShriek"],"picked":"HollowMod:QuirrelsAssistance","floor":37},{"not_picked":["HollowMod:FallenFury+1","HollowMod:CrystalDash","HollowMod:NewGlowingWomb+1","HollowMod:DashSlash"],"picked":"HollowMod:MantisMark","floor":39},{"not_picked":["HollowMod:FastStrike+1","HollowMod:Weaversong+1","HollowMod:DashSlash","HollowMod:ShadowDash"],"picked":"HollowMod:LifebloodCocoon+1","floor":40},{"not_picked":["HollowMod:LifebloodCocoon+1","HollowMod:HornetsHelp","HollowMod:Grubsong+1","HollowMod:NewLittleFool"],"picked":"HollowMod:CloakDash+1","floor":44},{"not_picked":["HollowMod:VengefulVoid+1","HollowMod:SoulEater+1","HollowMod:WraithStrike+1","HollowMod:CycloneSlash+1"],"picked":"HollowMod:ChannelNail+1","floor":48},{"not_picked":["HollowMod:CornifersMapStart+1","HollowMod:PerfectDash+1","HollowMod:DoubleDash","HollowMod:HowlingWraiths+1"],"picked":"HollowMod:AwokenDreamNail","floor":50},{"not_picked":["HollowMod:DesolateDive+1","HollowMod:CornifersMapStart+1","HollowMod:WraithStrike","HollowMod:MidwifesHunger"],"picked":"HollowMod:SoulEater+1","floor":57}],"player_experience":108955,"relics_obtained":[{"floor":1,"key":"SynthV:TestCard"},{"floor":6,"key":"AT_BladeRuinedKing"},{"floor":14,"key":"reliquary:Boomerang"},{"floor":19,"key":"RedMistMask"},{"floor":25,"key":"reliquary:QuartzCube"},{"floor":26,"key":"Dota2Spire:OrchidMalevolence"},{"floor":37,"key":"reliquary:SharkskinSheath"},{"floor":42,"key":"reliquary:TatteredRug"},{"floor":42,"key":"Pantograph"},{"floor":42,"key":"Torii"},{"floor":43,"key":"ReplayTheSpireMod:Ninjato"},{"floor":44,"key":"Gremlin Food"},{"floor":57,"key":"Replay:Rubber Ducky"}],"event_choices":[],"is_beta":false,"boss_relics":[{"not_picked":["Replay:Drink Me","GreenFoldingFan"],"picked":"reliquary:KinkedSpring"},{"not_picked":[]},{"not_picked":["conspire:SlowCooker","Honey Jar"],"picked":"Hololive_Finger"},{"not_picked":[]}],"items_purged_floors":[],"is_endless":false,"potions_floor_spawned":[1,6,7,10,14,22,25,31,33,37,40,44,50],"ascension_level":0}}