{"host":"8rwnpls8n88jrgbg","time":1614153222,"event":{"mods":["AchievementEnabler","BaseMod","Colored Map","Colored Powertips","DeckTracker","Keyboard Shortcuts","Minty Spire (QoL Compilation)","Relic Stats","StSLib","SuperFastMode"],"gold_per_floor":[114,124,144,144,144,144,175,187,187,187,26,55,67,92,92,170,170,187,102,102,115,132,159,159,189,189,58,76,96,123,43,43,115,115,125,125,145,157,173,173,200,200,200,200,213,238,254,279,279,279,279,279,17,46,46],"floor_reached":56,"language":"KOR","playtime":3511,"items_purged":["Strike_R","Defend_R","Defend_R"],"score":2122,"play_id":"ac9b4382-965f-40ca-a56e-6fd2c7f39ce3","local_time":"20210224165342","is_ascension_mode":true,"campfire_choices":[{"data":"Hemokinesis","floor":6.0,"key":"SMITH"},{"data":"Blood for Blood","floor":10.0,"key":"SMITH"},{"data":"Bash","floor":15.0,"key":"SMITH"},{"floor":24.0,"key":"REST"},{"floor":32.0,"key":"REST"},{"floor":40.0,"key":"RECALL"},{"data":"Immolate","floor":42.0,"key":"SMITH"},{"floor":49,"key":"REST"},{"floor":52,"key":"REST"}],"circlet_count":0,"master_deck":["AscendersBane","Defend_R","Bash+1","Cleave","Hemokinesis+1","Blood for Blood+1","Rupture+1","Fire Breathing+1","Shrug It Off+1","Battle Trance+1","Immolate+1","Immolate+1","Battle Trance+1","Pummel+1","True Grit+1","Shrug It Off+1","Evolve+1","Warcry+1","Shrug It Off+1","True Grit+1","Feel No Pain+1","Offering+1","Berserk+1","Offering+1","Thunderclap+1","Madness+1","Finesse+1","Power Through+1","Offering+1"],"relics":["Burning Blood","NeowsBlessing","Frozen Egg 2","Toxic Egg 2","Mercury Hourglass","Astrolabe","The Courier","Strawberry","Boot","Mango","Orrery","Incense Burner","Mark of Pain","PreservedInsect","Calipers","InkBottle","Turnip","Membership Card","Eternal Feather"],"acts_visited":["Exordium","TheCity","TheBeyond","TheEnding"],"potions_floor_usage":[45,55,55],"damage_taken":[{"damage":0.0,"enemies":"Cultist","floor":1.0,"turns":1.0},{"damage":0.0,"enemies":"2 Louse","floor":2.0,"turns":1.0},{"damage":0.0,"enemies":"Small Slimes","floor":3.0,"turns":1.0},{"damage":29.0,"enemies":"Lagavulin","floor":7.0,"turns":6.0},{"damage":19.0,"enemies":"Gremlin Gang","floor":8.0,"turns":5.0},{"damage":8.0,"enemies":"3 Sentries","floor":12.0,"turns":4.0},{"damage":2.0,"enemies":"3 Louse","floor":13.0,"turns":3.0},{"damage":10.0,"enemies":"Lagavulin","floor":14.0,"turns":7.0},{"damage":24.0,"enemies":"The Guardian","floor":16.0,"turns":12.0},{"damage":6.0,"enemies":"Spheric Guardian","floor":18.0,"turns":3.0},{"damage":0.0,"enemies":"3 Byrds","floor":21.0,"turns":1.0},{"damage":25.0,"enemies":"Snake Plant","floor":22.0,"turns":3.0},{"damage":21.0,"enemies":"Book of Stabbing","floor":23.0,"turns":4.0},{"damage":27.0,"enemies":"Slavers","floor":25.0,"turns":3.0},{"damage":8.0,"enemies":"Centurion and Healer","floor":28.0,"turns":5.0},{"damage":5.0,"enemies":"3 Cultists","floor":29.0,"turns":3.0},{"damage":31.0,"enemies":"Gremlin Leader","floor":30.0,"turns":5.0},{"damage":30.0,"enemies":"Champ","floor":33.0,"turns":12.0},{"damage":1.0,"enemies":"3 Darklings","floor":35.0,"turns":2.0},{"damage":6.0,"enemies":"3 Shapes","floor":37.0,"turns":3.0},{"damage":6.0,"enemies":"3 Darklings","floor":38.0,"turns":2.0},{"damage":6.0,"enemies":"Sphere and 2 Shapes","floor":39.0,"turns":3.0},{"damage":24.0,"enemies":"Reptomancer","floor":41.0,"turns":5.0},{"damage":32,"enemies":"Jaw Worm Horde","floor":45,"turns":2},{"damage":6,"enemies":"Nemesis","floor":46,"turns":3},{"damage":8,"enemies":"Spire Growth","floor":47,"turns":6},{"damage":1,"enemies":"Mind Bloom Boss Battle","floor":48,"turns":6},{"damage":36,"enemies":"Donu and Deca","floor":50,"turns":7},{"damage":18,"enemies":"Shield and Spear","floor":54,"turns":4},{"damage":45,"enemies":"The Heart","floor":55,"turns":8}],"seed_played":"4154177634241832821","potions_obtained":[{"floor":3.0,"key":"HeartOfIron"},{"floor":7.0,"key":"SpeedPotion"},{"floor":8.0,"key":"Block Potion"},{"floor":14.0,"key":"LiquidMemories"},{"floor":16.0,"key":"SpeedPotion"},{"floor":25.0,"key":"Fire Potion"},{"floor":29.0,"key":"Fire Potion"},{"floor":33.0,"key":"PowerPotion"},{"floor":41.0,"key":"HeartOfIron"},{"floor":45,"key":"SkillPotion"},{"floor":48,"key":"Dexterity Potion"}],"is_trial":false,"path_per_floor":["M","M","M","?","?","R","E","M","T","R","$","E","M","E","R","B",null,"M","?","?","M","M","E","R","E","T","$","M","M","E","$","R","B",null,"M","?","M","M","M","R","E","R","T","?","M","E","M","?","R","B",null,"R","$","E","B",null],"character_chosen":"IRONCLAD","items_purchased":["Fire Breathing+1","Orrery","Membership Card","Offering+1"],"campfire_rested":4,"item_purchase_floors":[11,27,53,53],"current_hp_per_floor":[74,75,75,68,68,68,45,32,32,32,32,30,34,30,30,12,59,59,59,38,44,25,17,43,22,36,36,34,35,10,10,40,16,80,85,85,85,85,85,85,67,67,67,57,31,31,29,34,64,34,84,101,101,89,50],"gold":46,"neow_bonus":"THREE_ENEMY_KILL","is_daily":false,"chose_seed":false,"campfire_upgraded":4,"win_rate":0.0,"timestamp":1614153222,"path_taken":["M","?","M","?","?","R","E","?","T","R","$","E","M","E","R","BOSS","M","?","?","M","M","E","R","E","T","?","M","?","E","$","R","BOSS","M","?","M","M","M","R","E","R","T","?","M","E","M","?","R","BOSS","R","$","E","BOSS"],"items_purchased_type":["Card","Relic","Relic","Card"],"build_version":"2020-12-22","purchased_purges":3,"victory":true,"max_hp_per_floor":[75,75,75,75,75,75,75,75,75,75,75,75,75,75,75,75,75,75,75,80,80,80,87,87,87,101,101,101,101,101,101,101,101,101,101,101,101,101,101,101,101,101,101,101,101,101,101,101,101,101,101,101,101,101,101],"relic_stats":{"counters":[30,128],"Astrolabe":["Immolate","Battle Trance","Pummel"],"Eternal Feather":0,"PreservedInsect":127,"Turnip":[2],"Boot":[155],"obtain_stats":[{"Calipers":43,"NeowsBlessing":0,"Astrolabe":17,"Mango":26,"Eternal Feather":54,"The Courier":19,"PreservedInsect":41,"Incense Burner":30,"Frozen Egg 2":7,"Boot":25,"Burning Blood":0,"Mercury Hourglass":14,"Strawberry":23,"Orrery":27,"Mark of Pain":34,"Turnip":48,"Membership Card":53,"Toxic Egg 2":12,"InkBottle":46},{"Calipers":23,"NeowsBlessing":0,"Astrolabe":9,"Mango":14,"Eternal Feather":29,"The Courier":10,"PreservedInsect":23,"Incense Burner":17,"Frozen Egg 2":4,"Boot":14,"Burning Blood":0,"Mercury Hourglass":8,"Strawberry":13,"Orrery":14,"Mark of Pain":18,"Turnip":27,"Membership Card":28,"Toxic Egg 2":6,"InkBottle":25},{"Calipers":92,"NeowsBlessing":0,"Astrolabe":39,"Mango":53,"Eternal Feather":120,"The Courier":42,"PreservedInsect":92,"Incense Burner":66,"Frozen Egg 2":9,"Boot":53,"Burning Blood":0,"Mercury Hourglass":28,"Strawberry":50,"Orrery":53,"Mark of Pain":78,"Turnip":109,"Membership Card":116,"Toxic Egg 2":18,"InkBottle":97}],"Burning Blood":169,"InkBottle":[10],"Mercury Hourglass":[385]},"card_choices":[{"not_picked":["Clash","Armaments"],"picked":"Cleave","floor":1.0},{"not_picked":["Anger","Armaments"],"picked":"Hemokinesis","floor":2.0},{"not_picked":["Pommel Strike","Sword Boomerang"],"picked":"Reckless Charge","floor":3.0},{"not_picked":["Rage","Havoc"],"picked":"Blood for Blood","floor":7.0},{"not_picked":["Havoc","Shrug It Off"],"picked":"Rupture+1","floor":8.0},{"not_picked":["Fire Breathing+1","Uppercut"],"picked":"Shrug It Off+1","floor":12.0},{"not_picked":["Clothesline","Headbutt","Entrench+1"],"picked":"SKIP","floor":13.0},{"not_picked":["Warcry+1","Havoc+1"],"picked":"Battle Trance+1","floor":14.0},{"not_picked":["Demon Form+1","Corruption+1"],"picked":"Immolate","floor":16.0},{"not_picked":["Feel No Pain+1","Iron Wave","Twin Strike"],"picked":"SKIP","floor":18.0},{"not_picked":["Headbutt+1","Blood for Blood"],"picked":"True Grit+1","floor":21.0},{"not_picked":["Burning Pact+1","Body Slam","Heavy Blade+1"],"picked":"SKIP","floor":22.0},{"not_picked":["Burning Pact+1","Body Slam","Heavy Blade+1"],"picked":"SKIP","floor":22.0},{"not_picked":["Reckless Charge","Headbutt","Wild Strike"],"picked":"SKIP","floor":23.0},{"not_picked":["Exhume+1","True Grit+1"],"picked":"Shrug It Off+1","floor":25.0},{"not_picked":["Heavy Blade","Havoc+1"],"picked":"Evolve+1","floor":27.0},{"not_picked":["Anger+1","Wild Strike"],"picked":"Warcry+1","floor":27.0},{"not_picked":["Cleave","Warcry+1"],"picked":"Shrug It Off+1","floor":27.0},{"not_picked":["Warcry+1","Barricade+1"],"picked":"True Grit+1","floor":27.0},{"not_picked":["Dark Embrace+1","Heavy Blade"],"picked":"Feel No Pain+1","floor":28.0},{"not_picked":["Clothesline","Armaments+1"],"picked":"Offering+1","floor":29.0},{"not_picked":["Burning Pact+1","Armaments+1"],"picked":"Berserk+1","floor":30.0},{"not_picked":["Immolate","Exhume+1"],"picked":"Offering+1","floor":33.0},{"not_picked":["Intimidate+1","Heavy Blade"],"picked":"Thunderclap+1","floor":35.0},{"not_picked":["Hemokinesis+1","Shrug It Off+1","Inflame+1"],"picked":"SKIP","floor":37.0},{"not_picked":["Cleave","Thunderclap","Iron Wave"],"picked":"SKIP","floor":38.0},{"not_picked":["Heavy Blade","Perfected Strike","Anger"],"picked":"SKIP","floor":39.0},{"not_picked":["True Grit+1","Thunderclap+1","Twin Strike"],"picked":"SKIP","floor":41.0},{"not_picked":["The Bomb+1","Jack Of All Trades+1"],"picked":"Madness+1","floor":44.0},{"not_picked":["Flash of Steel","Mayhem+1"],"picked":"Finesse+1","floor":44.0},{"not_picked":["Sword Boomerang","True Grit+1","Armaments+1"],"picked":"SKIP","floor":45},{"not_picked":["Anger","Intimidate+1","Perfected Strike"],"picked":"SKIP","floor":46},{"not_picked":["Havoc+1","True Grit+1"],"picked":"Power Through+1","floor":47},{"not_picked":["Cleave+1","Body Slam","Wild Strike+1"],"picked":"SKIP","floor":54}],"player_experience":1526817,"relics_obtained":[{"floor":7.0,"key":"Frozen Egg 2"},{"floor":12.0,"key":"Toxic Egg 2"},{"floor":14.0,"key":"Mercury Hourglass"},{"floor":23.0,"key":"Strawberry"},{"floor":25.0,"key":"Boot"},{"floor":26.0,"key":"Mango"},{"floor":30.0,"key":"Incense Burner"},{"floor":41.0,"key":"PreservedInsect"},{"floor":43.0,"key":"Calipers"},{"floor":46,"key":"InkBottle"},{"floor":48,"key":"Turnip"},{"floor":54,"key":"Eternal Feather"}],"event_choices":[{"cards_removed":["Strike_R"],"damage_healed":0.0,"max_hp_gain":0.0,"max_hp_loss":0.0,"gold_gain":0.0,"event_name":"Golden Wing","player_choice":"Card Removal","floor":4.0,"gold_loss":0.0,"damage_taken":7.0},{"cards_removed":["Strike_R"],"damage_healed":0.0,"max_hp_gain":0.0,"max_hp_loss":0.0,"gold_gain":0.0,"event_name":"Purifier","player_choice":"Purged","floor":5.0,"gold_loss":0.0,"damage_taken":0.0},{"damage_healed":0.0,"max_hp_gain":0.0,"max_hp_loss":0.0,"gold_gain":0.0,"event_name":"Addict","player_choice":"Obtained Relic","floor":19.0,"gold_loss":85.0,"damage_taken":0.0,"relics_obtained":["The Courier"]},{"damage_healed":0.0,"max_hp_gain":5.0,"max_hp_loss":0.0,"gold_gain":0.0,"event_name":"Forgotten Altar","player_choice":"Shed Blood","floor":20.0,"gold_loss":0.0,"damage_taken":26.0},{"cards_removed":["Reckless Charge"],"damage_healed":0.0,"max_hp_gain":0.0,"max_hp_loss":0.0,"gold_gain":0.0,"event_name":"Falling","player_choice":"Removed Attack","floor":36.0,"gold_loss":0.0,"damage_taken":0.0},{"damage_healed":0.0,"max_hp_gain":0.0,"max_hp_loss":0.0,"gold_gain":0.0,"event_name":"SensoryStone","player_choice":"Memory 3","floor":44.0,"gold_loss":0.0,"damage_taken":10.0},{"damage_healed":0,"gold_gain":0,"player_choice":"Fight","damage_taken":0,"max_hp_gain":0,"max_hp_loss":0,"event_name":"MindBloom","floor":48,"gold_loss":0}],"is_beta":false,"boss_relics":[{"not_picked":["Runic Dome","Coffee Dripper"],"picked":"Astrolabe"},{"not_picked":["Sozu","Empty Cage"],"picked":"Mark of Pain"}],"items_purged_floors":[11,31,53],"is_endless":false,"potions_floor_spawned":[3,7,8,14,16,18,25,29,33,41,45,46,48],"ascension_level":16}}