{"host":"n5s5ra9ho7zqf9wm","time":1614161045,"event":{"mods":["Alarm Clock","Ascension Reborn","Aspiration","BaseMod","Better Altar","Better Note","Better Sensory Stone","Better Third Choice","Better Vampires","BetterRewards","Block Reminder","Card Forge","Colored Powertips","Curses Come First","Decade(王小明)","Displayed Cursed Tome","Grow up Mod","Hubris","Infinite Spire","Jedi Mod","Marisa（F雨　魔理沙）","Minty Spire (QoL Compilation)","Nova Terra(诺娃・泰拉)","Quick Restart","Rare Cards Sparkle","Red Circlet Mod","Relic Stats","Reliquary","Remove Card Discount Mod","Replay The Spire","Ryuuou龙王","SIMod","Say the Spire","Shop Mod","Spicy Shops","StSLib","TestMod","The Alterego","The Animator","The Construct","The Cursed","The Disciple","The Marked","The Mystic","The Runesmith","The Servant 0.9.4","Waifu the Spire","[JumpMod]舞动尖塔","【功能Mod】聪明的最终Boss","【遗物卡牌】REMEMod","篝火指南"],"gold_per_floor":[117,117,133,153,153,153,186,206,230,230,169,196,214,214,214,293,293,308,308,145,160,520,520],"floor_reached":22,"language":"ZHS","playtime":969,"items_purged":[],"score":588,"play_id":"59ecbfda-5229-471e-896c-c16cfeed6705","local_time":"20210224180405","is_ascension_mode":true,"campfire_choices":[{"floor":6,"key":"RECALL"}],"circlet_count":0,"master_deck":["AscendersBane","Strike_R+51","Strike_R+51","Defend_R+51","Defend_R+51","Bash+1","mysticmod:CorrosiveTouch+1","Clash+1","Sword Boomerang+1","Seeing Red+1","ReplayTheSpireMod:Muscle Training+1","Burning Pact+1","Pommel Strike+1","Barricade+1","jedi:unlimitedpower","Pummel+1","Body Slam+1"],"relics":["Burning Blood","Hammer of Thor","Seething Fire","Anvil of the Gods","HowToJump","testmod-TestBox","REME_ComplimentaryCards","jedi:ironblood","Simple Rune","MerchantsRug","ReplayTheSpireMod:Spearhead","Ring of Fury","ReplayTheSpireMod:Ring of Addiction","Toy Ornithopter","reliquary:Tamtam","aspiration:MobileForge","hubris:BottledHeart","hubris:ChampionShield"],"acts_visited":["Exordium","TheCity"],"potions_floor_usage":[3],"damage_taken":[{"damage":17,"enemies":"Cultist","floor":1,"turns":4},{"damage":2,"enemies":"Small Slimes","floor":3,"turns":3},{"damage":8,"enemies":"2 Louse","floor":4,"turns":3},{"damage":37,"enemies":"Lagavulin","floor":7,"turns":4},{"damage":23,"enemies":"Red Slaver","floor":8,"turns":3},{"damage":0,"enemies":"Gremlin Nob","floor":12,"turns":1},{"damage":0,"enemies":"Looter","floor":13,"turns":2},{"damage":0,"enemies":"Slime Boss","floor":16,"turns":1},{"damage":10,"enemies":"2 Thieves","floor":18,"turns":1},{"damage":0,"enemies":"Spheric Guardian","floor":21,"turns":1}],"seed_played":"-3215921862868661058","potions_obtained":[{"floor":1,"key":"Block Potion"},{"floor":4,"key":"Ancient Potion"},{"floor":8,"key":"Weak Potion"},{"floor":13,"key":"Explosive Potion"},{"floor":14,"key":"Swift Potion"}],"is_trial":false,"path_per_floor":["M","?","M","M","$","R","E","M","T","T","R","E","M","?","R","B",null,"M","?","$","M","?"],"character_chosen":"IRONCLAD","items_purchased":["MerchantsRug","reliquary:Tamtam","hubris:ChampionShield"],"campfire_rested":0,"item_purchase_floors":[11,15,20],"current_hp_per_floor":[84,94,108,116,126,136,115,108,118,128,138,154,170,180,190,206,251,257,11,21,31,0,0],"gold":520,"neow_bonus":"TEN_PERCENT_HP_BONUS","is_daily":false,"chose_seed":false,"campfire_upgraded":0,"win_rate":0.0,"timestamp":1614161045,"path_taken":["M","?","?","M","$","R","E","M","T","?","R","E","?","?","R","BOSS","M","?","?","M","?"],"items_purchased_type":["Relic","Relic","Relic"],"build_version":"2020-12-22","purchased_purges":0,"victory":false,"max_hp_per_floor":[102,112,122,132,142,152,162,172,182,192,202,212,222,232,242,252,262,270,11,21,31,31,31],"relic_stats":{"counters":[10,23],"obtain_stats":[{"MerchantsRug":11,"testmod-TestBox":0,"HowToJump":0,"ReplayTheSpireMod:Ring of Addiction":14,"Hammer of Thor":0,"Seething Fire":0,"jedi:ironblood":7,"reliquary:Tamtam":15,"Burning Blood":0,"ReplayTheSpireMod:Spearhead":12,"Chameleon Ring":14,"Anvil of the Gods":0,"testmod-Motorcycle":0,"aspiration:MobileForge":17,"hubris:BottledHeart":19,"Simple Rune":9,"Ring of Fury":14,"hubris:ChampionShield":20,"Toy Ornithopter":14,"REME_ComplimentaryCards":0},{"MerchantsRug":5,"testmod-TestBox":0,"HowToJump":0,"ReplayTheSpireMod:Ring of Addiction":7,"Hammer of Thor":0,"Seething Fire":0,"jedi:ironblood":4,"reliquary:Tamtam":7,"Burning Blood":0,"ReplayTheSpireMod:Spearhead":6,"Chameleon Ring":7,"Anvil of the Gods":0,"testmod-Motorcycle":0,"aspiration:MobileForge":8,"hubris:BottledHeart":9,"Simple Rune":5,"Ring of Fury":7,"hubris:ChampionShield":9,"Toy Ornithopter":7,"REME_ComplimentaryCards":0},{"MerchantsRug":17,"testmod-TestBox":0,"HowToJump":0,"ReplayTheSpireMod:Ring of Addiction":20,"Hammer of Thor":0,"Seething Fire":0,"jedi:ironblood":14,"reliquary:Tamtam":20,"Burning Blood":0,"ReplayTheSpireMod:Spearhead":18,"Chameleon Ring":20,"Anvil of the Gods":0,"testmod-Motorcycle":0,"aspiration:MobileForge":21,"hubris:BottledHeart":22,"Simple Rune":17,"Ring of Fury":20,"hubris:ChampionShield":22,"Toy Ornithopter":20,"REME_ComplimentaryCards":0}],"Burning Blood":54,"Toy Ornithopter":0},"card_choices":[{"not_picked":["True Grit","Burning Pact"],"picked":"hubris:SharpeningStone","floor":1},{"not_picked":["Cleave","Perfected Strike"],"picked":"Sword Boomerang","floor":3},{"not_picked":["Twin Strike","Flex"],"picked":"Seeing Red","floor":4},{"not_picked":["Sever Soul","hubris:SharpeningStone"],"picked":"Burning Pact","floor":7},{"not_picked":["jedi:suffering","Clothesline"],"picked":"Pommel Strike","floor":8},{"not_picked":["Exhume","jedi:fear"],"picked":"Barricade","floor":12},{"not_picked":["Heavy Blade","jedi:fear","Dark Embrace"],"picked":"SKIP","floor":13},{"not_picked":["Barricade","Reaper"],"picked":"jedi:unlimitedpower","floor":16},{"not_picked":["jedi:fear","Armaments"],"picked":"Pummel","floor":18},{"not_picked":["Warcry","Evolve+1"],"picked":"Body Slam","floor":21}],"player_experience":74925,"relics_obtained":[{"floor":7,"key":"jedi:ironblood"},{"floor":9,"key":"Simple Rune"},{"floor":12,"key":"ReplayTheSpireMod:Spearhead"},{"floor":14,"key":"Ring of Fury"},{"floor":14,"key":"ReplayTheSpireMod:Ring of Addiction"},{"floor":14,"key":"Chameleon Ring"},{"floor":14,"key":"Toy Ornithopter"}],"event_choices":[{"damage_healed":0,"gold_gain":0,"cards_transformed":["hubris:SharpeningStone"],"player_choice":"Transformed","damage_taken":0,"max_hp_gain":0,"max_hp_loss":0,"event_name":"Transmorgrifier","floor":2,"gold_loss":0,"cards_obtained":["Clash"]}],"is_beta":false,"boss_relics":[{"not_picked":["Replay:Bronze Core","Black Star"],"picked":"aspiration:MobileForge"}],"items_purged_floors":[],"is_endless":false,"potions_floor_spawned":[1,4,8,13],"ascension_level":20}}