{"host":"l3lzhw5qete3bz2v","time":1614142712,"event":{"mods":["BaseMod","Colored Map","Colored Powertips","Minty Spire (QoL Compilation)","StSLib","SuperFastMode"],"gold_per_floor":[117,134,134,153,153,153,153,228,228,228,47,74,85,103,103,198,198,217,217,236,247,257,289,289,4,4,4,4,4,22,37,37,133,133,149,0,15,15,34,52,52,33,115,115,115,134,134,20,20,20],"floor_reached":51,"language":"JPN","playtime":3362,"items_purged":["Strike_R","Strike_R"],"score":1056,"play_id":"30e5e9ea-759a-4bab-bf5e-7d578cc098ba","local_time":"20210224135832","is_ascension_mode":true,"campfire_choices":[{"data":"Wild Strike","floor":6.0,"key":"SMITH"},{"floor":10.0,"key":"REST"},{"data":"Uppercut","floor":15.0,"key":"SMITH"},{"floor":24.0,"key":"DIG"},{"floor":27.0,"key":"DIG"},{"floor":32,"key":"DIG"},{"floor":41,"key":"DIG"},{"floor":45,"key":"DIG"},{"data":"1","floor":47,"key":"LIFT"},{"data":"2","floor":49,"key":"LIFT"}],"circlet_count":0,"master_deck":["Strike_R","Strike_R","Defend_R","Defend_R+1","Defend_R+1","Defend_R","Bash","CurseOfTheBell","Shrug It Off+1","Shrug It Off+1","Wild Strike+1","Power Through","Uppercut+1","Battle Trance","True Grit","Shockwave","Feed","Armaments","Metallicize+1","True Grit+1","Twin Strike","Evolve","Headbutt+1","Whirlwind+1","Reaper","Shrug It Off+1","Warcry+1","Disarm","Warcry+1","Spot Weakness+1"],"relics":["Calling Bell","Bag of Preparation","HornCleat","Shovel","Omamori","War Paint","Pen Nib","StrikeDummy","Runic Dome","InkBottle","Akabeko","Membership Card","Nunchaku","Pear","Centennial Puzzle","Nilry\u0027s Codex","PreservedInsect","Red Skull","Philosopher\u0027s Stone","Red Mask","Darkstone Periapt","Girya","Toxic Egg 2","TungstenRod","Juzu Bracelet"],"acts_visited":["Exordium","TheCity","TheBeyond"],"potions_floor_usage":[30,33,48,50,50],"damage_taken":[{"damage":0.0,"enemies":"2 Louse","floor":1.0,"turns":3.0},{"damage":2.0,"enemies":"Jaw Worm","floor":2.0,"turns":5.0},{"damage":1.0,"enemies":"Small Slimes","floor":4.0,"turns":5.0},{"damage":2.0,"enemies":"Gremlin Nob","floor":12.0,"turns":3.0},{"damage":0.0,"enemies":"Exordium Wildlife","floor":13.0,"turns":3.0},{"damage":2.0,"enemies":"Lots of Slimes","floor":14.0,"turns":5.0},{"damage":5.0,"enemies":"Slime Boss","floor":16.0,"turns":10.0},{"damage":8.0,"enemies":"3 Byrds","floor":18.0,"turns":7.0},{"damage":0.0,"enemies":"2 Thieves","floor":20.0,"turns":3.0},{"damage":0.0,"enemies":"Snecko","floor":21.0,"turns":4.0},{"damage":0.0,"enemies":"Cultist and Chosen","floor":22.0,"turns":7.0},{"damage":4.0,"enemies":"Slavers","floor":23.0,"turns":6.0},{"damage":11,"enemies":"3 Cultists","floor":30,"turns":6},{"damage":0,"enemies":"Centurion and Healer","floor":31,"turns":5},{"damage":46,"enemies":"Automaton","floor":33,"turns":8},{"damage":10,"enemies":"3 Shapes","floor":35,"turns":4},{"damage":0,"enemies":"3 Darklings","floor":37,"turns":4},{"damage":11,"enemies":"Writhing Mass","floor":39,"turns":7},{"damage":0,"enemies":"4 Shapes","floor":40,"turns":1},{"damage":15,"enemies":"Transient","floor":46,"turns":5},{"damage":31,"enemies":"Awakened One","floor":50,"turns":8}],"seed_played":"-1561460669686667976","potions_obtained":[{"floor":1.0,"key":"SkillPotion"},{"floor":2.0,"key":"Regen Potion"},{"floor":4.0,"key":"AttackPotion"},{"floor":16.0,"key":"Dexterity Potion"},{"floor":19.0,"key":"Fire Potion"},{"floor":21.0,"key":"ColorlessPotion"},{"floor":23.0,"key":"Energy Potion"},{"floor":39,"key":"Fruit Juice"},{"floor":40,"key":"Dexterity Potion"}],"is_trial":false,"path_per_floor":["M","M","?","M","?","R","?","?","T","R","$","E","M","M","R","B",null,"M","?","M","M","M","E","R","$","T","R","?","T","M","M","R","B",null,"M","?","M","T","M","M","R","$","T","T","R","M","R","$","R","B",null],"character_chosen":"IRONCLAD","items_purchased":["Pen Nib","Uppercut","Membership Card","Evolve","Nunchaku","Disarm","Spot Weakness+1","BloodPotion"],"campfire_rested":1,"item_purchase_floors":[11,11,25,25,25,42,48,48],"current_hp_per_floor":[72,70,52,51,35,35,35,24,24,48,48,46,46,44,44,39,70,65,65,68,71,74,70,70,70,80,80,64,64,56,59,59,32,92,94,94,94,94,83,83,83,83,83,83,83,68,68,73,73,99],"gold":20,"neow_bonus":"BOSS_RELIC","is_daily":false,"chose_seed":false,"campfire_upgraded":2,"win_rate":0.0,"timestamp":1614142712,"path_taken":["M","M","?","M","?","R","?","?","T","R","$","E","M","M","R","BOSS","M","?","M","?","M","E","R","$","T","R","?","?","M","?","R","BOSS","M","?","M","?","M","?","R","?","T","?","R","M","R","$","R","BOSS"],"items_purchased_type":["Relic","Card","Relic","Card","Relic","Card","Card","Potion"],"build_version":"2020-12-22","purchased_purges":2,"victory":true,"max_hp_per_floor":[80,80,80,80,80,80,80,80,80,80,80,80,80,80,80,80,80,83,83,86,89,92,92,92,92,102,102,102,102,105,108,108,112,112,118,118,118,118,118,118,118,118,118,118,118,118,118,123,123,123],"card_choices":[{"not_picked":["Clash","Intimidate"],"picked":"Shrug It Off","floor":1.0},{"not_picked":["Havoc","Thunderclap"],"picked":"Shrug It Off","floor":2.0},{"not_picked":["Heavy Blade","Cleave"],"picked":"Wild Strike","floor":4.0},{"not_picked":["Carnage","Rampage"],"picked":"Battle Trance","floor":12.0},{"not_picked":["Anger","Flex"],"picked":"True Grit","floor":13.0},{"not_picked":["Double Tap","Ghostly Armor"],"picked":"Shockwave","floor":14.0},{"not_picked":["Double Tap","Limit Break"],"picked":"Feed","floor":16.0},{"not_picked":["Clothesline","Clash+1"],"picked":"Armaments","floor":18.0},{"not_picked":["Clash+1","Reckless Charge+1"],"picked":"Metallicize+1","floor":20.0},{"not_picked":["Battle Trance","Clash"],"picked":"True Grit+1","floor":21.0},{"not_picked":["Reckless Charge+1","Shrug It Off"],"picked":"Twin Strike","floor":22.0},{"not_picked":["Reckless Charge","Perfected Strike","True Grit"],"picked":"SKIP","floor":23.0},{"not_picked":["Sever Soul","Rampage"],"picked":"Headbutt+1","floor":30},{"not_picked":["Metallicize+1","Reckless Charge+1"],"picked":"Whirlwind+1","floor":31},{"not_picked":["Exhume","Barricade"],"picked":"Reaper","floor":33},{"not_picked":["Evolve","Burning Pact+1"],"picked":"Shrug It Off+1","floor":35},{"not_picked":["Carnage","Anger+1","Fire Breathing"],"picked":"SKIP","floor":37},{"not_picked":["Pommel Strike","Headbutt"],"picked":"Warcry+1","floor":39},{"not_picked":["Armaments","Thunderclap","Bloodletting+1"],"picked":"SKIP","floor":40},{"not_picked":["Sword Boomerang+1","Cleave"],"picked":"Warcry+1","floor":46}],"player_experience":164696,"relics_obtained":[{"floor":0.0,"key":"Bag of Preparation"},{"floor":0.0,"key":"HornCleat"},{"floor":0.0,"key":"Shovel"},{"floor":9.0,"key":"War Paint"},{"floor":12.0,"key":"StrikeDummy"},{"floor":23.0,"key":"InkBottle"},{"floor":24.0,"key":"Akabeko"},{"floor":26.0,"key":"Pear"},{"floor":27.0,"key":"Centennial Puzzle"},{"floor":28.0,"key":"Nilry\u0027s Codex"},{"floor":29.0,"key":"PreservedInsect"},{"floor":32,"key":"Red Skull"},{"floor":38,"key":"Darkstone Periapt"},{"floor":41,"key":"Girya"},{"floor":43,"key":"Toxic Egg 2"},{"floor":44,"key":"TungstenRod"},{"floor":45,"key":"Juzu Bracelet"}],"event_choices":[{"damage_healed":0.0,"max_hp_gain":0.0,"max_hp_loss":0.0,"gold_gain":0.0,"event_name":"Scrap Ooze","player_choice":"Success","floor":3.0,"gold_loss":0.0,"damage_taken":18.0,"relics_obtained":["Omamori"]},{"damage_healed":0.0,"max_hp_gain":0.0,"max_hp_loss":0.0,"gold_gain":0.0,"event_name":"Shining Light","player_choice":"Entered Light","floor":5.0,"gold_loss":0.0,"damage_taken":16.0,"cards_upgraded":["Defend_R","Defend_R"]},{"damage_healed":0.0,"max_hp_gain":0.0,"max_hp_loss":0.0,"gold_gain":0.0,"cards_transformed":["Strike_R"],"event_name":"Living Wall","player_choice":"Change","floor":7.0,"gold_loss":0.0,"damage_taken":0.0,"cards_obtained":["Power Through"]},{"damage_healed":0.0,"max_hp_gain":0.0,"max_hp_loss":0.0,"gold_gain":75.0,"event_name":"World of Goop","player_choice":"Gather Gold","floor":8.0,"gold_loss":0.0,"damage_taken":11.0},{"damage_healed":0.0,"max_hp_gain":0.0,"max_hp_loss":0.0,"gold_gain":0.0,"event_name":"Lab","player_choice":"Got Potions","floor":19.0,"gold_loss":0.0,"damage_taken":0.0},{"damage_healed":0.0,"max_hp_gain":0.0,"max_hp_loss":0.0,"gold_gain":0.0,"event_name":"Cursed Tome","player_choice":"Obtained Book","floor":28.0,"gold_loss":0.0,"damage_taken":16.0},{"damage_healed":0,"gold_gain":0,"player_choice":"Paid","damage_taken":0,"relics_obtained":["Red Mask"],"max_hp_gain":0,"max_hp_loss":0,"event_name":"Tomb of Lord Red Mask","floor":36,"gold_loss":149}],"is_beta":false,"boss_relics":[{"not_picked":["Empty Cage","Busted Crown"],"picked":"Runic Dome"},{"not_picked":["Coffee Dripper","Tiny House"],"picked":"Philosopher\u0027s Stone"}],"items_purged_floors":[25,48],"is_endless":false,"potions_floor_spawned":[1,2,4,16,20,21,23,39,40],"ascension_level":9}}