{"host":"bpr07pynnqpe5ded","time":1614182259,"event":{"mods":["2.2 Compatiblity","Aspiration","BaseMod","Better Note","Better Third Choice","BetterRewards","Downfall","Jorbs\u0027s Wanderer Trilogy","Minty Spire (QoL Compilation)","Replay The Spire","Shop Mod","StSLib","The Marked","??????REMEMod"],"gold_per_floor":[15,32,51,51,64,64,89,89,142,160,160,160,73,87,87,206,206,225,240,165,185,201,201,235,235,307,354,354,354,375,402,402,418,418],"floor_reached":33,"language":"ENG","playtime":1740,"items_purged":["theMarked:Strike"],"score":291,"play_id":"458b1148-97c4-43e0-b197-04e46be99acb","local_time":"20210224155739","is_ascension_mode":false,"campfire_choices":[{"data":"theMarked:Heritage","floor":6,"key":"SMITH"},{"floor":12,"key":"REST"},{"data":"theMarked:ParalyzingBlade","floor":15,"key":"SMITH"},{"floor":23,"key":"REST"},{"data":"theMarked:Memento","floor":25,"key":"SMITH"},{"floor":32,"key":"REST"}],"circlet_count":0,"master_deck":["theMarked:Strike","theMarked:Strike","theMarked:Strike","theMarked:Strike","theMarked:Defend","theMarked:Defend","theMarked:Defend","theMarked:Defend","theMarked:SoldierOfQuellstein","theMarked:BindingBlade","theMarked:Frustration","theMarked:BanishingStrike","theMarked:Heritage+1","theMarked:Memento","theMarked:Memento+1","theMarked:ParalyzingBlade+1"],"relics":["theMarked:ArtifactOfAir","REME_ComplimentaryCards","Mummified Hand","Golden Idol","Busted Crown","Replay:Bandana","Divine Protection","Happy Flower"],"acts_visited":["Exordium","TheCity"],"potions_floor_usage":[7,13,16,16,19,24,31,33,33],"damage_taken":[{"damage":1,"enemies":"Cultist","floor":1,"turns":3},{"damage":0,"enemies":"2 Louse","floor":2,"turns":2},{"damage":3,"enemies":"Small Slimes","floor":3,"turns":3},{"damage":7,"enemies":"2 Fungi Beasts","floor":5,"turns":3},{"damage":25,"enemies":"Gremlin Nob","floor":7,"turns":4},{"damage":4,"enemies":"Blue Slaver","floor":10,"turns":4},{"damage":3,"enemies":"Gremlin Gang","floor":13,"turns":5},{"damage":0,"enemies":"3 Louse","floor":14,"turns":4},{"damage":7,"enemies":"Fading Forest","floor":16,"turns":11},{"damage":17,"enemies":"Spheric Guardian","floor":18,"turns":6},{"damage":7,"enemies":"Shell Parasite","floor":19,"turns":4},{"damage":0,"enemies":"Centurion and Healer","floor":21,"turns":5},{"damage":19,"enemies":"Sentry and Sphere","floor":22,"turns":7},{"damage":16,"enemies":"Book of Stabbing","floor":24,"turns":5},{"damage":8,"enemies":"Gremlin Leader","floor":27,"turns":9},{"damage":0,"enemies":"Snecko","floor":30,"turns":6},{"damage":18,"enemies":"Snake Plant","floor":31,"turns":4},{"damage":39,"enemies":"Automaton","floor":33,"turns":6}],"seed_played":"7097009092149872393","potions_obtained":[{"floor":1,"key":"Toxic Potion"},{"floor":3,"key":"Explosive Potion"},{"floor":5,"key":"Regen Potion"},{"floor":7,"key":"Reflective Coating"},{"floor":10,"key":"Reflective Coating"},{"floor":18,"key":"Toxic Potion"},{"floor":21,"key":"hexamod:SoulburnPotion"},{"floor":27,"key":"Dexterity Potion"},{"floor":30,"key":"Dexterity Potion"},{"floor":31,"key":"hexamod:SoulburnPotion"}],"is_trial":false,"path_per_floor":["M","M","M","$","M","R","E","?","T","M","?","R","M","M","R","B",null,"M","M","$","M","M","R","E","R","T","E","?","?","M","M","R","B"],"character_chosen":"THE_DEFAULT","items_purchased":[],"campfire_rested":3,"item_purchase_floors":[],"current_hp_per_floor":[71,71,68,68,61,61,36,18,18,14,14,35,44,44,44,37,72,55,48,48,48,29,50,34,34,34,26,33,33,33,15,36,0,0],"gold":418,"neow_bonus":"THREE_RARE_CARDS","is_daily":false,"chose_seed":false,"campfire_upgraded":3,"win_rate":0.0,"timestamp":1614182259,"path_taken":["M","M","?","$","M","R","E","?","T","M","?","R","M","M","R","BOSS","M","M","$","M","M","R","E","R","T","E","?","?","M","M","R","BOSS"],"items_purchased_type":[],"build_version":"2020-12-22","purchased_purges":1,"victory":false,"max_hp_per_floor":[72,72,72,72,72,72,72,72,72,72,72,72,72,72,72,72,72,72,72,72,72,72,72,72,72,72,72,72,72,72,72,72,72,72],"card_choices":[{"not_picked":["theMarked:ThrowWeapon","theMarked:TurnInvisible"],"picked":"theMarked:BindingBlade","floor":0},{"not_picked":["theMarked:StartUp","theMarked:Friction","theMarked:TakeCover"],"picked":"SKIP","floor":1},{"not_picked":["theMarked:Aftermath","theMarked:EmpowerWeapon"],"picked":"theMarked:Frustration","floor":2},{"not_picked":["theMarked:WastefulAttack","theMarked:Improvise"],"picked":"theMarked:BanishingStrike","floor":3},{"not_picked":["theMarked:ResourceFulStrike","theMarked:WardOff"],"picked":"theMarked:Heritage","floor":5},{"not_picked":["theMarked:LightningStrikesTwice","theMarked:TakeCover","theMarked:Reabsorb"],"picked":"SKIP","floor":7},{"not_picked":["theMarked:Pokerface","theMarked:Static"],"picked":"theMarked:Memento","floor":10},{"not_picked":["theMarked:Overthink","theMarked:HeightenedSenses"],"picked":"theMarked:Memento","floor":13},{"not_picked":["theMarked:TwofoldDefense","theMarked:ElectricStrings"],"picked":"theMarked:ParalyzingBlade","floor":14},{"not_picked":["theMarked:Parry"],"picked":"SKIP","floor":18},{"not_picked":["theMarked:WastefulAttack+1"],"picked":"SKIP","floor":19},{"not_picked":["theMarked:WastefulAttack+1"],"picked":"SKIP","floor":21},{"not_picked":["theMarked:WastefulAttack"],"picked":"SKIP","floor":22},{"not_picked":["theMarked:GodGivenPower+1"],"picked":"SKIP","floor":24},{"not_picked":["theMarked:DispelDoubt"],"picked":"SKIP","floor":27},{"not_picked":["theMarked:RogueSparks+1"],"picked":"SKIP","floor":30},{"not_picked":["theMarked:EnhanceMovement+1"],"picked":"SKIP","floor":31}],"player_experience":1241171,"relics_obtained":[{"floor":7,"key":"Mummified Hand"},{"floor":24,"key":"Replay:Bandana"},{"floor":26,"key":"Divine Protection"},{"floor":27,"key":"Happy Flower"}],"event_choices":[{"damage_healed":0,"gold_gain":0,"player_choice":"Take Damage","damage_taken":18,"relics_obtained":["Golden Idol"],"max_hp_gain":0,"max_hp_loss":0,"event_name":"Golden Idol","floor":8,"gold_loss":0},{"damage_healed":0,"gold_gain":0,"player_choice":"Ignored","damage_taken":0,"max_hp_gain":0,"max_hp_loss":0,"event_name":"betterNote:BetterNote","floor":29,"gold_loss":0,"cards_obtained":["A Thousand Cuts"]}],"is_beta":false,"boss_relics":[{"not_picked":["aspiration:SecretTechniqueScroll","Honey Jar"],"picked":"Busted Crown"}],"items_purged_floors":[20],"is_endless":false,"potions_floor_spawned":[1,3,5,7,10,18,21,27,30,31],"killed_by":"Automaton","ascension_level":0}}