{"host":"d9tpyi6mde8z2n96","time":1614176670,"event":{"mods":["100% Spire Juice","2.2 Compatiblity","A Penny For Your Troubles","AchievementEnabler","Act Like it!","AlwaysNeverKeys","Aspiration","BaseMod","Beaked The Cultist","Better Altar","Better Note","Bossed Relics","CapriCore","Challenge The Spire","Colored Map","Colored Powertips","Conspire","Dark Map","Defuse TimeMaze Blight","Dota2Spire","Elementarium","Energized Spire","Fox Events","Friendly Minions","Gensokyo","GifTheSpireLib","Gold Saver","Halation","Hermit","HololiveMod","Hubris","Hyrulean Relics","Infinite Spire","Jess\u0027s Bottle","Jorbs\u0027s Wanderer Trilogy","Library of Ruina","Library of Ruina Extra","Marisa????????","Melee Mod","Minty Spire (QoL Compilation)","MostiFishMod","Pale of the Ancients","Permanent Neow","Potionbrewer","Quick Restart","Railgun Mod","Reimu??????","Reliquary","Replay The Spire","Robot Space Explorer","Ruina","RumiaBox-????????","Shop Mod","Spikes Relics","StS++","StSLib","SuperFastMode","TestMod","The Alterego","The Animator","The Blue Laboratory","The Cursed","The Death Knight","The Fake Hero","The Marked","The Servant 0.9.4","The Spell Scribe","Trackpad","Transform Curses","Uncapped","Virulent Crown","Waifu the Spire","Wandering Minibosses","WarShipGirlsR/????R mod","Wide Potions","Yakumo Yukari mod"],"gold_per_floor":[101028,101028,101044,101044,101117,101147,101147,101162,101162,101162,101177,101242,101267,100565,100565,100669,100669,100682,100700,100700,100700,100723,100723,100723,100735,100735,100769,100792,99980,100056,100198,100198,100198,100198],"floor_reached":33,"language":"ENG","playtime":1854,"items_purged":["Overencumbered"],"score":327,"play_id":"7e1b8d32-abd5-40a4-8bd3-cf33e33a0042","local_time":"20210224092430","is_ascension_mode":false,"campfire_choices":[{"data":"Crusade:ReiMu","floor":7.0,"key":"SMITH"},{"data":"conspire:Banana","floor":15.0,"key":"SMITH"},{"data":"KyokaiOfKami:ReiMu","floor":23.0,"key":"SMITH"},{"data":"SpringWay:ReiMu","floor":32,"key":"SMITH"}],"circlet_count":0,"master_deck":["Strike_Lin:ReiMu","Strike_Lin:ReiMu","Strike_Lin:ReiMu","Strike_Lin:ReiMu","Defend_Lin:ReiMu","Defend_Lin:ReiMu","Defend_Lin:ReiMu","Defend_Lin:ReiMu","NB:ReiMu+1","Stagnation:ReiMu","AlertArray:ReiMu","YinYangSange:ReiMu+1","Crusade:ReiMu+1","AirStrike:ReiMu","Intuition:ReiMu","TightArray:ReiMu","UniversalSpiritual:ReiMu","YinYang:ReiMu","conspire:Banana+1","CardOfSanctity:ReiMu","SubAcupoint:ReiMu","SpringWay:ReiMu+1","KyokaiOfKami:ReiMu+1","AlertArray:ReiMu","YinYangSange:ReiMu","Moonworks:JonathanRush","Intuition:ReiMu+1","Revelation:ReiMu","InherentArray:ReiMu+1","SubAcupoint:ReiMu+1","LovePray:ReiMu"],"relics":["FlyPower:ReiMu","testmod-TestBox","DaveBox","testmod-Charity","JellyFishMachine","SynthV:TestCard","infinitespire:Satchel","Replay:Mystery Machine","reliquary:SharkskinSheath","reliquary:SharkskinSheath","reliquary:PorcupineQuills","infinitespire:Cupcake","BodyOfKamiR:ReiMu","PageOfPunishingBird","Shovel","Oddly Smooth Stone","reliquary:RosewoodLute","TurtleShell:ReiMu","HandDrill","MerchantsRug"],"acts_visited":["Exordium","TheCity"],"potions_floor_usage":[],"damage_taken":[{"damage":2.0,"enemies":"conspire:RoseBush","floor":1.0,"turns":4.0},{"damage":0.0,"enemies":"Small Slimes","floor":3.0,"turns":5.0},{"damage":0.0,"enemies":"2 Louse","floor":5.0,"turns":8.0},{"damage":15.0,"enemies":"Gremlin Nob","floor":6.0,"turns":5.0},{"damage":0.0,"enemies":"2 Fungi Beasts","floor":8.0,"turns":3.0},{"damage":0.0,"enemies":"Gremlin Gang","floor":11.0,"turns":3.0},{"damage":36.0,"enemies":"conspire:MimicChest","floor":12.0,"turns":8.0},{"damage":7.0,"enemies":"3 Sentries","floor":13.0,"turns":8.0},{"damage":26.0,"enemies":"The Guardian","floor":16.0,"turns":7.0},{"damage":6.0,"enemies":"Shell Parasite","floor":18.0,"turns":3.0},{"damage":20.0,"enemies":"Spheric Guardian","floor":19.0,"turns":5.0},{"damage":9.0,"enemies":"Shelled Parasite and Fungi","floor":22.0,"turns":5.0},{"damage":10.0,"enemies":"3 Cultists","floor":25.0,"turns":5.0},{"damage":15.0,"enemies":"Nightmare","floor":27.0,"turns":8.0},{"damage":0.0,"enemies":"conspire:HollyBat","floor":30.0,"turns":6.0},{"damage":3.0,"enemies":"Centurion and Healer","floor":31.0,"turns":8.0},{"damage":0,"enemies":"conspire:MysteriousRune","floor":33,"turns":2}],"seed_played":"687675072465176459","potions_obtained":[{"floor":1.0,"key":"Ancient Potion"},{"floor":3.0,"key":"blueLaboratory:Moonshine"},{"floor":10.0,"key":"DistilledChaos"},{"floor":25.0,"key":"EssenceOfSteel"},{"floor":30.0,"key":"PowerPotion"}],"is_trial":false,"path_per_floor":["M","?","M","?","M","E","R","M","T","?","M","?","E","$","R","B",null,"M","M","?","?","M","R","?","M","T","NM","T","$","M","M","R","B"],"character_chosen":"REIMU","items_purchased":["YinYang:ReiMu","conspire:Banana","CardOfSanctity:ReiMu","SubAcupoint:ReiMu","Regen Potion","reliquary:PorcupineQuills","SpringWay:ReiMu","reliquary:RosewoodLute","TurtleShell:ReiMu","HandDrill","MerchantsRug"],"campfire_rested":0,"item_purchase_floors":[14,14,14,14,14,14,14,29,29,29,29],"current_hp_per_floor":[64,64,65,65,73,59,59,60,60,60,61,36,30,30,30,22,93,90,73,73,73,69,69,69,62,62,50,51,51,61,68,68,68,68],"gold":100198,"neow_bonus":"UPGRADE_CARD","is_daily":false,"chose_seed":false,"campfire_upgraded":4,"win_rate":0.0,"timestamp":1614176670,"path_taken":["M","?","M","?","M","E","R","M","T","?","?","?","E","$","R","BOSS","M","M","?","?","?","R","?","M","T","NM","?","?","M","M","R","BOSS"],"items_purchased_type":["Card","Card","Card","Card","Potion","Relic","Card","Relic","Relic","Relic","Relic"],"build_version":"2020-12-22","purchased_purges":1,"victory":false,"max_hp_per_floor":[66,66,67,67,75,76,76,77,77,77,78,89,90,90,90,93,93,96,99,99,99,104,104,104,107,107,110,111,111,121,131,131,131,131],"card_choices":[{"not_picked":["Intuition:ReiMu","SubAcupoint:ReiMu"],"picked":"AlertArray:ReiMu","floor":1.0},{"not_picked":["TightArray:ReiMu","EmergencyTakeOff:ReiMu","PassingAway:ReiMu","OctopathBindingBorder2:ReiMu"],"picked":"YinYangSange:ReiMu","floor":3.0},{"not_picked":["SpringWay:ReiMu","TightArray:ReiMu","PayForSelf:ReiMu","SpreadBorder2:ReiMu"],"picked":"Crusade:ReiMu","floor":5.0},{"not_picked":["Amulet:ReiMu","PrayRite:ReiMu","Crusade:ReiMu","SafetyPray:ReiMu"],"picked":"AirStrike:ReiMu","floor":6.0},{"not_picked":["AirStrike:ReiMu","Meditation:ReiMu","WonderfulDomain:ReiMu","SubcavityInstant:ReiMu"],"picked":"Intuition:ReiMu","floor":8.0},{"not_picked":["ForcedLanding:ReiMu","SpiritualOutbreak2:ReiMu","Amulet:ReiMu","CareerPray:ReiMu"],"picked":"TightArray:ReiMu","floor":11.0},{"not_picked":["Conquer:ReiMu","SealNeedle:ReiMu","SubAcupoint:ReiMu","RainPray2:ReiMu"],"picked":"UniversalSpiritual:ReiMu","floor":13.0},{"not_picked":["Free:ReiMu","PrayRite:ReiMu","HakureiPhantom:ReiMu","Dreaming:ReiMu"],"picked":"KyokaiOfKami:ReiMu","floor":16.0},{"not_picked":["RainPray2:ReiMu+1","OrbThrow:ReiMu","Enchanting:ReiMu+1","Amulet:ReiMu"],"picked":"AlertArray:ReiMu","floor":18.0},{"not_picked":["Intuition:ReiMu","OrbThrow:ReiMu","UniversalSpiritual:ReiMu","SpreadBorder2:ReiMu"],"picked":"YinYangSange:ReiMu","floor":19.0},{"not_picked":["YinYangSign:ReiMu","Shading:ReiMu","AirStrike:ReiMu","UpKicking:ReiMu+1"],"picked":"Intuition:ReiMu+1","floor":22.0},{"not_picked":["AlertArray:ReiMu","CollectionFlower2:ReiMu+1","PhosphorusFlame:ReiMu","WonderfulDomain:ReiMu"],"picked":"Revelation:ReiMu","floor":25.0},{"not_picked":["TightArray:ReiMu","Dreaming2:ReiMu","DependentForm:ReiMu","RainPray2:ReiMu"],"picked":"InherentArray:ReiMu+1","floor":27.0},{"not_picked":["Enchanting:ReiMu+1","Dreaming2:ReiMu","Intuition:ReiMu","BarrageOfMoneybags:ReiMu"],"picked":"SubAcupoint:ReiMu+1","floor":30.0},{"not_picked":["Intuition:ReiMu","AlertArray:ReiMu","PassingAway:ReiMu","PrayRite:ReiMu"],"picked":"LovePray:ReiMu","floor":31}],"player_experience":1132508,"relics_obtained":[{"floor":1.0,"key":"SynthV:TestCard"},{"floor":6.0,"key":"infinitespire:Satchel"},{"floor":9.0,"key":"Replay:Mystery Machine"},{"floor":12.0,"key":"reliquary:SharkskinSheath"},{"floor":13.0,"key":"reliquary:SculptingSteel"},{"floor":26.0,"key":"PageOfPunishingBird"},{"floor":27.0,"key":"Shovel"},{"floor":28.0,"key":"Oddly Smooth Stone"}],"event_choices":[{"damage_healed":0.0,"max_hp_gain":0.0,"max_hp_loss":0.0,"gold_gain":0.0,"event_name":"Living Wall","player_choice":"Grow","floor":4.0,"gold_loss":0.0,"damage_taken":0.0,"cards_upgraded":["YinYangSange:ReiMu"]},{"damage_healed":0.0,"max_hp_gain":0.0,"max_hp_loss":0.0,"gold_gain":0.0,"event_name":"Lab","player_choice":"Got Potions","floor":10.0,"gold_loss":0.0,"damage_taken":0.0},{"cards_removed":["CardOfSanctity:ReiMu"],"damage_healed":0.0,"max_hp_gain":0.0,"max_hp_loss":0.0,"gold_gain":0.0,"event_name":"betterNote:BetterNote","player_choice":"Take \u0026 Give","floor":20.0,"gold_loss":0.0,"damage_taken":0.0,"cards_obtained":["Moonworks:JonathanRush"]},{"damage_healed":0.0,"max_hp_gain":0.0,"max_hp_loss":0.0,"gold_gain":0.0,"event_name":"Ghosts","player_choice":"Ignored","floor":24.0,"gold_loss":0.0,"damage_taken":0.0}],"is_beta":false,"boss_relics":[{"not_picked":["Busted Crown","hubris:Stopwatch"],"picked":"infinitespire:Cupcake"}],"items_purged_floors":[29],"is_endless":false,"potions_floor_spawned":[1,3,5,11,25,30],"killed_by":"conspire:MysteriousRune","ascension_level":0}}