{"host":"kejh1c9c53env2nx","time":1614130892,"event":{"mods":["BaseMod","Downfall","Minty Spire (QoL Compilation)","StSLib"],"gold_per_floor":[118,118,47,60,79,106,106,120,143,68,68,79,4,4,4,101,101,118,129,129,149,167,167,199,199,199,199,213,213,229,247,247,352,352,370,383,383,403,418,418,418],"floor_reached":40,"language":"ENG","playtime":2864,"items_purged":["Dualcast"],"score":412,"play_id":"53092963-1b24-4969-a0bf-95e8298d1f81","local_time":"20210224014132","is_ascension_mode":false,"campfire_choices":[{"floor":7,"key":"REST"},{"data":"Genetic Algorithm","floor":11,"key":"SMITH"},{"floor":15,"key":"REST"},{"floor":23,"key":"REST"},{"floor":25,"key":"REST"},{"floor":29,"key":"REST"},{"data":"Zap","floor":32,"key":"SMITH"}],"circlet_count":0,"master_deck":["Strike_B","Strike_B","Strike_B","Strike_B","Defend_B","Defend_B","Defend_B","Defend_B","Zap+1","Genetic Algorithm+1","All For One","Coolheaded","Steam","Gash","Undo","Gash","Steam","Gash","All For One","Reinforced Body","Buffer+1","Chill","Chill","Core Surge","CurseOfTheBell","Beam Cell","Go for the Eyes","Beam Cell+1","Go for the Eyes"],"relics":["Cracked Core","NeowsBlessing","Ancient Tea Set","Boot","Blood Vial","Runic Dome","Nilry\u0027s Codex","Bag of Marbles","Unceasing Top","Calling Bell","Tiny Chest","Toxic Egg 2","Bird Faced Urn"],"acts_visited":["Exordium","TheCity","TheBeyond"],"potions_floor_usage":[6,16,16,21,24,30,40],"damage_taken":[{"damage":0,"enemies":"Cultist","floor":1,"turns":1},{"damage":0,"enemies":"Jaw Worm","floor":4,"turns":1},{"damage":0,"enemies":"Small Slimes","floor":5,"turns":1},{"damage":49,"enemies":"Gremlin Nob","floor":6,"turns":5},{"damage":13,"enemies":"Gremlin Gang","floor":8,"turns":7},{"damage":0,"enemies":"3 Louse","floor":12,"turns":3},{"damage":13,"enemies":"The Guardian","floor":16,"turns":10},{"damage":3,"enemies":"Shell Parasite","floor":18,"turns":4},{"damage":8,"enemies":"3 Byrds","floor":19,"turns":5},{"damage":8,"enemies":"Centurion and Healer","floor":21,"turns":5},{"damage":2,"enemies":"Snake Plant","floor":22,"turns":5},{"damage":43,"enemies":"Gremlin Leader","floor":24,"turns":8},{"damage":0,"enemies":"3 Cultists","floor":28,"turns":5},{"damage":11,"enemies":"Snecko","floor":30,"turns":6},{"damage":0,"enemies":"Sentry and Sphere","floor":31,"turns":5},{"damage":8,"enemies":"Automaton","floor":33,"turns":8},{"damage":2,"enemies":"3 Shapes","floor":35,"turns":6},{"damage":4,"enemies":"3 Darklings","floor":36,"turns":6},{"damage":20,"enemies":"Transient","floor":38,"turns":5},{"damage":0,"enemies":"Jaw Worm Horde","floor":39,"turns":4},{"damage":64,"enemies":"Reptomancer","floor":40,"turns":8}],"seed_played":"8549192090289187037","potions_obtained":[{"floor":1,"key":"BlessingOfTheForge"},{"floor":5,"key":"BlessingOfTheForge"},{"floor":12,"key":"Swift Potion"},{"floor":19,"key":"Energy Potion"},{"floor":22,"key":"CultistPotion"},{"floor":24,"key":"sneckomod:MuddlingPotion"},{"floor":28,"key":"Fire Potion"},{"floor":39,"key":"Fire Potion"}],"is_trial":false,"path_per_floor":["M","?","$","M","M","E","R","M","T","$","R","M","$","T","R","B",null,"M","M","?","M","M","R","E","R","T","?","M","R","M","M","R","B",null,"M","M","?","M","M","E"],"character_chosen":"DEFECT","items_purchased":["All For One","Gash","Steam"],"campfire_rested":5,"item_purchase_floors":[3,10,10],"current_hp_per_floor":[75,68,68,68,68,19,41,28,28,28,28,28,28,28,50,39,75,72,66,50,44,44,66,25,47,47,47,49,71,62,64,64,58,75,75,73,66,50,54,0,0],"gold":418,"neow_bonus":"THREE_ENEMY_KILL","is_daily":false,"chose_seed":false,"campfire_upgraded":2,"win_rate":0.0,"timestamp":1614130892,"path_taken":["M","?","?","M","?","E","R","M","T","$","R","M","$","?","R","BOSS","M","M","?","M","M","R","E","R","T","?","?","R","M","M","R","BOSS","M","?","?","M","?","E"],"items_purchased_type":["Card","Card","Card"],"build_version":"2020-12-22","purchased_purges":1,"victory":false,"max_hp_per_floor":[75,75,75,75,75,75,75,75,75,75,75,75,75,75,75,75,75,75,75,75,75,75,75,75,75,75,75,75,75,75,75,75,75,75,75,75,75,75,75,75,75],"card_choices":[{"not_picked":["Aggregate","Conserve Battery"],"picked":"Genetic Algorithm","floor":1},{"not_picked":["Darkness","Glacier"],"picked":"Coolheaded","floor":4},{"not_picked":["Reprogram","Darkness"],"picked":"Steam","floor":5},{"not_picked":["Rebound","Coolheaded"],"picked":"Gash","floor":6},{"not_picked":["BootSequence","Beam Cell"],"picked":"Undo","floor":8},{"not_picked":["Compile Driver","Steam"],"picked":"Gash","floor":12},{"not_picked":["Amplify","Meteor Strike"],"picked":"All For One","floor":16},{"not_picked":["Ball Lightning+1","Compile Driver"],"picked":"Reinforced Body","floor":18},{"not_picked":["Compile Driver","Turbo","Barrage"],"picked":"SKIP","floor":19},{"not_picked":["Redo","Cold Snap","Sweeping Beam+1"],"picked":"SKIP","floor":21},{"not_picked":["Heatsinks+1","Turbo","White Noise"],"picked":"SKIP","floor":22},{"not_picked":["Cold Snap","Barrage"],"picked":"Buffer","floor":24},{"not_picked":["Turbo","Sweeping Beam+1"],"picked":"Chill","floor":28},{"not_picked":["Stack+1","Conserve Battery+1"],"picked":"Chill","floor":30},{"not_picked":["Compile Driver+1","Darkness","White Noise"],"picked":"SKIP","floor":31},{"not_picked":["Fission","Meteor Strike"],"picked":"Core Surge","floor":33},{"not_picked":["Loop","Conserve Battery+1"],"picked":"Beam Cell","floor":35},{"not_picked":["Conserve Battery+1","Reprogram+1"],"picked":"Go for the Eyes","floor":36},{"not_picked":["Heatsinks","Cold Snap"],"picked":"Beam Cell+1","floor":38},{"not_picked":["Static Discharge","Doom and Gloom"],"picked":"Go for the Eyes","floor":39}],"player_experience":87467,"relics_obtained":[{"floor":6,"key":"Ancient Tea Set"},{"floor":9,"key":"Boot"},{"floor":14,"key":"Blood Vial"},{"floor":20,"key":"Nilry\u0027s Codex"},{"floor":24,"key":"Bag of Marbles"},{"floor":26,"key":"Unceasing Top"},{"floor":34,"key":"Tiny Chest"},{"floor":34,"key":"Toxic Egg 2"},{"floor":34,"key":"Bird Faced Urn"}],"event_choices":[{"damage_healed":0,"gold_gain":0,"player_choice":"Damaged","damage_taken":7,"max_hp_gain":0,"max_hp_loss":0,"event_name":"Wheel of Change","floor":2,"gold_loss":0},{"damage_healed":0,"gold_gain":0,"player_choice":"Obtained Book","damage_taken":16,"max_hp_gain":0,"max_hp_loss":0,"event_name":"Cursed Tome","floor":20,"gold_loss":0},{"damage_healed":0,"gold_gain":0,"player_choice":"Forge","damage_taken":0,"max_hp_gain":0,"max_hp_loss":0,"event_name":"Accursed Blacksmith","floor":27,"gold_loss":0,"cards_upgraded":["Buffer"]},{"damage_healed":0,"gold_gain":0,"player_choice":"Damaged","damage_taken":7,"max_hp_gain":0,"max_hp_loss":0,"event_name":"Wheel of Change","floor":37,"gold_loss":0}],"is_beta":false,"boss_relics":[{"not_picked":["Cursed Key","Coffee Dripper"],"picked":"Runic Dome"},{"not_picked":["Velvet Choker","SacredBark"],"picked":"Calling Bell"}],"items_purged_floors":[13],"is_endless":false,"potions_floor_spawned":[1,5,12,19,22,24,28,39],"killed_by":"Reptomancer","ascension_level":0}}