{"host":"63beink0jfv5ch5g","time":1614157220,"event":{"mods":["100% Spire Juice","ATMod(°¢èªMod)","AchievementEnabler","Act Like it!","Aspiration","BaseMod","CapriCore","Conspire","Gensokyo","GungeonMod","Hallownest","Marisa£¨ìFÓê¡¡Ä§ÀíÉ³£©","Minty Spire (QoL Compilation)","MostiFishMod","Pale of the Ancients","Quick Restart","Reimu£¨²©ÀöÁéÃÎ£©","Relic Filter Mod","Reliquary","Replay The Spire","SOS£¨Ë¹°Í´ïÖ®×Ó£©","Shop Mod","StSLib","The Bug Knight","Waifu the Spire","óô»ðÖ¸ÄÏ"],"gold_per_floor":[118,118,136,136,146,146,165,165,191,112,112,123,136,136,16,117,117,247,197,46,64,64,64,77,77,77,77,96,123,123,48,148,247,247,260,278,278,278,296,296,296,296,296,79,79,92,111,125,125,125],"floor_reached":51,"language":"ZHS","playtime":2757,"items_purged":["Moonworks:JonathanRush+1","Moonworks:Strike"],"score":757,"play_id":"f968e526-fb7e-4f29-84ec-17b8d37a135d","local_time":"20210224170020","is_ascension_mode":false,"campfire_choices":[{"data":"Moonworks:BigMagnum","floor":6.0,"key":"SMITH"},{"floor":15.0,"key":"REST"},{"data":"Moonworks:AnotherUltimateWeapon","floor":23.0,"key":"SMITH"},{"data":"Moonworks:HolyNight","floor":27.0,"key":"SMITH"},{"data":"Moonworks:MetallicMonocoque","floor":30.0,"key":"SMITH"},{"data":"Moonworks:RocketCannon","floor":40.0,"key":"SMITH"},{"floor":42.0,"key":"RECALL"},{"data":"Moonworks:FinalBattle","floor":49,"key":"SMITH"}],"circlet_count":0,"master_deck":["Moonworks:Strike","Moonworks:Strike","Moonworks:Strike","Moonworks:Defend","Moonworks:Defend","Moonworks:Defend","Moonworks:Defend","Moonworks:Ambush","Moonworks:LongDistanceShot","AT_FamilyPortrait","Moonworks:DeployBits","Moonworks:BigMagnum+1","Moonworks:RedAndBlue","Moonworks:HolyNight+1","Moonworks:ScrambledEve+1","Moonworks:RagingMadness","Moonworks:AnotherUltimateWeapon+1","Moonworks:NicePresent","Moonworks:IndiscriminateFireSupport","Moonworks:Dash+1","Moonworks:SealedMemories+1","Moonworks:MetallicMonocoque+1","Moonworks:EvilSpyWorkPreparation+1","Moonworks:RocketCannon+1","Moonworks:AwakeningOfTalent+1","Moonworks:Heat300Percent+1","Moonworks:LulusLuckyEgg+1","MostiFishMod:ButterFly","Moonworks:NicePresent+1","Moonworks:BigBangBell+1","Moonworks:FinalBattle+1","Moonworks:ExtendedPhotonRifle+1"],"relics":["Moonworks:BrokenBomb","Moonworks:Homemark","DaveBox","AT_ATBox","HaiYi:Twilight","NeowsBlessing","SynthV:TestCard","Gensokyo:CelestialsFlawlessClothing","conspire:TopHat","Chemical X","SynthV:C4","aspiration:HummingbirdHeart","RuthlessExorcism:ReiMu","Prayer Wheel","Thread and Needle","conspire:RoyalGoblet","DemoMod:Antibody"],"acts_visited":["Exordium","Gensokyo:Gensokyo","Gensokyo:Gensokyoer"],"potions_floor_usage":[50,50],"damage_taken":[{"damage":0.0,"enemies":"Gensokyo:2_Kodama","floor":1.0,"turns":1.0},{"damage":0.0,"enemies":"Gensokyo:Python","floor":3.0,"turns":1.0},{"damage":0.0,"enemies":"Gensokyo:Gryphon","floor":5.0,"turns":1.0},{"damage":14.0,"enemies":"Gensokyo:CorruptedTreant","floor":7.0,"turns":3.0},{"damage":10.0,"enemies":"Gensokyo:2_Rabbits","floor":12.0,"turns":4.0},{"damage":6.0,"enemies":"Gensokyo:LivingMonolith","floor":13.0,"turns":1.0},{"damage":57.0,"enemies":"Gensokyo:Kokoro","floor":16.0,"turns":13.0},{"damage":10.0,"enemies":"Gensokyo:Chomper","floor":18.0,"turns":4.0},{"damage":0.0,"enemies":"Gensokyo:AngelMirror","floor":21.0,"turns":4.0},{"damage":14.0,"enemies":"Gensokyo:Slime_Group","floor":24.0,"turns":3.0},{"damage":0.0,"enemies":"Gensokyo:Chomper_and_Gloop","floor":28.0,"turns":3.0},{"damage":0.0,"enemies":"Gensokyo:Reisen","floor":29.0,"turns":3.0},{"damage":3.0,"enemies":"Gensokyo:Reisen","floor":32.0,"turns":7.0},{"damage":3.0,"enemies":"Gensokyo:Eternal_Rivals","floor":33.0,"turns":7.0},{"damage":0.0,"enemies":"Gensokyo:3_Bats","floor":35.0,"turns":3.0},{"damage":3.0,"enemies":"Gensokyo:AncientGuardian","floor":36.0,"turns":4.0},{"damage":4.0,"enemies":"Gensokyo:4_Bats","floor":39.0,"turns":3.0},{"damage":0,"enemies":"Gensokyo:AtlasGolem","floor":46,"turns":4},{"damage":4,"enemies":"Gensokyo:Rafflesia","floor":47,"turns":7},{"damage":8,"enemies":"Gensokyo:3_Boulders","floor":48,"turns":4},{"damage":21,"enemies":"Gensokyo:Scarlet_Devils","floor":50,"turns":6}],"seed_played":"8363796051670662648","potions_obtained":[{"floor":12.0,"key":"Fire Potion"},{"floor":21.0,"key":"Elixir"},{"floor":29.0,"key":"GrandPatriotsElixir:ReiMu"}],"is_trial":false,"path_per_floor":["M","?","M","?","M","R","M","?","T","$","?","M","M","$","R","B",null,"M","?","COS","M","?","R","M","?","T","R","M","E","R","$","R","B",null,"M","M","?","?","M","R","?","R","T","$","?","M","M","M","R","B",null],"character_chosen":"THE_STARBREAKER","items_purchased":["Moonworks:HolyNight","MostiFishMod:ButterFly","Moonworks:NicePresent+1"],"campfire_rested":1,"item_purchase_floors":[10,44,44],"current_hp_per_floor":[60,60,60,45,45,45,31,31,31,31,37,27,21,21,40,51,66,56,63,63,63,63,63,49,56,56,56,56,65,65,65,62,59,68,68,65,65,68,64,64,64,64,64,64,68,68,64,56,56,47],"gold":125,"neow_bonus":"THREE_ENEMY_KILL","is_daily":false,"chose_seed":false,"campfire_upgraded":6,"win_rate":0.0,"timestamp":1614157220,"path_taken":["M","?","?","?","M","R","M","?","T","$","?","M","M","?","R","BOSS","M","?","COS","M","?","R","M","?","T","R","M","E","R","$","R","BOSS","M","M","?","?","?","R","?","R","T","$","?","M","M","?","R","BOSS"],"items_purchased_type":["Card","Card","Card"],"build_version":"2020-12-22","purchased_purges":2,"victory":true,"max_hp_per_floor":[60,60,60,60,60,60,60,60,60,60,66,66,66,66,66,66,66,66,73,73,73,68,68,68,68,68,68,68,68,68,68,68,68,68,68,68,68,68,68,68,68,68,68,68,68,68,68,68,68,68],"card_choices":[{"not_picked":["Moonworks:NicePresent","Moonworks:BigMagnum"],"picked":"Moonworks:DeployBits","floor":1.0},{"not_picked":["Moonworks:x16BigRocket","Moonworks:Wanted","Moonworks:CloudOfSeagulls","Moonworks:IndiscriminateFireSupport"],"picked":"Moonworks:JonathanRush","floor":3.0},{"not_picked":["Moonworks:Heat300Percent","Moonworks:Assault","Moonworks:EvilSpyWorkPreparation","Moonworks:SakisCookie"],"picked":"Moonworks:BigMagnum","floor":5.0},{"not_picked":["Moonworks:BeyondHell","Moonworks:ForcedRevival","Moonworks:CompletionReward","Moonworks:x16BigRocket"],"picked":"Moonworks:RedAndBlue","floor":7.0},{"not_picked":["Moonworks:SakisCookie","Moonworks:RagingMadness","Moonworks:JonathanRush","Moonworks:ImOnFire"],"picked":"Moonworks:ScrambledEve","floor":12.0},{"not_picked":["Moonworks:DeployBits","Moonworks:ReflectiveShell","Moonworks:AngelHand","Moonworks:SakisCookie"],"picked":"Moonworks:RagingMadness","floor":13.0},{"not_picked":["Moonworks:SubspaceTunnel","Moonworks:Encore","Moonworks:ReflectiveShell","Moonworks:Wanted"],"picked":"Moonworks:AnotherUltimateWeapon","floor":16.0},{"not_picked":["Moonworks:LuckyCharm+1","Moonworks:Bloodlust","Moonworks:CloudOfSeagulls","Moonworks:MixPhenomenon"],"picked":"Moonworks:NicePresent","floor":18.0},{"not_picked":["Moonworks:BindingChains","Moonworks:ImOnFire+1","Moonworks:Accelerator","Moonworks:ReproductionOfRecords"],"picked":"Moonworks:IndiscriminateFireSupport","floor":21.0},{"not_picked":["Moonworks:SakisCookie+1","Moonworks:BeyondHell","Moonworks:Poppoformation","Moonworks:BigMagnum"],"picked":"Moonworks:Dash+1","floor":24.0},{"not_picked":["Moonworks:RedAndBlue","Moonworks:EvilSpyWorkPreparation","Moonworks:BigMagnum","Moonworks:Heat300Percent"],"picked":"Moonworks:SealedMemories+1","floor":28.0},{"not_picked":["Moonworks:SweetBattle","Moonworks:SealedMemories","Moonworks:IndiscriminateFireSupport+1","Moonworks:CloudOfSeagulls+1"],"picked":"Moonworks:MetallicMonocoque","floor":29.0},{"not_picked":["Moonworks:BigBangBell","Moonworks:WindyEnchantment","Moonworks:Assault","Moonworks:IndiscriminateFireSupport"],"picked":"Moonworks:EvilSpyWorkPreparation+1","floor":32.0},{"not_picked":["Moonworks:Gamble","Moonworks:PlushieMaster","Moonworks:MetallicMonocoque","Moonworks:HolyNight"],"picked":"Moonworks:RocketCannon","floor":33.0},{"not_picked":["Moonworks:SakisCookie","Moonworks:Assault","Moonworks:BeyondHell","Moonworks:EvilSpyWorkPreparation+1","Moonworks:Heat300Percent"],"picked":"SKIP","floor":35.0},{"not_picked":["Moonworks:ReproductionOfRecords+1","Moonworks:ImOnFire+1","Moonworks:ReflectiveShell","Moonworks:BackdoorTrade","Moonworks:DevilHand+1"],"picked":"SKIP","floor":35.0},{"not_picked":["Moonworks:Assault","Moonworks:IndiscriminateFireSupport","Moonworks:NicePresent","Moonworks:CloudOfSeagulls"],"picked":"Moonworks:AwakeningOfTalent+1","floor":36.0},{"not_picked":["Moonworks:Assault+1","Moonworks:SakisCookie","Moonworks:Dinner","Moonworks:UnluckyCharm+1","Moonworks:EvilSpyWorkPreparation+1"],"picked":"SKIP","floor":36.0},{"not_picked":["Moonworks:CookingTime","Moonworks:CloudOfSeagulls","Moonworks:Poppoformation+1","Moonworks:MiracleWalker"],"picked":"Moonworks:Heat300Percent+1","floor":39.0},{"not_picked":["Moonworks:EvilSpyWorkPreparation+1","Moonworks:ImOnFire","Moonworks:Gamble","Moonworks:CastOff+1"],"picked":"Moonworks:LulusLuckyEgg+1","floor":39.0},{"not_picked":["Moonworks:CloudOfSeagulls","Moonworks:StiffCrystal+1","Moonworks:BigMagnum","Moonworks:LulusLuckyEgg","Moonworks:JonathanRush"],"picked":"SKIP","floor":46},{"not_picked":["Moonworks:IndiscriminateFireSupport+1","Moonworks:EvilSpyWorkPreparation","Moonworks:SelfDestruct","Moonworks:BindingChains+1","Moonworks:DeployBits"],"picked":"SKIP","floor":46},{"not_picked":["Moonworks:SakisCookie","Moonworks:WindyEnchantment+1","Moonworks:Accelerator","Moonworks:DeployBits"],"picked":"Moonworks:BigBangBell+1","floor":47},{"not_picked":["Moonworks:JonathanRush","Moonworks:ReproductionOfRecords+1","Moonworks:LuckyCharm","Moonworks:Assault","Moonworks:IndiscriminateFireSupport"],"picked":"SKIP","floor":47},{"not_picked":["Moonworks:EvilSpyWorkPreparation+1","Moonworks:FinalSurgery","Moonworks:SakisCookie","Moonworks:LulusLuckyEgg"],"picked":"Moonworks:FinalBattle","floor":48},{"not_picked":["Moonworks:FinalSurgery","Moonworks:Assault+1","Moonworks:JonathanRush","Moonworks:CompletionReward"],"picked":"Moonworks:ExtendedPhotonRifle+1","floor":48}],"player_experience":193157,"relics_obtained":[{"floor":1.0,"key":"SynthV:TestCard"},{"floor":9.0,"key":"conspire:TopHat"},{"floor":26.0,"key":"aspiration:HummingbirdHeart"},{"floor":29.0,"key":"RuthlessExorcism:ReiMu"},{"floor":32.0,"key":"Prayer Wheel"},{"floor":32.0,"key":"Thread and Needle"},{"floor":43.0,"key":"DemoMod:Antibody"}],"event_choices":[{"damage_healed":0.0,"max_hp_gain":0.0,"max_hp_loss":0.0,"gold_gain":0.0,"event_name":"conspire:Investor","player_choice":"Leave","floor":41.0,"gold_loss":0.0,"damage_taken":0.0}],"is_beta":false,"boss_relics":[{"not_picked":["aspiration:SilentSkillbook","Fusion Hammer","SacredBark"]},{"not_picked":["Honey Jar","Coffee Dripper"],"picked":"conspire:RoyalGoblet"}],"items_purged_floors":[31,44],"is_endless":false,"potions_floor_spawned":[12,16,21,28,29,32,35,47],"ascension_level":0}}