{"host":"hpdezpg731xgox4e","time":1614134923,"event":{"mods":["2.2 Compatiblity","Aspiration","BaseMod","Downfall","GifTheSpireLib","Minty Spire (QoL Compilation)","Shop Mod","StSLib"],"gold_per_floor":[99,99,99,18,33,46,91,91,91,91,1,1,1,21,36,134,134,134,134,150,169,169,169,169],"floor_reached":22,"language":"ENG","playtime":1136,"items_purged":["bronze:Strike"],"score":172,"play_id":"ba20cab9-5e80-4d67-82e0-c2a322a4e58b","local_time":"20210223214843","is_ascension_mode":false,"campfire_choices":[{"data":"bronze:Replicate","floor":1,"key":"SMITH"},{"data":"bronze:ClassDefault","floor":8,"key":"SMITH"},{"data":"bronze:ChosenStrike","floor":13,"key":"SMITH"},{"data":"bronze:Library","floor":18,"key":"SMITH"}],"circlet_count":0,"master_deck":["bronze:Strike","bronze:Defend","bronze:Defend","bronze:Defend","bronze:Defend","bronze:Replicate+1","bronze:Goto+1","bronze:Overheat","bronze:Iterate+1","bronze:Separator","bronze:ChosenStrike+1","bronze:Frontload+1","bronze:ClassDefault+1","bronze:FineTuning","bronze:InfiniteLoop","bronze:Library+1","bronze:BugBarrage","bronze:CleanCode","bronze:Repulsor+1","bronze:NullPointer"],"relics":["bronze:BronzeCore","downfall:HeartsMalice","Anchor","bronze:BottledCode","downfall:BrokenWingStatue","bronze:MakeshiftBattery"],"acts_visited":["Exordium","TheCity"],"potions_floor_usage":[20],"damage_taken":[{"damage":0,"enemies":"Cultist","floor":2,"turns":1},{"damage":0,"enemies":"2 Louse","floor":3,"turns":1},{"damage":0,"enemies":"downfall:FleeingMerchant","floor":4,"turns":1},{"damage":6,"enemies":"Jaw Worm","floor":5,"turns":2},{"damage":0,"enemies":"downfall:LooterAlt","floor":6,"turns":2},{"damage":5,"enemies":"downfall:FleeingMerchant","floor":11,"turns":4},{"damage":4,"enemies":"Gremlin Gang","floor":14,"turns":4},{"damage":0,"enemies":"Exordium Thugs","floor":15,"turns":2},{"damage":31,"enemies":"IC_STATUS_ARCHETYPE","floor":16,"turns":7},{"damage":0,"enemies":"downfall:LooterAlt2","floor":20,"turns":2},{"damage":27,"enemies":"Spheric Guardian","floor":21,"turns":4},{"damage":33,"enemies":"Shelled Parasite and Fungi","floor":22,"turns":4}],"seed_played":"4552856326771041942","potions_obtained":[{"floor":5,"key":"Energy Potion"},{"floor":6,"key":"BlessingOfTheForge"},{"floor":14,"key":"SteroidPotion"}],"is_trial":false,"path_per_floor":["R","M","M","$","M","M","T","R","?","?","$","?","R","M","M","B",null,"R","?","M","M","M"],"character_chosen":"THE_AUTOMATON","items_purchased":["bronze:ChosenStrike"],"campfire_rested":0,"item_purchase_floors":[4],"current_hp_per_floor":[70,70,70,70,64,64,64,64,60,60,55,55,55,51,51,20,60,60,60,60,33,0,0,0],"gold":169,"neow_bonus":"THREE_ENEMY_KILL","is_daily":false,"chose_seed":false,"campfire_upgraded":4,"win_rate":0.0,"timestamp":1614134923,"path_taken":["R","M","M","$","M","M","T","R","?","?","?","?","R","?","M","BOSS","R","?","M","M","M"],"items_purchased_type":["Card"],"build_version":"2020-12-22","purchased_purges":1,"victory":false,"max_hp_per_floor":[70,70,70,70,70,70,70,70,60,60,60,60,60,60,60,60,60,60,60,60,60,60,60,60],"card_choices":[{"not_picked":["bronze:BuggyMess","bronze:Deprecate"],"picked":"bronze:Overheat","floor":2},{"not_picked":["bronze:Branch","bronze:Overload"],"picked":"bronze:Iterate","floor":3},{"not_picked":["bronze:Shell","bronze:Deprecate"],"picked":"bronze:Separator","floor":4},{"not_picked":["bronze:WildBeam","bronze:Separator"],"picked":"bronze:Frontload","floor":5},{"not_picked":["bronze:BuggyMess","bronze:Deprecate"],"picked":"bronze:ClassDefault","floor":6},{"not_picked":["bronze:Frontload","bronze:OilSpill"],"picked":"bronze:FineTuning","floor":11},{"not_picked":["bronze:DigitalCarnage","bronze:Deprecate"],"picked":"bronze:InfiniteLoop","floor":14},{"not_picked":["bronze:BuggyMess","bronze:Overheat","bronze:Separator"],"picked":"SKIP","floor":15},{"not_picked":["bronze:ThunderWave","bronze:AlphaBuild"],"picked":"bronze:Library","floor":16},{"not_picked":["bronze:BuggyMess","bronze:Invalidate"],"picked":"bronze:Repulsor+1","floor":20},{"not_picked":["bronze:WhirlingStrike","bronze:OilSpill+1"],"picked":"bronze:NullPointer","floor":21}],"player_experience":118808,"relics_obtained":[{"floor":7,"key":"Anchor"}],"event_choices":[{"damage_healed":0,"gold_gain":0,"cards_transformed":["bronze:Strike","bronze:Strike"],"player_choice":"Became Test Subject","damage_taken":0,"max_hp_gain":0,"max_hp_loss":0,"event_name":"Drug Dealer","floor":19,"gold_loss":0,"cards_obtained":["bronze:BugBarrage","bronze:CleanCode"]}],"is_beta":false,"boss_relics":[{"not_picked":["Cursed Key","aspiration:FutureDiary"],"picked":"bronze:MakeshiftBattery"}],"items_purged_floors":[11],"is_endless":false,"potions_floor_spawned":[5,6,14],"killed_by":"Shelled Parasite and Fungi","ascension_level":0}}