{"host":"pqs17sqrgflf4eqa","time":1614130935,"event":{"mods":["AchievementEnabler","BaseMod","Bestiary","Better Altar","Better Match","Better Skull","BetterRewards","Block Reminder","Bossed Relics","Colored Map","Colored Powertips","Curses Come First","Dark Map","DeckTracker","Defective Defect","Displayed Cursed Tome","Emptier Cage","Googly Eyes","Highlight Path","Infinite Spire","Minty Spire (QoL Compilation)","Poor People Problems","Quick Restart","StSLib","SuperFastMode","Transform Curses","everything is the same but u backflip on backflip","slay the spire mod where everything is the same but ironclad has a cowboy hat"],"gold_per_floor":[116,132,207,207,219,248,248,248,248,273,273,299,310,32,32,134,134,144,158,158,172,138,169,180,205,205,223,258,274,274,289,289,289,289],"floor_reached":33,"language":"ENG","playtime":867,"items_purged":["Defend_B"],"score":441,"play_id":"e7e52c84-688e-466e-b79c-e601920245d7","local_time":"20210223204215","is_ascension_mode":true,"campfire_choices":[{"data":"Zap","floor":11,"key":"SMITH"},{"floor":15,"key":"REST"},{"data":"Electrodynamics","floor":30,"key":"SMITH"},{"data":"Defragment","floor":32,"key":"SMITH"}],"circlet_count":0,"master_deck":["Strike_B","Strike_B","Strike_B","Strike_B","Defend_B","Defend_B","Defend_B","Zap+1","Dualcast","FTL","Cold Snap","Ball Lightning","BootSequence","Glacier","Auto Shields","Loop","Electrodynamics+1","Conserve Battery","infinitespire:Fortify","Rip and Tear","Defragment+1","Conserve Battery+1","Streamline+1","Hologram+1","Go for the Eyes","Chill","Doom and Gloom"],"relics":["Cracked Core","NeowsBlessing","Question Card","Ginger","Eternal Feather","Bottled Flame","Happy Flower","PreservedInsect","Philosopher\u0027s Stone","Unceasing Top","Lizard Tail","Omamori","Ice Cream","Tiny Chest"],"acts_visited":["Exordium","TheCity"],"potions_floor_usage":[4,6,6,12,16,21,23,24,24,27,33,33],"damage_taken":[{"damage":0,"enemies":"Small Slimes","floor":1,"turns":1},{"damage":0,"enemies":"2 Louse","floor":2,"turns":1},{"damage":0,"enemies":"Cultist","floor":5,"turns":1},{"damage":10,"enemies":"Gremlin Nob","floor":6,"turns":3},{"damage":9,"enemies":"3 Sentries","floor":10,"turns":6},{"damage":16,"enemies":"Gremlin Nob","floor":12,"turns":3},{"damage":0,"enemies":"Exordium Wildlife","floor":13,"turns":2},{"damage":45,"enemies":"Hexaghost","floor":16,"turns":12},{"damage":12,"enemies":"3 Byrds","floor":18,"turns":4},{"damage":15,"enemies":"Chosen","floor":19,"turns":5},{"damage":9,"enemies":"Snecko","floor":21,"turns":6},{"damage":8,"enemies":"Book of Stabbing","floor":23,"turns":4},{"damage":15,"enemies":"Snake Plant","floor":24,"turns":4},{"damage":12,"enemies":"Slavers","floor":25,"turns":2},{"damage":2,"enemies":"Sentry and Sphere","floor":27,"turns":6},{"damage":6,"enemies":"Gremlin Leader","floor":28,"turns":5},{"damage":17,"enemies":"Shelled Parasite and Fungi","floor":29,"turns":6},{"damage":16,"enemies":"Chosen and Byrds","floor":31,"turns":3},{"damage":67,"enemies":"Automaton","floor":33,"turns":6}],"seed_played":"-8943341579142235944","potions_obtained":[{"floor":2,"key":"EssenceOfSteel"},{"floor":4,"key":"Fruit Juice"},{"floor":4,"key":"DuplicationPotion"},{"floor":4,"key":"Energy Potion"},{"floor":6,"key":"Strength Potion"},{"floor":12,"key":"Energy Potion"},{"floor":16,"key":"BlessingOfTheForge"},{"floor":21,"key":"DistilledChaos"},{"floor":23,"key":"DuplicationPotion"},{"floor":25,"key":"LiquidMemories"},{"floor":31,"key":"SkillPotion"}],"is_trial":false,"path_per_floor":["M","M","?","?","M","E","?","?","T","E","R","E","M","$","R","B",null,"M","M","AVR","M","$","E","M","E","T","M","E","M","R","M","R","B"],"character_chosen":"DEFECT","items_purchased":["PreservedInsect","Loop","AttackPotion","Defragment"],"campfire_rested":1,"item_purchase_floors":[14,14,14,22],"current_hp_per_floor":[68,68,57,62,62,52,57,45,45,36,42,26,26,26,60,15,68,56,41,41,32,32,24,9,63,63,61,55,38,53,37,52,0,0],"gold":289,"neow_bonus":"THREE_ENEMY_KILL","is_daily":false,"chose_seed":false,"campfire_upgraded":3,"win_rate":0.0,"timestamp":1614130935,"path_taken":["M","M","?","?","?","E","?","?","T","E","R","E","M","$","R","BOSS","M","M","AVR","M","$","E","M","E","T","M","E","M","R","M","R","BOSS"],"items_purchased_type":["Relic","Card","Potion","Card"],"build_version":"2020-12-22","purchased_purges":1,"victory":false,"max_hp_per_floor":[75,75,75,80,80,80,85,85,85,85,85,85,85,85,85,85,85,85,85,85,85,85,85,85,85,85,85,85,85,85,85,85,85,85],"card_choices":[{"not_picked":["Reprogram","Steam"],"picked":"FTL","floor":1},{"not_picked":["Steam","Coolheaded"],"picked":"Cold Snap","floor":2},{"not_picked":["Hologram","Gash"],"picked":"Ball Lightning","floor":5},{"not_picked":["Go for the Eyes","Chill"],"picked":"BootSequence","floor":6},{"not_picked":["Redo","Coolheaded","Double Energy","Steam"],"picked":"SKIP","floor":10},{"not_picked":["Chill","FTL","Multi-Cast"],"picked":"Glacier","floor":12},{"not_picked":["Cold Snap","Lockon","Turbo"],"picked":"Auto Shields","floor":13},{"not_picked":["Echo Form","Thunder Strike","Creative AI"],"picked":"Electrodynamics","floor":16},{"not_picked":["Compile Driver","Stack","Ball Lightning"],"picked":"Conserve Battery","floor":18},{"not_picked":["Rebound","Chaos","BootSequence","Beam Cell"],"picked":"SKIP","floor":19},{"not_picked":["Undo+1","Melter","Go for the Eyes"],"picked":"Rip and Tear","floor":21},{"not_picked":["Fission","Biased Cognition","Stack"],"picked":"Conserve Battery+1","floor":23},{"not_picked":["Sunder","Compile Driver","Barrage"],"picked":"Streamline+1","floor":24},{"not_picked":["Ball Lightning","Meteor Strike","Skim"],"picked":"Hologram+1","floor":25},{"not_picked":["Force Field","Tempest","BootSequence+1"],"picked":"Go for the Eyes","floor":27},{"not_picked":["Heatsinks","Storm","Melter+1","Turbo+1"],"picked":"SKIP","floor":28},{"not_picked":["Reinforced Body","Ball Lightning","Gash"],"picked":"Chill","floor":29},{"not_picked":["Leap+1","Double Energy","Go for the Eyes"],"picked":"Doom and Gloom","floor":31}],"player_experience":156205,"relics_obtained":[{"floor":6,"key":"Question Card"},{"floor":9,"key":"Eternal Feather"},{"floor":10,"key":"Bottled Flame"},{"floor":12,"key":"Happy Flower"},{"floor":23,"key":"Lizard Tail"},{"floor":25,"key":"Omamori"},{"floor":26,"key":"Ice Cream"},{"floor":28,"key":"Tiny Chest"}],"event_choices":[{"damage_healed":0,"gold_gain":75,"player_choice":"Gather Gold","damage_taken":11,"max_hp_gain":0,"max_hp_loss":0,"event_name":"World of Goop","floor":3,"gold_loss":0},{"damage_healed":0,"gold_gain":0,"player_choice":"Got Potions","damage_taken":0,"max_hp_gain":0,"max_hp_loss":0,"event_name":"Lab","floor":4,"gold_loss":0},{"damage_healed":0,"gold_gain":0,"player_choice":"Donut","damage_taken":0,"max_hp_gain":5,"max_hp_loss":0,"event_name":"Big Fish","floor":7,"gold_loss":0},{"damage_healed":0,"gold_gain":0,"player_choice":"Success","damage_taken":12,"relics_obtained":["Ginger"],"max_hp_gain":0,"max_hp_loss":0,"event_name":"Scrap Ooze","floor":8,"gold_loss":0}],"is_beta":false,"boss_relics":[{"not_picked":["Snecko Eye","Coffee Dripper"],"picked":"Philosopher\u0027s Stone"}],"items_purged_floors":[20],"is_endless":false,"potions_floor_spawned":[2,6,12,16,21,23,25,31],"killed_by":"Automaton","ascension_level":7}}