{"host":"684z1xpuwaoqmmh1","time":1614172904,"event":{"mods":["BaseMod","CatGirl Mod","Downfall","Hermit","Jorbs\u0027s Wanderer Trilogy","Marisa????????","Minty Spire (QoL Compilation)","Robot Space Explorer","Shade Mod","Shapeshifter Mod","StSLib","The Bug Knight","The Clintock","The Dragon Tamer","The Elementalist","The Hayseed","The Hierophant","The Marked","The Mystic","The Poker Player","The Runesmith","The Sage","The Saiyan","The Showman","The Spell Scribe","The Valiant","The Vixen","TheBandit","TheFirefly","TheVacant"],"gold_per_floor":[63,74,93,113,12,40,40,71,94,110,138,158,158,174,174,276,276,286,306,318,11,11,41,41,66,89,102,102,115,115,140,140,240,240,253,270,290,290,290],"floor_reached":38,"language":"ENG","playtime":2548,"items_purged":["Strike_Valiant"],"score":506,"play_id":"6953b6db-b31e-4018-bcdd-8e5d7441960e","local_time":"20210224152144","is_ascension_mode":true,"campfire_choices":[{"data":"EmpoweringForce","floor":7,"key":"SMITH"},{"data":"HolyStorm","floor":13,"key":"SMITH"},{"data":"StrainingSmite","floor":15,"key":"SMITH"},{"data":"Chainer","floor":24,"key":"SMITH"},{"data":"BlindingLight","floor":28,"key":"SMITH"},{"data":"GracefulSiphon","floor":32,"key":"SMITH"}],"circlet_count":0,"master_deck":["Strike_Valiant","Strike_Valiant","Defend_Valiant","Defend_Valiant","Defend_Valiant+1","BlindingLight+1","MinorHealing","MinorHealing","ToweringCharge","GracefulSiphon+1","Quickstep+1","Chainer+1","DivineFavor","EmpoweringForce+1","StrainingSmite+1","HolyStorm+1","CombatDance","BraceThePain","Salvation","AtAllCosts+1","Radiance+1","SoulStrain+1","Zen+1","Necronomicurse","UnyieldingZeal+1","ZealousSmite+1","HolyStorm+1","PushOnward+1","AuraDischarge+1"],"relics":["Cross Pendant","Pen Nib","War Paint","Art of War","Bag of Marbles","Astrolabe","Orb Of Light","bronze:DonusWashers","Necronomicon","Molten Egg 2","Torii","Potion Belt","Bottled Flame","bronze:MakeshiftBattery"],"acts_visited":["Exordium","TheCity","TheBeyond"],"potions_floor_usage":[6,11,19,23,25,31],"damage_taken":[{"damage":3,"enemies":"2 Louse","floor":1,"turns":4},{"damage":12,"enemies":"Jaw Worm","floor":2,"turns":6},{"damage":0,"enemies":"Cultist","floor":3,"turns":4},{"damage":2,"enemies":"2 Fungi Beasts","floor":4,"turns":4},{"damage":20,"enemies":"Gremlin Nob","floor":6,"turns":3},{"damage":11,"enemies":"3 Sentries","floor":8,"turns":10},{"damage":2,"enemies":"Exordium Wildlife","floor":10,"turns":3},{"damage":14,"enemies":"Lagavulin","floor":11,"turns":4},{"damage":10,"enemies":"Large Slime","floor":12,"turns":6},{"damage":0,"enemies":"Lots of Slimes","floor":14,"turns":1},{"damage":28,"enemies":"The Guardian","floor":16,"turns":11},{"damage":6,"enemies":"Chosen","floor":18,"turns":2},{"damage":16,"enemies":"Shell Parasite","floor":19,"turns":3},{"damage":7,"enemies":"Snake Plant","floor":20,"turns":2},{"damage":11,"enemies":"Slavers","floor":23,"turns":4},{"damage":32,"enemies":"Book of Stabbing","floor":25,"turns":4},{"damage":6,"enemies":"Chosen and Byrds","floor":27,"turns":4},{"damage":12,"enemies":"Centurion and Healer","floor":29,"turns":5},{"damage":38,"enemies":"Slavers","floor":31,"turns":8},{"damage":47,"enemies":"Champ","floor":33,"turns":7},{"damage":8,"enemies":"Orb Walker","floor":35,"turns":3},{"damage":63,"enemies":"3 Darklings","floor":36,"turns":8},{"damage":52,"enemies":"Transient","floor":37,"turns":5},{"damage":123,"enemies":"Orin","floor":38,"turns":11}],"seed_played":"-2782187697322878682","potions_obtained":[{"floor":3,"key":"PowerPotion"},{"floor":6,"key":"SkillPotion"},{"floor":8,"key":"FearPotion"},{"floor":10,"key":"Energy Potion"},{"floor":12,"key":"DistilledChaos"},{"floor":18,"key":"Fire Potion"},{"floor":23,"key":"SpeedPotion"},{"floor":27,"key":"Explosive Potion"},{"floor":29,"key":"sneckomod:MuddlingPotion"},{"floor":31,"key":"champ:CounterPotion"},{"floor":37,"key":"Guardian:BlockOnCardUsePotion"}],"is_trial":false,"path_per_floor":["M","M","M","M","$","E","R","E","T","M","E","M","R","M","R","B",null,"M","M","M","$","?","E","R","E","T","M","R","M","?","E","R","B",null,"M","M","M","?"],"character_chosen":"TheValiant","items_purchased":["EmpoweringForce","Orb Of Light","bronze:DonusWashers"],"campfire_rested":0,"item_purchase_floors":[5,21,21],"current_hp_per_floor":[100,95,100,98,98,78,78,82,82,89,90,89,89,89,89,76,100,94,88,81,81,65,72,72,55,55,91,91,99,99,90,90,64,100,97,93,59,0,0],"gold":290,"neow_bonus":"THREE_CARDS","is_daily":false,"chose_seed":false,"campfire_upgraded":6,"win_rate":0.0,"timestamp":1614172904,"path_taken":["M","M","M","M","$","E","R","E","T","M","E","M","R","M","R","BOSS","M","M","M","$","?","E","R","E","T","M","R","M","?","E","R","BOSS","M","M","M","?"],"items_purchased_type":["Card","Relic","Relic"],"build_version":"2020-12-22","purchased_purges":1,"victory":false,"max_hp_per_floor":[100,100,100,100,100,100,100,100,100,100,100,100,100,100,100,100,100,100,100,100,100,100,100,100,100,100,100,100,100,100,100,100,100,100,100,100,100,100,100],"card_choices":[{"not_picked":["Ensoul","HolyFury"],"picked":"ToweringCharge","floor":0},{"not_picked":["Decimate","TakeAim"],"picked":"GracefulSiphon","floor":1},{"not_picked":["ToweringCharge","GracefulSiphon"],"picked":"Quickstep","floor":2},{"not_picked":["Meaballize","Retaliate"],"picked":"Chainer","floor":3},{"not_picked":["EmpoweringForce","PushOnward"],"picked":"DivineFavor","floor":4},{"not_picked":["Quickstep","GracefulSiphon","HolyFury"],"picked":"SKIP","floor":6},{"not_picked":["FlashOfAnger","FuriousSmite"],"picked":"StrainingSmite","floor":8},{"not_picked":["GracefulSiphon","PushOnward"],"picked":"HolyStorm","floor":10},{"not_picked":["WideSmite","RecklessSmite","Quickstep"],"picked":"SKIP","floor":11},{"not_picked":["TearPsyche","DelvingPrayer"],"picked":"CombatDance","floor":12},{"not_picked":["FuriousSmite","Quickstep"],"picked":"BraceThePain","floor":14},{"not_picked":["Overburn","FinalGambit"],"picked":"Salvation","floor":16},{"not_picked":["DelvingPrayer","ZealousPersecution","ToweringCharge"],"picked":"SKIP","floor":18},{"not_picked":["DelvingPrayer","ZealousPersecution","ToweringCharge"],"picked":"SKIP","floor":18},{"not_picked":["ToweringCharge","StrainingSmite","ItsSmitingTime"],"picked":"SKIP","floor":19},{"not_picked":["DualSpirit+1","Desperation"],"picked":"Zen+1","floor":20},{"not_picked":["DeadlyPlay","FinalGambit+1"],"picked":"UnyieldingZeal+1","floor":23},{"not_picked":["Zen","WeakForm","AbandonReason+1"],"picked":"SKIP","floor":25},{"not_picked":["SeekAnswers+1","ItsSmitingTime"],"picked":"ZealousSmite+1","floor":27},{"not_picked":["FlashOfAnger","CombatDance+1","Decimate"],"picked":"SKIP","floor":29},{"not_picked":["Execution+1","FuriousSmite+1","DivineFavor"],"picked":"SKIP","floor":31},{"not_picked":["Execution+1","DangerousSmash+1"],"picked":"HolyStorm+1","floor":33},{"not_picked":["FuriousSmite+1","WideSmite+1","BraceThePain+1"],"picked":"SKIP","floor":35},{"not_picked":["SeekAnswers+1","EmpoweringForce+1"],"picked":"PushOnward+1","floor":36},{"not_picked":["ReduceToNothing","SoulStrain+1"],"picked":"AuraDischarge+1","floor":37}],"player_experience":3156826,"relics_obtained":[{"floor":6,"key":"Pen Nib"},{"floor":8,"key":"War Paint"},{"floor":9,"key":"Art of War"},{"floor":11,"key":"Bag of Marbles"},{"floor":22,"key":"Necronomicon"},{"floor":23,"key":"Molten Egg 2"},{"floor":25,"key":"Torii"},{"floor":26,"key":"Potion Belt"},{"floor":31,"key":"Bottled Flame"}],"event_choices":[{"damage_healed":0,"gold_gain":0,"player_choice":"Obtained Book","damage_taken":16,"max_hp_gain":0,"max_hp_loss":0,"event_name":"Cursed Tome","floor":22,"gold_loss":0},{"damage_healed":0,"gold_gain":0,"player_choice":"Ignored","damage_taken":0,"max_hp_gain":0,"max_hp_loss":0,"event_name":"Ghosts","floor":30,"gold_loss":0},{"damage_healed":0,"gold_gain":0,"player_choice":"Fight","damage_taken":0,"max_hp_gain":0,"max_hp_loss":0,"event_name":"OrinTheCat","floor":38,"gold_loss":0}],"is_beta":false,"boss_relics":[{"not_picked":["Runic Pyramid","Runic Dome"],"picked":"Astrolabe"},{"not_picked":["Sozu","SacredBark"],"picked":"bronze:MakeshiftBattery"}],"items_purged_floors":[5],"is_endless":false,"potions_floor_spawned":[3,6,8,10,12,14,18,23,27,29,31,37],"killed_by":"Orin","ascension_level":2}}