{"host":"7oiwk103j2prpym5","time":1614132332,"event":{"mods":["BaseMod","BetterRewards","Colored Map","Colored Powertips","GifTheSpireLib","Infinite Spire","Minty Spire (QoL Compilation)","Permanent Neow","Relic Filter Mod","Reliquary","Remove Card Discount Mod","Replay The Spire","StSLib","Stuff the Spire","Weighted Paths"],"gold_per_floor":[112,122,135,135,185,185,185,66,66,90,139,139,164,196,196,326,326,352,388,388,388,414,437,463,471,471],"floor_reached":25,"language":"ENG","playtime":1160,"items_purged":["Strike_R","Defend_R","Strike_R","Defend_R","StuffTheSpire:CuriosityCurse"],"score":405,"play_id":"33f131ba-7db4-4b12-b52c-0e694e367552","local_time":"20210223200532","is_ascension_mode":false,"campfire_choices":[{"floor":12,"key":"REST"},{"floor":15,"key":"REST"}],"circlet_count":0,"master_deck":["Strike_R+1","Strike_R","Strike_R","Defend_R","Defend_R","Bash","Armaments","Cleave","Clothesline","Injury","Delirium","Demon Form+1","Berserk+1","Berserk+1","Spreading Infection","Flex","Overencumbered","Bludgeon+1","Normality","Survivor","Good Instincts","infinitespire:Fortify","Berserk+1","Flex","Feed+1","True Grit+1","Pommel Strike","Normality"],"relics":["Burning Blood","Strawberry","Golden Idol","Ring of Greed","Replay:Bandana","Golden Egg","Ring of Searing","infinitespire:BottledMercury","Bag of Preparation","StuffTheSpire:OldFever","ReplayTheSpireMod:SealedPack","reliquary:Crutches"],"acts_visited":["Exordium","TheCity"],"potions_floor_usage":[18,23,25,25,25],"damage_taken":[{"damage":1,"enemies":"2 Louse","floor":1,"turns":4},{"damage":9,"enemies":"Jaw Worm","floor":2,"turns":4},{"damage":0,"enemies":"Small Slimes","floor":3,"turns":3},{"damage":18,"enemies":"Exordium Thugs","floor":10,"turns":4},{"damage":26,"enemies":"Lagavulin","floor":11,"turns":4},{"damage":17,"enemies":"Blue Slaver","floor":13,"turns":3},{"damage":19,"enemies":"Large Slime","floor":14,"turns":3},{"damage":45,"enemies":"The Guardian","floor":16,"turns":5},{"damage":10,"enemies":"Spheric Guardian","floor":18,"turns":3},{"damage":32,"enemies":"3 Byrds","floor":19,"turns":5},{"damage":16,"enemies":"Shelled Parasite and Fungi","floor":23,"turns":6},{"damage":2,"enemies":"Snecko","floor":24,"turns":3},{"damage":51,"enemies":"Nightmare","floor":25,"turns":4}],"seed_played":"457172043422535633","potions_obtained":[{"floor":1,"key":"Energy Potion"},{"floor":2,"key":"EntropicBrew"},{"floor":11,"key":"GamblersBrew"},{"floor":23,"key":"Strength Potion"}],"is_trial":false,"path_per_floor":["M","M","M","?","?","?","?","$","T","M","E","R","M","M","R","B",null,"M","M","?","?","T","M","M","NM"],"character_chosen":"IRONCLAD","items_purchased":["Strawberry","Armaments","Demon Form+1"],"campfire_rested":2,"item_purchase_floors":[0,0,8],"current_hp_per_floor":[76,73,79,79,79,79,79,79,79,67,47,73,62,49,75,36,87,83,57,57,57,57,47,51,0,0],"gold":471,"neow_bonus":"","is_daily":false,"chose_seed":false,"campfire_upgraded":0,"win_rate":0.0,"timestamp":1614132332,"path_taken":["M","M","M","?","?","?","?","$","T","M","E","R","?","M","R","BOSS","M","M","?","?","?","M","M","NM"],"items_purchased_type":["Relic","Card","Card"],"build_version":"2020-12-22","purchased_purges":5,"victory":false,"max_hp_per_floor":[87,87,87,87,87,87,87,87,87,87,87,87,87,87,87,87,87,87,87,87,87,87,87,87,87,87],"card_choices":[{"not_picked":["Sword Boomerang","Pummel"],"picked":"Cleave","floor":1},{"not_picked":["Cleave","Havoc"],"picked":"Clothesline","floor":2},{"not_picked":["StuffTheSpire:RockThrow","Warcry","True Grit"],"picked":"SKIP","floor":3},{"not_picked":["Reckless Charge","Warcry"],"picked":"Berserk","floor":10},{"not_picked":["Defy Death","Warcry","Replay:Undeath\u0027s Touch"],"picked":"SKIP","floor":11},{"not_picked":["Wild Strike","ReplayTheSpireMod:LeadingStrike"],"picked":"Berserk","floor":13},{"not_picked":["Defy Death","Iron Wave"],"picked":"Flex","floor":14},{"not_picked":["Fiend Fire","Replay:Many Hands"],"picked":"Bludgeon","floor":16},{"not_picked":["Zap","Vigilance"],"picked":"Survivor","floor":17},{"not_picked":["Deep Breath","StuffTheSpire:PlasmaPulse"],"picked":"Good Instincts","floor":17},{"not_picked":["ReplayTheSpireMod:Echoes of Time","Replay:Fractal Strike"],"picked":"infinitespire:Fortify","floor":17},{"not_picked":["StuffTheSpire:TitanForm","Offering"],"picked":"Berserk","floor":17},{"not_picked":["Clothesline+1","Anger"],"picked":"Flex","floor":18},{"not_picked":["StuffTheSpire:Resist","Entrench"],"picked":"Feed","floor":19},{"not_picked":["Twin Strike","Life Link"],"picked":"True Grit+1","floor":23},{"not_picked":["Anger","Sentinel"],"picked":"Pommel Strike","floor":24}],"player_experience":907270,"relics_obtained":[{"floor":5,"key":"Ring of Greed"},{"floor":5,"key":"Replay:Bandana"},{"floor":5,"key":"Golden Egg"},{"floor":5,"key":"Ring of Searing"},{"floor":9,"key":"Bag of Preparation"},{"floor":11,"key":"StuffTheSpire:OldFever"},{"floor":22,"key":"reliquary:Crutches"}],"event_choices":[{"damage_healed":0,"gold_gain":0,"player_choice":"Take Wound","damage_taken":0,"relics_obtained":["Golden Idol"],"max_hp_gain":0,"max_hp_loss":0,"event_name":"Golden Idol","floor":4,"gold_loss":0,"cards_obtained":["Injury"]}],"is_beta":false,"boss_relics":[{"not_picked":["Empty Cage","Velvet Choker"],"picked":"ReplayTheSpireMod:SealedPack"}],"items_purged_floors":[0,0,0,0,8],"is_endless":false,"potions_floor_spawned":[1,2,11,16,23],"killed_by":"Nightmare","ascension_level":0}}