{"host":"coim2kcsdwzna1mk","time":1614155810,"event":{"mods":["100% Spire Juice","2.2 Compatiblity","AchievementEnabler","Act Like it!","AlwaysNeverKeys","Ascension Reborn","Aspiration","BaseMod","Beaked The Cultist","Bestiary","Better Match","Better Note","Better Skull","Better Third Choice","BetterRewards","Colored Map","Colored Powertips","Colorless Booster Pack","Conspire","Downfall","Ekko","Gensokyo","GifTheSpireLib","Gremlin Mod","GungeonMod","Halation","Hallownest","HexUI Lib","Highlight Path","Hubris","Hyrulean Relics","Infinite Spire","Ironclad Rager","Jorbs\u0027s Wanderer Trilogy","Menagerie","Minty Spire (QoL Compilation)","Pale of the Ancients","Quarter Circle Forward PUNCH!","RatMod","Reliquary","Replay The Spire","Retaliation","Robot Space Explorer","Shade Mod","Shop Mod","Spicy Shops","Spikes Relics","Spire Arcade","StSLib","Strawberry Spire","Stuff the Spire","SuperFastMode","The Animator","The Dragon Tamer","The Edgeheg","The Jungle","TheHero","TheVelvet","Wandering Minibosses","yUi"],"gold_per_floor":[113,113,6,20,38,38,68,94,94,110,110,128,143,161,161,161,161],"floor_reached":16,"language":"ENG","playtime":623,"items_purged":[],"score":106,"play_id":"f9e15da9-96c1-45f8-940a-d0ab95156f02","local_time":"20210224033650","is_ascension_mode":true,"campfire_choices":[{"floor":6,"key":"REST"},{"floor":15,"key":"REST"}],"circlet_count":0,"master_deck":["Moonworks:Strike","Moonworks:Strike","Moonworks:Strike","Moonworks:Strike","Moonworks:Defend","Moonworks:Defend","Moonworks:Defend","Moonworks:Defend","Moonworks:Ambush","Moonworks:LongDistanceShot","Moonworks:TacticalRetreat","Moonworks:ScrambledEve","Moonworks:EvilSpyWorkPreparation","Moonworks:NicePresent","Moonworks:Accelerator"],"relics":["Moonworks:BrokenBomb","Moonworks:Homemark","hubris:Icosahedron","BrokenLever","strawberrySpire:KineticCharger","StuffTheSpire:HeavyRock","DemoMod:GlassGuonStoneRelic"],"acts_visited":["Exordium"],"potions_floor_usage":[5,12,16],"damage_taken":[{"damage":6,"enemies":"Jaw Worm","floor":1,"turns":4},{"damage":0,"enemies":"Cultist","floor":3,"turns":4},{"damage":4,"enemies":"infinitespire:Voidling","floor":4,"turns":3},{"damage":46,"enemies":"2 Fungi Beasts","floor":5,"turns":9},{"damage":22,"enemies":"strawberrySpire:EnergyPylons","floor":7,"turns":5},{"damage":12,"enemies":"conspire:2 RoseBushes","floor":10,"turns":5},{"damage":0,"enemies":"Blue Slaver","floor":12,"turns":7},{"damage":0,"enemies":"Large Slime","floor":13,"turns":3},{"damage":2,"enemies":"3 Louse","floor":14,"turns":5},{"damage":22,"enemies":"The Guardian","floor":16,"turns":2}],"seed_played":"-8490048013933776119","potions_obtained":[{"floor":3,"key":"Strength Potion"},{"floor":10,"key":"sneckomod:MuddlingPotion"},{"floor":12,"key":"Venom Potion"}],"is_trial":false,"path_per_floor":["M","?","M","M","M","R","E","T","T","M","$","M","M","M","R","B"],"character_chosen":"THE_STARBREAKER","items_purchased":[],"campfire_rested":2,"item_purchase_floors":[],"current_hp_per_floor":[60,60,66,66,20,39,17,17,17,5,5,5,5,3,22,0,0],"gold":161,"neow_bonus":"TEN_PERCENT_HP_BONUS","is_daily":false,"chose_seed":false,"campfire_upgraded":0,"win_rate":0.0,"timestamp":1614155810,"path_taken":["M","?","M","M","M","R","E","?","T","M","$","?","?","M","R","BOSS"],"items_purchased_type":[],"build_version":"2020-12-22","purchased_purges":0,"victory":false,"max_hp_per_floor":[66,66,66,66,66,66,66,66,66,66,66,66,66,66,66,66,66],"card_choices":[{"not_picked":["Moonworks:EvilSpyWorkPreparation","Moonworks:WindyEnchantment"],"picked":"Moonworks:TacticalRetreat","floor":1},{"not_picked":["Moonworks:EvilSpyWorkPreparation","Moonworks:AngelHand"],"picked":"Moonworks:ScrambledEve","floor":3},{"not_picked":["Moonworks:LulusLuckyEgg","Moonworks:IndiscriminateFireSupport","Moonworks:ImOnFire"],"picked":"SKIP","floor":4},{"not_picked":["Moonworks:Assault","Moonworks:Heat300Percent"],"picked":"Moonworks:EvilSpyWorkPreparation","floor":5},{"not_picked":["Moonworks:ImOnFire","Moonworks:AwakeningOfTalent","Moonworks:StiffCrystal"],"picked":"SKIP","floor":7},{"not_picked":["Moonworks:ImOnFire","Moonworks:BigMagnum"],"picked":"Moonworks:NicePresent","floor":10},{"not_picked":["Moonworks:EvilSpyWorkPreparation","Moonworks:ImmovableObject","Moonworks:CloudOfSeagulls"],"picked":"SKIP","floor":12},{"not_picked":["Moonworks:Flamethrower","Moonworks:SealedMemories"],"picked":"Moonworks:Accelerator","floor":13},{"not_picked":["Moonworks:ForcedRevival","Moonworks:Dash","Moonworks:Bloodlust"],"picked":"SKIP","floor":14}],"player_experience":145113,"relics_obtained":[{"floor":7,"key":"BrokenLever"},{"floor":8,"key":"strawberrySpire:KineticCharger"},{"floor":9,"key":"StuffTheSpire:HeavyRock"}],"event_choices":[],"is_beta":false,"boss_relics":[],"items_purged_floors":[],"is_endless":false,"potions_floor_spawned":[3,10,12],"killed_by":"The Guardian","ascension_level":0}}