{"host":"ekyl8r8j8fco3zlk","time":1614127298,"event":{"mods":["Act Like it!","Arknights","BaseMod","CapriCore","Dota2Spire","Friendly Minions","Gensokyo","GifTheSpireLib","Library of Ruina","Marisa（霧雨　魔理沙）","Minty Spire (QoL Compilation)","READ ME - Guardian Mod","Reimu（博???）","StSLib","The Alterego","The Animator","The Immortal","TheWitcher","Waifu the Spire","WarShipGirlsR/??少女R mod","Yakumo Yukari mod","【?物卡牌】REMEMod"],"gold_per_floor":[119,136,153,186,39,39,64,106,132,132,92,92,178,196,196,324,324,371,117,128,176,224,288,303,303,328,328,388,388,429,461,461,589,589,600,560,606,626,669,696,776,793,844,844,289,334,334,378,378,408,408,408,7,37,67],"floor_reached":56,"language":"ZHS","playtime":2742,"items_purged":["LightAttack","LightDefense"],"score":1653,"play_id":"4a8b18d9-01ac-4f5b-92c1-bf3073c4a29c","local_time":"20210224084138","is_ascension_mode":false,"campfire_choices":[{"data":"CumulusWall","floor":6,"key":"SMITH"},{"data":"AutonomousRush","floor":10,"key":"SMITH"},{"data":"SharpNails","floor":15,"key":"SMITH"},{"data":"FrontalAssault","floor":25,"key":"SMITH"},{"data":"GuidanceOfTheGears","floor":27,"key":"SMITH"},{"data":"Bvapour","floor":29,"key":"SMITH"},{"data":"UnforgettableMelody","floor":32,"key":"SMITH"},{"data":"CleanUp","floor":47,"key":"SMITH"},{"floor":49,"key":"RECALL"},{"data":"DefenseOrder","floor":52,"key":"SMITH"}],"circlet_count":0,"master_deck":["Dodge","LightAttack+1","LightAttack+1","LightDefense","LightDefense","LightDefense","ChargeAndCover","FocusedStrikes","SharpenedBlade","CumulusWall+1","Juggling","AutonomousRush+1","DefenseOrder+1","FocusedStrikes","SharpNails+1","UnforgettableMelody+1","ExtremeEdge+1","Bvapour+1","GuidanceOfTheGears+1","FrontalAssault+1","Multislash","InkOver+1","QuickAttack+1","EndlessBattle+1","CleanUp+1","AssaultOrder+1","EmotionalTurbulence","RushDown+1","SilentMist+1","StrongStrike+1"],"relics":["PageOfLibrarian","REME_ComplimentaryCards","Whetstone","Dota2Spire:HandOfMidas","Oddly Smooth Stone","PaintedHorse:ReiMu","Dota2Spire:PhaseBoots","SlaversCollar","Dota2Spire:PowerTreads","Boot","PageOfTodaysShyLook","Happy Flower","Dota2Spire:BladeMail","SacredBark","PageOfWizard","PageOfLaetitia","Anchor","Dota2Spire:ShivaGuard","ClockworkSouvenir","Dota2Spire:EtherealBlade","Dota2Spire:MagicBottle"],"acts_visited":["Exordium","TheCity","TheBeyond","TheEnding"],"potions_floor_usage":[2,4,4,7,13,22,24,28,33,33,33,41,50,50,55],"damage_taken":[{"damage":0,"enemies":"Jaw Worm","floor":1,"turns":5},{"damage":9,"enemies":"ats:Genji","floor":2,"turns":3},{"damage":0,"enemies":"Cultist","floor":3,"turns":3},{"damage":13,"enemies":"Gremlin Gang","floor":4,"turns":3},{"damage":10,"enemies":"Lagavulin","floor":7,"turns":8},{"damage":0,"enemies":"2 Fungi Beasts","floor":8,"turns":4},{"damage":11,"enemies":"3 Sentries","floor":13,"turns":10},{"damage":0,"enemies":"Looter","floor":14,"turns":2},{"damage":0,"enemies":"Hexaghost","floor":16,"turns":9},{"damage":5,"enemies":"3 Byrds","floor":18,"turns":6},{"damage":0,"enemies":"Chosen","floor":20,"turns":4},{"damage":6,"enemies":"Centurion and Healer","floor":21,"turns":5},{"damage":16,"enemies":"Cultist and Chosen","floor":22,"turns":6},{"damage":7,"enemies":"Gremlin Leader","floor":23,"turns":4},{"damage":0,"enemies":"Chosen and Byrds","floor":24,"turns":4},{"damage":14,"enemies":"Slavers","floor":28,"turns":3},{"damage":10,"enemies":"Sentry and Sphere","floor":30,"turns":3},{"damage":0,"enemies":"Gremlin Leader","floor":31,"turns":3},{"damage":0,"enemies":"Champ","floor":33,"turns":3},{"damage":1,"enemies":"3 Shapes","floor":35,"turns":3},{"damage":0,"enemies":"Orb Walker","floor":37,"turns":3},{"damage":0,"enemies":"3 Darklings","floor":38,"turns":3},{"damage":0,"enemies":"Jaw Worm Horde","floor":39,"turns":3},{"damage":0,"enemies":"Giant Head","floor":40,"turns":3},{"damage":0,"enemies":"Mind Bloom Boss Battle","floor":41,"turns":2},{"damage":0,"enemies":"Spire Growth","floor":42,"turns":2},{"damage":11,"enemies":"Sphere and 2 Shapes","floor":46,"turns":3},{"damage":0,"enemies":"Transient","floor":48,"turns":5},{"damage":0,"enemies":"Awakened One","floor":50,"turns":6},{"damage":0,"enemies":"Shield and Spear","floor":54,"turns":3},{"damage":18,"enemies":"The Heart","floor":55,"turns":5}],"seed_played":"1798612064727383109","potions_obtained":[{"floor":0,"key":"Block Potion"},{"floor":0,"key":"ColorlessPotion"},{"floor":0,"key":"Fruit Juice"},{"floor":2,"key":"PowerPotion"},{"floor":3,"key":"SteroidPotion"},{"floor":4,"key":"ZuzhouPotion:ReiMu"},{"floor":8,"key":"ColorlessPotion"},{"floor":16,"key":"Weak Potion"},{"floor":21,"key":"SteroidPotion"},{"floor":23,"key":"SkillPotion"},{"floor":24,"key":"Dota2Spire:Clarity"},{"floor":31,"key":"ZuzhouPotion:ReiMu"},{"floor":33,"key":"SkillPotion"},{"floor":38,"key":"BlessingOfTheForge"},{"floor":40,"key":"ColorlessPotion"},{"floor":46,"key":"Block Potion"}],"is_trial":false,"path_per_floor":["M","M","M","M","$","R","E","M","T","R","?","?","E","M","R","B",null,"M","$","M","M","M","E","M","R","T","R","E","R","M","E","R","B",null,"M","?","M","M","M","E","?","M","T","?","$","M","R","M","R","B",null,"R","$","E","B",null],"character_chosen":"Librarian","items_purchased":["Whetstone","Dota2Spire:PowerTreads","Bvapour","Anchor","Dota2Spire:ShivaGuard","ClockworkSouvenir","Dota2Spire:EtherealBlade"],"campfire_rested":0,"item_purchase_floors":[5,19,19,45,45,53,53],"current_hp_per_floor":[60,56,56,43,43,43,33,33,33,33,33,33,22,22,22,43,82,77,77,82,76,67,74,81,81,81,81,74,74,71,71,71,78,84,83,83,83,83,84,84,84,84,84,84,84,73,73,73,73,80,84,84,84,84,74],"gold":67,"neow_bonus":"THREE_SMALL_POTIONS","is_daily":false,"chose_seed":false,"campfire_upgraded":9,"win_rate":0.0,"timestamp":1614127298,"path_taken":["M","M","M","M","$","R","E","M","T","R","?","?","E","M","R","BOSS","M","$","M","M","M","E","?","R","T","R","E","R","?","E","R","BOSS","M","?","M","M","M","E","?","M","T","?","$","M","R","M","R","BOSS","R","$","E","BOSS"],"items_purchased_type":["Relic","Relic","Card","Relic","Relic","Relic","Relic"],"build_version":"2020-12-22","purchased_purges":2,"victory":true,"max_hp_per_floor":[67,67,82,82,82,82,82,82,82,82,82,82,82,82,82,82,82,82,82,82,82,82,82,82,82,82,82,82,82,82,82,82,84,84,84,84,84,84,84,84,84,84,84,84,84,84,84,84,84,84,84,84,84,84,84],"card_choices":[{"not_picked":["HandleRequest","Creak","Unlock1"],"picked":"SharpenedBlade","floor":1},{"not_picked":["Unlock1","ViolentFlame","MultiBlock"],"picked":"CumulusWall","floor":2},{"not_picked":["Parry2","AutomatedMovement","EnergyCycle"],"picked":"Juggling","floor":3},{"not_picked":["BurningFlash","SunsetBlade","SinglePointStab","Leap_lor"],"picked":"SKIP","floor":4},{"not_picked":["Castigation","StrongStrike","RushDown"],"picked":"AutonomousRush","floor":7},{"not_picked":["SilentMist","Juggling","IllEndYou"],"picked":"DefenseOrder","floor":8},{"not_picked":["RushDown","SharpenedBlade","Gigigig","Unlock1"],"picked":"SKIP","floor":13},{"not_picked":["SturdyDefense","TrimTheIngredients","ICanCookAnything"],"picked":"SharpNails","floor":14},{"not_picked":["CrackOfDawn","BoundaryOfDeath"],"picked":"UnforgettableMelody","floor":16},{"not_picked":["HandleRequest","DestructiveImpact+1","FervidEmotions"],"picked":"ExtremeEdge+1","floor":18},{"not_picked":["DesperateStruggle","ForTheFamily","Pound+1"],"picked":"GuidanceOfTheGears","floor":20},{"not_picked":["DarkCloud","FleetEdge","CumulusWall","EndlessBattle"],"picked":"SKIP","floor":21},{"not_picked":["Leap_lor","SearingSword","Parry2"],"picked":"FrontalAssault","floor":22},{"not_picked":["ForTheFamily","SharpNails","FierceCharge","Decapitation"],"picked":"SKIP","floor":23},{"not_picked":["ViolentFlame+1","FrontalAssault+1","FleetEdge"],"picked":"Multislash","floor":24},{"not_picked":["ForcefulGesture","CircusKnives","ScratchThat"],"picked":"InkOver+1","floor":28},{"not_picked":["Gigigig+1","FrontalAssault","SinglePointStab"],"picked":"QuickAttack+1","floor":30},{"not_picked":["MultiHit","SinglePointStab+1","SnakesPrey"],"picked":"EndlessBattle+1","floor":31},{"not_picked":["FlamingDragonFist","Cruelty"],"picked":"CleanUp","floor":33},{"not_picked":["SinglePointStab","SharpNails","SnakesPrey"],"picked":"AssaultOrder+1","floor":35},{"not_picked":[],"picked":"EmotionalTurbulence","floor":36},{"not_picked":["DarkCloud","FaintMemories+1","SnakesPrey","Pound+1"],"picked":"SKIP","floor":37},{"not_picked":["FlamingDragonFist","Leap_lor","DefenseOrder"],"picked":"RushDown+1","floor":38},{"not_picked":["Pound","Multislash","DestructiveImpact+1"],"picked":"SilentMist+1","floor":39},{"not_picked":["Rewind+1","MultiHit+1","Pound","StartinOutLightly+1"],"picked":"SKIP","floor":40},{"not_picked":["Rewind","ForTheFamily+1","FleetEdge+1","ExtremeEdge"],"picked":"SKIP","floor":42},{"not_picked":["GuidanceOfTheGears","SinglePointStab","InkOver","EnergyCycle"],"picked":"SKIP","floor":46},{"not_picked":["Eradication","ViolentFlame+1","HandleRequest+1"],"picked":"StrongStrike+1","floor":48},{"not_picked":["ChargeUp","EndlessBattle+1","StrongStrike","BoundaryOfDeath"],"picked":"SKIP","floor":54}],"player_experience":734525,"relics_obtained":[{"floor":7,"key":"Dota2Spire:HandOfMidas"},{"floor":9,"key":"Oddly Smooth Stone"},{"floor":13,"key":"Dota2Spire:PhaseBoots"},{"floor":23,"key":"Boot"},{"floor":26,"key":"PageOfTodaysShyLook"},{"floor":28,"key":"Happy Flower"},{"floor":31,"key":"Dota2Spire:BladeMail"},{"floor":40,"key":"PageOfWizard"},{"floor":41,"key":"PageOfLaetitia"},{"floor":54,"key":"Dota2Spire:MagicBottle"}],"event_choices":[{"damage_healed":0,"gold_gain":0,"player_choice":"塞?","damage_taken":0,"relics_obtained":["PaintedHorse:ReiMu"],"max_hp_gain":0,"max_hp_loss":0,"event_name":"yidonshenshe","floor":11,"gold_loss":40},{"damage_healed":0,"gold_gain":0,"player_choice":"0 cards matched","damage_taken":0,"max_hp_gain":0,"max_hp_loss":0,"event_name":"Match and Keep!","floor":12,"gold_loss":0,"cards_obtained":[]},{"damage_healed":0,"gold_gain":0,"player_choice":"Fight","damage_taken":0,"max_hp_gain":0,"max_hp_loss":0,"event_name":"MindBloom","floor":41,"gold_loss":0},{"damage_healed":0,"gold_gain":0,"player_choice":"Memory 1","damage_taken":0,"max_hp_gain":0,"max_hp_loss":0,"event_name":"SensoryStone","floor":44,"gold_loss":0}],"is_beta":false,"boss_relics":[{"not_picked":["Tiny House","Philosopher\u0027s Stone"],"picked":"SlaversCollar"},{"not_picked":["REME_DuelDisc","Pandora\u0027s Box"],"picked":"SacredBark"}],"items_purged_floors":[19,45],"is_endless":false,"potions_floor_spawned":[2,3,4,8,16,21,23,24,31,33,38,40,46,48],"ascension_level":0}}