{"host":"i755g2q9yg5dfx17","time":1614197923,"event":{"mods":["AchievementEnabler","BaseMod","Colored Map","Colored Powertips","Downfall","GifTheSpireLib","Minty Spire (QoL Compilation)","Permanent Neow","Replay The Spire","StSLib"],"gold_per_floor":[99,112,112,125,187,187,187,221,221,41,68,68,96,96,110,213,213,113,132,144,158,68,83,133,143,171,71,90,100,100,100,0,18,37,137,137,137,157,157,348,40,56,56,71,102,102,102,116,141,141,153,153,153,187,9,9,9,9],"floor_reached":59,"language":"ENG","playtime":15285,"items_purged":["Slimebound:Strike_Slimebound"],"score":1464,"play_id":"af4af879-fd70-4075-bc4c-061e7d4d5839","local_time":"20210224121843","is_ascension_mode":false,"campfire_choices":[{"floor":1.0,"key":"DIG"},{"data":"Slimebound:PrepareCrush","floor":9.0,"key":"SMITH"},{"floor":18.0,"key":"RECALL"},{"data":"Slimebound:Overexert","floor":27.0,"key":"SMITH"},{"data":"Slimebound:Gluttony","floor":32.0,"key":"SMITH"},{"floor":37,"key":"DIG"},{"data":"Pot Of Greed","floor":46,"key":"SMITH"},{"floor":56,"key":"REST"}],"circlet_count":0,"master_deck":["Slimebound:Tackle+1","Slimebound:Defend_Slimebound+1","Slimebound:Defend_Slimebound","Slimebound:Defend_Slimebound","Slimebound:Defend_Slimebound+1","Slimebound:Split","Slimebound:CorrosiveSpit","Slimebound:PrepareCrush+1","Slimebound:GrowthPunch","Slimebound:ItLooksTasty+1","Slimebound:SplitMire","Slimebound:FinishingTackle","Slimebound:SplitAcid","Slimebound:ProtectTheBoss","expansioncontent:DashGenerateEvil","Slimebound:RollThrough+1","Amnesia","downfall:Malfunctioning","Slimebound:SlimeSlap","Slimebound:MassRepurpose","CurseOfTheBell","Pot Of Greed","Pot Of Greed","Slimebound:ItLooksTasty+1","Slimebound:RainOfGoop+1","Pot Of Greed+1","Slimebound:MassFeed","expansioncontent:AwakenDeath","Slimebound:SpikyOuterGoop","Slimebound:SpikyOuterGoop","Slimebound:Gluttony+1","Slimebound:Overexert+1","Slimebound:SlimeSpikes+1","Slimebound:SamplingLick+1","Slimebound:LivingWall+1","Slimebound:SamplingLick+1","Slimebound:AcidTongue+1","Slimebound:SlimeSpikes+1","Pot Of Greed","Slimebound:Overexert","expansioncontent:YouAreMine","expansioncontent:PolyBeam","expansioncontent:HyperBeam","ReplayTheSpireMod:Splinters","Slimebound:SplitLeeching+1","Slimebound:SplitMire+1","Slimebound:HauntingLick+1","Slimebound:ViciousTackle+1","Slimebound:LeechingTouch+1","Slimebound:SplitAcid+1","Slimebound:Equalize+1","Pot Of Greed","Slimebound:Prepare+1","Slimebound:SplitAcid+1","Slimebound:SamplingLick+1","Slimebound:Equalize+1","Slimebound:FormOfPuddle+1","Slimebound:LevelUp+1","Slimebound:SplitBruiser+1","Slimebound:LeechEnergy+1","Slimebound:Teamwork+1","Slimebound:ProtectTheBoss"],"relics":["Slimebound:AbsorbEndCombat","Juzu Bracelet","InkBottle","Question Card","Shuriken","Pen Nib","Ring of Misfortune","Blue Doll","Calling Bell","Counterbalance","Onion Ring","Grinning Jar","downfall:HeartBlessingGreen","Prayer Wheel","downfall:HeartBlessingRed","downfall:HeartBlessingBlue","ChewingGum","Pantograph","Molten Egg 2","Strawberry","Oddly Smooth Stone","Thread and Needle","Whetstone"],"acts_visited":["Exordium","TheCity","TheBeyond","TheEnding"],"potions_floor_usage":[41,42,52,57,57,58],"damage_taken":[{"damage":0.0,"enemies":"Cultist","floor":2.0,"turns":4.0},{"damage":1.0,"enemies":"Jaw Worm","floor":4.0,"turns":6.0},{"damage":22.0,"enemies":"3 Sentries","floor":5.0,"turns":9.0},{"damage":20.0,"enemies":"Gremlin Nob","floor":8.0,"turns":4.0},{"damage":19.0,"enemies":"downfall:FleeingMerchant","floor":10.0,"turns":4.0},{"damage":10.0,"enemies":"3 Sentries","floor":11.0,"turns":7.0},{"damage":3.0,"enemies":"Lagavulin","floor":13.0,"turns":6.0},{"damage":0.0,"enemies":"Small Slimes","floor":15.0,"turns":2.0},{"damage":0.0,"enemies":"SI_SHIV_ARCHETYPE","floor":16.0,"turns":5.0},{"damage":0.0,"enemies":"Shell Parasite","floor":19.0,"turns":5.0},{"damage":0.0,"enemies":"Spheric Guardian","floor":20.0,"turns":2.0},{"damage":31.0,"enemies":"Shelled Parasite and Fungi","floor":21.0,"turns":6.0},{"damage":1.0,"enemies":"downfall:FleeingMerchant","floor":22.0,"turns":4.0},{"damage":2.0,"enemies":"Sentry and Sphere","floor":23.0,"turns":7.0},{"damage":6.0,"enemies":"Centurion and Healer","floor":25.0,"turns":4.0},{"damage":8.0,"enemies":"theDuelist:KaibaA2","floor":26.0,"turns":6.0},{"damage":14.0,"enemies":"Snake Plant","floor":28.0,"turns":3.0},{"damage":10.0,"enemies":"Sentry and Sphere","floor":29.0,"turns":4.0},{"damage":9.0,"enemies":"Snecko","floor":33.0,"turns":4.0},{"damage":3.0,"enemies":"Centurion and Healer","floor":34.0,"turns":5.0},{"damage":34.0,"enemies":"WA_ARCHETYPE_CALM","floor":35.0,"turns":9.0},{"damage":45,"enemies":"3 Darklings","floor":38,"turns":6},{"damage":0,"enemies":"downfall:FleeingMerchant","floor":41,"turns":3},{"damage":0,"enemies":"3 Shapes","floor":42,"turns":3},{"damage":0,"enemies":"Spire Growth","floor":44,"turns":3},{"damage":0,"enemies":"Nemesis","floor":45,"turns":5},{"damage":3,"enemies":"4 Shapes","floor":48,"turns":4},{"damage":8,"enemies":"Giant Head","floor":49,"turns":8},{"damage":0,"enemies":"Transient","floor":51,"turns":5},{"damage":0,"enemies":"IC_BLOCK_ARCHETYPE","floor":52,"turns":10},{"damage":50,"enemies":"downfall:CharBossMerchant","floor":54,"turns":7},{"damage":13,"enemies":"downfall:NeowBoss","floor":57,"turns":16},{"damage":37,"enemies":"downfall:NeowBossFinal","floor":58,"turns":12}],"seed_played":"-6591852593390144132","potions_obtained":[{"floor":8.0,"key":"FearPotion"},{"floor":11.0,"key":"AttackPotion"},{"floor":13.0,"key":"AttackPotion"},{"floor":23.0,"key":"Dexterity Potion"},{"floor":25.0,"key":"Elixir"},{"floor":28.0,"key":"Milkshake"},{"floor":35.0,"key":"Ancient Potion"},{"floor":38,"key":"SneckoOil"},{"floor":48,"key":"Cursed Concoction"},{"floor":54,"key":"Explosive Potion"}],"is_trial":false,"path_per_floor":["R_BF","M","?","M","?","?","T","E","R","$","E","?","E","?","M","B",null,"R_BF","M","M","M","$","M","T","M","E","R","M","M","PTL","PTL","R","M","M","B",null,"R_BF","M","?","?","$","M","T","M","E","R","?","M","E","?","M","B",null,"E","$","R","B","B",null],"character_chosen":"SLIMEBOUND","items_purchased":["expansioncontent:DashGenerateEvil","expansioncontent:AwakenDeath","Slimebound:SpikyOuterGoop","Slimebound:HauntingLick+1","Adrenaline Potion","Molten Egg 2","Strawberry","Slimebound:ViciousTackle+1","Slimebound:LeechingTouch+1","Slimebound:Teamwork+1","Slimebound:ProtectTheBoss","Weak Potion"],"campfire_rested":1,"item_purchase_floors":[10,22,22,41,41,41,41,41,41,55,55,55],"current_hp_per_floor":[65,65,65,65,51,51,51,39,39,28,20,20,25,25,27,35,65,65,65,65,38,41,47,47,50,48,48,40,37,37,37,47,49,54,28,84,84,43,33,33,44,52,52,60,80,80,80,91,89,89,91,91,91,59,59,86,86,66],"gold":9,"neow_bonus":"ONE_RANDOM_RARE_CARD","is_daily":false,"chose_seed":false,"campfire_upgraded":4,"win_rate":0.0,"timestamp":1614197923,"path_taken":["R_BF","M","?","M","?","?","T","E","R","$","E","?","E","?","M","BOSS","R_BF","M","M","M","$","M","T","M","E","R","M","M","PTL","PTL","R","M","M","BOSS","R_BF","M","?","?","$","M","T","M","E","R","?","M","E","?","M","BOSS","E","$","R","BOSS","BOSS"],"items_purchased_type":["Card","Card","Card","Card","Potion","Relic","Relic","Card","Card","Card","Card","Potion"],"build_version":"2020-12-22","purchased_purges":1,"victory":true,"max_hp_per_floor":[65,65,65,65,65,65,65,65,65,65,65,65,65,65,65,65,65,65,65,65,65,65,65,65,68,68,68,68,71,71,71,81,84,84,84,84,84,84,84,84,91,91,91,91,91,91,91,91,91,91,91,91,91,91,91,91,91,91],"card_choices":[{"not_picked":["Slimebound:GoopTackle","Slimebound:FinishingTackle"],"picked":"Slimebound:GrowthPunch","floor":2.0},{"not_picked":["Slimebound:LeechingTouch","Slimebound:SpikyOuterGoop"],"picked":"Slimebound:ItLooksTasty","floor":4.0},{"not_picked":["Slimebound:SlimeSpikes","Slimebound:PressTheAttack"],"picked":"Slimebound:SplitMire","floor":5.0},{"not_picked":["Slimebound:SplitLeeching","Slimebound:LivingWall","Slimebound:MegaLick"],"picked":"Slimebound:SplitAcid","floor":8.0},{"not_picked":["Slimebound:GoopSpray","Slimebound:SlimeBarrage","Slimebound:SlimeSpikes"],"picked":"Slimebound:ProtectTheBoss","floor":10.0},{"not_picked":["Slimebound:RainOfGoop","Slimebound:Chomp","Slimebound:LivingWall"],"picked":"Slimebound:RollThrough","floor":11.0},{"not_picked":["Slimebound:ForwardTackle","Slimebound:Nibble","Slimebound:Grow","Slimebound:LeechingTouch"],"picked":"SKIP","floor":13.0},{"not_picked":["Slimebound:PressTheAttack","Slimebound:SlimeSpikes","Slimebound:SplitBruiser"],"picked":"Slimebound:SlimeSlap","floor":15.0},{"not_picked":["Slimebound:DouseInSlime","Slimebound:PrepareCrush","Slimebound:OneTwoCombo"],"picked":"Slimebound:MassRepurpose","floor":16.0},{"not_picked":["Slimebound:MegaLick","Slimebound:SplitAcid","Slimebound:ComboTackle"],"picked":"Slimebound:ItLooksTasty+1","floor":19.0},{"not_picked":["Slimebound:SplitAcid","Slimebound:SlimeSpikes","Slimebound:SamplingLick"],"picked":"Slimebound:RainOfGoop+1","floor":20.0},{"not_picked":["Slimebound:Grow","Slimebound:SplitAcid","Slimebound:Chomp","Slimebound:FinishingTackle"],"picked":"SKIP","floor":21.0},{"not_picked":["Slimebound:RollThrough","Slimebound:LeadByExample","Slimebound:SlimeSpikes+1"],"picked":"Slimebound:MassFeed","floor":22.0},{"not_picked":["Slimebound:GoopSpray","Slimebound:ForwardTackle+1","Slimebound:SpikyOuterGoop+1"],"picked":"Slimebound:Gluttony","floor":23.0},{"not_picked":["Slimebound:ItLooksTasty+1","Slimebound:SplitMire","Slimebound:LeechingTouch","Slimebound:FinishingTackle+1"],"picked":"SKIP","floor":25.0},{"not_picked":["Slimebound:GoopSpray","Slimebound:BestDefense","Slimebound:GrowthPunch+1"],"picked":"Slimebound:Overexert","floor":26.0},{"not_picked":["Slimebound:LeechEnergy+1","Slimebound:SplitAcid+1","Slimebound:RainOfGoop+1"],"picked":"Slimebound:SlimeSpikes+1","floor":28.0},{"not_picked":["Slimebound:SplitLeeching+1","Slimebound:LeechingTouch","Slimebound:SplitBruiser+1"],"picked":"Slimebound:SamplingLick+1","floor":28.0},{"not_picked":["Slimebound:Repurpose+1","Slimebound:RainOfGoop+1","Slimebound:SplitAcid"],"picked":"Slimebound:LivingWall+1","floor":29.0},{"not_picked":["Slimebound:FirmFortitude","Slimebound:AcidTongue","Slimebound:LeechEnergy+1","Slimebound:GrowthPunch"],"picked":"SKIP","floor":29.0},{"not_picked":["Slimebound:Prepare","Slimebound:SplitAcid","Slimebound:SlimeBrawl"],"picked":"Slimebound:SamplingLick+1","floor":33.0},{"not_picked":["Slimebound:BestDefense","Slimebound:PressTheAttack+1","Slimebound:LeechingTouch","Slimebound:SplitBruiser"],"picked":"SKIP","floor":33.0},{"not_picked":["Slimebound:SamplingLick","Slimebound:Repurpose","Slimebound:FormOfPuddle"],"picked":"Slimebound:AcidTongue+1","floor":34.0},{"not_picked":["Slimebound:RollThrough","Slimebound:FormOfPuddle","Slimebound:SlimeTap"],"picked":"Slimebound:SlimeSpikes+1","floor":34.0},{"not_picked":["Slimebound:DouseInSlime","Slimebound:WasteNot","Slimebound:MassRepurpose"],"picked":"Slimebound:Overexert","floor":35.0},{"not_picked":["Slimebound:SplitAcid+1","Slimebound:BestDefense","Slimebound:RollThrough+1","Slimebound:LeechingTouch"],"picked":"SKIP","floor":38},{"not_picked":["Slimebound:PressTheAttack+1","Slimebound:RainOfGoop","Slimebound:SlimeBrawl+1","Slimebound:LivingWall"],"picked":"SKIP","floor":38},{"not_picked":["expansioncontent:LastStand","expansioncontent:Chronoboost"],"picked":"expansioncontent:YouAreMine","floor":39},{"not_picked":["expansioncontent:InvincibleStrength","expansioncontent:LastStand"],"picked":"expansioncontent:PolyBeam","floor":39},{"not_picked":["expansioncontent:AwakenDeath","expansioncontent:PolyBeam"],"picked":"expansioncontent:HyperBeam","floor":39},{"not_picked":["Slimebound:PrepareCrush","Slimebound:SlimeSpikes","Slimebound:AcidTongue"],"picked":"Slimebound:SplitLeeching+1","floor":40},{"not_picked":["Slimebound:PressTheAttack+1","Slimebound:LeadByExample","Slimebound:Repurpose"],"picked":"Slimebound:SplitMire+1","floor":41},{"not_picked":["Slimebound:FinishingTackle+1","Slimebound:LeechEnergy+1","Slimebound:Chomp+1"],"picked":"Slimebound:SplitAcid+1","floor":42},{"not_picked":["Slimebound:SpikyOuterGoop+1","Slimebound:ItLooksTasty+1","Slimebound:SplitMire"],"picked":"Slimebound:Equalize+1","floor":42},{"not_picked":["Slimebound:Schlurp","Slimebound:SlimeBarrage+1","Slimebound:OozeBath"],"picked":"Slimebound:Prepare+1","floor":44},{"not_picked":["Slimebound:GoopSpray+1","Slimebound:FlameTackle+1","Slimebound:Replication"],"picked":"Slimebound:SplitAcid+1","floor":44},{"not_picked":["Slimebound:LeechEnergy+1","Slimebound:LivingWall+1","Slimebound:Nibble+1"],"picked":"Slimebound:SamplingLick+1","floor":45},{"not_picked":["Slimebound:GoopSpray","Slimebound:SlimeBrawl+1","Slimebound:ComboTackle+1"],"picked":"Slimebound:Equalize+1","floor":48},{"not_picked":["Slimebound:Schlurp","Slimebound:BestDefense+1","Slimebound:FinishingTackle+1","Slimebound:SpikyOuterGoop"],"picked":"SKIP","floor":48},{"not_picked":["Slimebound:FinishingTackle+1","Slimebound:FlameTackle+1","Slimebound:AcidTongue+1"],"picked":"Slimebound:FormOfPuddle+1","floor":49},{"not_picked":["Slimebound:RollThrough+1","Slimebound:LeechEnergy+1","Slimebound:Teamwork"],"picked":"Slimebound:LevelUp+1","floor":51},{"not_picked":["Slimebound:SplitMire","Slimebound:GoopSpray+1","Slimebound:SamplingLick"],"picked":"Slimebound:SplitBruiser+1","floor":51},{"not_picked":["Slimebound:GrowthPunch+1","Slimebound:SplitBruiser","Slimebound:Nibble+1"],"picked":"Slimebound:LeechEnergy+1","floor":54}],"player_experience":833917,"relics_obtained":[{"floor":1.0,"key":"Juzu Bracelet"},{"floor":7.0,"key":"Question Card"},{"floor":8.0,"key":"Shuriken"},{"floor":11.0,"key":"Pen Nib"},{"floor":12.0,"key":"Ring of Misfortune"},{"floor":13.0,"key":"Blue Doll"},{"floor":17.0,"key":"Counterbalance"},{"floor":17.0,"key":"Onion Ring"},{"floor":17.0,"key":"Grinning Jar"},{"floor":26.0,"key":"Prayer Wheel"},{"floor":37,"key":"Pantograph"},{"floor":43,"key":"Oddly Smooth Stone"},{"floor":45,"key":"Thread and Needle"},{"floor":54,"key":"Whetstone"}],"event_choices":[],"is_beta":false,"boss_relics":[{"not_picked":["Astrolabe","Sozu"],"picked":"Calling Bell"},{"not_picked":["Velvet Choker","Replay:Wanted Poster"],"picked":"ChewingGum"}],"items_purged_floors":[41],"is_endless":false,"potions_floor_spawned":[8,11,13,15,16,19,23,25,28,35,38,48,49,54],"ascension_level":0}}