{"host":"5keo9h2l9byafdqe","time":1614168050,"event":{"mods":["ATMod(阿瑾Mod)","Act Like it!","Aspiration","BaseMod","Bossed Relics","Chen","Conspire","Dota2Spire","Downfall","GifTheSpireLib","Hermit","Jedi Mod","Library of Ruina","Library of Ruina Extra","Lobotomy","Marked Mod","Minty Spire (QoL Compilation)","MostiFishMod","Pale of the Ancients","Quarter Circle Forward PUNCH!","Quick Restart","Reliquary","Replay The Spire","RumiaBox-露米娅的神秘盒子","Ryuuou龙王","SIMod","Shop Mod","Spicy Shops","StSLib","TestMod","The Administrix","The Alterego","The Marked","The Mystic","UnlockEverythingMod","noobMod","【功能Mod】聪明的最终Boss","【遗物卡牌】REMEMod","残留之物","篝火指南"],"gold_per_floor":[112,112,37,51,451,161,189,8823,8823,8823,8823,8823,7177,7204,7204,5716,5716,5814,5814,5833,5833,3675,3685,1513,1513,1528,9799,9822,5311,5311,5331,3706,1596,252,331,331,343,393,393,393],"floor_reached":39,"language":"ZHS","playtime":6568,"items_purged":["PlaceholderMod:BaseStrike","PlaceholderMod:BaseDefend","PlaceholderMod:BaseStrike","PlaceholderMod:BaseDefend","PlaceholderMod:BaseStrike","PlaceholderMod:BaseStrike","PlaceholderMod:BaseDefend","PlaceholderMod:BaseDefend","PlaceholderMod:BaseStrike","PlaceholderMod:PoisonWhip"],"score":776,"play_id":"b4a587b0-ed82-4790-910b-8348c6f4a442","local_time":"20210224200050","is_ascension_mode":true,"campfire_choices":[{"data":"PlaceholderMod:Inner","floor":10,"key":"SMITH"},{"data":"PlaceholderMod:DiffusionPoison","floor":10,"key":"SMITH"},{"data":"PlaceholderMod:SelfCoupling","floor":17,"key":"SMITH"},{"data":"PlaceholderMod:Stable","floor":17,"key":"SMITH"},{"data":"PlaceholderMod:Inner","floor":25,"key":"SMITH"},{"data":"PlaceholderMod:PoisonBlast","floor":25,"key":"SMITH"},{"data":"PlaceholderMod:ChainPoly","floor":30,"key":"SMITH"},{"data":"PlaceholderMod:DoublePoint","floor":30,"key":"SMITH"}],"circlet_count":0,"master_deck":["PlaceholderMod:DiffusionPoison+1","LittleHelper","PlaceholderMod:NutritionAbsorb","SnowQueen","PlaceholderMod:HardStinger","LaLuna","PlaceholderMod:Inner+1","PlaceholderMod:Crystallization+1","PlaceholderMod:Stable+1","PlaceholderMod:Colorful","PlaceholderMod:FinalSpray","PlaceholderMod:ComplexForm+1","VoidDream","PlaceholderMod:SelfCoupling+1","PlaceholderMod:ChainPoly+1","MostiFishMod:ForestofLight","MostiFishMod:ForestofLight+1","GalaxyChild","PlaceholderMod:Inner+1","OSAHOGD","MostiFishMod:JungleRules+1","PlaceholderMod:PoisonBlast+1","Freischutz","PlaceholderMod:ThreeBenzyolStart+1","MeatLantern","OldLady","PlaceholderMod:DiffusionChemical","SingingMachine","Funeral","PlaceholderMod:DiffusionPoison","Woodsman","PlaceholderMod:ReactionCatalyze","BlackArmy","PlaceholderMod:SubstitutionNucleophilic1+1","CherryBlossoms"],"relics":["PlaceholderMod:Tancle","ice","REME_ComplimentaryCards","AT_ATBox","CogitoBucket","DaCapo","testmod-AscensionHeart","SynthV:TestCard","Baka2","Replay:Arrowhead","Question Card","Dota2Spire:DrumOfEndurance","qcfpunch:Black_Training_Shirt","StoneCalendar","Toolbox","Quantum Egg","MerchantsRug","AT_ChloranthyRing","reliquary:Buckler","PlaceholderMod:SlimeBlood","aspiration:Lifesprig","REME_CardOfGreed","Orrery","reliquary:Firecrackers","Juzu Bracelet","Mango","PlaceholderMod:FlatBlood","jedi:gremlinknob","reliquary:Knoch","TheAbacus","PageOfAlriune","testmod-TimeTraveler","SkinProphecy","aspiration:RitualStick","ChiLing","Chi","Ling","Bronze Scales","jedi:Pinwheel","reliquary:PurpleTingedLeaf","AT_TimeSand","OrangePellets","OriginationStaff","Matryoshka","Cauldron","PageOfTodaysShyLook","AT_BladeRuinedKing","ZombieArmy","Replay:Wax Seal","Dota2Spire:ArmletOfMordiggian","ResearcherNote","testmod-RainbowHikingShoes","PageOfGreed","Anchor","reliquary:BoilingFlask","Medical Kit","Replay:Baseball","testmod-Nyarlathotep","Chemical X","SynthV","qcfpunch:Lotus_Statue","Bird Faced Urn","Guide Book","qcfpunch:Army_Boots","Letter Opener","conspire:BottledYoYo","GodSword5","Dota2Spire:MagicBottle","REME_LowDesire","PageOfBloodbath","Akabeko","PageOfTheQueenOfHatred"],"acts_visited":["Exordium","TheCity","TheBeyond"],"potions_floor_usage":[7,18,20,20,24],"damage_taken":[{"damage":0,"enemies":"Small Slimes","floor":1,"turns":3},{"damage":13,"enemies":"2 Louse","floor":4,"turns":3},{"damage":76,"enemies":"3 Sentries","floor":7,"turns":8},{"damage":0,"enemies":"Lagavulin","floor":14,"turns":2},{"damage":0,"enemies":"Fading Forest","floor":18,"turns":8},{"damage":0,"enemies":"Shell Parasite","floor":20,"turns":2},{"damage":22,"enemies":"Spheric Guardian","floor":23,"turns":3},{"damage":48,"enemies":"Centurion and Healer","floor":24,"turns":5},{"damage":1,"enemies":"Shelled Parasite and Fungi","floor":26,"turns":2},{"damage":39,"enemies":"Book of Stabbing","floor":29,"turns":3},{"damage":10,"enemies":"Sentry and Sphere","floor":31,"turns":2},{"damage":20,"enemies":"Automaton","floor":35,"turns":2},{"damage":5,"enemies":"3 Shapes","floor":37,"turns":2},{"damage":0,"enemies":"Mind Bloom Boss Battle","floor":38,"turns":2},{"damage":5,"enemies":"2 Orb Walkers","floor":39,"turns":2}],"seed_played":"9045471024860574941","potions_obtained":[{"floor":4,"key":"PowerPotion"},{"floor":14,"key":"SneckoOil"},{"floor":18,"key":"DistilledChaos"}],"is_trial":false,"path_per_floor":["M","?","$","M","?","R","E","R","T","R","PTL","PTL","$","E","?","$","R","B",null,"M","?","$","M","M","R","M","$","T","E","R","M","$","$","R","B",null,"M","?","?"],"character_chosen":"THE_PLACEHOLDER","items_purchased":["Replay:Arrowhead","Dota2Spire:DrumOfEndurance","testmod-TestPotion","Strength Potion","SneckoOil","qcfpunch:Black_Training_Shirt","StoneCalendar","Toolbox","Quantum Egg","MerchantsRug","AT_ChloranthyRing","PlaceholderMod:Crystallization","reliquary:Buckler","PlaceholderMod:SlimeBlood","aspiration:Lifesprig","REME_CardOfGreed","Orrery","PlaceholderMod:HornyCollision","jedi:wingpotion","Mango","PlaceholderMod:FlatBlood","jedi:gremlinknob","reliquary:Knoch","TheAbacus","PlaceholderMod:ChainPoly","PageOfAlriune","MostiFishMod:ForestofLight","ChiLing","Bronze Scales","jedi:Pinwheel","reliquary:PurpleTingedLeaf","AT_TimeSand","OrangePellets","jedi:mysterypotion","PowerPotion","MostiFishMod:JungleRules","PlaceholderMod:PoisonBlast","OriginationStaff","Matryoshka","Cauldron","PageOfTodaysShyLook","AT_BladeRuinedKing","testmod-RainbowHikingShoes","PageOfGreed","Anchor","reliquary:BoilingFlask","Medical Kit","PlaceholderMod:Colorful","Replay:Baseball","testmod-Nyarlathotep","Chemical X","PlaceholderMod:DiffusionPoison","SynthV","qcfpunch:Lotus_Statue","Bird Faced Urn","Guide Book","qcfpunch:Army_Boots","Letter Opener","conspire:BottledYoYo","GodSword5"],"campfire_rested":0,"item_purchase_floors":[6,8,8,8,8,8,8,8,8,13,13,13,13,13,13,13,13,13,13,16,16,16,16,16,16,16,16,22,22,22,22,22,22,22,22,22,22,27,27,27,27,27,32,32,32,32,32,32,33,33,33,33,33,33,33,34,34,34,34,34],"current_hp_per_floor":[78,71,71,58,58,58,24,24,24,24,24,24,24,24,24,38,38,38,92,92,74,74,60,8,8,3,3,3,61,61,43,43,43,43,72,120,125,128,128,128],"gold":393,"neow_bonus":"","is_daily":false,"chose_seed":false,"campfire_upgraded":8,"win_rate":0.0,"timestamp":1614168050,"path_taken":["M","?","$","M","?","R","E","R","T","R","PTL","PTL","$","E","?","?","R","BOSS","M","?","$","M","M","R","M","$","T","E","R","M","?","$","R","BOSS","M","?","?"],"items_purchased_type":["Relic","Relic","Potion","Potion","Potion","Relic","Relic","Relic","Relic","Relic","Relic","Card","Relic","Relic","Relic","Relic","Relic","Card","Potion","Relic","Relic","Relic","Relic","Relic","Card","Relic","Card","Relic","Relic","Relic","Relic","Relic","Relic","Potion","Potion","Card","Card","Relic","Relic","Relic","Relic","Relic","Relic","Relic","Relic","Relic","Relic","Card","Relic","Relic","Relic","Card","Relic","Relic","Relic","Relic","Relic","Relic","Relic","Relic"],"build_version":"2020-12-22","purchased_purges":10,"victory":false,"max_hp_per_floor":[78,78,78,78,78,78,78,78,78,78,78,78,78,78,78,92,92,92,92,92,92,92,94,96,96,98,98,98,104,104,118,118,118,118,120,120,126,128,132,132],"card_choices":[{"not_picked":["Freischutz","UniverseFragment","PunishingBird"],"picked":"Singing Bowl","floor":1},{"not_picked":["BeautyBeast","OSAHOGD"],"picked":"LittleHelper","floor":1},{"not_picked":["PlaceholderMod:PoisonAbsorb","PlaceholderMod:Internalization"],"picked":"PlaceholderMod:NutritionAbsorb","floor":1},{"not_picked":["OldLady","CrumblingArmor","Murderer"],"picked":"Singing Bowl","floor":4},{"not_picked":["OSAHOGD","SpiderBud"],"picked":"SnowQueen","floor":4},{"not_picked":["PlaceholderMod:SprayAttack","PlaceholderMod:SeverePoisonStrike","PlaceholderMod:OHStrongAttack","PlaceholderMod:SpinBlade"],"picked":"PlaceholderMod:HardStinger","floor":4},{"not_picked":["UniverseFragment","MeatLantern"],"picked":"LaLuna","floor":7},{"not_picked":["PlaceholderMod:QualitativeChange","PlaceholderMod:AbsorbTouch","PlaceholderMod:HornyCollision","PlaceholderMod:QualitativeChange"],"picked":"PlaceholderMod:Inner","floor":7},{"not_picked":["PlaceholderMod:AttackAsDefend","PlaceholderMod:SprayAttack","PlaceholderMod:SevereHeat","PlaceholderMod:AbsorbTouch","PlaceholderMod:Internalization"],"picked":"PlaceholderMod:Stable","floor":13},{"not_picked":["PlaceholderMod:SeverePoisonStrike","PlaceholderMod:ProliferateStrike","PlaceholderMod:PoisonAbsorb","PlaceholderMod:Polyp","PlaceholderMod:EvolutionSpray"],"picked":"PlaceholderMod:Colorful","floor":13},{"not_picked":["PlaceholderMod:TriggerStrike","PlaceholderMod:SpinBlade","PlaceholderMod:CycleAttack","PlaceholderMod:Turn","PlaceholderMod:HardStinger"],"picked":"PlaceholderMod:FinalSpray","floor":13},{"not_picked":["PlaceholderMod:HealingAttack","PlaceholderMod:TriggerStrike","PlaceholderMod:HornyBlast","PlaceholderMod:DiffusionChemical","PlaceholderMod:DirectingGroup"],"picked":"PlaceholderMod:ComplexForm","floor":13},{"not_picked":["VoidDream","Murderer","UniverseFragment"],"picked":"Singing Bowl","floor":14},{"not_picked":["BeautyBeast","OldLady"],"picked":"VoidDream","floor":14},{"not_picked":["PlaceholderMod:DiffusionPoison","PlaceholderMod:CorePoison","PlaceholderMod:AbsorbTouch","PlaceholderMod:SelfCoupling","PlaceholderMod:Assimilation"],"picked":"PlaceholderMod:SelfCoupling","floor":14},{"not_picked":["Wellcheers","OldLady"],"picked":"GalaxyChild","floor":18},{"not_picked":["PlaceholderMod:HornyCollision","PlaceholderMod:Activation","PlaceholderMod:QualitativeChange","PlaceholderMod:Eat","PlaceholderMod:CorePoison"],"picked":"PlaceholderMod:Inner","floor":18},{"not_picked":["FieryBird","DreamingCurrent","Bloodbath"],"picked":"Singing Bowl","floor":20},{"not_picked":["FairyFestival","Wellcheers"],"picked":"OSAHOGD","floor":20},{"not_picked":["PlaceholderMod:TriggerStrike","PlaceholderMod:DissolvingSpikes","PlaceholderMod:Turn","PlaceholderMod:Internalization+1","PlaceholderMod:Break","PlaceholderMod:Sweep"],"picked":"SKIP","floor":20},{"not_picked":["WhitesApple","PunishingBird"],"picked":"Freischutz","floor":23},{"not_picked":["PlaceholderMod:HighConcentration+1","PlaceholderMod:PoisonExcitation","PlaceholderMod:DirectingGroup","PlaceholderMod:AttackAsDefend","PlaceholderMod:ProliferateStrike+1"],"picked":"PlaceholderMod:ThreeBenzyolStart+1","floor":23},{"not_picked":["Rudolta","BlackArmy"],"picked":"MeatLantern","floor":24},{"not_picked":["PlaceholderMod:PoisonAbsorb+1","PlaceholderMod:CrystallizationStrike","PlaceholderMod:StrongAcid","PlaceholderMod:EvolutionSpray+1","PlaceholderMod:PoisonExcitation","PlaceholderMod:Turn+1"],"picked":"SKIP","floor":24},{"not_picked":["Murderer","Bloodbath"],"picked":"OldLady","floor":26},{"not_picked":["PlaceholderMod:AngryAttack","PlaceholderMod:Package","PlaceholderMod:Inner","PlaceholderMod:PoisonAbsorb","PlaceholderMod:SprayAttack"],"picked":"PlaceholderMod:DiffusionChemical","floor":26},{"not_picked":["Scarecrow","Woodsman"],"picked":"SingingMachine","floor":29},{"not_picked":["PlaceholderMod:Inner","PlaceholderMod:CorePoison","PlaceholderMod:BlastSpray","PlaceholderMod:Inner","PlaceholderMod:Eat"],"picked":"PlaceholderMod:DoublePoint","floor":29},{"not_picked":["PunishingBird","Alriune"],"picked":"Funeral","floor":31},{"not_picked":["PlaceholderMod:AngryAttack","PlaceholderMod:StressReaction","PlaceholderMod:DissolvingSpikes","PlaceholderMod:Turn","PlaceholderMod:TriggerStrike","PlaceholderMod:SeverePoisonStrike"],"picked":"SKIP","floor":31},{"not_picked":["PlaceholderMod:AngryAttack","PlaceholderMod:StressReaction","PlaceholderMod:DissolvingSpikes","PlaceholderMod:Turn","PlaceholderMod:TriggerStrike","PlaceholderMod:SeverePoisonStrike"],"picked":"SKIP","floor":31},{"not_picked":["Mercenary","MHz","DreamingCurrent"],"picked":"Singing Bowl","floor":35},{"not_picked":["Laetitia","Rudolta"],"picked":"Woodsman","floor":35},{"not_picked":["PlaceholderMod:CorePoison","PlaceholderMod:BlastSpray","PlaceholderMod:FinalSpray","PlaceholderMod:SelfCoupling","PlaceholderMod:PericyclicReaction"],"picked":"PlaceholderMod:ReactionCatalyze","floor":35},{"not_picked":["LongBird","Laetitia"],"picked":"BlackArmy","floor":37},{"not_picked":["PlaceholderMod:ProliferateStrike+1","PlaceholderMod:SpinBlade+1","PlaceholderMod:TriggerStrike","PlaceholderMod:NutritionAbsorb+1","PlaceholderMod:StrongAcid","testmod-CardIndex"],"picked":"PlaceholderMod:SubstitutionNucleophilic1+1","floor":37},{"not_picked":["PlagueDoctor","Yin"],"picked":"CherryBlossoms","floor":38}],"player_experience":69704,"relics_obtained":[{"floor":1,"key":"SynthV:TestCard"},{"floor":1,"key":"Baka"},{"floor":4,"key":"Baka2"},{"floor":7,"key":"Question Card"},{"floor":14,"key":"reliquary:Firecrackers"},{"floor":28,"key":"ZombieArmy"},{"floor":28,"key":"Replay:Wax Seal"},{"floor":29,"key":"Dota2Spire:ArmletOfMordiggian"},{"floor":35,"key":"Dota2Spire:MagicBottle"},{"floor":36,"key":"PageOfBloodbath"},{"floor":36,"key":"Akabeko"},{"floor":38,"key":"PageOfTheQueenOfHatred"}],"event_choices":[{"cards_removed":["PlaceholderMod:BaseDefend"],"damage_healed":0,"gold_gain":0,"player_choice":"Card Removal","damage_taken":7,"max_hp_gain":0,"max_hp_loss":0,"event_name":"Golden Wing","floor":2,"gold_loss":0},{"damage_healed":0,"gold_gain":400,"player_choice":"Sell","damage_taken":0,"max_hp_gain":0,"max_hp_loss":0,"event_name":"恩洛斯的盘子","floor":5,"relics_lost":["DaveBox"],"gold_loss":0},{"damage_healed":0,"gold_gain":0,"player_choice":"Swap Relic","damage_taken":0,"relics_obtained":["Juzu Bracelet"],"max_hp_gain":0,"max_hp_loss":0,"event_name":"给自己的盒子","floor":15,"relics_lost":["testmod-TestBox"],"gold_loss":0},{"damage_healed":0,"gold_gain":0,"player_choice":"Fight","damage_taken":0,"max_hp_gain":0,"max_hp_loss":0,"event_name":"MindBloom","floor":38,"gold_loss":0},{"damage_healed":0,"gold_gain":0,"player_choice":"Fight","damage_taken":0,"max_hp_gain":0,"max_hp_loss":0,"event_name":"Mysterious Sphere","floor":39,"gold_loss":0}],"is_beta":false,"boss_relics":[{"not_picked":["RhineFirstAidKit","testmod-Prudence"],"picked":"testmod-TimeTraveler"},{"not_picked":["Replay:Bronze Core","Ring of Chaos"],"picked":"REME_LowDesire"}],"items_purged_floors":[3,8,13,16,22,27,32,32,33,34],"is_endless":false,"potions_floor_spawned":[4,14,18,20,29,35],"killed_by":"2 Orb Walkers","ascension_level":3}}