{"host":"ecvfachamqf62ewl","time":1614204365,"event":{"mods":["AchievementEnabler","BaseMod","Colored Map","Colored Powertips","Minty Spire (QoL Compilation)","Rare Cards Sparkle","Relic Stats","StSLib","SuperFastMode"],"gold_per_floor":[136,171,212,212,253,311,350,376,399,399,440,515,575,525,525,623,623,686,686,754,754,766,820,834,834,834],"floor_reached":25,"language":"ENG","playtime":2170,"items_purged":[],"score":400,"play_id":"6320912e-8e92-4de7-9ee8-7515af3f9c3c","local_time":"20210224170605","is_ascension_mode":true,"campfire_choices":[{"data":"DevaForm","floor":10.0,"key":"SMITH"},{"floor":15.0,"key":"REST"}],"circlet_count":0,"master_deck":["Eruption","Vigilance","Worship+1","EmptyMind","SandsOfTime","DeceiveReality","Wish+1","Vengeance+1","Protect","Perseverance+1","Meditate","CutThroughFate","FollowUp","FlurryOfBlows","DevaForm+1","EmptyBody","FlurryOfBlows","Wish","RitualDagger","Meditate"],"relics":["Pandora\u0027s Box","InkBottle","Dream Catcher","MealTicket","Lantern","Sozu","War Paint"],"acts_visited":["Exordium","TheCity"],"potions_floor_usage":[23,24],"damage_taken":[{"damage":4.0,"enemies":"2 Louse","floor":1.0,"turns":5.0},{"damage":4.0,"enemies":"Small Slimes","floor":2.0,"turns":4.0},{"damage":0.0,"enemies":"Cultist","floor":3.0,"turns":3.0},{"damage":1.0,"enemies":"Blue Slaver","floor":5.0,"turns":5.0},{"damage":2.0,"enemies":"Lagavulin","floor":6.0,"turns":5.0},{"damage":0.0,"enemies":"Large Slime","floor":7.0,"turns":5.0},{"damage":21.0,"enemies":"Gremlin Nob","floor":8.0,"turns":4.0},{"damage":4.0,"enemies":"2 Fungi Beasts","floor":11.0,"turns":3.0},{"damage":0.0,"enemies":"Lagavulin","floor":13.0,"turns":6.0},{"damage":0.0,"enemies":"Slime Boss","floor":16.0,"turns":5.0},{"damage":10.0,"enemies":"2 Thieves","floor":18.0,"turns":4.0},{"damage":1.0,"enemies":"Spheric Guardian","floor":20.0,"turns":5.0},{"damage":24.0,"enemies":"Snake Plant","floor":22.0,"turns":7.0},{"damage":48,"enemies":"Slavers","floor":23,"turns":7},{"damage":0,"enemies":"Shelled Parasite and Fungi","floor":24,"turns":6},{"damage":2,"enemies":"Book of Stabbing","floor":25,"turns":4}],"seed_played":"-6588200795689398071","potions_obtained":[{"floor":1.0,"key":"SpeedPotion"},{"floor":6.0,"key":"Dexterity Potion"},{"floor":7.0,"key":"FairyPotion"},{"floor":11.0,"key":"CultistPotion"},{"floor":16.0,"key":"Ancient Potion"}],"is_trial":false,"path_per_floor":["M","M","M","?","M","E","M","E","T","R","M","?","E","?","R","B",null,"M","?","M","?","M","E","M","E"],"character_chosen":"WATCHER","items_purchased":[],"campfire_rested":1,"item_purchase_floors":[],"current_hp_per_floor":[68,64,64,50,49,47,47,26,26,26,22,11,11,11,32,32,62,52,52,51,45,21,2,2,0,0],"gold":834,"neow_bonus":"BOSS_RELIC","is_daily":false,"chose_seed":false,"campfire_upgraded":1,"win_rate":0.0,"timestamp":1614204365,"path_taken":["M","M","M","?","M","E","M","E","T","R","M","?","E","?","R","BOSS","M","?","?","?","M","E","M","E"],"items_purchased_type":[],"build_version":"2020-12-22","purchased_purges":0,"victory":false,"max_hp_per_floor":[72,72,72,72,72,72,72,72,72,72,72,72,72,72,72,72,72,72,72,72,72,72,72,72,72,72],"relic_stats":{"Sozu":1,"Dream Catcher":1,"counters":[16,78],"Pandora\u0027s Box":["Worship","EmptyMind","SandsOfTime","DeceiveReality","Wish","Vengeance","Collect","Protect"],"MealTicket":0,"War Paint":["Wish","Worship"],"obtain_stats":[{"Sozu":17,"Dream Catcher":8,"Lantern":13,"Pandora\u0027s Box":0,"MealTicket":9,"PureWater":0,"War Paint":23,"InkBottle":6},{"Sozu":10,"Dream Catcher":7,"Lantern":9,"Pandora\u0027s Box":0,"MealTicket":7,"PureWater":0,"War Paint":14,"InkBottle":5},{"Sozu":45,"Dream Catcher":31,"Lantern":40,"Pandora\u0027s Box":0,"MealTicket":31,"PureWater":0,"War Paint":68,"InkBottle":22}],"InkBottle":[23]},"card_choices":[{"not_picked":["Collect","Evaluate"],"picked":"Perseverance","floor":1.0},{"not_picked":["Evaluate","ThirdEye"],"picked":"Meditate","floor":2.0},{"not_picked":["Fasting2","Pray"],"picked":"CutThroughFate","floor":3.0},{"not_picked":["Halt","ClearTheMind"],"picked":"FollowUp","floor":5.0},{"not_picked":["Evaluate","Crescendo"],"picked":"FlurryOfBlows","floor":6.0},{"not_picked":["Halt","CutThroughFate"],"picked":"DevaForm","floor":7.0},{"not_picked":["Prostrate","SandsOfTime","SashWhip"],"picked":"SKIP","floor":8.0},{"not_picked":["FlurryOfBlows","FollowUp"],"picked":"EmptyBody","floor":11.0},{"not_picked":["Nirvana","EmptyBody"],"picked":"FlurryOfBlows","floor":13.0},{"not_picked":["DevaForm","Alpha"],"picked":"Wish","floor":16.0},{"not_picked":["EmptyFist","JustLucky","FollowUp"],"picked":"SKIP","floor":18.0},{"not_picked":["Nirvana","FlurryOfBlows","Evaluate"],"picked":"SKIP","floor":20.0},{"not_picked":["CutThroughFate","WindmillStrike","FlurryOfBlows"],"picked":"SKIP","floor":22.0},{"not_picked":["CarveReality","EmptyBody"],"picked":"Meditate","floor":23},{"not_picked":["SandsOfTime","CrushJoints","FlurryOfBlows"],"picked":"SKIP","floor":24}],"player_experience":444075,"relics_obtained":[{"floor":6.0,"key":"InkBottle"},{"floor":8.0,"key":"Dream Catcher"},{"floor":9.0,"key":"MealTicket"},{"floor":13.0,"key":"Lantern"},{"floor":23,"key":"War Paint"}],"event_choices":[{"damage_healed":0.0,"max_hp_gain":0.0,"max_hp_loss":0.0,"gold_gain":0.0,"event_name":"Shining Light","player_choice":"Entered Light","floor":4.0,"gold_loss":0.0,"damage_taken":14.0,"cards_upgraded":["Perseverance","Vengeance"]},{"damage_healed":0.0,"max_hp_gain":0.0,"max_hp_loss":0.0,"gold_gain":75.0,"event_name":"World of Goop","player_choice":"Gather Gold","floor":12.0,"gold_loss":0.0,"damage_taken":11.0},{"cards_removed":["Collect"],"damage_healed":0.0,"max_hp_gain":0.0,"max_hp_loss":0.0,"gold_gain":0.0,"event_name":"The Cleric","player_choice":"Card Removal","floor":14.0,"gold_loss":50.0,"damage_taken":0.0},{"damage_healed":0.0,"max_hp_gain":0.0,"max_hp_loss":0.0,"gold_gain":0.0,"event_name":"Purifier","player_choice":"Ignored","floor":19.0,"gold_loss":0.0,"damage_taken":0.0},{"damage_healed":0.0,"max_hp_gain":0.0,"max_hp_loss":0.0,"gold_gain":0.0,"event_name":"Nest","player_choice":"Joined the Cult","floor":21.0,"gold_loss":0.0,"damage_taken":6.0,"cards_obtained":["RitualDagger"]}],"is_beta":false,"boss_relics":[{"not_picked":["Runic Dome","Philosopher\u0027s Stone"],"picked":"Sozu"}],"items_purged_floors":[],"is_endless":false,"potions_floor_spawned":[1,6,7,11,16,22],"killed_by":"Book of Stabbing","ascension_level":5}}