{"host":"3zmssa4s99zhxek5","time":1614172060,"event":{"mods":["AchievementEnabler","BaseMod","Minty Spire (QoL Compilation)","Permanent Neow","Relic Stats"],"gold_per_floor":[109,120,120,130,205,205,42,42,42,54,89,106,134,59,59,135,135,149,149,149,166,192,222,234,31,31,58,84,98,23,23,23,101,101,116,116,127,127,15,40,40,69,69,86,98,40,40,40,40,40,40],"floor_reached":50,"language":"KOR","playtime":2778,"items_purged":["Zap"],"score":1138,"play_id":"695c34fe-6032-4fe5-8c64-1cd415a4e562","local_time":"20210224220740","is_ascension_mode":true,"campfire_choices":[{"data":"Self Repair","floor":6,"key":"SMITH"},{"data":"Sweeping Beam","floor":8,"key":"SMITH"},{"data":"Go for the Eyes","floor":15,"key":"SMITH"},{"data":"Beam Cell","floor":24,"key":"SMITH"},{"data":"Echo Form","floor":32,"key":"SMITH"},{"data":"Hologram","floor":41,"key":"SMITH"},{"data":"Redo","floor":47,"key":"SMITH"},{"floor":49,"key":"RECALL"}],"circlet_count":0,"master_deck":["AscendersBane","Strike_B+1","Defend_B+1","Dualcast+1","Sweeping Beam+1","Gash+1","Self Repair+1","Steam+1","Go for the Eyes+1","Reinforced Body+1","Steam+1","Core Surge+1","Steam+1","Reboot+1","Beam Cell+1","Gash+1","Doom and Gloom+1","Redo+1","Echo Form+1","Stack+1","Gash+1","All For One+1","Gash+1","Hologram+1","Madness+1","Madness+1","Gash+1","Hologram+1","Parasite","Hologram+1","Reprogram+1","Go for the Eyes+1"],"relics":["Cracked Core","Toy Ornithopter","Lee\u0027s Waffle","Gambling Chip","PreservedInsect","Turnip","Runic Pyramid","Red Mask","MawBank","Shuriken","Whetstone","War Paint","Empty Cage","HornCleat","Ornamental Fan","Frozen Egg 2","Mark of the Bloom"],"acts_visited":["Exordium","TheCity","TheBeyond"],"potions_floor_usage":[11,22,23,23,28,42,44,50],"damage_taken":[{"damage":0,"enemies":"Cultist","floor":1,"turns":3},{"damage":4,"enemies":"Jaw Worm","floor":2,"turns":3},{"damage":7,"enemies":"Small Slimes","floor":4,"turns":3},{"damage":0,"enemies":"3 Louse","floor":10,"turns":2},{"damage":15,"enemies":"Gremlin Nob","floor":11,"turns":4},{"damage":0,"enemies":"2 Fungi Beasts","floor":12,"turns":3},{"damage":9,"enemies":"Lagavulin","floor":13,"turns":5},{"damage":65,"enemies":"Slime Boss","floor":16,"turns":13},{"damage":1,"enemies":"Spheric Guardian","floor":18,"turns":4},{"damage":6,"enemies":"Shell Parasite","floor":21,"turns":9},{"damage":24,"enemies":"Masked Bandits","floor":22,"turns":6},{"damage":14,"enemies":"Gremlin Leader","floor":23,"turns":7},{"damage":13,"enemies":"Slavers","floor":28,"turns":5},{"damage":7,"enemies":"Centurion and Healer","floor":29,"turns":6},{"damage":23,"enemies":"Automaton","floor":33,"turns":9},{"damage":6,"enemies":"Orb Walker","floor":35,"turns":4},{"damage":12,"enemies":"3 Shapes","floor":37,"turns":3},{"damage":2,"enemies":"Giant Head","floor":40,"turns":4},{"damage":54,"enemies":"Nemesis","floor":42,"turns":5},{"damage":20,"enemies":"Writhing Mass","floor":44,"turns":5},{"damage":12,"enemies":"4 Shapes","floor":45,"turns":4},{"damage":45,"enemies":"Time Eater","floor":50,"turns":6}],"seed_played":"5309111274258220160","potions_obtained":[{"floor":1,"key":"EntropicBrew"},{"floor":4,"key":"BlessingOfTheForge"},{"floor":13,"key":"Swift Potion"},{"floor":16,"key":"LiquidMemories"},{"floor":23,"key":"SteroidPotion"},{"floor":29,"key":"AttackPotion"},{"floor":40,"key":"GamblersBrew"},{"floor":42,"key":"Strength Potion"},{"floor":45,"key":"SpeedPotion"}],"is_trial":false,"path_per_floor":["M","M","?","M","?","R","$","R","T","M","E","M","E","?","R","B",null,"M","?","?","M","?","E","R","$","T","T","E","M","?","?","R","B",null,"M","?","M","?","$","E","R","E","T","M","M","$","R","?","R","B"],"character_chosen":"DEFECT","items_purchased":["Lee\u0027s Waffle","Doom and Gloom","Redo","Gash","Hologram","Go for the Eyes"],"campfire_rested":0,"item_purchase_floors":[7,25,25,39,39,46],"current_hp_per_floor":[46,49,31,24,13,13,78,78,78,78,78,78,78,78,78,23,64,73,73,73,77,68,74,74,74,74,74,75,78,78,78,78,65,75,69,69,67,53,53,61,61,32,32,37,45,45,45,45,45,0,0],"gold":40,"neow_bonus":"TRANSFORM_TWO_CARDS","is_daily":false,"chose_seed":false,"campfire_upgraded":7,"win_rate":0.0,"timestamp":1614172060,"path_taken":["M","M","?","M","?","R","$","R","T","M","E","M","E","?","R","BOSS","M","?","?","M","?","E","R","$","T","?","E","?","?","?","R","BOSS","M","?","M","?","?","E","R","E","T","?","?","$","R","?","R","BOSS"],"items_purchased_type":["Relic","Card","Card","Card","Card","Card"],"build_version":"2020-12-22","purchased_purges":1,"victory":false,"max_hp_per_floor":[71,71,71,71,71,71,78,78,78,78,78,78,78,78,78,78,78,78,78,78,78,78,78,78,78,78,78,78,78,78,78,78,78,78,78,78,78,78,78,78,78,78,78,78,78,78,78,78,78,78,78],"relic_stats":{"Lee\u0027s Waffle":65,"Mark of the Bloom":5,"counters":[22,113],"PreservedInsect":300,"Whetstone":["Doom and Gloom","Strike_B"],"War Paint":["Steam","Steam"],"MawBank":24,"Shuriken":[31],"Ornamental Fan":[40],"Gambling Chip":[47],"Turnip":[20],"obtain_stats":[{"Lee\u0027s Waffle":7,"Mark of the Bloom":48,"PreservedInsect":11,"Whetstone":27,"War Paint":28,"Frozen Egg 2":43,"MawBank":23,"Empty Cage":34,"HornCleat":40,"Shuriken":26,"Ornamental Fan":42,"Gambling Chip":9,"Turnip":13,"Red Mask":22,"Cracked Core":0,"Toy Ornithopter":3,"Runic Pyramid":17},{"Lee\u0027s Waffle":3,"Mark of the Bloom":21,"PreservedInsect":5,"Whetstone":12,"War Paint":13,"Frozen Egg 2":19,"MawBank":12,"Empty Cage":15,"HornCleat":18,"Shuriken":12,"Ornamental Fan":19,"Gambling Chip":3,"Turnip":7,"Red Mask":11,"Cracked Core":0,"Toy Ornithopter":2,"Runic Pyramid":8},{"Lee\u0027s Waffle":9,"Mark of the Bloom":107,"PreservedInsect":15,"Whetstone":62,"War Paint":67,"Frozen Egg 2":98,"MawBank":62,"Empty Cage":82,"HornCleat":93,"Shuriken":62,"Ornamental Fan":98,"Gambling Chip":9,"Turnip":23,"Red Mask":55,"Cracked Core":0,"Toy Ornithopter":6,"Runic Pyramid":36}],"Toy Ornithopter":34},"card_choices":[{"not_picked":["Undo","Stack"],"picked":"Self Repair","floor":1},{"not_picked":["Double Energy","Stack"],"picked":"Steam","floor":2},{"not_picked":["Turbo","Blizzard"],"picked":"Go for the Eyes","floor":4},{"not_picked":["Barrage","Turbo"],"picked":"Reinforced Body","floor":10},{"not_picked":["Static Discharge","Cold Snap"],"picked":"Steam","floor":11},{"not_picked":["Steam","Beam Cell"],"picked":"Core Surge","floor":12},{"not_picked":["Compile Driver","Ball Lightning"],"picked":"Steam","floor":13},{"not_picked":["Electrodynamics","Meteor Strike"],"picked":"Reboot","floor":16},{"not_picked":["Sweeping Beam","Rip and Tear+1"],"picked":"Beam Cell","floor":18},{"not_picked":["Go for the Eyes","Redo+1"],"picked":"Gash","floor":21},{"not_picked":["Barrage","Chaos"],"picked":"Rebound","floor":22},{"not_picked":["Redo","Stack","Rebound"],"picked":"SKIP","floor":23},{"not_picked":["Cold Snap","Auto Shields+1"],"picked":"Echo Form","floor":28},{"not_picked":["Defragment","Heatsinks"],"picked":"Stack","floor":29},{"not_picked":["Rainbow","Electrodynamics"],"picked":"All For One","floor":33},{"not_picked":["Aggregate","Barrage+1"],"picked":"Gash","floor":35},{"not_picked":["Loop","White Noise"],"picked":"Hologram+1","floor":37},{"not_picked":["Aggregate","Turbo+1","Cold Snap"],"picked":"SKIP","floor":40},{"not_picked":["Leap","Storm","Sweeping Beam"],"picked":"SKIP","floor":42},{"not_picked":["Redo","Turbo"],"picked":"Hologram+1","floor":44},{"not_picked":["Rebound","Cold Snap"],"picked":"Reprogram","floor":45}],"player_experience":1682486,"relics_obtained":[{"floor":9,"key":"Gambling Chip"},{"floor":11,"key":"PreservedInsect"},{"floor":13,"key":"Turnip"},{"floor":22,"key":"Red Mask"},{"floor":23,"key":"MawBank"},{"floor":26,"key":"Shuriken"},{"floor":27,"key":"Whetstone"},{"floor":28,"key":"War Paint"},{"floor":40,"key":"HornCleat"},{"floor":42,"key":"Ornamental Fan"},{"floor":43,"key":"Frozen Egg 2"}],"event_choices":[{"damage_healed":0,"gold_gain":0,"player_choice":"Success","damage_taken":18,"relics_obtained":["Toy Ornithopter"],"max_hp_gain":0,"max_hp_loss":0,"event_name":"Scrap Ooze","floor":3,"gold_loss":0},{"damage_healed":0,"gold_gain":75,"player_choice":"Gather Gold","damage_taken":11,"max_hp_gain":0,"max_hp_loss":0,"event_name":"World of Goop","floor":5,"gold_loss":0},{"cards_removed":["Defend_B"],"damage_healed":0,"gold_gain":0,"player_choice":"Card Removal","damage_taken":0,"max_hp_gain":0,"max_hp_loss":0,"event_name":"The Cleric","floor":14,"gold_loss":75},{"damage_healed":0,"gold_gain":0,"player_choice":"Ignored","damage_taken":0,"max_hp_gain":0,"max_hp_loss":0,"event_name":"Ghosts","floor":19,"gold_loss":0},{"damage_healed":0,"gold_gain":0,"player_choice":"Ignored","damage_taken":0,"max_hp_gain":0,"max_hp_loss":0,"event_name":"Vampires","floor":20,"gold_loss":0},{"damage_healed":0,"gold_gain":0,"player_choice":"Fought Bandits","damage_taken":0,"max_hp_gain":0,"max_hp_loss":0,"event_name":"Masked Bandits","floor":22,"gold_loss":0},{"cards_removed":["Strike_B"],"damage_healed":0,"gold_gain":0,"player_choice":"Gave Gold","damage_taken":0,"max_hp_gain":0,"max_hp_loss":0,"event_name":"Beggar","floor":30,"gold_loss":75},{"damage_healed":0,"gold_gain":0,"player_choice":"Read","damage_taken":0,"max_hp_gain":0,"max_hp_loss":0,"event_name":"The Library","floor":31,"gold_loss":0,"cards_obtained":["Gash"]},{"cards_removed":["Rebound"],"damage_healed":0,"gold_gain":0,"player_choice":"Removed Attack","damage_taken":0,"max_hp_gain":0,"max_hp_loss":0,"event_name":"Falling","floor":36,"gold_loss":0},{"damage_healed":0,"gold_gain":0,"player_choice":"Embrace Madness","damage_taken":14,"max_hp_gain":0,"max_hp_loss":0,"event_name":"Winding Halls","floor":38,"gold_loss":0,"cards_obtained":["Madness","Madness"]},{"damage_healed":0,"gold_gain":0,"player_choice":"Upgrade","damage_taken":0,"relics_obtained":["Mark of the Bloom"],"max_hp_gain":0,"max_hp_loss":0,"event_name":"MindBloom","floor":48,"gold_loss":0,"cards_upgraded":["Defend_B","Dualcast","Gash","Steam","Reinforced Body","Core Surge","Reboot","Gash","Stack","Gash","All For One","Gash","Madness","Madness","Gash","Reprogram","Go for the Eyes"]}],"is_beta":false,"boss_relics":[{"not_picked":["Tiny House","Snecko Eye"],"picked":"Runic Pyramid"},{"not_picked":["FrozenCore","Sozu"],"picked":"Empty Cage"}],"items_purged_floors":[25],"is_endless":false,"potions_floor_spawned":[1,4,13,16,21,23,29,40,42,45],"killed_by":"Time Eater","ascension_level":20}}