{"host":"5tzvto3beate6p8b","time":1614179308,"event":{"mods":["BaseMod","Colored Map","DeckTracker","Minty Spire (QoL Compilation)","Relic Stats","StSLib","SuperFastMode"],"gold_per_floor":[116,133,150,168,178,178,197,197,267,267,267,267,342,16,16,88,88,106,31,31,46,63,63,63,63],"floor_reached":24,"language":"JPN","playtime":834,"items_purged":["Strike_G"],"score":476,"play_id":"ef87ade3-76e9-4bb7-9eb2-d18bb3826fa7","local_time":"20210225000828","is_ascension_mode":true,"campfire_choices":[{"data":"Catalyst","floor":6,"key":"SMITH"},{"data":"Bouncing Flask","floor":8,"key":"SMITH"},{"floor":12,"key":"REST"},{"data":"Neutralize","floor":15,"key":"SMITH"},{"data":"Malaise","floor":23,"key":"SMITH"}],"circlet_count":0,"master_deck":["AscendersBane","Defend_G","Defend_G","Defend_G","Defend_G","Survivor","Neutralize+1","PiercingWail","Bouncing Flask+1","Catalyst+1","Bouncing Flask+1","Backflip","Bane","Backflip","Malaise+1","Sucker Punch","RitualDagger","Backflip","Poisoned Stab"],"relics":["Ring of the Snake","Pantograph","Membership Card","Ancient Tea Set","Empty Cage"],"acts_visited":["Exordium","TheCity"],"potions_floor_usage":[16,18,24],"damage_taken":[{"damage":26,"enemies":"Jaw Worm","floor":1,"turns":10},{"damage":0,"enemies":"2 Louse","floor":2,"turns":4},{"damage":2,"enemies":"Small Slimes","floor":3,"turns":4},{"damage":4,"enemies":"2 Fungi Beasts","floor":4,"turns":4},{"damage":3,"enemies":"Blue Slaver","floor":5,"turns":3},{"damage":8,"enemies":"3 Louse","floor":7,"turns":5},{"damage":0,"enemies":"The Guardian","floor":16,"turns":7},{"damage":4,"enemies":"3 Byrds","floor":18,"turns":4},{"damage":6,"enemies":"Shell Parasite","floor":21,"turns":5},{"damage":15,"enemies":"Centurion and Healer","floor":22,"turns":7},{"damage":37,"enemies":"Slavers","floor":24,"turns":2}],"seed_played":"4755797324610436127","potions_obtained":[{"floor":2,"key":"FearPotion"},{"floor":3,"key":"DuplicationPotion"},{"floor":5,"key":"Fire Potion"},{"floor":21,"key":"Swift Potion"},{"floor":22,"key":"Regen Potion"}],"is_trial":false,"path_per_floor":["M","M","M","M","M","R","M","R","T","?","?","R","?","$","R","B",null,"M","?","?","M","M","R","E"],"character_chosen":"THE_SILENT","items_purchased":["Membership Card","Ancient Tea Set","Backflip"],"campfire_rested":1,"item_purchase_floors":[14,14,14],"current_hp_per_floor":[33,33,31,27,24,24,16,16,16,16,16,34,23,23,23,48,57,53,53,47,41,26,26,0,0],"gold":63,"neow_bonus":"REMOVE_TWO","is_daily":false,"chose_seed":false,"campfire_upgraded":4,"win_rate":0.0,"timestamp":1614179308,"path_taken":["M","M","M","M","M","R","M","R","T","?","?","R","?","$","R","BOSS","M","?","?","M","M","R","E"],"items_purchased_type":["Relic","Relic","Card"],"build_version":"2020-12-22","purchased_purges":1,"victory":false,"max_hp_per_floor":[60,60,60,60,60,60,60,60,60,60,60,60,60,60,60,60,60,60,60,60,60,60,60,60,60],"relic_stats":{"counters":[11,55],"Pantograph":25,"obtain_stats":[{"Pantograph":9,"Membership Card":14,"Ancient Tea Set":14,"Empty Cage":17,"Ring of the Snake":0},{"Pantograph":6,"Membership Card":6,"Ancient Tea Set":6,"Empty Cage":7,"Ring of the Snake":0},{"Pantograph":30,"Membership Card":30,"Ancient Tea Set":30,"Empty Cage":37,"Ring of the Snake":0}],"Ring of the Snake":[22]},"card_choices":[{"not_picked":["Outmaneuver","Infinite Blades"],"picked":"PiercingWail","floor":1},{"not_picked":["Terror","Underhanded Strike"],"picked":"Bouncing Flask","floor":2},{"not_picked":["Heel Hook","Dagger Spray"],"picked":"Catalyst","floor":3},{"not_picked":["Cloak And Dagger","Quick Slash"],"picked":"Bouncing Flask","floor":4},{"not_picked":["Flechettes","Deflect"],"picked":"Backflip","floor":5},{"not_picked":["Reflex","Accuracy"],"picked":"Bane","floor":7},{"not_picked":["Bullet Time","Tools of the Trade"],"picked":"Malaise","floor":16},{"not_picked":["Accuracy","Underhanded Strike"],"picked":"Sucker Punch","floor":18},{"not_picked":["All Out Attack","Underhanded Strike"],"picked":"Backflip","floor":21},{"not_picked":["Prepared","Infinite Blades"],"picked":"Poisoned Stab","floor":22}],"player_experience":870587,"relics_obtained":[{"floor":9,"key":"Pantograph"}],"event_choices":[{"damage_healed":0,"gold_gain":0,"player_choice":"Grow","damage_taken":0,"max_hp_gain":0,"max_hp_loss":0,"event_name":"Living Wall","floor":10,"gold_loss":0,"cards_upgraded":["Bouncing Flask"]},{"damage_healed":0,"gold_gain":0,"player_choice":"Ignored","damage_taken":0,"max_hp_gain":0,"max_hp_loss":0,"event_name":"Shining Light","floor":11,"gold_loss":0},{"damage_healed":0,"gold_gain":75,"player_choice":"Gather Gold","damage_taken":11,"max_hp_gain":0,"max_hp_loss":0,"event_name":"World of Goop","floor":13,"gold_loss":0},{"cards_removed":["Strike_G"],"damage_healed":0,"gold_gain":0,"player_choice":"Gave Gold","damage_taken":0,"max_hp_gain":0,"max_hp_loss":0,"event_name":"Beggar","floor":19,"gold_loss":75},{"damage_healed":0,"gold_gain":0,"player_choice":"Joined the Cult","damage_taken":6,"max_hp_gain":0,"max_hp_loss":0,"event_name":"Nest","floor":20,"gold_loss":0,"cards_obtained":["RitualDagger"]}],"is_beta":false,"boss_relics":[{"not_picked":["Ectoplasm","WristBlade"],"picked":"Empty Cage"}],"items_purged_floors":[14],"is_endless":false,"potions_floor_spawned":[2,3,5,21,22],"killed_by":"Slavers","ascension_level":20}}