{"host":"ju66gn9zov5ov15o","time":1614205305,"event":{"mods":["100% Spire Juice","2.2 Compatiblity","Act Like it!","Aspiration","BaseMod","Conspire","Downfall","GifTheSpireLib","Hubris","Lobotomy","LobotomyExtend","Marisa????????","Minty Spire (QoL Compilation)","Pale of the Ancients","Rare Cards Sparkle","Relic Stats","Ruina","Shapeshifter Mod","StSLib","The Alterego","The Animator"],"gold_per_floor":[99,112,97,111,111,131,179,207,252,10,39,39,72,88,88,88,88,88],"floor_reached":16,"language":"ENG","playtime":781,"items_purged":[],"score":122,"play_id":"de7ea03c-e8ed-4ccc-93ba-f14e493cd0b0","local_time":"20210224232145","is_ascension_mode":false,"campfire_choices":[{"data":"Guardian:FierceBash","floor":1,"key":"SMITH"}],"circlet_count":0,"master_deck":["Guardian:Strike_Guardian","Guardian:Strike_Guardian","Guardian:Strike_Guardian","Guardian:Strike_Guardian","Guardian:Defend_Guardian","Guardian:Defend_Guardian","Guardian:Defend_Guardian","Guardian:Defend_Guardian","Guardian:CurlUp","Guardian:TwinSlam","Injury","Guardian:FierceBash+1","Guardian:Gem_Crimson","Guardian:SpikerProtocol","Guardian:Incinerate","Guardian:TemporalShield","Guardian:Gem_Yellow","Guardian:Emergency","Guardian:Orbwalk","Guardian:FierceBash+1"],"relics":["Guardian:ModeShifter","conspire:GiftBox","MawBank","The Courier","LetterFromLob","TungstenRod","Boot","Molten Egg 2","aspiration:FrozenJewel"],"acts_visited":["Exordium"],"potions_floor_usage":[9,14,15],"damage_taken":[{"damage":6,"enemies":"Jaw Worm","floor":2,"turns":3},{"damage":5,"enemies":"downfall:FleeingMerchant","floor":3,"turns":4},{"damage":0,"enemies":"Cultist","floor":4,"turns":3},{"damage":0,"enemies":"Small Slimes","floor":6,"turns":2},{"damage":7,"enemies":"3 Louse","floor":8,"turns":4},{"damage":36,"enemies":"Gremlin Nob","floor":9,"turns":6},{"damage":7,"enemies":"downfall:FleeingMerchant","floor":10,"turns":4},{"damage":12,"enemies":"Lagavulin","floor":11,"turns":7},{"damage":16,"enemies":"3 Sentries","floor":13,"turns":7},{"damage":0,"enemies":"Exordium Wildlife","floor":14,"turns":3},{"damage":0,"enemies":"Large Slime","floor":15,"turns":1},{"damage":8,"enemies":"DF_ARCHETYPE_STREAMLINE","floor":16,"turns":3}],"seed_played":"-4197292134090392922","potions_obtained":[{"floor":8,"key":"Slimebound:ThreeZeroPotion"},{"floor":9,"key":"sneckomod:MuddlingPotion"},{"floor":13,"key":"Guardian:AcceleratePotion"},{"floor":14,"key":"SmokeBomb"}],"is_trial":false,"path_per_floor":["R","M","$","M","?","M","T","M","E","$","E","T","E","M","M","B"],"character_chosen":"GUARDIAN","items_purchased":["TungstenRod"],"campfire_rested":0,"item_purchase_floors":[10],"current_hp_per_floor":[80,74,69,69,80,80,80,73,37,30,18,18,2,2,2,0,0,0],"gold":88,"neow_bonus":"ONE_RARE_RELIC","is_daily":false,"chose_seed":false,"campfire_upgraded":1,"win_rate":0.0,"timestamp":1614205305,"path_taken":["R","M","$","M","?","?","T","M","E","$","E","?","E","M","M","BOSS"],"items_purchased_type":["Relic"],"build_version":"2020-12-22","purchased_purges":0,"victory":false,"max_hp_per_floor":[80,80,80,80,80,80,80,80,80,80,80,80,80,80,80,80,80,80],"relic_stats":{"counters":[12,47],"MawBank":36,"Boot":[2],"obtain_stats":[{"conspire:GiftBox":0,"Guardian:ModeShifter":0,"Molten Egg 2":12,"The Courier":9,"LetterFromLob":9,"MawBank":7,"Boot":11,"TungstenRod":10,"aspiration:FrozenJewel":13},{"conspire:GiftBox":0,"Guardian:ModeShifter":0,"Molten Egg 2":8,"The Courier":6,"LetterFromLob":6,"MawBank":4,"Boot":8,"TungstenRod":7,"aspiration:FrozenJewel":9},{"conspire:GiftBox":0,"Guardian:ModeShifter":0,"Molten Egg 2":33,"The Courier":22,"LetterFromLob":22,"MawBank":12,"Boot":33,"TungstenRod":26,"aspiration:FrozenJewel":40}],"TungstenRod":5},"card_choices":[{"not_picked":["Guardian:Gem_Synthetic","Guardian:StasisField"],"picked":"Guardian:FierceBash","floor":0},{"not_picked":["Guardian:Gem_Blue","Guardian:VentSteam"],"picked":"Guardian:Gem_Crimson","floor":2},{"not_picked":["Guardian:PolyBeam","Guardian:Gem_Green","Guardian:CrystalBeam"],"picked":"SKIP","floor":3},{"not_picked":["Guardian:Gem_Lightblue","Guardian:Gem_Crimson"],"picked":"Guardian:SpikerProtocol","floor":4},{"not_picked":["Guardian:Recover","Guardian:TimeBomb"],"picked":"Guardian:Incinerate","floor":6},{"not_picked":["Guardian:ShieldSpikes","Guardian:PrismaticBeam"],"picked":"Guardian:TemporalShield","floor":8},{"not_picked":["Guardian:Gem_Lightblue","Guardian:VentSteam"],"picked":"Guardian:Gem_Yellow","floor":9},{"not_picked":["Guardian:ChargeCore","Guardian:RefractedBeam"],"picked":"Guardian:Emergency","floor":10},{"not_picked":["Guardian:GuardianWhirl","Guardian:Gem_Green"],"picked":"Guardian:Orbwalk","floor":11},{"not_picked":["Guardian:Gem_Red","Guardian:Suspension"],"picked":"Guardian:FierceBash+1","floor":13},{"not_picked":["Guardian:RollAttack+1","Guardian:PiercingHide","Guardian:Gem_Lightblue"],"picked":"SKIP","floor":14}],"player_experience":531695,"relics_obtained":[{"floor":7,"key":"MawBank"},{"floor":9,"key":"The Courier"},{"floor":9,"key":"LetterFromLob"},{"floor":11,"key":"Boot"},{"floor":12,"key":"Molten Egg 2"},{"floor":13,"key":"aspiration:FrozenJewel"}],"event_choices":[{"damage_healed":11,"gold_gain":0,"player_choice":"Full Heal","damage_taken":0,"max_hp_gain":0,"max_hp_loss":0,"event_name":"Wheel of Change","floor":5,"gold_loss":0}],"is_beta":false,"boss_relics":[],"items_purged_floors":[],"is_endless":false,"potions_floor_spawned":[8,9,13,14],"killed_by":"DF_ARCHETYPE_STREAMLINE","ascension_level":0}}