{"host":"bun66rhxl4zngnso","time":1614145315,"event":{"mods":["2.2 Compatiblity","AchievementEnabler","Act Like it!","Arknights","BaseMod","KOR Keyword Fix","KinomotoSakuraMod(ÙÊñýÜâ?)","Koishi","Marisa£¨Ùöéë¡¡Øª×âÞÞ£©","Minty Spire (QoL Compilation)","Permanent Neow","Reimu£¨ÚÏ???£©","Remilia£¨?Ú·×é?£©","StSLib","SuperFastMode","The Runesmith","The Servant 0.9.4","Youmu£¨ûëÛÞèí?£©"],"gold_per_floor":[114,162,179,190,190,233,233,249,249,268,16,37,37,37,37],"floor_reached":14,"language":"KOR","playtime":1288,"items_purged":[],"score":92,"play_id":"75a88c24-a40e-4689-86f3-9427b1057730","local_time":"20210224144155","is_ascension_mode":false,"campfire_choices":[{"floor":13,"key":"REST"}],"circlet_count":0,"master_deck":["Strike_Lin:ReiMu","Strike_Lin:ReiMu","Strike_Lin:ReiMu","Strike_Lin:ReiMu","Defend_Lin:ReiMu","Defend_Lin:ReiMu","Defend_Lin:ReiMu","Defend_Lin:ReiMu","NB:ReiMu","Stagnation:ReiMu+1","OrbThrow:ReiMu","RainPray2:ReiMu","SubcavityInstant:ReiMu+1","AirStrike:ReiMu","OctopathBindingBorder2:ReiMu","Parasite","WonderfulDomain:ReiMu","PrepareRite:ReiMu","TightArray:ReiMu","DoubleButterfly:ReiMu","MilkyWay"],"relics":["FlyPower:ReiMu","ScarletDevilRocket","Golden Idol","War Paint","Ice Cream","PrismaticShard"],"acts_visited":["Exordium"],"potions_floor_usage":[4,14],"damage_taken":[{"damage":4,"enemies":"Cultist","floor":1,"turns":5},{"damage":0,"enemies":"Small Slimes","floor":3,"turns":4},{"damage":0,"enemies":"2 Louse","floor":4,"turns":3},{"damage":41,"enemies":"3 Sentries","floor":6,"turns":10},{"damage":9,"enemies":"Exordium Wildlife","floor":8,"turns":2},{"damage":0,"enemies":"Blue Slaver","floor":10,"turns":3},{"damage":10,"enemies":"Looter","floor":12,"turns":3},{"damage":22,"enemies":"Lagavulin","floor":14,"turns":7}],"seed_played":"-8361382202176439059","potions_obtained":[{"floor":1,"key":"Ancient Potion"},{"floor":12,"key":"LiquidBronze"}],"is_trial":false,"path_per_floor":["M","T","M","M","?","E","?","M","T","M","$","M","R","E"],"character_chosen":"REIMU","items_purchased":["PrismaticShard","TightArray:ReiMu","DoubleButterfly:ReiMu"],"campfire_rested":1,"item_purchase_floors":[11,11,11],"current_hp_per_floor":[61,61,61,61,45,4,20,11,11,11,11,1,20,0,0],"gold":37,"neow_bonus":"THREE_CARDS","is_daily":false,"chose_seed":false,"campfire_upgraded":0,"win_rate":0.0,"timestamp":1614145315,"path_taken":["M","?","M","M","?","E","?","?","T","M","$","M","R","E"],"items_purchased_type":["Relic","Card","Card"],"build_version":"2020-12-22","purchased_purges":0,"victory":false,"max_hp_per_floor":[65,65,65,65,65,65,65,65,65,65,65,65,65,65,65],"card_choices":[{"not_picked":["AirStrike:ReiMu","Enchanting:ReiMu"],"picked":"OrbThrow:ReiMu","floor":0},{"not_picked":["Revelation:ReiMu","UniversalSpiritual:ReiMu"],"picked":"RainPray2:ReiMu","floor":1},{"not_picked":["Enchanting:ReiMu","TightArray:ReiMu"],"picked":"SubcavityInstant:ReiMu","floor":3},{"not_picked":["CareerPray:ReiMu","OrbThrow:ReiMu"],"picked":"AirStrike:ReiMu","floor":4},{"not_picked":["Enchanting:ReiMu","AirStrike:ReiMu"],"picked":"OctopathBindingBorder2:ReiMu","floor":6},{"not_picked":["Enchanting:ReiMu","EmergencyTakeOff:ReiMu"],"picked":"WonderfulDomain:ReiMu","floor":8},{"not_picked":["AirStrike:ReiMu","CareerPray:ReiMu"],"picked":"PrepareRite:ReiMu","floor":10},{"not_picked":["ats:Flame Of Heaven","Leap"],"picked":"MilkyWay","floor":12}],"player_experience":11239,"relics_obtained":[{"floor":2,"key":"ScarletDevilRocket"},{"floor":6,"key":"War Paint"},{"floor":9,"key":"Ice Cream"}],"event_choices":[{"damage_healed":0,"gold_gain":0,"player_choice":"Take Damage","damage_taken":16,"relics_obtained":["Golden Idol"],"max_hp_gain":0,"max_hp_loss":0,"event_name":"Golden Idol","floor":5,"gold_loss":0},{"damage_healed":16,"gold_gain":0,"player_choice":"Healed and dodged fight","damage_taken":0,"max_hp_gain":0,"max_hp_loss":0,"event_name":"Mushrooms","floor":7,"gold_loss":0,"cards_obtained":["Parasite"]}],"is_beta":false,"boss_relics":[],"items_purged_floors":[],"is_endless":false,"potions_floor_spawned":[1,12],"killed_by":"Lagavulin","ascension_level":0}}