{"host":"p9xedk00duaz8l9n","time":1614183750,"event":{"mods":["BaseMod","Colored Map","DeckTracker","Highlight Path","Minty Spire (QoL Compilation)","Relic Stats","SuperFastMode"],"gold_per_floor":[112,126,139,214,24,358,358,358,358,383,394,409,409,83,83,179,179,152,52,22,45,65,65,96,114,114,133,133,49,49,93,93,186,186,199,218,241,265,283,283,283],"floor_reached":40,"language":"JPN","playtime":2185,"items_purged":["Decay","Strike_R"],"score":880,"play_id":"7aab99cd-a578-472b-8702-43e010ceb54e","local_time":"20210225012230","is_ascension_mode":true,"campfire_choices":[{"data":"Clothesline","floor":7,"key":"SMITH"},{"floor":15,"key":"REST"},{"data":"Strike_R","floor":23,"key":"PURGE"},{"floor":28,"key":"REST"},{"floor":30,"key":"REST"},{"data":"Feel No Pain","floor":32,"key":"SMITH"}],"circlet_count":0,"master_deck":["AscendersBane","Bash","Shrug It Off","Power Through","Twin Strike","Rampage","Clothesline+1","Demon Form","Flame Barrier","Second Wind","Anger","Power Through","Iron Wave","Impervious","Headbutt","Corruption","Havoc","Feel No Pain+1","Offering","Searing Blow","Uppercut","Barricade","Carnage","Infernal Blade","Shrug It Off","Shrug It Off","Bloodletting","Dark Embrace"],"relics":["Burning Blood","Vajra","Old Coin","Dead Branch","Peace Pipe","Golden Idol","Orrery","Velvet Choker","Mercury Hourglass","Blue Candle","Centennial Puzzle","Pandora\u0027s Box"],"acts_visited":["Exordium","TheCity","TheBeyond"],"potions_floor_usage":[10,12,12,16,16,22,24,24,37,39,40],"damage_taken":[{"damage":1,"enemies":"2 Louse","floor":1,"turns":4},{"damage":4,"enemies":"Small Slimes","floor":2,"turns":4},{"damage":0,"enemies":"Cultist","floor":3,"turns":3},{"damage":25,"enemies":"3 Sentries","floor":6,"turns":11},{"damage":26,"enemies":"Gremlin Nob","floor":10,"turns":4},{"damage":13,"enemies":"3 Louse","floor":11,"turns":4},{"damage":8,"enemies":"Exordium Thugs","floor":12,"turns":5},{"damage":29,"enemies":"Slime Boss","floor":16,"turns":8},{"damage":0,"enemies":"2 Thieves","floor":18,"turns":4},{"damage":14,"enemies":"Shell Parasite","floor":21,"turns":6},{"damage":1,"enemies":"Shelled Parasite and Fungi","floor":22,"turns":4},{"damage":47,"enemies":"Gremlin Leader","floor":24,"turns":8},{"damage":9,"enemies":"Snake Plant","floor":25,"turns":6},{"damage":5,"enemies":"Snecko","floor":27,"turns":5},{"damage":16,"enemies":"Book of Stabbing","floor":31,"turns":5},{"damage":24,"enemies":"Collector","floor":33,"turns":8},{"damage":1,"enemies":"Orb Walker","floor":35,"turns":3},{"damage":0,"enemies":"3 Shapes","floor":36,"turns":7},{"damage":25,"enemies":"Spire Growth","floor":37,"turns":5},{"damage":6,"enemies":"4 Shapes","floor":38,"turns":6},{"damage":10,"enemies":"Maw","floor":39,"turns":8},{"damage":40,"enemies":"Reptomancer","floor":40,"turns":3}],"seed_played":"833298338131158680","potions_obtained":[{"floor":1,"key":"SpeedPotion"},{"floor":6,"key":"FearPotion"},{"floor":11,"key":"PowerPotion"},{"floor":12,"key":"EssenceOfSteel"},{"floor":16,"key":"EssenceOfSteel"},{"floor":20,"key":"DistilledChaos"},{"floor":20,"key":"SteroidPotion"},{"floor":22,"key":"GamblersBrew"},{"floor":27,"key":"SteroidPotion"},{"floor":33,"key":"HeartOfIron"},{"floor":37,"key":"ElixirPotion"},{"floor":38,"key":"AttackPotion"}],"is_trial":false,"path_per_floor":["M","M","M","?","$","E","R","?","T","E","M","M","?","$","R","B",null,"M","$","?","M","M","R","E","M","T","M","R","$","R","E","R","B",null,"M","M","M","M","M","E"],"character_chosen":"IRONCLAD","items_purchased":["Vajra","Clothesline","Orrery","Regen Potion","FearPotion","Havoc"],"campfire_rested":3,"item_purchase_floors":[5,5,14,14,29,29],"current_hp_per_floor":[68,68,68,57,57,38,38,38,38,18,11,9,9,9,27,19,51,57,57,57,49,54,54,13,10,10,11,29,29,47,37,37,19,51,56,62,43,43,39,0,0],"gold":283,"neow_bonus":"TRANSFORM_TWO_CARDS","is_daily":false,"chose_seed":false,"campfire_upgraded":2,"win_rate":0.0,"timestamp":1614183750,"path_taken":["M","M","M","?","$","E","R","?","T","E","M","?","?","?","R","BOSS","M","$","?","M","M","R","E","M","T","M","R","$","R","E","R","BOSS","M","?","?","M","M","E"],"items_purchased_type":["Relic","Card","Relic","Potion","Potion","Card"],"build_version":"2020-12-22","purchased_purges":2,"victory":false,"max_hp_per_floor":[68,68,68,68,68,68,68,68,68,68,68,68,62,62,62,62,62,62,62,62,62,62,62,62,62,62,62,62,62,62,62,62,62,62,62,62,62,62,62,62,62],"relic_stats":{"Peace Pipe":2,"Centennial Puzzle":[18],"counters":[22,121],"Golden Idol":94,"Dead Branch":[159],"Blue Candle":[0],"Pandora\u0027s Box":["Searing Blow","Uppercut","Barricade","Carnage","Infernal Blade"],"obtain_stats":[{"Peace Pipe":10,"Centennial Puzzle":31,"Golden Idol":13,"Dead Branch":9,"Blue Candle":26,"Vajra":5,"Orrery":14,"Velvet Choker":17,"Pandora\u0027s Box":34,"Burning Blood":0,"Old Coin":6,"Mercury Hourglass":24},{"Peace Pipe":5,"Centennial Puzzle":15,"Golden Idol":7,"Dead Branch":4,"Blue Candle":13,"Vajra":3,"Orrery":7,"Velvet Choker":8,"Pandora\u0027s Box":16,"Burning Blood":0,"Old Coin":4,"Mercury Hourglass":12},{"Peace Pipe":26,"Centennial Puzzle":81,"Golden Idol":35,"Dead Branch":22,"Blue Candle":71,"Vajra":11,"Orrery":35,"Velvet Choker":43,"Pandora\u0027s Box":89,"Burning Blood":0,"Old Coin":22,"Mercury Hourglass":65}],"Burning Blood":113,"Mercury Hourglass":[261]},"card_choices":[{"not_picked":["Sentinel","Body Slam","Flex"],"picked":"SKIP","floor":1},{"not_picked":["Anger","Intimidate"],"picked":"Twin Strike","floor":2},{"not_picked":["Impervious","Sword Boomerang"],"picked":"Rampage","floor":3},{"not_picked":["Shrug It Off","Rampage"],"picked":"Demon Form","floor":6},{"not_picked":["Havoc","Clothesline"],"picked":"Flame Barrier","floor":10},{"not_picked":["Shrug It Off","Twin Strike"],"picked":"Second Wind","floor":11},{"not_picked":["Carnage","Warcry"],"picked":"Anger","floor":12},{"not_picked":["Disarm","Warcry"],"picked":"Power Through","floor":14},{"not_picked":["Flex","Blood for Blood"],"picked":"Iron Wave","floor":14},{"not_picked":["Bludgeon","Berserk"],"picked":"Impervious","floor":16},{"not_picked":["Rupture+1","Thunderclap","Power Through+1"],"picked":"SKIP","floor":18},{"not_picked":["Evolve","Armaments"],"picked":"Headbutt","floor":21},{"not_picked":["Hemokinesis","Perfected Strike","Flex"],"picked":"SKIP","floor":22},{"not_picked":["Warcry","Fire Breathing","Thunderclap"],"picked":"SKIP","floor":24},{"not_picked":["Dual Wield+1","Shrug It Off","Perfected Strike+1"],"picked":"SKIP","floor":25},{"not_picked":["Pommel Strike","Headbutt"],"picked":"Corruption","floor":27},{"not_picked":["True Grit","Corruption"],"picked":"Feel No Pain","floor":31},{"not_picked":["Limit Break","Bludgeon"],"picked":"Offering","floor":33},{"not_picked":["Clothesline","Pommel Strike+1"],"picked":"Shrug It Off","floor":35},{"not_picked":["Perfected Strike","Sword Boomerang","Cleave+1"],"picked":"SKIP","floor":36},{"not_picked":["Havoc","Rampage+1"],"picked":"Shrug It Off","floor":37},{"not_picked":["Rampage","Limit Break"],"picked":"Bloodletting","floor":38},{"not_picked":["Pommel Strike","Feel No Pain"],"picked":"Dark Embrace","floor":39}],"player_experience":861641,"relics_obtained":[{"floor":6,"key":"Old Coin"},{"floor":9,"key":"Dead Branch"},{"floor":10,"key":"Peace Pipe"},{"floor":24,"key":"Mercury Hourglass"},{"floor":26,"key":"Blue Candle"},{"floor":31,"key":"Centennial Puzzle"}],"event_choices":[{"damage_healed":0,"gold_gain":75,"player_choice":"Gather Gold","damage_taken":11,"max_hp_gain":0,"max_hp_loss":0,"event_name":"World of Goop","floor":4,"gold_loss":0},{"damage_healed":0,"gold_gain":0,"player_choice":"Cursed","damage_taken":0,"max_hp_gain":0,"max_hp_loss":0,"event_name":"Wheel of Change","floor":8,"gold_loss":0,"cards_obtained":["Decay"]},{"damage_healed":0,"gold_gain":0,"player_choice":"Lose Max HP","damage_taken":0,"relics_obtained":["Golden Idol"],"max_hp_gain":0,"max_hp_loss":6,"event_name":"Golden Idol","floor":13,"gold_loss":0},{"damage_healed":0,"gold_gain":0,"player_choice":"Bought 2 Potions","damage_taken":0,"max_hp_gain":0,"max_hp_loss":0,"event_name":"The Woman in Blue","floor":20,"gold_loss":0}],"is_beta":false,"boss_relics":[{"not_picked":["Empty Cage","Black Star"],"picked":"Velvet Choker"},{"not_picked":["Black Blood","Runic Cube"],"picked":"Pandora\u0027s Box"}],"items_purged_floors":[14,19],"is_endless":false,"potions_floor_spawned":[1,6,11,12,16,21,22,27,33,37,38],"killed_by":"Reptomancer","ascension_level":20}}