{"host":"1j7ywpib2fztfglu","time":1614135806,"event":{"mods":["BaseMod","Dark Map","Highlight Path","Keyboard Shortcuts","Minty Spire (QoL Compilation)","RNG Fix","Random Character Button","Relic Stats","StSLib","Uncapped","Waifu the Spire","ojb\u0027s Info Mod"],"gold_per_floor":[111,125,125,137,97,97,129,129,129,143,162,191,191,24,24,24,24],"floor_reached":16,"language":"ENG","playtime":2967,"items_purged":[],"score":220,"play_id":"c50a568a-120a-4b2f-98e0-cf7cd657a70f","local_time":"20210223210326","is_ascension_mode":true,"campfire_choices":[{"data":"Neutralize","floor":6,"key":"SMITH"},{"floor":8,"key":"REST"},{"data":"Dagger Spray","floor":13,"key":"SMITH"},{"data":"Blade Dance","floor":15,"key":"SMITH"}],"circlet_count":0,"master_deck":["AscendersBane","Strike_G","Strike_G","Strike_G+1","Strike_G","Strike_G","Defend_G","Defend_G","Defend_G+1","Defend_G","Defend_G","Survivor","Neutralize+1","Blade Dance+1","Dagger Spray+1","Deadly Poison","Blade Dance","After Image"],"relics":["Ring of the Snake","Singing Bowl","Potion Belt","Snake Skull"],"acts_visited":["Exordium"],"potions_floor_usage":[5,7,12,12,16,16,16],"damage_taken":[{"damage":7,"enemies":"2 Louse","floor":1,"turns":4},{"damage":0,"enemies":"Cultist","floor":2,"turns":4},{"damage":4,"enemies":"Jaw Worm","floor":4,"turns":4},{"damage":19,"enemies":"3 Sentries","floor":7,"turns":6},{"damage":0,"enemies":"Looter","floor":10,"turns":3},{"damage":0,"enemies":"Blue Slaver","floor":11,"turns":3},{"damage":4,"enemies":"Gremlin Nob","floor":12,"turns":3},{"damage":39,"enemies":"Slime Boss","floor":16,"turns":7}],"seed_played":"2741819439187724752","potions_obtained":[{"floor":5,"key":"Fruit Juice"},{"floor":5,"key":"LiquidMemories"},{"floor":5,"key":"SteroidPotion"},{"floor":7,"key":"AttackPotion"},{"floor":10,"key":"Dexterity Potion"},{"floor":11,"key":"Ancient Potion"},{"floor":12,"key":"ColorlessPotion"}],"is_trial":false,"path_per_floor":["M","M","?","M","?","R","E","R","T","M","M","E","R","$","R","B"],"character_chosen":"THE_SILENT","items_purchased":["After Image"],"campfire_rested":1,"item_purchase_floors":[14],"current_hp_per_floor":[52,52,34,30,35,35,16,35,35,37,39,37,37,37,37,0,0],"gold":24,"neow_bonus":"THREE_RARE_CARDS","is_daily":false,"chose_seed":false,"campfire_upgraded":3,"win_rate":0.0,"timestamp":1614135806,"path_taken":["M","M","?","M","?","R","E","R","T","?","M","E","R","$","R","BOSS"],"items_purchased_type":["Card"],"build_version":"2020-12-22","purchased_purges":0,"victory":false,"max_hp_per_floor":[60,60,60,60,65,65,65,65,65,67,69,71,71,71,71,71,71],"relic_stats":{"Singing Bowl":6,"counters":[8,34],"Snake Skull":[2],"obtain_stats":[{"Potion Belt":9,"Singing Bowl":7,"Snake Skull":12,"Ring of the Snake":0},{"Potion Belt":4,"Singing Bowl":4,"Snake Skull":7,"Ring of the Snake":0},{"Potion Belt":18,"Singing Bowl":18,"Snake Skull":27,"Ring of the Snake":0}],"Ring of the Snake":[16]},"card_choices":[{"not_picked":["Cloak And Dagger","Skewer"],"picked":"Blade Dance","floor":1},{"not_picked":["Setup","Expertise"],"picked":"Dagger Spray","floor":2},{"not_picked":["Slice","Backflip"],"picked":"Deadly Poison","floor":4},{"not_picked":["Venomology","Slice"],"picked":"Blade Dance","floor":7},{"not_picked":["Deadly Poison","Endless Agony","Dagger Throw"],"picked":"Singing Bowl","floor":10},{"not_picked":["Backflip","Flechettes","Dodge and Roll"],"picked":"Singing Bowl","floor":11},{"not_picked":["Eviscerate","Blur","Dagger Throw"],"picked":"Singing Bowl","floor":12}],"player_experience":1962977,"relics_obtained":[{"floor":7,"key":"Singing Bowl"},{"floor":9,"key":"Potion Belt"},{"floor":12,"key":"Snake Skull"}],"event_choices":[{"damage_healed":0,"gold_gain":0,"player_choice":"Entered Light","damage_taken":18,"max_hp_gain":0,"max_hp_loss":0,"event_name":"Shining Light","floor":3,"gold_loss":0,"cards_upgraded":["Defend_G","Strike_G"]},{"damage_healed":0,"gold_gain":0,"player_choice":"Bought 3 Potions","damage_taken":0,"max_hp_gain":0,"max_hp_loss":0,"event_name":"The Woman in Blue","floor":5,"gold_loss":0}],"is_beta":false,"boss_relics":[],"items_purged_floors":[],"is_endless":false,"potions_floor_spawned":[7,10,11,12],"killed_by":"Slime Boss","ascension_level":20}}