{"host":"r4aerl4ckfvw1dw3","time":1614148924,"event":{"mods":["BaseMod","BetterRewards","Minty Spire (QoL Compilation)","Quick Restart","StSLib"],"gold_per_floor":[114,133,143,68,86,86,120,195,249,266,266,291,291,309,309,412,412,432,432,449,462,422,422,456,456,507,507,518,258,270,283,283,283,283],"floor_reached":33,"language":"ENG","playtime":2158,"items_purged":["Strike_B","Strike_B"],"score":405,"play_id":"cb6cd2b0-fdbf-45c7-8e3e-6648e27ae72e","local_time":"20210223224204","is_ascension_mode":true,"campfire_choices":[{"data":"Streamline","floor":6.0,"key":"SMITH"},{"floor":11.0,"key":"REST"},{"data":"Dualcast","floor":13.0,"key":"SMITH"},{"floor":15.0,"key":"REST"},{"data":"Echo Form","floor":23.0,"key":"SMITH"},{"floor":25.0,"key":"REST"},{"floor":27.0,"key":"REST"},{"data":"Dark Shackles","floor":32,"key":"SMITH"}],"circlet_count":0,"master_deck":["Strike_B","Strike_B+1","Defend_B","Defend_B","Defend_B","Defend_B","Zap","Dualcast+1","Go for the Eyes+1","Streamline+1","Coolheaded","Sweeping Beam","Skim","Compile Driver","Conserve Battery","Cold Snap","Echo Form+1","Steam+1","Coolheaded","Turbo+1","Recycle+1","Shame","Hologram+1","Dark Shackles+1","Heatsinks","Cold Snap"],"relics":["Cracked Core","NeowsBlessing","Symbiotic Virus","Whetstone","Toy Ornithopter","Cursed Key","Ginger","Art of War"],"acts_visited":["Exordium","TheCity"],"potions_floor_usage":[31,33,33,33,33],"damage_taken":[{"damage":0.0,"enemies":"Jaw Worm","floor":1.0,"turns":1.0},{"damage":0.0,"enemies":"Cultist","floor":2.0,"turns":1.0},{"damage":0.0,"enemies":"2 Louse","floor":3.0,"turns":1.0},{"damage":20.0,"enemies":"Lots of Slimes","floor":5.0,"turns":4.0},{"damage":14.0,"enemies":"Gremlin Nob","floor":7.0,"turns":3.0},{"damage":9.0,"enemies":"2 Fungi Beasts","floor":10.0,"turns":2.0},{"damage":18.0,"enemies":"3 Sentries","floor":12.0,"turns":7.0},{"damage":8.0,"enemies":"Large Slime","floor":14.0,"turns":4.0},{"damage":11.0,"enemies":"The Guardian","floor":16.0,"turns":14.0},{"damage":4.0,"enemies":"3 Byrds","floor":18.0,"turns":3.0},{"damage":0.0,"enemies":"Chosen","floor":20.0,"turns":4.0},{"damage":6.0,"enemies":"3 Cultists","floor":21.0,"turns":6.0},{"damage":39.0,"enemies":"Slavers","floor":24.0,"turns":7.0},{"damage":6.0,"enemies":"Snecko","floor":28.0,"turns":4.0},{"damage":15,"enemies":"Chosen and Byrds","floor":30,"turns":7},{"damage":8,"enemies":"Snake Plant","floor":31,"turns":5},{"damage":76,"enemies":"Automaton","floor":33,"turns":10}],"seed_played":"1361704786789024128","potions_obtained":[{"floor":5.0,"key":"Block Potion"},{"floor":7.0,"key":"Block Potion"},{"floor":10.0,"key":"EssenceOfDarkness"},{"floor":16.0,"key":"Strength Potion"},{"floor":18.0,"key":"EntropicBrew"},{"floor":21.0,"key":"Fruit Juice"},{"floor":22.0,"key":"PotionOfCapacity"},{"floor":28.0,"key":"FocusPotion"}],"is_trial":false,"path_per_floor":["M","M","M","$","M","R","E","?","T","M","R","E","R","M","R","B",null,"M","?","M","M","?","R","E","R","T","R","M","$","M","M","R","B"],"character_chosen":"DEFECT","items_purchased":["Dark Shackles","Heatsinks"],"campfire_rested":4,"item_purchase_floors":[29,29],"current_hp_per_floor":[68,68,68,68,48,48,34,27,27,18,40,22,22,14,36,30,64,65,51,51,55,55,55,16,40,40,64,68,68,53,50,50,0,0],"gold":283,"neow_bonus":"THREE_ENEMY_KILL","is_daily":false,"chose_seed":false,"campfire_upgraded":4,"win_rate":0.0,"timestamp":1614148924,"path_taken":["M","M","M","$","M","R","E","?","T","M","R","E","R","M","R","BOSS","M","?","M","M","?","R","E","R","T","R","?","$","M","M","R","BOSS"],"items_purchased_type":["Card","Card"],"build_version":"2020-12-22","purchased_purges":2,"victory":false,"max_hp_per_floor":[75,75,75,75,75,75,75,75,75,75,75,75,75,75,75,75,75,75,80,80,80,80,80,80,80,80,80,85,85,85,85,85,85,85],"card_choices":[{"not_picked":["Steam","Rebound"],"picked":"Go for the Eyes","floor":1.0},{"not_picked":["Redo","Blizzard"],"picked":"Streamline","floor":2.0},{"not_picked":["Gash","Go for the Eyes"],"picked":"Coolheaded","floor":3.0},{"not_picked":["Fusion","Reinforced Body"],"picked":"Sweeping Beam","floor":5.0},{"not_picked":["Sweeping Beam","Chaos"],"picked":"Skim","floor":7.0},{"not_picked":["Sweeping Beam","Barrage"],"picked":"Compile Driver","floor":10.0},{"not_picked":["Leap","Compile Driver"],"picked":"Conserve Battery","floor":12.0},{"not_picked":["Conserve Battery","Compile Driver"],"picked":"Cold Snap","floor":14.0},{"not_picked":["Biased Cognition","Core Surge"],"picked":"Echo Form","floor":16.0},{"not_picked":["Compile Driver","Barrage"],"picked":"Steam+1","floor":18.0},{"not_picked":["Leap","Sweeping Beam"],"picked":"Coolheaded","floor":20.0},{"not_picked":["Recycle","Steam Power"],"picked":"Turbo+1","floor":21.0},{"not_picked":["Redo","Reboot"],"picked":"Recycle+1","floor":24.0},{"not_picked":["Leap","FTL"],"picked":"Hologram+1","floor":28.0},{"not_picked":["Sunder","Glacier","Coolheaded"],"picked":"SKIP","floor":30},{"not_picked":["Force Field","Sweeping Beam"],"picked":"Cold Snap","floor":31}],"player_experience":694313,"relics_obtained":[{"floor":7.0,"key":"Symbiotic Virus"},{"floor":9.0,"key":"Whetstone"},{"floor":12.0,"key":"Toy Ornithopter"},{"floor":24.0,"key":"Ginger"},{"floor":26.0,"key":"Art of War"}],"event_choices":[{"damage_healed":0.0,"max_hp_gain":0.0,"max_hp_loss":0.0,"gold_gain":75.0,"event_name":"FaceTrader","player_choice":"Touch","floor":8.0,"gold_loss":0.0,"damage_taken":7.0},{"damage_healed":0.0,"max_hp_gain":5.0,"max_hp_loss":0.0,"gold_gain":0.0,"event_name":"Forgotten Altar","player_choice":"Shed Blood","floor":19.0,"gold_loss":0.0,"damage_taken":19.0},{"damage_healed":0.0,"max_hp_gain":0.0,"max_hp_loss":0.0,"gold_gain":0.0,"event_name":"The Woman in Blue","player_choice":"Bought 3 Potions","floor":22.0,"gold_loss":0.0,"damage_taken":0.0}],"is_beta":false,"boss_relics":[{"not_picked":["Busted Crown","Astrolabe"],"picked":"Cursed Key"}],"items_purged_floors":[4,29],"is_endless":false,"potions_floor_spawned":[5,7,10,14,16,18,21,28],"killed_by":"Automaton","ascension_level":9}}