{"host":"qheym18ww6mhskxf","time":1614126461,"event":{"mods":["100% Spire Juice","BaseMod","CapriCore","Friendly Minions","GungeonMod","KOR Keyword Fix","Kiyohime£¨?ýï£©","Minty Spire (QoL Compilation)","Prisma Mod","Quick Restart","RRrroohrrRGHHhhh!!","Rare Cards Sparkle","Shop Mod","Spicy Shops","StSLib","Td1madao Mod","The Dragon Tamer","The Immortal","Username Fix"],"gold_per_floor":[114,189,189,1,1,1,14,30,30,30,138,138,149,166,166,243,243,258,275,136,148,148,148,148],"floor_reached":23,"language":"KOR","playtime":882,"items_purged":[],"score":582,"play_id":"0744d8b3-0dbf-4ca5-83e7-cb0fd5c7c5ab","local_time":"20210224092741","daily_mods":["Heirloom","Time Dilation","DeadlyEvents","Elite Swarm"],"is_ascension_mode":true,"campfire_choices":[{"data":"Preloading","floor":6.0,"key":"SMITH"},{"data":"Twin Teeth","floor":10.0,"key":"SMITH"},{"data":"Black Contract","floor":12.0,"key":"SMITH"},{"floor":15.0,"key":"REST"}],"circlet_count":0,"master_deck":["AscendersBane","Strike_C","Strike_C","Strike_C","Strike_C","Defend_C","Defend_C","Defend_C","Defend_C","Knight Kick","Chip","Preloading+1","Twin Teeth+1","Black Contract+1","Light Attack+1"],"relics":["Apod","Torii","rorgmod:Ceramic Fish","Shovel","DemoMod:SerJunkan","Black Star","MerchantsRug"],"acts_visited":["Exordium","TheCity"],"potions_floor_usage":[16,16,23],"damage_taken":[{"damage":8.0,"enemies":"2 Louse","floor":1.0,"turns":2.0},{"damage":10.0,"enemies":"Small Slimes","floor":7.0,"turns":5.0},{"damage":0.0,"enemies":"Cultist","floor":8.0,"turns":4.0},{"damage":34.0,"enemies":"Lagavulin","floor":11.0,"turns":10.0},{"damage":2.0,"enemies":"Exordium Thugs","floor":13.0,"turns":6.0},{"damage":0.0,"enemies":"Looter","floor":14.0,"turns":2.0},{"damage":18,"enemies":"The Guardian","floor":16,"turns":14},{"damage":3,"enemies":"3 Byrds","floor":18,"turns":8},{"damage":8,"enemies":"Spheric Guardian","floor":19,"turns":6},{"damage":28,"enemies":"Snake Plant","floor":21,"turns":7},{"damage":9,"enemies":"Book of Stabbing","floor":23,"turns":3}],"seed_played":"7025790970941371864","potions_obtained":[{"floor":7.0,"key":"SpeedPotion"},{"floor":8.0,"key":"GamblersBrew"},{"floor":13.0,"key":"FearPotion"},{"floor":19,"key":"GamblersBrew"},{"floor":21,"key":"LiquidMemories"}],"is_trial":true,"path_per_floor":["M","?","?","$","?","R","M","M","T","R","E","R","M","M","R","B",null,"M","M","$","M","?","E"],"character_chosen":"TD1MADAO_CLASS","items_purchased":["rorgmod:Ceramic Fish","Preloading","MerchantsRug"],"campfire_rested":1,"item_purchase_floors":[4,4,20],"current_hp_per_floor":[52,41,63,63,63,63,53,53,53,53,19,19,17,17,37,19,55,52,44,44,16,16,7,7],"gold":148,"neow_bonus":"","is_daily":false,"chose_seed":false,"campfire_upgraded":3,"win_rate":0.0,"timestamp":1614126461,"path_taken":["M","?","?","$","?","R","?","M","T","R","?","R","M","M","R","BOSS","M","M","$","M","?","E"],"items_purchased_type":["Relic","Card","Relic"],"build_version":"2020-12-22","purchased_purges":0,"victory":false,"max_hp_per_floor":[67,67,67,67,67,67,67,67,67,67,67,67,67,67,67,67,67,67,67,67,67,67,67,67],"card_choices":[{"not_picked":["Lunge","Winding Magic","Gravity Defend"],"picked":"SKIP","floor":1.0},{"not_picked":["Afterwards","Machining"],"picked":"Twin Teeth","floor":7.0},{"not_picked":["Preloading","Awareness","White Contract"],"picked":"SKIP","floor":8.0},{"not_picked":["Chip Synthesis","PrismaMod:ChloeAnyRareTrace"],"picked":"Black Contract","floor":11.0},{"not_picked":["Preparedness","White Contract","PrismaMod:ChloeEyeOfTheEuryale"],"picked":"SKIP","floor":13.0},{"not_picked":["Cursed Blade","Thunder Jump","PrismaMod:ChloeRuleBreaker"],"picked":"SKIP","floor":14.0},{"not_picked":["Twin Teeth","Perfect Defend","Sudden Beat"],"picked":"SKIP","floor":18},{"not_picked":["Black Dance","PrismaMod:ChloeCheapDefend+1","Black Spear"],"picked":"SKIP","floor":19},{"not_picked":["Fixing","PrismaMod:ChloeDemonicTutor"],"picked":"Light Attack+1","floor":21}],"player_experience":513948,"relics_obtained":[{"floor":9.0,"key":"Shovel"},{"floor":11.0,"key":"DemoMod:SerJunkan"}],"event_choices":[{"damage_healed":0.0,"max_hp_gain":0.0,"max_hp_loss":0.0,"gold_gain":75.0,"event_name":"World of Goop","player_choice":"Gather Gold","floor":2.0,"gold_loss":0.0,"damage_taken":11.0},{"damage_healed":22.0,"max_hp_gain":0.0,"max_hp_loss":0.0,"gold_gain":0.0,"event_name":"Big Fish","player_choice":"Banana","floor":3.0,"gold_loss":0.0,"damage_taken":0.0},{"damage_healed":0.0,"max_hp_gain":0.0,"max_hp_loss":0.0,"gold_gain":0.0,"event_name":"Liars Game","player_choice":"Ignored","floor":5.0,"gold_loss":0.0,"damage_taken":0.0},{"damage_healed":0,"gold_gain":0,"player_choice":"Ignored","damage_taken":0,"max_hp_gain":0,"max_hp_loss":0,"event_name":"Cursed Tome","floor":22,"gold_loss":0}],"is_beta":false,"boss_relics":[{"not_picked":["Runic Dome","Cursed Key"],"picked":"Black Star"}],"items_purged_floors":[],"is_endless":true,"potions_floor_spawned":[7,8,13,19,21],"killed_by":"Book of Stabbing","ascension_level":20}}