{"host":"eaiphzh066bwqdh7","time":1614197523,"event":{"mods":["AchievementEnabler","Aspiration","BaseMod","Bestiary","Better Note","Better Third Choice","Colored Powertips","Curses Come First","GifTheSpireLib","Halation","Highlight Path","Hubris","Infinite Spire","Minty Spire (QoL Compilation)","Quick Restart","Reliquary","Replay The Spire","StSLib","Stuff the Spire"],"gold_per_floor":[118,3,3,19,36,36,63,63,63,0,0,0,29,29,29,130,130,147,147,159,74,74,74,74],"floor_reached":23,"language":"ENG","playtime":519,"items_purged":[],"score":244,"play_id":"2dbb9db7-7a5e-482e-9bb9-be00ae3cfbe3","local_time":"20210224151203","is_ascension_mode":true,"campfire_choices":[{"data":"Combust","floor":6,"key":"SMITH"},{"data":"Rampage","floor":8,"key":"SMITH"},{"floor":15,"key":"REST"}],"circlet_count":0,"master_deck":["Strike_R","Strike_R","Strike_R","Strike_R","Strike_R","Defend_R","Defend_R","Defend_R","Defend_R","Bash","Shrug It Off","hubris:StunningStrike+1","Rampage+1","Combust+1","Flex","Enlightenment","Berserk","hubris:SharpeningStone+1","Pommel Strike+1"],"relics":["Black Blood","NeowsBlessing","StuffTheSpire:GrapeVine","Iron Hammer","StuffTheSpire:DarkSteelAnvil","reliquary:Spinner","StuffTheSpire:ForceGauntlet","reliquary:BoilingFlask","FaceOfCleric","Nunchaku"],"acts_visited":["Exordium","TheCity"],"potions_floor_usage":[16,23],"damage_taken":[{"damage":0,"enemies":"Jaw Worm","floor":1,"turns":1},{"damage":0,"enemies":"Cultist","floor":4,"turns":1},{"damage":0,"enemies":"2 Louse","floor":5,"turns":1},{"damage":19,"enemies":"Gremlin Nob","floor":7,"turns":4},{"damage":23,"enemies":"3 Sentries","floor":13,"turns":5},{"damage":10,"enemies":"Slime Boss","floor":16,"turns":6},{"damage":27,"enemies":"2 Thieves","floor":18,"turns":4},{"damage":26,"enemies":"Shell Parasite","floor":20,"turns":5},{"damage":52,"enemies":"Slavers","floor":23,"turns":4}],"seed_played":"3319535010340872176","potions_obtained":[{"floor":1,"key":"Adrenaline Potion"},{"floor":5,"key":"Dexterity Potion"}],"is_trial":false,"path_per_floor":["M","$","?","M","M","R","E","R","T","?","?","T","E","$","R","B",null,"M","?","M","?","?","E"],"character_chosen":"IRONCLAD","items_purchased":["hubris:StunningStrike+1"],"campfire_rested":1,"item_purchase_floors":[2],"current_hp_per_floor":[80,80,80,80,80,80,67,67,67,73,55,55,38,38,63,59,79,64,64,51,51,51,0,0],"gold":74,"neow_bonus":"THREE_ENEMY_KILL","is_daily":false,"chose_seed":false,"campfire_upgraded":2,"win_rate":0.0,"timestamp":1614197523,"path_taken":["M","$","?","?","M","R","E","R","T","?","?","?","E","$","R","BOSS","M","?","?","?","?","E"],"items_purchased_type":["Card"],"build_version":"2020-12-22","purchased_purges":0,"victory":false,"max_hp_per_floor":[80,80,80,80,80,80,80,80,80,86,86,86,86,86,86,86,86,86,86,87,87,87,87,87],"card_choices":[{"not_picked":["Abandon","Warcry"],"picked":"Shrug It Off","floor":1},{"not_picked":["Cleave","Ghostly Armor"],"picked":"Rampage","floor":4},{"not_picked":["Anger","Sword Boomerang"],"picked":"Combust","floor":5},{"not_picked":["Dual Wield","Wild Strike"],"picked":"Flex","floor":7},{"not_picked":["StuffTheSpire:Slingshot","Power Through","Burning Pact"],"picked":"SKIP","floor":13},{"not_picked":["Reaper","Feed"],"picked":"Berserk","floor":16},{"not_picked":["Armaments","Heavy Blade+1"],"picked":"hubris:SharpeningStone+1","floor":18},{"not_picked":["Twin Strike","Sentinel+1"],"picked":"Pommel Strike+1","floor":20}],"player_experience":349029,"relics_obtained":[{"floor":3,"key":"StuffTheSpire:GrapeVine"},{"floor":7,"key":"Iron Hammer"},{"floor":9,"key":"StuffTheSpire:DarkSteelAnvil"},{"floor":12,"key":"StuffTheSpire:ForceGauntlet"},{"floor":13,"key":"reliquary:BoilingFlask"}],"event_choices":[{"damage_healed":0,"gold_gain":0,"player_choice":"Relic","damage_taken":0,"max_hp_gain":0,"max_hp_loss":0,"event_name":"Wheel of Change","floor":3,"gold_loss":0},{"damage_healed":0,"gold_gain":0,"player_choice":"RENOUNCE","damage_taken":63,"max_hp_gain":0,"max_hp_loss":0,"event_name":"betterThird:BetterSerpent","floor":10,"gold_loss":63,"cards_obtained":["Enlightenment"]},{"damage_healed":0,"gold_gain":0,"player_choice":"Relic ","damage_taken":18,"max_hp_gain":0,"max_hp_loss":0,"event_name":"betterThird:BetterScrap","floor":11,"gold_loss":0,"cards_obtained":["Darkness"]},{"damage_healed":0,"gold_gain":0,"player_choice":"Trade","damage_taken":0,"relics_obtained":["FaceOfCleric"],"max_hp_gain":0,"max_hp_loss":0,"event_name":"FaceTrader","floor":19,"gold_loss":0},{"damage_healed":0,"gold_gain":0,"player_choice":"Obtained Relic","damage_taken":0,"relics_obtained":["Nunchaku"],"max_hp_gain":0,"max_hp_loss":0,"event_name":"Addict","floor":21,"gold_loss":85}],"is_beta":false,"boss_relics":[{"not_picked":["infinitespire:Burning Sword","Philosopher\u0027s Stone"],"picked":"Black Blood"}],"items_purged_floors":[],"is_endless":false,"potions_floor_spawned":[1,5],"killed_by":"Slavers","ascension_level":5}}