{"host":"2a0mdijsgk15db4y","time":1614128170,"event":{"mods":["AchievementEnabler","BaseMod","Colored Map","Colored Powertips","Downfall","Googly Eyes","Hermit","Highlight Path","Hubris","Jorbs\u0027s Wanderer Trilogy","Minty Spire (QoL Compilation)","Quick Restart","Rare Cards Sparkle","Replay The Spire","Shop Mod","StSLib","The Bug Knight","The Construct","The Cursed","The Hierophant","The Mystic"],"gold_per_floor":[116,116,128,53,63,91,91,110,135,135,154,181,198,231,231,330,330,330,330,85,85,102,102,130,130,130,130,149,180,180,191,191,292,292,310,310,327,345,220,220,237,237,237,237,237],"floor_reached":44,"language":"ENG","playtime":2598,"items_purged":["Strike_R","Strike_R","Strike_R"],"score":541,"play_id":"5979e055-676d-4505-ac62-3c139544c524","local_time":"20210223165610","is_ascension_mode":true,"campfire_choices":[{"data":"Burning Pact","floor":7,"key":"SMITH"},{"data":"ReplayTheSpireMod:Strike From Hell","floor":10,"key":"SMITH"},{"data":"Shrug It Off","floor":15,"key":"SMITH"},{"data":"Berserk","floor":23,"key":"SMITH"},{"data":"Intimidate","floor":25,"key":"SMITH"},{"floor":30,"key":"DIG"},{"floor":32,"key":"DIG"},{"data":"downfall:Icky","floor":40,"key":"PURGE"},{"floor":42,"key":"DIG"}],"circlet_count":0,"master_deck":["Strike_R","Strike_R","Defend_R","Defend_R","Defend_R","Defend_R","Bash","Rampage+1","Burning Pact+1","ReplayTheSpireMod:Strike From Hell+1","Intimidate+1","Shrug It Off+1","Berserk+1","stsjorbsmod:PollutedStrike","TheCursedMod:Dregs","Feed","hubris:SharpeningStone+1"],"relics":["Burning Blood","Dream Catcher","Bag of Preparation","Counterbalance","Replay:Multitool","Replay:Ancient Bell","ReplayTheSpireMod:Spearhead","Darkstone Periapt","Lizard Tail","Enchiridion","Anchor","Onion Ring","Unceasing Top","Blue Doll","Orichalcum","Potion Belt","construct:ClawGrip","Bronze Scales","Incense Burner","White Beast Statue"],"acts_visited":["Exordium","TheCity","TheBeyond"],"potions_floor_usage":[12,18,18,24,28,28,28,28,28,28,29,29,31,33,38,44,44],"damage_taken":[{"damage":1,"enemies":"Jaw Worm","floor":1,"turns":5},{"damage":1,"enemies":"Cultist","floor":3,"turns":3},{"damage":8,"enemies":"2 Louse","floor":5,"turns":2},{"damage":13,"enemies":"Gremlin Nob","floor":6,"turns":4},{"damage":15,"enemies":"Looter","floor":8,"turns":3},{"damage":2,"enemies":"3 Louse","floor":11,"turns":3},{"damage":20,"enemies":"HollowMod:MossKnight","floor":12,"turns":5},{"damage":4,"enemies":"2 Fungi Beasts","floor":13,"turns":4},{"damage":28,"enemies":"Gremlin Nob","floor":14,"turns":5},{"damage":51,"enemies":"Hexaghost","floor":16,"turns":13},{"damage":0,"enemies":"2 Thieves","floor":18,"turns":1},{"damage":8,"enemies":"Shell Parasite","floor":22,"turns":6},{"damage":52,"enemies":"Slavers","floor":24,"turns":8},{"damage":0,"enemies":"Snake Plant","floor":28,"turns":2},{"damage":2,"enemies":"Gremlin Leader","floor":29,"turns":6},{"damage":33,"enemies":"Sentry and Sphere","floor":31,"turns":6},{"damage":42,"enemies":"Collector","floor":33,"turns":10},{"damage":15,"enemies":"Orb Walker","floor":35,"turns":4},{"damage":8,"enemies":"3 Shapes","floor":37,"turns":6},{"damage":72,"enemies":"Sphere and 2 Shapes","floor":38,"turns":7},{"damage":70,"enemies":"Writhing Mass","floor":41,"turns":7},{"damage":61,"enemies":"Giant Head","floor":44,"turns":9}],"seed_played":"3852307282373725063","potions_obtained":[{"floor":6,"key":"SmokeBomb"},{"floor":11,"key":"Adrenaline Potion"},{"floor":12,"key":"FairyPotion"},{"floor":16,"key":"EntropicBrew"},{"floor":21,"key":"Ancient Potion"},{"floor":24,"key":"EntropicBrew"},{"floor":29,"key":"Weak Potion"},{"floor":31,"key":"sneckomod:MuddlingPotion"},{"floor":38,"key":"Weak Potion"},{"floor":41,"key":"sneckomod:MuddlingPotion"}],"is_trial":false,"path_per_floor":["M","?","M","$","M","E","R","M","T","R","M","E","M","E","R","B",null,"M","?","$","?","M","R","E","R","T","R","M","E","R","M","R","B",null,"M","T","M","M","$","R","M","R","T","E"],"character_chosen":"IRONCLAD","items_purchased":["Anchor"],"campfire_rested":0,"item_purchase_floors":[20],"current_hp_per_floor":[77,77,82,82,80,73,73,64,64,64,68,54,56,34,34,19,108,108,92,92,92,90,90,44,44,44,76,82,86,86,59,59,23,108,102,102,103,37,37,37,39,39,39,0,0],"gold":237,"neow_bonus":"TWENTY_PERCENT_HP_BONUS","is_daily":false,"chose_seed":false,"campfire_upgraded":5,"win_rate":0.0,"timestamp":1614128170,"path_taken":["M","?","M","$","M","E","R","M","T","R","M","E","M","E","R","BOSS","M","?","$","?","M","R","E","R","T","R","?","E","R","M","R","BOSS","M","?","M","?","$","R","M","R","T","E"],"items_purchased_type":["Relic"],"build_version":"2020-12-22","purchased_purges":3,"victory":false,"max_hp_per_floor":[96,96,96,96,96,96,96,96,96,96,96,96,96,96,96,96,108,108,108,108,108,108,108,108,108,108,108,108,108,108,108,108,108,108,111,111,114,114,114,114,114,114,114,114,114],"card_choices":[{"not_picked":["Shrug It Off","Uppercut"],"picked":"Rampage","floor":1},{"not_picked":["Sword Boomerang","Replay:Undeath\u0027s Touch","True Grit"],"picked":"SKIP","floor":3},{"not_picked":["Cleave","Pommel Strike"],"picked":"Burning Pact","floor":5},{"not_picked":["ReplayTheSpireMod:LeadingStrike","Heavy Blade","Anger"],"picked":"SKIP","floor":6},{"not_picked":["Searing Blow","ReplayTheSpireMod:Strike From Hell","Sword Boomerang"],"picked":"SKIP","floor":8},{"not_picked":["Searing Blow","Sword Boomerang"],"picked":"ReplayTheSpireMod:Strike From Hell","floor":8},{"not_picked":["Clothesline","Bludgeon","Massacre"],"picked":"SKIP","floor":11},{"not_picked":["Rampage","Battle Trance"],"picked":"Intimidate","floor":12},{"not_picked":["Clothesline","Rage","Shrug It Off"],"picked":"SKIP","floor":13},{"not_picked":["Clothesline","Rage"],"picked":"Shrug It Off","floor":13},{"not_picked":["Wild Strike","Armaments","Rampage"],"picked":"SKIP","floor":14},{"not_picked":["Hemogenesis","Limit Break"],"picked":"Berserk","floor":16},{"not_picked":["downfall:Bewildered","Shame"],"picked":"downfall:Icky","floor":17},{"not_picked":["Voices","Delirium"],"picked":"stsjorbsmod:PollutedStrike","floor":17},{"not_picked":["downfall:Icky","Voices"],"picked":"TheCursedMod:Dregs","floor":17},{"not_picked":["Wild Strike","Heavy Blade+1","Cleave"],"picked":"SKIP","floor":22},{"not_picked":["Flex","Replay:Many Hands","Berserk"],"picked":"SKIP","floor":24},{"not_picked":["Whirlwind","Ghostly Armor","Massacre"],"picked":"SKIP","floor":28},{"not_picked":["Headbutt+1","Perfected Strike+1","Rampage+1"],"picked":"SKIP","floor":29},{"not_picked":["Headbutt","Dual Wield","Pommel Strike"],"picked":"SKIP","floor":31},{"not_picked":["Eclipse","Limit Break"],"picked":"Feed","floor":33},{"not_picked":["ReplayReversal","Armaments","Heavy Blade"],"picked":"SKIP","floor":35},{"not_picked":["Rupture+1","Replay:Undeath\u0027s Touch"],"picked":"hubris:SharpeningStone+1","floor":37},{"not_picked":["ReplayTheSpireMod:LeadingStrike","Cleave+1","Iron Wave"],"picked":"SKIP","floor":38},{"not_picked":["Iron Wave+1","Whirlwind+1","Shrug It Off"],"picked":"SKIP","floor":41}],"player_experience":207254,"relics_obtained":[{"floor":6,"key":"Dream Catcher"},{"floor":9,"key":"Bag of Preparation"},{"floor":12,"key":"Counterbalance"},{"floor":14,"key":"Replay:Multitool"},{"floor":19,"key":"Enchiridion"},{"floor":24,"key":"Onion Ring"},{"floor":26,"key":"Unceasing Top"},{"floor":29,"key":"Blue Doll"},{"floor":30,"key":"Orichalcum"},{"floor":32,"key":"Potion Belt"},{"floor":36,"key":"Bronze Scales"},{"floor":42,"key":"Incense Burner"},{"floor":43,"key":"White Beast Statue"}],"event_choices":[{"damage_healed":0,"gold_gain":0,"player_choice":"Grow","damage_taken":0,"max_hp_gain":0,"max_hp_loss":0,"event_name":"Living Wall","floor":2,"gold_loss":0,"cards_upgraded":["Rampage"]},{"damage_healed":0,"gold_gain":0,"player_choice":"Obtained Book","damage_taken":16,"max_hp_gain":0,"max_hp_loss":0,"event_name":"Cursed Tome","floor":19,"gold_loss":0},{"damage_healed":0,"gold_gain":0,"player_choice":"Got Potions","damage_taken":0,"max_hp_gain":0,"max_hp_loss":0,"event_name":"Lab","floor":21,"gold_loss":0}],"is_beta":false,"boss_relics":[{"not_picked":["hubris:Stopwatch","ReplayTheSpireMod:DimensionalGlitch"],"picked":"Replay:Ancient Bell"},{"not_picked":["Toy Ornithopter","War Paint"],"picked":"ReplayTheSpireMod:Spearhead"},{"not_picked":["construct:FoamFinger","Pear"],"picked":"Darkstone Periapt"},{"not_picked":["Pondfish Scales","Replay:Towering Pillar of Hats"],"picked":"Lizard Tail"},{"not_picked":["Abe\u0027s Treasure","Tiny House"],"picked":"construct:ClawGrip"}],"items_purged_floors":[4,20,39],"is_endless":false,"potions_floor_spawned":[6,11,12,16,22,24,29,31,38,41],"killed_by":"Giant Head","ascension_level":1}}