{"host":"ox77rn1xcurm2t5a","time":1614203641,"event":{"mods":["2.2 Compatiblity","AchievementEnabler","Act Like it!","Aspiration","BaseMod","Best Route Mod","Better Match","Better Note","Better Sensory Stone","Block Reminder","Colored Map","Colored Powertips","Conjunction","Conspire","Custom Start","Energized Spire","GifTheSpireLib","Gold Saver","Gremlin Skip","Halation","Highlight Path","Hubris","Infinite Spire","Minty Spire (QoL Compilation)","Pale of the Ancients","Quick Restart","Reliquary","Replay The Spire","Reworked Bosses","ShortenTheSpire","Spire Exporter","StSLib","Stuff the Spire","Wandering Minibosses"],"gold_per_floor":[1229,1245,1170,1170,1170,1170,1205,1205,1205,703,723,733,873,887,887,988,988,1001,1020,1034,1051,1051,1051,1051],"floor_reached":23,"language":"ENG","playtime":725,"items_purged":["Strike_R"],"score":353,"play_id":"7c8d2ca2-c0be-49b0-ac48-8426e357a94d","local_time":"20210224235401","is_ascension_mode":true,"campfire_choices":[{"floor":6.0,"key":"RECALL"},{"data":"Sword Boomerang","floor":8.0,"key":"SMITH"},{"data":"Inflame","floor":15,"key":"SMITH"}],"circlet_count":0,"master_deck":["AscendersBane","Strike_R","Strike_R","Strike_R","Strike_R","Defend_R","Defend_R","Defend_R","Defend_R","Bash+1","Sword Boomerang+1","Uppercut+1","Offering+1","Bandage Up+1","Cleave","Inflame+1","Berserk","Heavy Blade","Limit Break","Thunderclap","Sword Boomerang+1"],"relics":["Burning Blood","StuffTheSpire:TintedRock","Blood Vial","reliquary:RosewoodLute","Sozu"],"acts_visited":["Exordium","TheCity"],"potions_floor_usage":[12,12,13,16],"damage_taken":[{"damage":6.0,"enemies":"2 Louse","floor":1.0,"turns":4.0},{"damage":6.0,"enemies":"Cultist","floor":2.0,"turns":3.0},{"damage":46.0,"enemies":"3 Sentries","floor":7.0,"turns":10.0},{"damage":6.0,"enemies":"Small Slimes","floor":11.0,"turns":2.0},{"damage":6,"enemies":"2 Fungi Beasts","floor":12,"turns":1},{"damage":6,"enemies":"Lagavulin","floor":13,"turns":5},{"damage":14,"enemies":"Looter","floor":14,"turns":3},{"damage":40,"enemies":"Hexaghost","floor":16,"turns":7},{"damage":6,"enemies":"Spheric Guardian","floor":18,"turns":2},{"damage":21,"enemies":"3 Byrds","floor":19,"turns":3},{"damage":33,"enemies":"Sentry and Sphere","floor":20,"turns":4},{"damage":44,"enemies":"3 Cultists","floor":21,"turns":4},{"damage":24,"enemies":"Slavers","floor":23,"turns":1}],"seed_played":"-2851662697590478456","potions_obtained":[{"floor":1.0,"key":"SteroidPotion"},{"floor":12,"key":"ColorlessPotion"},{"floor":14,"key":"Weak Potion"}],"is_trial":false,"path_per_floor":["M","M","?","?","?","R","E","R","T","$","M","M","E","M","R","B",null,"M","M","M","M","?","E"],"character_chosen":"IRONCLAD","items_purchased":["Blood Vial","reliquary:RosewoodLute","Energy Potion","LiquidMemories"],"campfire_rested":0,"item_purchase_floors":[10,10,10,10],"current_hp_per_floor":[72,72,72,72,72,72,38,38,38,38,46,54,62,62,62,36,69,77,65,46,16,10,0,0],"gold":1051,"neow_bonus":"UPGRADE_CARD","is_daily":false,"chose_seed":false,"campfire_upgraded":2,"win_rate":0.0,"timestamp":1614203641,"path_taken":["M","M","?","?","?","R","E","R","T","$","M","M","E","M","R","BOSS","M","M","?","M","?","E"],"items_purchased_type":["Relic","Relic","Potion","Potion"],"build_version":"2020-12-22","purchased_purges":1,"victory":false,"max_hp_per_floor":[80,80,80,80,80,80,80,80,80,80,80,80,80,80,80,80,80,80,80,80,80,80,80,80],"card_choices":[{"not_picked":["Run Through","Twin Strike"],"picked":"Sword Boomerang","floor":1.0},{"not_picked":["Warcry","Run Through"],"picked":"Uppercut","floor":2.0},{"not_picked":["conspire:Purge+1","Hemogenesis+1"],"picked":"Offering+1","floor":3.0},{"not_picked":["StuffTheSpire:PlasmaPulse+1","hubris:Ssssneak+1"],"picked":"Bandage Up+1","floor":3.0},{"not_picked":["Flex","Searing Blow","StuffTheSpire:Resist"],"picked":"SKIP","floor":7.0},{"not_picked":["ReplayTheSpireMod:Strike From Hell","conspire:ExplosiveBarrier"],"picked":"Cleave","floor":11.0},{"not_picked":["Clothesline","Armaments"],"picked":"Inflame","floor":12},{"not_picked":["Sentinel","Defy Death"],"picked":"Berserk","floor":13},{"not_picked":["True Grit","Massacre"],"picked":"Heavy Blade","floor":14},{"not_picked":["Hemogenesis","Reaper"],"picked":"Limit Break","floor":16},{"not_picked":["StuffTheSpire:BloodClot","Sentinel","Whirlwind"],"picked":"SKIP","floor":18},{"not_picked":["Sword Boomerang","True Grit+1","ReplayTheSpireMod:Muscle Training"],"picked":"SKIP","floor":19},{"not_picked":["Headbutt+1","Flame Barrier"],"picked":"Thunderclap","floor":20},{"not_picked":["Metallicize+1","StuffTheSpire:Incineration"],"picked":"Sword Boomerang+1","floor":21}],"player_experience":3240418,"relics_obtained":[{"floor":7.0,"key":"StuffTheSpire:TintedRock"}],"event_choices":[{"damage_healed":0.0,"max_hp_gain":0.0,"max_hp_loss":0.0,"gold_gain":0.0,"event_name":"betterMatch:BetterMatch","player_choice":"2","floor":3.0,"gold_loss":0.0,"damage_taken":0.0,"cards_obtained":["betterMatch:RareCard","betterMatch:ColorlessUncommonCard"]},{"damage_healed":0.0,"max_hp_gain":0.0,"max_hp_loss":0.0,"gold_gain":0.0,"event_name":"Upgrade Shrine","player_choice":"Upgraded","floor":5.0,"gold_loss":0.0,"damage_taken":0.0,"cards_upgraded":["Uppercut"]},{"damage_healed":0,"gold_gain":0,"player_choice":"","damage_taken":6,"max_hp_gain":0,"max_hp_loss":0,"event_name":"Knowing Skull","floor":22,"potions_obtained":[],"gold_loss":0,"cards_obtained":[]}],"is_beta":false,"boss_relics":[{"not_picked":["hubris:HollowSoul","reliquary:RustamsPendant"],"picked":"Sozu"}],"items_purged_floors":[10],"is_endless":false,"potions_floor_spawned":[1,12,14,19,20],"killed_by":"Slavers","ascension_level":11}}