{"host":"hqvh779b89tfrjxy","time":1614156738,"event":{"mods":["Act Like it!","BaseMod","Better Third Choice","Elementarium","Filter the Spire","GifTheSpireLib","Minty Spire (QoL Compilation)","Replay The Spire","Ruina","Spicy Shops","StSLib"],"gold_per_floor":[109,125,136,146,166,198,198,223,223,223,250,267,281,296,296,399,399,413,413,22,22,22,48,48,81,81,81,6,34,46,66,66,171,171,189,201,214,214,114,141,141,175,175,220,220,220,220,239,239,239],"floor_reached":51,"language":"ENG","playtime":2291,"items_purged":["Strike_G","Strike_G"],"score":940,"play_id":"062b06f5-e472-4dc8-afc7-508dd3cc5198","local_time":"20210224095218","is_ascension_mode":true,"campfire_choices":[{"data":"Blade Dance","floor":7,"key":"SMITH"},{"data":"Blade Dance","floor":10,"key":"SMITH"},{"data":"Envenom","floor":15,"key":"SMITH"},{"data":"Choke","floor":24,"key":"SMITH"},{"data":"Survivor","floor":27,"key":"SMITH"},{"data":"Deflect","floor":32,"key":"SMITH"},{"data":"Envenom","floor":41,"key":"SMITH"},{"data":"Dodge and Roll","floor":45,"key":"SMITH"},{"data":"ruina:Harvest","floor":49,"key":"SMITH"}],"circlet_count":0,"master_deck":["Strike_G","Strike_G","Defend_G","Defend_G","Defend_G","Defend_G","Defend_G","Survivor+1","Neutralize","Blade Dance+1","Blade Dance+1","Blade Dance","Blade Dance","Choke+1","Dodge and Roll+1","Envenom+1","Crippling Poison","ruina:Harvest+1","Blur","Deflect+1","Cloak And Dagger","Envenom+1","Writhe","Toxin Wave","Backstab+1"],"relics":["WristBlade","HornCleat","Juzu Bracelet","Happy Flower","Runic Pyramid","Eternal Feather","Bag of Marbles","White Beast Statue","Blue Doll","Ninja Scroll","Busted Crown","Snake Skull","Replay:Ringing Soul","Mirror"],"acts_visited":["Exordium","ruina:Briah","TheBeyond"],"potions_floor_usage":[14,16,16,29,33,33,40,40,50,50],"damage_taken":[{"damage":0,"enemies":"Cultist","floor":1,"turns":4},{"damage":0,"enemies":"2 Louse","floor":2,"turns":2},{"damage":0,"enemies":"Small Slimes","floor":3,"turns":2},{"damage":0,"enemies":"Exordium Wildlife","floor":4,"turns":2},{"damage":0,"enemies":"Gremlin Gang","floor":5,"turns":3},{"damage":2,"enemies":"3 Sentries","floor":6,"turns":5},{"damage":7,"enemies":"Lagavulin","floor":8,"turns":4},{"damage":0,"enemies":"3 Sentries","floor":11,"turns":3},{"damage":0,"enemies":"Blue Slaver","floor":12,"turns":1},{"damage":10,"enemies":"3 Louse","floor":13,"turns":2},{"damage":9,"enemies":"2 Fungi Beasts","floor":14,"turns":2},{"damage":28,"enemies":"The Guardian","floor":16,"turns":9},{"damage":20,"enemies":"ruina:BadWolf","floor":18,"turns":3},{"damage":10,"enemies":"ruina:ServantOfWrath","floor":23,"turns":5},{"damage":6,"enemies":"ruina:RoadHome","floor":25,"turns":2},{"damage":0,"enemies":"ruina:ServantOfWrath","floor":29,"turns":3},{"damage":0,"enemies":"ruina:2_Scarecrows","floor":30,"turns":2},{"damage":0,"enemies":"ruina:KnightOfDespair","floor":31,"turns":3},{"damage":17,"enemies":"ruina:Ozma","floor":33,"turns":9},{"damage":2,"enemies":"3 Shapes","floor":35,"turns":3},{"damage":0,"enemies":"3 Darklings","floor":36,"turns":3},{"damage":0,"enemies":"Transient","floor":37,"turns":5},{"damage":29,"enemies":"Giant Head","floor":40,"turns":6},{"damage":6,"enemies":"Reptomancer","floor":42,"turns":4},{"damage":0,"enemies":"Sphere and 2 Shapes","floor":48,"turns":7},{"damage":41,"enemies":"Donu and Deca","floor":50,"turns":7}],"seed_played":"3467395702697510953","potions_obtained":[{"floor":3,"key":"Poison Potion"},{"floor":5,"key":"Swift Potion"},{"floor":8,"key":"Venom Potion"},{"floor":11,"key":"Strength Potion"},{"floor":14,"key":"FearPotion"},{"floor":18,"key":"Reflective Coating"},{"floor":25,"key":"Weak Potion"},{"floor":29,"key":"LifebloodPotion"},{"floor":30,"key":"Venom Potion"},{"floor":31,"key":"ColorlessPotion"},{"floor":33,"key":"Elixir"},{"floor":35,"key":"Strength Potion"},{"floor":40,"key":"LiquidMemories"},{"floor":42,"key":"SteroidPotion"}],"is_trial":false,"path_per_floor":["M","M","M","M","M","E","R","E","T","R","E","M","M","M","R","B",null,"M","?","$","?","$","E","R","E","T","R","$","E","M","M","R","B",null,"M","M","M","?","$","E","R","E","T","?","R","?","?","M","R","B",null],"character_chosen":"THE_SILENT","items_purchased":["Eternal Feather","Bag of Marbles"],"campfire_rested":0,"item_purchase_floors":[20,20],"current_hp_per_floor":[63,63,63,63,63,61,61,54,54,54,54,54,44,35,35,7,54,34,34,34,34,34,24,36,30,30,42,42,42,42,42,54,37,62,60,60,60,60,60,31,43,37,37,20,32,53,56,59,74,33],"gold":239,"neow_bonus":"BOSS_RELIC","is_daily":false,"chose_seed":false,"campfire_upgraded":9,"win_rate":0.0,"timestamp":1614156738,"path_taken":["M","M","M","?","M","E","R","E","T","R","E","M","M","M","R","BOSS","M","?","$","?","?","E","R","E","T","R","$","E","M","M","R","BOSS","M","M","M","?","$","E","R","E","T","?","R","?","?","M","R","BOSS"],"items_purchased_type":["Relic","Relic"],"build_version":"2020-12-22","purchased_purges":2,"victory":true,"max_hp_per_floor":[70,70,70,70,70,70,70,70,70,70,70,70,70,70,70,70,70,70,70,70,70,70,70,70,70,70,70,70,70,70,70,70,70,70,70,70,70,70,70,70,70,70,70,70,70,73,76,79,79,79],"card_choices":[{"not_picked":["Tactician","ReplayTheSpireMod:The Works"],"picked":"Blade Dance","floor":1},{"not_picked":["Cloak And Dagger","Quick Slash"],"picked":"Blade Dance","floor":2},{"not_picked":["Sucker Punch","Calculated Gamble"],"picked":"Blade Dance","floor":3},{"not_picked":["Quick Slash","Prepared","Escape Plan"],"picked":"SKIP","floor":4},{"not_picked":["Distraction","Infinite Blades","Replay:Poison Smokescreen"],"picked":"SKIP","floor":5},{"not_picked":["Underhanded Strike","Acrobatics"],"picked":"Blade Dance","floor":6},{"not_picked":["Dagger Spray","Eviscerate","Bullet Time"],"picked":"SKIP","floor":8},{"not_picked":["Slice","Backflip"],"picked":"Choke","floor":11},{"not_picked":["Slice","Underhanded Strike","Poisoned Stab"],"picked":"SKIP","floor":12},{"not_picked":["Predator","Sucker Punch"],"picked":"Dodge and Roll","floor":13},{"not_picked":["Distraction","ReplayTheSpireMod:Exploit Weakness"],"picked":"Envenom","floor":14},{"not_picked":["Slice","Deadly Poison"],"picked":"Crippling Poison","floor":18},{"not_picked":["Dagger Throw+1","Bouncing Flask"],"picked":"Blur","floor":23},{"not_picked":["Blade Dance","Underhanded Strike"],"picked":"Deflect","floor":25},{"not_picked":["Dagger Spray","Die Die Die"],"picked":"Cloak And Dagger","floor":29},{"not_picked":["Blade Dance","Quick Slash","Acrobatics"],"picked":"SKIP","floor":30},{"not_picked":["Catalyst+1","Deadly Poison","Underhanded Strike"],"picked":"SKIP","floor":31},{"not_picked":["Malaise","Die Die Die"],"picked":"Envenom","floor":33},{"not_picked":["Blade Dance+1"],"picked":"SKIP","floor":35},{"not_picked":["Dagger Spray+1"],"picked":"SKIP","floor":36},{"not_picked":["Backflip+1"],"picked":"SKIP","floor":37},{"not_picked":["ReplayTheSpireMod:Tripwire+1"],"picked":"SKIP","floor":40},{"not_picked":["All Out Attack"],"picked":"SKIP","floor":42},{"not_picked":[],"picked":"Backstab+1","floor":48}],"player_experience":214014,"relics_obtained":[{"floor":6,"key":"HornCleat"},{"floor":8,"key":"Juzu Bracelet"},{"floor":11,"key":"Happy Flower"},{"floor":23,"key":"White Beast Statue"},{"floor":25,"key":"Blue Doll"},{"floor":26,"key":"Ninja Scroll"},{"floor":40,"key":"Snake Skull"},{"floor":42,"key":"Replay:Ringing Soul"},{"floor":44,"key":"Mirror"}],"event_choices":[{"damage_healed":18,"gold_gain":0,"player_choice":"Writhe","damage_taken":0,"max_hp_gain":0,"max_hp_loss":0,"event_name":"Winding Halls","floor":46,"gold_loss":0,"cards_obtained":["Writhe"]},{"damage_healed":0,"gold_gain":0,"cards_transformed":["Strike_G"],"player_choice":"Transformed","damage_taken":0,"max_hp_gain":0,"max_hp_loss":0,"event_name":"Transmorgrifier","floor":47,"gold_loss":0,"cards_obtained":["Toxin Wave"]}],"is_beta":false,"boss_relics":[{"not_picked":["Runic Dome","Tiny House"],"picked":"Runic Pyramid"},{"not_picked":["HoveringKite","Philosopher\u0027s Stone"],"picked":"Busted Crown"}],"items_purged_floors":[28,39],"is_endless":false,"potions_floor_spawned":[3,5,8,11,13,14,18,25,29,30,31,33,35,36,37,40,42,48],"ascension_level":8}}