{"host":"wbn3xdfsa5pc2kse","time":1614168191,"event":{"mods":["AchievementEnabler","BaseMod","Bestiary","Colored Map","Colored Powertips","Curses Come First","Highlight Path","Minty Spire (QoL Compilation)","Permanent Neow","Rare Cards Sparkle","Relic Stats","StSLib"],"gold_per_floor":[115,115,129,143,158,186,213,253,290,302,327,339,371,383,383],"floor_reached":14,"language":"ZHT","playtime":385,"items_purged":[],"score":208,"play_id":"0ba098e3-2697-4a93-9043-dc38213ac55b","local_time":"20210224200311","is_ascension_mode":true,"campfire_choices":[{"data":"TalkToTheHand","floor":10,"key":"SMITH"},{"data":"CrushJoints","floor":12,"key":"SMITH"}],"circlet_count":0,"master_deck":["AscendersBane","Strike_P","Strike_P","Strike_P","Strike_P","Defend_P","Defend_P","Defend_P","Defend_P","Eruption+1","Vigilance","ReachHeaven","TalkToTheHand+1","Consecrate","CrushJoints+1","Adaptation","Perseverance","Wish"],"relics":["PureWater","MawBank","Matryoshka","Damaru","Art of War"],"acts_visited":["Exordium"],"potions_floor_usage":[6,11,14],"damage_taken":[{"damage":0,"enemies":"Jaw Worm","floor":1,"turns":4},{"damage":0,"enemies":"Small Slimes","floor":3,"turns":2},{"damage":0,"enemies":"2 Louse","floor":4,"turns":2},{"damage":1,"enemies":"2 Fungi Beasts","floor":5,"turns":3},{"damage":20,"enemies":"3 Sentries","floor":6,"turns":3},{"damage":6,"enemies":"Exordium Wildlife","floor":7,"turns":3},{"damage":8,"enemies":"Gremlin Nob","floor":8,"turns":3},{"damage":18,"enemies":"Exordium Thugs","floor":11,"turns":6},{"damage":5,"enemies":"Looter","floor":13,"turns":5},{"damage":33,"enemies":"Lagavulin","floor":14,"turns":2}],"seed_played":"3049523924752801208","potions_obtained":[{"floor":1,"key":"DistilledChaos"},{"floor":3,"key":"Block Potion"},{"floor":4,"key":"BlessingOfTheForge"},{"floor":13,"key":"FearPotion"}],"is_trial":false,"path_per_floor":["M","?","M","M","M","E","M","E","T","R","M","R","M","E"],"character_chosen":"WATCHER","items_purchased":[],"campfire_rested":0,"item_purchase_floors":[],"current_hp_per_floor":[61,66,66,66,65,45,39,31,31,31,13,13,8,0,0],"gold":383,"neow_bonus":"UPGRADE_CARD","is_daily":false,"chose_seed":false,"campfire_upgraded":2,"win_rate":0.0,"timestamp":1614168191,"path_taken":["M","?","M","M","M","E","M","E","T","R","M","R","M","E"],"items_purchased_type":[],"build_version":"2020-12-22","purchased_purges":0,"victory":false,"max_hp_per_floor":[68,73,73,73,73,73,73,73,73,73,73,73,73,73,73],"relic_stats":{"counters":[10,33],"Art of War":[1],"MawBank":96,"obtain_stats":[{"Matryoshka":8,"Damaru":9,"Art of War":9,"PureWater":0,"MawBank":6},{"Matryoshka":7,"Damaru":7,"Art of War":7,"PureWater":0,"MawBank":5},{"Matryoshka":20,"Damaru":20,"Art of War":20,"PureWater":0,"MawBank":14}]},"card_choices":[{"not_picked":["FlyingSleeves","JustLucky"],"picked":"ReachHeaven","floor":1},{"not_picked":["ForeignInfluence","Evaluate"],"picked":"TalkToTheHand","floor":3},{"not_picked":["FlyingSleeves","Prostrate"],"picked":"Consecrate","floor":4},{"not_picked":["BowlingBash","EmptyFist"],"picked":"CrushJoints","floor":5},{"not_picked":["PathToVictory","EmptyFist"],"picked":"Adaptation","floor":6},{"not_picked":["Perseverance","Conclude","Consecrate"],"picked":"SKIP","floor":7},{"not_picked":["Conclude","Consecrate"],"picked":"Perseverance","floor":7},{"not_picked":["BattleHymn","Fasting2","Evaluate"],"picked":"SKIP","floor":8},{"not_picked":["Adaptation","EmptyFist"],"picked":"Wish","floor":11},{"not_picked":["JustLucky","Halt","PathToVictory"],"picked":"SKIP","floor":13}],"player_experience":873242,"relics_obtained":[{"floor":6,"key":"MawBank"},{"floor":8,"key":"Matryoshka"},{"floor":9,"key":"Damaru"},{"floor":9,"key":"Art of War"}],"event_choices":[{"damage_healed":0,"gold_gain":0,"player_choice":"Donut","damage_taken":0,"max_hp_gain":5,"max_hp_loss":0,"event_name":"Big Fish","floor":2,"gold_loss":0}],"is_beta":false,"boss_relics":[],"items_purged_floors":[],"is_endless":false,"potions_floor_spawned":[1,3,4,13],"killed_by":"Lagavulin","ascension_level":20}}