{"host":"mqhflsymjyczvjy0","time":1614170802,"event":{"mods":["BaseMod","Colored Powertips","Marisa£®ÏF”Í°°ƒß¿Ì…≥£©","Minty Spire (QoL Compilation)","Prisma Mod","Remilia£®¿Ÿ√◊¿Ú—«£©","StSLib","The Administrix","The Wild Card","Youmu£®ªÍ∆«—˝√Œ£©"],"gold_per_floor":[20,195,212,230,242,270,270,281,308,308,308,108,108,7,7,109,109,124,124,136,136,151,179,198,198,198,52,52,81,91,116,116,218,218,231,282,296,296,12,42,61,75,75,297,328,628,628,356,356,356],"floor_reached":51,"language":"ZHS","playtime":5351,"items_purged":["Doubt","AdministrixMod:Defend_Administrix","AdministrixMod:BloodlessSapphire","AdministrixMod:FiendishCrimson"],"score":793,"play_id":"a0d3d8d5-5d0c-4739-b241-be73912a2cae","local_time":"20210224204642","is_ascension_mode":false,"campfire_choices":[{"floor":7.0,"key":"REST"},{"floor":13.0,"key":"REST"},{"data":"AdministrixMod:AmassedMasks","floor":15.0,"key":"SMITH"},{"data":"AdministrixMod:RisingSunPrince","floor":25.0,"key":"SMITH"},{"data":"AdministrixMod:Overdrive","floor":28.0,"key":"SMITH"},{"data":"AdministrixMod:FuneraryRites","floor":32.0,"key":"SMITH"},{"data":"AdministrixMod:LightOfYourLife","floor":47,"key":"SMITH"},{"data":"AdministrixMod:StarSwordSoul","floor":49,"key":"SMITH"}],"circlet_count":0,"master_deck":["AdministrixMod:RedCloak+1","AdministrixMod:BlueCloak","AdministrixMod:AmassedMasks+1","AdministrixMod:FuneraryRites+1","AdministrixMod:ShadowPlay","AdministrixMod:GuanyinBlessing","AdministrixMod:UnstableVigor","AdministrixMod:GuanyinBlessing","AdministrixMod:StarSwordSoul+1","AdministrixMod:RisingSunPrince+1","AdministrixMod:ImmortalGrace","AdministrixMod:FalseDeath","AdministrixMod:FiendishCrimson","AdministrixMod:FiendishCrimson","AdministrixMod:BloodlessSapphire","AdministrixMod:BloodlessSapphire","AdministrixMod:Overdrive+1","AdministrixMod:PassageOfAges+1","AdministrixMod:LightOfYourLife+1","AdministrixMod:GuanyinBlessing","AdministrixMod:FuneraryRites+1","AdministrixMod:WifeLightning","AdministrixMod:RebukeDesires","AdministrixMod:Convergence","AdministrixMod:LightOfYourLife+1","AdministrixMod:WickedPunishment+1","AdministrixMod:NewWardrobe","AdministrixMod:Overdrive"],"relics":["AdministrixMod:ConductorRitualBaton","AdministrixMod:AbandonedRose","MealTicket","Smiling Mask","AdministrixMod:BloodSoakedVeil","Bronze Scales","Ornamental Fan","TheAbacus","Red Mask","Mango","Busted Crown","FossilizedHelix","Boot","PreservedInsect","Pocketwatch","Mummified Hand","Lantern"],"acts_visited":["Exordium","TheCity","TheBeyond"],"potions_floor_usage":[50],"damage_taken":[{"damage":0.0,"enemies":"Small Slimes","floor":1.0,"turns":2.0},{"damage":0.0,"enemies":"2 Louse","floor":3.0,"turns":2.0},{"damage":7.0,"enemies":"Jaw Worm","floor":4.0,"turns":4.0},{"damage":21.0,"enemies":"Exordium Thugs","floor":5.0,"turns":5.0},{"damage":19.0,"enemies":"3 Sentries","floor":6.0,"turns":9.0},{"damage":0.0,"enemies":"Blue Slaver","floor":8.0,"turns":1.0},{"damage":29.0,"enemies":"Hexaghost","floor":16.0,"turns":7.0},{"damage":5.0,"enemies":"Chosen","floor":18.0,"turns":2.0},{"damage":12.0,"enemies":"3 Byrds","floor":20.0,"turns":6.0},{"damage":8.0,"enemies":"Snecko","floor":22.0,"turns":4.0},{"damage":30.0,"enemies":"Slavers","floor":23.0,"turns":5.0},{"damage":9.0,"enemies":"Centurion and Healer","floor":24.0,"turns":4.0},{"damage":16.0,"enemies":"Masked Bandits","floor":29.0,"turns":3.0},{"damage":2.0,"enemies":"3 Cultists","floor":30.0,"turns":3.0},{"damage":2.0,"enemies":"Book of Stabbing","floor":31.0,"turns":3.0},{"damage":0.0,"enemies":"Collector","floor":33.0,"turns":4.0},{"damage":3.0,"enemies":"3 Darklings","floor":35.0,"turns":3.0},{"damage":22.0,"enemies":"2 Orb Walkers","floor":36.0,"turns":4.0},{"damage":0.0,"enemies":"Orb Walker","floor":37.0,"turns":2.0},{"damage":1.0,"enemies":"Giant Head","floor":40.0,"turns":6.0},{"damage":0.0,"enemies":"3 Darklings","floor":41.0,"turns":4.0},{"damage":18.0,"enemies":"Spire Growth","floor":42.0,"turns":3.0},{"damage":22,"enemies":"Reptomancer","floor":45,"turns":3},{"damage":18,"enemies":"Donu and Deca","floor":50,"turns":6}],"seed_played":"-6882819305401491435","potions_obtained":[{"floor":3.0,"key":"GamblersBrew"},{"floor":5.0,"key":"SkillPotion"},{"floor":6.0,"key":"SteroidPotion"},{"floor":22.0,"key":"Strength Potion"},{"floor":23.0,"key":"Dexterity Potion"},{"floor":33.0,"key":"Fruit Juice"},{"floor":36.0,"key":"DuplicationPotion"},{"floor":37.0,"key":"SkillPotion"},{"floor":45,"key":"ColorlessPotion"}],"is_trial":false,"path_per_floor":["M","?","M","M","M","E","R","M","T","?","?","$","R","$","R","B",null,"M","?","M","?","M","E","M","R","T","$","R","?","M","E","R","B",null,"M","?","M","?","$","E","M","M","T","?","E","?","R","$","R","B",null],"character_chosen":"TheAdministrix","items_purchased":["AdministrixMod:StarSwordSoul","AdministrixMod:RisingSunPrince","AdministrixMod:ImmortalGrace","TheAbacus","AdministrixMod:Convergence","Boot","Lantern","AdministrixMod:Overdrive"],"campfire_rested":2,"item_purchase_floors":[12,12,14,27,39,39,48,48],"current_hp_per_floor":[65,65,65,58,37,18,37,37,37,37,24,39,58,65,65,36,65,60,60,64,64,62,54,53,53,53,65,65,53,51,67,67,72,84,81,73,73,73,84,83,84,70,70,70,48,48,48,63,63,67],"gold":356,"neow_bonus":"THREE_RARE_CARDS","is_daily":false,"chose_seed":false,"campfire_upgraded":6,"win_rate":0.0,"timestamp":1614170802,"path_taken":["M","?","M","M","M","E","R","M","T","?","?","$","R","?","R","BOSS","M","?","M","?","M","E","M","R","T","$","R","?","M","E","R","BOSS","M","?","M","?","$","E","?","M","T","?","E","?","R","$","R","BOSS"],"items_purchased_type":["Card","Card","Card","Relic","Card","Relic","Relic","Card"],"build_version":"2020-12-22","purchased_purges":4,"victory":true,"max_hp_per_floor":[65,65,65,65,65,65,65,65,65,65,65,65,65,65,65,65,65,65,65,65,65,65,65,65,65,65,65,65,65,65,79,79,84,84,84,84,84,84,84,84,84,84,84,84,84,84,84,84,84,84],"card_choices":[{"not_picked":["AdministrixMod:BrewingCloister","AdministrixMod:WifeLightning"],"picked":"AdministrixMod:AmassedMasks","floor":0.0},{"not_picked":["AdministrixMod:NoblePath","AdministrixMod:ImmortalPurity"],"picked":"AdministrixMod:FuneraryRites","floor":1.0},{"not_picked":["AdministrixMod:JustRewards","AdministrixMod:BloodlessSapphire"],"picked":"AdministrixMod:ShadowPlay","floor":3.0},{"not_picked":["AdministrixMod:PlateOfAntiquity","AdministrixMod:SealAway","AdministrixMod:ShadowPlay"],"picked":"SKIP","floor":4.0},{"not_picked":["AdministrixMod:Untouchable","AdministrixMod:SyncreticPlunge"],"picked":"AdministrixMod:GuanyinBlessing","floor":5.0},{"not_picked":["AdministrixMod:RebukeDesires","AdministrixMod:SipOfSparks"],"picked":"AdministrixMod:UnstableVigor","floor":6.0},{"not_picked":["AdministrixMod:FuneraryRites","AdministrixMod:SealAway"],"picked":"AdministrixMod:GuanyinBlessing","floor":8.0},{"not_picked":["AdministrixMod:Schism","AdministrixMod:TenDesires"],"picked":"AdministrixMod:FalseDeath","floor":16.0},{"not_picked":["AdministrixMod:WickedPunishment","AdministrixMod:BegetEternity","AdministrixMod:ImmortalPurity"],"picked":"SKIP","floor":18.0},{"not_picked":["AdministrixMod:HiddenPower+1","AdministrixMod:RisingSunPrince","AdministrixMod:BloodBargain"],"picked":"SKIP","floor":20.0},{"not_picked":["AdministrixMod:ReachToHeaven","AdministrixMod:SipOfSparks+1","AdministrixMod:PlateOfAntiquity+1"],"picked":"SKIP","floor":22.0},{"not_picked":["AdministrixMod:Untouchable","AdministrixMod:ImmortalGrace+1"],"picked":"AdministrixMod:PassageOfAges+1","floor":23.0},{"not_picked":["AdministrixMod:CrackingPangu","AdministrixMod:SipOfSparks","AdministrixMod:Metempsychosis"],"picked":"SKIP","floor":24.0},{"not_picked":["AdministrixMod:FuneraryRites","AdministrixMod:ImmortalPurity"],"picked":"AdministrixMod:LightOfYourLife+1","floor":29.0},{"not_picked":["AdministrixMod:FuneraryRites","AdministrixMod:CrackingPangu"],"picked":"AdministrixMod:GuanyinBlessing","floor":30.0},{"not_picked":["AdministrixMod:FeastOfDew","AdministrixMod:Katabasis"],"picked":"AdministrixMod:FuneraryRites+1","floor":31.0},{"not_picked":["AdministrixMod:FearOfDeath","AdministrixMod:FaithfulFlames"],"picked":"AdministrixMod:WifeLightning","floor":33.0},{"not_picked":["AdministrixMod:ImmortalPurity"],"picked":"SKIP","floor":35.0},{"not_picked":[],"picked":"AdministrixMod:RebukeDesires","floor":37.0},{"not_picked":["AdministrixMod:LifeforceNet"],"picked":"SKIP","floor":40.0},{"not_picked":[],"picked":"AdministrixMod:LightOfYourLife","floor":41.0},{"not_picked":[],"picked":"AdministrixMod:WickedPunishment+1","floor":42.0},{"not_picked":[],"picked":"AdministrixMod:NewWardrobe","floor":45}],"player_experience":90587,"relics_obtained":[{"floor":6.0,"key":"AdministrixMod:AbandonedRose"},{"floor":9.0,"key":"MealTicket"},{"floor":23.0,"key":"Bronze Scales"},{"floor":26.0,"key":"Ornamental Fan"},{"floor":29.0,"key":"Red Mask"},{"floor":31.0,"key":"Mango"},{"floor":36.0,"key":"FossilizedHelix"},{"floor":40.0,"key":"PreservedInsect"},{"floor":43.0,"key":"Pocketwatch"},{"floor":45,"key":"Mummified Hand"}],"event_choices":[{"damage_healed":0.0,"max_hp_gain":0.0,"max_hp_loss":0.0,"gold_gain":175.0,"event_name":"Liars Game","player_choice":"AGREE","floor":2.0,"gold_loss":0.0,"damage_taken":0.0,"cards_obtained":["Doubt"]},{"damage_healed":0.0,"max_hp_gain":0.0,"max_hp_loss":0.0,"gold_gain":0.0,"event_name":"Dead Adventurer","player_choice":"Searched \u00272\u0027 times","floor":10.0,"gold_loss":0.0,"damage_taken":0.0,"relics_obtained":["Smiling Mask"]},{"damage_healed":0.0,"max_hp_gain":0.0,"max_hp_loss":0.0,"gold_gain":0.0,"event_name":"Shining Light","player_choice":"Entered Light","floor":11.0,"gold_loss":0.0,"damage_taken":13.0,"cards_upgraded":["AdministrixMod:Defend_Administrix","AdministrixMod:RedCloak"]},{"damage_healed":0.0,"max_hp_gain":0.0,"max_hp_loss":0.0,"gold_gain":0.0,"event_name":"Vampires","player_choice":"Ignored","floor":19.0,"gold_loss":0.0,"damage_taken":0.0},{"damage_healed":0.0,"max_hp_gain":0.0,"max_hp_loss":0.0,"gold_gain":0.0,"event_name":"The Library","player_choice":"Read","floor":21.0,"gold_loss":0.0,"damage_taken":0.0,"cards_obtained":["AdministrixMod:Overdrive"]},{"damage_healed":0.0,"max_hp_gain":0.0,"max_hp_loss":0.0,"gold_gain":0.0,"event_name":"Masked Bandits","player_choice":"Fought Bandits","floor":29.0,"gold_loss":0.0,"damage_taken":0.0},{"damage_healed":0.0,"max_hp_gain":0.0,"max_hp_loss":0.0,"gold_gain":0.0,"event_name":"Mysterious Sphere","player_choice":"Fight","floor":36.0,"gold_loss":0.0,"damage_taken":0.0},{"damage_healed":0.0,"max_hp_gain":0.0,"max_hp_loss":0.0,"gold_gain":0.0,"event_name":"The Woman in Blue","player_choice":"Bought 0 Potions","floor":38.0,"gold_loss":0.0,"damage_taken":0.0},{"damage_healed":0.0,"max_hp_gain":0.0,"max_hp_loss":0.0,"gold_gain":222.0,"event_name":"Tomb of Lord Red Mask","player_choice":"Wore Mask","floor":44.0,"gold_loss":0.0,"damage_taken":0.0},{"damage_healed":0,"gold_gain":300,"player_choice":"Gold","damage_taken":0,"max_hp_gain":0,"max_hp_loss":0,"event_name":"Wheel of Change","floor":46,"gold_loss":0}],"is_beta":false,"boss_relics":[{"not_picked":["Runic Dome","Empty Cage"],"picked":"AdministrixMod:BloodSoakedVeil"},{"not_picked":["Snecko Eye","Velvet Choker"],"picked":"Busted Crown"}],"items_purged_floors":[12,14,39,48],"is_endless":false,"potions_floor_spawned":[3,5,6,22,23,33,36,37,40,45],"ascension_level":0}}