{"host":"p9xedk00duaz8l9n","time":1614170072,"event":{"mods":["BaseMod","Colored Map","DeckTracker","Highlight Path","Minty Spire (QoL Compilation)","Relic Stats","SuperFastMode"],"gold_per_floor":[213,232,252,4,19,44,44,44,44,55,80,80,80,80,80,154,154,171,187,201,212,127,127,157,157,157,157,157],"floor_reached":27,"language":"JPN","playtime":946,"items_purged":["Strike_R"],"score":486,"play_id":"ba75195e-5354-45ed-bc86-2194975f6800","local_time":"20210224213432","is_ascension_mode":true,"campfire_choices":[{"data":"Inflame","floor":7,"key":"SMITH"},{"data":"Disarm","floor":12,"key":"SMITH"},{"floor":15,"key":"REST"},{"data":"Armaments","floor":23,"key":"SMITH"},{"data":"Shockwave","floor":25,"key":"SMITH"}],"circlet_count":0,"master_deck":["AscendersBane","Strike_R","Strike_R","Strike_R+1","Strike_R","Defend_R","Defend_R","Defend_R","Defend_R","Bash","Thunderclap","Anger","Headbutt","Shrug It Off+1","Inflame+1","Disarm+1","Fire Breathing","Corruption","Armaments+1","Dual Wield","Shockwave+1"],"relics":["Burning Blood","TheAbacus","Self Forming Clay","Shovel","Bird Faced Urn","Coffee Dripper","Omamori","Potion Belt","Magic Flower"],"acts_visited":["Exordium","TheCity"],"potions_floor_usage":[5,11,18,19,21,24],"damage_taken":[{"damage":8,"enemies":"2 Louse","floor":1,"turns":3},{"damage":6,"enemies":"Small Slimes","floor":2,"turns":4},{"damage":7,"enemies":"Jaw Worm","floor":3,"turns":3},{"damage":0,"enemies":"Gremlin Gang","floor":5,"turns":3},{"damage":27,"enemies":"Lagavulin","floor":6,"turns":8},{"damage":4,"enemies":"Red Slaver","floor":10,"turns":3},{"damage":8,"enemies":"Gremlin Nob","floor":11,"turns":3},{"damage":13,"enemies":"Hexaghost","floor":16,"turns":10},{"damage":13,"enemies":"Chosen","floor":18,"turns":5},{"damage":14,"enemies":"Shell Parasite","floor":19,"turns":5},{"damage":28,"enemies":"Snake Plant","floor":20,"turns":5},{"damage":10,"enemies":"Snecko","floor":21,"turns":5},{"damage":34,"enemies":"Slavers","floor":24,"turns":6},{"damage":32,"enemies":"Colosseum Slavers","floor":27,"turns":3}],"seed_played":"7536018546916477582","potions_obtained":[{"floor":1,"key":"SteroidPotion"},{"floor":2,"key":"EssenceOfSteel"},{"floor":5,"key":"SteroidPotion"},{"floor":11,"key":"GamblersBrew"},{"floor":19,"key":"SteroidPotion"},{"floor":20,"key":"Swift Potion"}],"is_trial":false,"path_per_floor":["M","M","M","$","M","E","R","?","T","M","E","R","?","$","R","B",null,"M","M","M","M","?","R","E","R","T","?"],"character_chosen":"IRONCLAD","items_purchased":["TheAbacus"],"campfire_rested":1,"item_purchase_floors":[4],"current_hp_per_floor":[66,66,65,65,71,50,50,27,27,29,27,27,1,1,23,20,61,60,58,42,44,44,44,22,22,22,0,0],"gold":157,"neow_bonus":"HUNDRED_GOLD","is_daily":false,"chose_seed":false,"campfire_upgraded":4,"win_rate":0.0,"timestamp":1614170072,"path_taken":["M","M","M","$","M","E","R","?","T","M","E","R","?","$","R","BOSS","M","M","M","M","?","R","E","R","T","?"],"items_purchased_type":["Relic"],"build_version":"2020-12-22","purchased_purges":1,"victory":false,"max_hp_per_floor":[75,75,75,75,75,75,75,75,75,75,75,75,75,75,75,75,75,75,75,75,75,75,75,75,75,75,75,75],"relic_stats":{"TheAbacus":[72],"Shovel":0,"counters":[14,66],"Self Forming Clay":[66],"Bird Faced Urn":[40],"Magic Flower":[2],"obtain_stats":[{"Potion Belt":24,"TheAbacus":4,"Shovel":9,"Self Forming Clay":6,"Bird Faced Urn":11,"Magic Flower":26,"Coffee Dripper":17,"Omamori":22,"Burning Blood":0},{"Potion Belt":13,"TheAbacus":3,"Shovel":5,"Self Forming Clay":5,"Bird Faced Urn":7,"Magic Flower":13,"Coffee Dripper":8,"Omamori":12,"Burning Blood":0},{"Potion Belt":63,"TheAbacus":10,"Shovel":21,"Self Forming Clay":21,"Bird Faced Urn":27,"Magic Flower":63,"Coffee Dripper":37,"Omamori":57,"Burning Blood":0}],"Burning Blood":78},"card_choices":[{"not_picked":["Infernal Blade","Rampage"],"picked":"Thunderclap","floor":1},{"not_picked":["Pommel Strike","Thunderclap"],"picked":"Anger","floor":2},{"not_picked":["Entrench","Warcry"],"picked":"Headbutt","floor":3},{"not_picked":["Wild Strike","Blood for Blood"],"picked":"Shrug It Off","floor":5},{"not_picked":["Impervious","Dual Wield"],"picked":"Inflame","floor":6},{"not_picked":["Whirlwind","Body Slam"],"picked":"Disarm","floor":10},{"not_picked":["Intimidate","Twin Strike"],"picked":"Fire Breathing","floor":11},{"not_picked":["Exhume","Bludgeon"],"picked":"Corruption","floor":16},{"not_picked":["Havoc","Flex+1"],"picked":"Armaments","floor":18},{"not_picked":["Shrug It Off","Headbutt"],"picked":"Dual Wield","floor":19},{"not_picked":["Infernal Blade","Pommel Strike","Body Slam"],"picked":"SKIP","floor":20},{"not_picked":["Anger+1","Armaments"],"picked":"Shockwave","floor":21},{"not_picked":["Searing Blow","Thunderclap","Reckless Charge"],"picked":"SKIP","floor":24}],"player_experience":851285,"relics_obtained":[{"floor":6,"key":"Self Forming Clay"},{"floor":9,"key":"Shovel"},{"floor":11,"key":"Bird Faced Urn"},{"floor":24,"key":"Potion Belt"},{"floor":26,"key":"Magic Flower"}],"event_choices":[{"damage_healed":0,"gold_gain":0,"player_choice":"Entered Light","damage_taken":23,"max_hp_gain":0,"max_hp_loss":0,"event_name":"Shining Light","floor":8,"gold_loss":0,"cards_upgraded":["Shrug It Off","Strike_R"]},{"damage_healed":0,"gold_gain":0,"player_choice":"Fled","damage_taken":26,"max_hp_gain":0,"max_hp_loss":0,"event_name":"Scrap Ooze","floor":13,"gold_loss":0},{"damage_healed":0,"gold_gain":0,"player_choice":"Obtained Relic","damage_taken":0,"relics_obtained":["Omamori"],"max_hp_gain":0,"max_hp_loss":0,"event_name":"Addict","floor":22,"gold_loss":85},{"damage_healed":0,"gold_gain":0,"player_choice":"Fight","damage_taken":0,"max_hp_gain":0,"max_hp_loss":0,"event_name":"Colosseum","floor":27,"gold_loss":0}],"is_beta":false,"boss_relics":[{"not_picked":["Tiny House","Mark of Pain"],"picked":"Coffee Dripper"}],"items_purged_floors":[4],"is_endless":false,"potions_floor_spawned":[1,2,5,11,19,20],"killed_by":"Colosseum Slavers","ascension_level":20}}