{"host":"r3islh0l1a1ykxfu","time":1614172004,"event":{"mods":["BaseMod","Bestiary","Colored Map","Colored Powertips","Highlight Path","Minty Spire (QoL Compilation)","Relic Stats","Slay-I","StSLib","Weighted Paths"],"gold_per_floor":[109,124,199,219,231,265,265,228,228,228,228,228,257,257,257,359,359,344,142,161,173,188,218,218,218,218,418,434,434,434],"floor_reached":29,"language":"ENG","playtime":65322,"items_purged":["Defend_B"],"score":364,"play_id":"5ed1df39-71f6-4d5c-a272-380588e0d324","local_time":"20210224070644","is_ascension_mode":true,"campfire_choices":[{"data":"Zap","floor":7.0,"key":"SMITH"},{"data":"Self Repair","floor":10.0,"key":"SMITH"},{"data":"Tempest","floor":12.0,"key":"SMITH"},{"data":"Conserve Battery","floor":15.0,"key":"SMITH"},{"data":"Thunder Strike","floor":24.0,"key":"SMITH"}],"circlet_count":0,"master_deck":["Strike_B","Strike_B","Strike_B","Strike_B","Defend_B","Defend_B","Defend_B","Zap+1","Dualcast+1","Redo","Conserve Battery+1","Cold Snap","Coolheaded+1","Tempest+1","Self Repair+1","Thunder Strike+1","Conserve Battery","Static Discharge+1","Leap","Glacier+1","Redo+1"],"relics":["Coffee Dripper","Blue Candle","Eternal Feather","Frozen Egg 2","StoneCalendar","Inserter","Pen Nib","Mummified Hand"],"acts_visited":["Exordium","TheCity"],"potions_floor_usage":[],"damage_taken":[{"damage":6.0,"enemies":"2 Louse","floor":1.0,"turns":2.0},{"damage":2.0,"enemies":"Jaw Worm","floor":2.0,"turns":3.0},{"damage":0.0,"enemies":"Cultist","floor":4.0,"turns":4.0},{"damage":0.0,"enemies":"Blue Slaver","floor":5.0,"turns":4.0},{"damage":0.0,"enemies":"Lagavulin","floor":6.0,"turns":8.0},{"damage":0.0,"enemies":"Gremlin Nob","floor":13.0,"turns":2.0},{"damage":52.0,"enemies":"Hexaghost","floor":16.0,"turns":10.0},{"damage":42.0,"enemies":"2 Thieves","floor":18.0,"turns":5.0},{"damage":5.0,"enemies":"Shell Parasite","floor":20.0,"turns":4.0},{"damage":3.0,"enemies":"Sentry and Sphere","floor":21.0,"turns":7.0},{"damage":9.0,"enemies":"Centurion and Healer","floor":22.0,"turns":6.0},{"damage":35.0,"enemies":"Book of Stabbing","floor":23.0,"turns":4.0},{"damage":10,"enemies":"Snecko","floor":28,"turns":6},{"damage":64,"enemies":"Slavers","floor":29,"turns":4}],"seed_played":"6803645368835201350","potions_obtained":[{"floor":4.0,"key":"FocusPotion"},{"floor":5.0,"key":"DuplicationPotion"},{"floor":6.0,"key":"Regen Potion"},{"floor":20.0,"key":"Weak Potion"},{"floor":23.0,"key":"Strength Potion"}],"is_trial":false,"path_per_floor":["M","M","?","M","M","E","R","$","T","R","?","R","E","T","R","B",null,"M","$","M","M","M","E","R","?","T","?","M","E"],"character_chosen":"DEFECT","items_purchased":["Self Repair","Static Discharge+1","Leap"],"campfire_rested":0,"item_purchase_floors":[8,19,19],"current_hp_per_floor":[69,67,56,56,56,56,56,56,56,65,50,59,59,59,68,26,75,43,43,53,60,61,36,48,48,48,48,48,0,0],"gold":434,"neow_bonus":"BOSS_RELIC","is_daily":false,"chose_seed":false,"campfire_upgraded":5,"win_rate":0.0,"timestamp":1614172004,"path_taken":["M","M","?","M","M","E","R","$","T","R","?","R","E","?","R","BOSS","M","$","M","M","M","E","R","?","T","?","?","E"],"items_purchased_type":["Card","Card","Card"],"build_version":"2020-12-22","purchased_purges":1,"victory":false,"max_hp_per_floor":[75,75,75,75,75,75,75,75,75,75,75,75,75,75,75,75,75,75,75,75,75,75,75,75,75,75,75,75,75,75],"relic_stats":{"Inserter":[18],"counters":[14,69],"Mummified Hand":[4],"Blue Candle":[0],"Eternal Feather":39,"StoneCalendar":[60],"Pen Nib":[1],"obtain_stats":[{"Inserter":17,"Mummified Hand":26,"Blue Candle":6,"Eternal Feather":9,"StoneCalendar":14,"Pen Nib":23,"Coffee Dripper":0,"Frozen Egg 2":13,"Cracked Core":0},{"Inserter":7,"Mummified Hand":12,"Blue Candle":5,"Eternal Feather":5,"StoneCalendar":6,"Pen Nib":12,"Coffee Dripper":0,"Frozen Egg 2":6,"Cracked Core":0},{"Inserter":33,"Mummified Hand":59,"Blue Candle":21,"Eternal Feather":21,"StoneCalendar":23,"Pen Nib":59,"Coffee Dripper":0,"Frozen Egg 2":23,"Cracked Core":0}]},"card_choices":[{"not_picked":["Hologram","Coolheaded"],"picked":"Redo","floor":1.0},{"not_picked":["Leap","Doom and Gloom"],"picked":"Conserve Battery","floor":2.0},{"not_picked":["Stack","Hologram"],"picked":"Cold Snap","floor":4.0},{"not_picked":["Barrage","Doom and Gloom"],"picked":"Coolheaded","floor":5.0},{"not_picked":["Rip and Tear","Reboot"],"picked":"Tempest","floor":6.0},{"not_picked":["Hologram","Scrape","FTL"],"picked":"SKIP","floor":13.0},{"not_picked":["Meteor Strike","Creative AI+1"],"picked":"Thunder Strike","floor":16.0},{"not_picked":["Redo","Chaos+1"],"picked":"Conserve Battery","floor":18.0},{"not_picked":["Streamline","Cold Snap+1"],"picked":"Glacier+1","floor":20.0},{"not_picked":["Coolheaded","Barrage"],"picked":"Redo+1","floor":21.0},{"not_picked":["Darkness","Glacier+1","Coolheaded"],"picked":"SKIP","floor":22.0},{"not_picked":["Hyperbeam","Sweeping Beam","Ball Lightning"],"picked":"SKIP","floor":23.0},{"not_picked":["Gash","Barrage","Redo"],"picked":"SKIP","floor":28}],"player_experience":1336959,"relics_obtained":[{"floor":6.0,"key":"Blue Candle"},{"floor":9.0,"key":"Eternal Feather"},{"floor":13.0,"key":"Frozen Egg 2"},{"floor":14.0,"key":"StoneCalendar"},{"floor":23.0,"key":"Pen Nib"},{"floor":26.0,"key":"Mummified Hand"}],"event_choices":[{"damage_healed":0.0,"max_hp_gain":0.0,"max_hp_loss":0.0,"gold_gain":75.0,"event_name":"World of Goop","player_choice":"Gather Gold","floor":3.0,"gold_loss":0.0,"damage_taken":11.0},{"damage_healed":0.0,"max_hp_gain":0.0,"max_hp_loss":0.0,"gold_gain":0.0,"event_name":"Shining Light","player_choice":"Entered Light","floor":11.0,"gold_loss":0.0,"damage_taken":15.0,"cards_upgraded":["Coolheaded","Dualcast"]},{"damage_healed":0.0,"max_hp_gain":0.0,"max_hp_loss":0.0,"gold_gain":0.0,"event_name":"Cursed Tome","player_choice":"Ignored","floor":25.0,"gold_loss":0.0,"damage_taken":0.0},{"damage_healed":0,"gold_gain":250,"player_choice":"Bet on Owner","damage_taken":0,"max_hp_gain":0,"max_hp_loss":0,"event_name":"The Joust","floor":27,"gold_loss":50}],"is_beta":false,"boss_relics":[{"not_picked":["Snecko Eye","Runic Dome"],"picked":"Inserter"}],"items_purged_floors":[19],"is_endless":false,"potions_floor_spawned":[4,5,6,20,23],"killed_by":"Slavers","ascension_level":4}}