{"host":"p9fmk1zxjhqthrxg","time":1614194228,"event":{"mods":["BaseMod","Bestiary","Colored Map","Colored Powertips","Highlight Path","Minty Spire (QoL Compilation)","Random Character Button","Rare Cards Sparkle","StSLib"],"gold_per_floor":[114,134,134,134,309,342,342,362,362,377,407,407,420,431,431,431,431],"floor_reached":16,"language":"ENG","playtime":471,"items_purged":[],"score":137,"play_id":"8fc954d1-7030-43ac-8a6d-47d7f2dcae2b","local_time":"20210224131708","is_ascension_mode":false,"campfire_choices":[{"data":"Scrape","floor":7,"key":"SMITH"},{"floor":15,"key":"REST"}],"circlet_count":0,"master_deck":["Strike_B","Strike_B","Strike_B","Defend_B","Defend_B","Defend_B","Defend_B","Zap","Dualcast","Sweeping Beam","Tempest","Doubt","Multi-Cast","Chaos","Turbo","Capacitor","Bash","Cold Snap","Gash"],"relics":["Cracked Core","NeowsBlessing","Question Card","Toy Ornithopter","MealTicket","Vajra"],"acts_visited":["Exordium"],"potions_floor_usage":[14,14,14],"damage_taken":[{"damage":0,"enemies":"Jaw Worm","floor":1,"turns":1},{"damage":0,"enemies":"Small Slimes","floor":2,"turns":1},{"damage":0,"enemies":"3 Sentries","floor":6,"turns":1},{"damage":1,"enemies":"2 Louse","floor":8,"turns":2},{"damage":33,"enemies":"Gremlin Gang","floor":10,"turns":4},{"damage":21,"enemies":"Lagavulin","floor":11,"turns":5},{"damage":10,"enemies":"Looter","floor":13,"turns":2},{"damage":12,"enemies":"Exordium Wildlife","floor":14,"turns":4},{"damage":31,"enemies":"Hexaghost","floor":16,"turns":4}],"seed_played":"4095010312991637006","potions_obtained":[{"floor":10,"key":"SteroidPotion"},{"floor":11,"key":"AttackPotion"},{"floor":13,"key":"Swift Potion"},{"floor":14,"key":"SpeedPotion"}],"is_trial":false,"path_per_floor":["M","M","?","?","?","E","R","M","T","M","E","?","M","M","R","B"],"character_chosen":"DEFECT","items_purchased":[],"campfire_rested":1,"item_purchase_floors":[],"current_hp_per_floor":[75,75,75,68,68,68,68,67,67,34,13,13,3,6,28,0,0],"gold":431,"neow_bonus":"THREE_ENEMY_KILL","is_daily":false,"chose_seed":false,"campfire_upgraded":1,"win_rate":0.0,"timestamp":1614194228,"path_taken":["M","M","?","?","?","E","R","M","T","?","E","?","M","?","R","BOSS"],"items_purchased_type":[],"build_version":"2020-12-22","purchased_purges":0,"victory":false,"max_hp_per_floor":[75,75,75,75,75,75,75,75,75,75,75,75,75,75,75,75,75],"card_choices":[{"not_picked":["Stack","Rip and Tear"],"picked":"Sweeping Beam","floor":1},{"not_picked":["Cold Snap","Sunder"],"picked":"Tempest","floor":2},{"not_picked":["Compile Driver","Recycle","All For One"],"picked":"Multi-Cast","floor":6},{"not_picked":["Barrage","Glacier","Conserve Battery"],"picked":"Chaos","floor":8},{"not_picked":["Barrage","Rebound","Capacitor"],"picked":"Turbo","floor":10},{"not_picked":["Heatsinks","Auto Shields","Stack"],"picked":"Capacitor","floor":11},{"not_picked":["Conserve Battery","Sunder","Compile Driver"],"picked":"Cold Snap","floor":13},{"not_picked":["Redo","Ball Lightning","Steam"],"picked":"Gash","floor":14}],"player_experience":146280,"relics_obtained":[{"floor":6,"key":"Toy Ornithopter"},{"floor":9,"key":"MealTicket"},{"floor":11,"key":"Vajra"}],"event_choices":[{"damage_healed":0,"gold_gain":0,"cards_transformed":["Strike_B"],"player_choice":"Change","damage_taken":0,"max_hp_gain":0,"max_hp_loss":0,"event_name":"Living Wall","floor":3,"gold_loss":0,"cards_obtained":["Scrape"]},{"damage_healed":0,"gold_gain":0,"player_choice":"Success","damage_taken":7,"relics_obtained":["Question Card"],"max_hp_gain":0,"max_hp_loss":0,"event_name":"Scrap Ooze","floor":4,"gold_loss":0},{"damage_healed":0,"gold_gain":175,"player_choice":"AGREE","damage_taken":0,"max_hp_gain":0,"max_hp_loss":0,"event_name":"Liars Game","floor":5,"gold_loss":0,"cards_obtained":["Doubt"]},{"cards_removed":["Scrape"],"damage_healed":0,"gold_gain":0,"player_choice":"Took Card","damage_taken":0,"max_hp_gain":0,"max_hp_loss":0,"event_name":"NoteForYourself","floor":12,"gold_loss":0,"cards_obtained":["Bash"]}],"is_beta":false,"boss_relics":[],"items_purged_floors":[],"is_endless":false,"potions_floor_spawned":[10,11,13,14],"killed_by":"Hexaghost","ascension_level":0}}