{"host":"mylchucnruboibv3","time":1614188898,"event":{"mods":["Aspiration","Bard","BaseMod","Beaked The Cultist","Colored Map","Conspire","Downfall","GifTheSpireLib","GungeonMod","Halation","Hubris","Infinite Spire","Mad Scientist","Minty Spire (QoL Compilation)","READ ME - Guardian Mod","READ ME - Snecko Mod","Replay The Spire","StSLib","Stuff the Spire","The Construct","The Disciple","The Jungle","The Marked","The Mystic","The Necromancer","The Runesmith","The Servant 0.9.4","The Valiant"],"gold_per_floor":[99,110,110,110,125,143,143,143,143,143],"floor_reached":8,"language":"ENG","playtime":389,"items_purged":[],"score":46,"play_id":"46466cec-ab9a-4edb-9a39-63fed1c16d43","local_time":"20210224184818","is_ascension_mode":false,"campfire_choices":[{"floor":1,"key":"DIG"}],"circlet_count":0,"master_deck":["bronze:Strike","bronze:Strike","bronze:Strike","bronze:Strike","bronze:Defend","bronze:Defend","bronze:Defend","bronze:Defend","bronze:Replicate","bronze:Goto+1","bronze:CutThrough","bronze:Frontload","bronze:WhirlingStrike","bronze:BronzeOrb"],"relics":["bronze:BronzeCore","Happy Flower","conspire:Dentures"],"acts_visited":["Exordium"],"potions_floor_usage":[],"damage_taken":[{"damage":6,"enemies":"conspire:RoseBush","floor":2,"turns":4},{"damage":4,"enemies":"Jaw Worm","floor":5,"turns":4},{"damage":2,"enemies":"2 Louse","floor":6,"turns":2},{"damage":65,"enemies":"Lagavulin","floor":8,"turns":14}],"seed_played":"-906687045832822219","potions_obtained":[],"is_trial":false,"path_per_floor":["R_BF","M","?","?","M","M","T","E"],"character_chosen":"THE_AUTOMATON","items_purchased":[],"campfire_rested":0,"item_purchase_floors":[],"current_hp_per_floor":[77,71,71,71,67,65,65,0,0,0],"gold":143,"neow_bonus":"TEN_PERCENT_HP_BONUS","is_daily":false,"chose_seed":false,"campfire_upgraded":0,"win_rate":0.0,"timestamp":1614188898,"path_taken":["R_BF","M","?","?","M","M","T","E"],"items_purchased_type":[],"build_version":"2020-12-22","purchased_purges":0,"victory":false,"max_hp_per_floor":[77,77,77,77,77,77,77,77,77,77],"card_choices":[{"not_picked":["bronze:FollowUp","bronze:BitShift"],"picked":"bronze:CutThrough","floor":2},{"not_picked":["bronze:DelayedGuard","bronze:DelayedSlice"],"picked":"bronze:WhirlingStrike","floor":5},{"not_picked":["bronze:DelayedSlice","bronze:BitShift"],"picked":"bronze:BronzeOrb","floor":6}],"player_experience":115103,"relics_obtained":[{"floor":1,"key":"Happy Flower"},{"floor":7,"key":"conspire:Dentures"}],"event_choices":[],"is_beta":false,"boss_relics":[],"items_purged_floors":[],"is_endless":false,"potions_floor_spawned":[],"killed_by":"Lagavulin","ascension_level":0}}