{"host":"kejh1c9c53env2nx","time":1614126531,"event":{"mods":["BaseMod","Downfall","Minty Spire (QoL Compilation)","StSLib"],"gold_per_floor":[116,116,132,51,64,64,96,96,96,116,145,145,157,43,43,147,147,165,90,90,19,37,37,68,68,68],"floor_reached":25,"language":"ENG","playtime":1113,"items_purged":["Creative AI"],"score":229,"play_id":"c2ddfa16-1d8f-40e2-9b37-0b85ee29935d","local_time":"20210224002851","is_ascension_mode":false,"campfire_choices":[{"data":"Loop","floor":6,"key":"SMITH"},{"floor":8,"key":"REST"},{"floor":15,"key":"REST"},{"floor":23,"key":"REST"}],"circlet_count":0,"master_deck":["Strike_B","Strike_B","Strike_B","Strike_B","Defend_B","Defend_B","Defend_B+1","Defend_B+1","Zap","Dualcast","Electrodynamics","Auto Shields","Loop+1","Static Discharge","Hologram","Hologram","Ball Lightning","Capacitor","Lockon","Echo Form","Defragment+1","Lockon","Leap+1","Glacier+1"],"relics":["Cracked Core","Shuriken","Question Card","Nunchaku","Busted Crown","War Paint","Bag of Marbles"],"acts_visited":["Exordium","TheCity"],"potions_floor_usage":[7,11,16,22,22],"damage_taken":[{"damage":9,"enemies":"Jaw Worm","floor":1,"turns":4},{"damage":0,"enemies":"Cultist","floor":3,"turns":3},{"damage":0,"enemies":"2 Louse","floor":5,"turns":2},{"damage":32,"enemies":"Lagavulin","floor":7,"turns":6},{"damage":2,"enemies":"2 Fungi Beasts","floor":10,"turns":3},{"damage":12,"enemies":"3 Sentries","floor":11,"turns":3},{"damage":9,"enemies":"Exordium Thugs","floor":13,"turns":4},{"damage":33,"enemies":"Hexaghost","floor":16,"turns":8},{"damage":14,"enemies":"Chosen","floor":18,"turns":5},{"damage":22,"enemies":"2 Thieves","floor":22,"turns":3},{"damage":24,"enemies":"Book of Stabbing","floor":24,"turns":5},{"damage":48,"enemies":"3 Cultists","floor":25,"turns":4}],"seed_played":"-5236642396938443022","potions_obtained":[{"floor":1,"key":"sneckomod:MuddlingPotion"},{"floor":5,"key":"Regen Potion"},{"floor":13,"key":"EssenceOfSteel"},{"floor":16,"key":"champ:CounterPotion"},{"floor":22,"key":"Fruit Juice"}],"is_trial":false,"path_per_floor":["M","?","M","$","M","R","E","R","T","M","E","?","M","$","R","B",null,"M","?","?","$","M","R","E","M"],"character_chosen":"DEFECT","items_purchased":["Static Discharge","Lockon","Lockon"],"campfire_rested":3,"item_purchase_floors":[4,14,21],"current_hp_per_floor":[66,66,66,66,66,66,46,68,68,66,54,54,45,45,67,34,75,61,61,61,61,44,68,44,0,0],"gold":68,"neow_bonus":"THREE_RARE_CARDS","is_daily":false,"chose_seed":false,"campfire_upgraded":1,"win_rate":0.0,"timestamp":1614126531,"path_taken":["M","?","?","$","M","R","E","R","T","M","E","?","M","$","R","BOSS","M","?","?","$","?","R","E","M"],"items_purchased_type":["Card","Card","Card"],"build_version":"2020-12-22","purchased_purges":1,"victory":false,"max_hp_per_floor":[75,75,75,75,75,75,75,75,75,75,75,75,75,75,75,75,75,75,75,75,75,80,80,80,80,80],"card_choices":[{"not_picked":["Echo Form","Meteor Strike"],"picked":"Electrodynamics","floor":0},{"not_picked":["Rip and Tear","Fusion"],"picked":"Rebound","floor":1},{"not_picked":["Cold Snap","Redo"],"picked":"Loop","floor":3},{"not_picked":["Cold Snap","Beam Cell"],"picked":"Hologram","floor":5},{"not_picked":["Steam Power","All For One"],"picked":"Creative AI","floor":7},{"not_picked":["Gash","Coolheaded","Fusion"],"picked":"Hologram","floor":10},{"not_picked":["Rebound","Conserve Battery","Hologram"],"picked":"Ball Lightning","floor":11},{"not_picked":["Sweeping Beam","Blizzard","Hologram"],"picked":"Capacitor","floor":13},{"not_picked":["Creative AI","Fission","Amplify"],"picked":"Echo Form","floor":16},{"not_picked":["Scrape"],"picked":"Defragment+1","floor":18},{"not_picked":["Force Field"],"picked":"Leap+1","floor":22},{"not_picked":["Cold Snap+1"],"picked":"Glacier+1","floor":24}],"player_experience":84893,"relics_obtained":[{"floor":7,"key":"Shuriken"},{"floor":9,"key":"Question Card"},{"floor":11,"key":"Nunchaku"},{"floor":24,"key":"Bag of Marbles"}],"event_choices":[{"damage_healed":0,"gold_gain":0,"cards_transformed":["Rebound"],"player_choice":"Transformed","damage_taken":0,"max_hp_gain":0,"max_hp_loss":0,"event_name":"Transmorgrifier","floor":2,"gold_loss":0,"cards_obtained":["Auto Shields"]},{"damage_healed":0,"gold_gain":0,"player_choice":"Ignored","damage_taken":0,"max_hp_gain":0,"max_hp_loss":0,"event_name":"Golden Wing","floor":12,"gold_loss":0},{"cards_removed":["Normality"],"damage_healed":0,"gold_gain":0,"player_choice":"Gave Gold","damage_taken":0,"max_hp_gain":0,"max_hp_loss":0,"event_name":"Beggar","floor":19,"gold_loss":75},{"damage_healed":0,"gold_gain":0,"player_choice":"Opened","damage_taken":0,"relics_obtained":["War Paint"],"max_hp_gain":0,"max_hp_loss":0,"event_name":"The Mausoleum","floor":20,"gold_loss":0}],"is_beta":false,"boss_relics":[{"not_picked":["Snecko Eye","Calling Bell"],"picked":"Busted Crown"}],"items_purged_floors":[14],"is_endless":false,"potions_floor_spawned":[1,5,13,16,22],"killed_by":"3 Cultists","ascension_level":0}}