{"host":"nn0usk9aafse27ii","time":1614126250,"event":{"mods":["BaseMod","Colored Map","Downfall","Highlight Path","Minty Spire (QoL Compilation)","Shop Mod","StSLib"],"gold_per_floor":[199,210,6,18,32,32,32,48,70,87,87,87,87,97,117,219,219,219,239,259,3,3,3,3,15,33,44,44,44,44,54,73,172,172,172,184,196,246,11,11,11,11,11,11,11],"floor_reached":43,"language":"ENG","playtime":4772,"items_purged":["downfall:Bewildered"],"score":472,"play_id":"3cb0fbb4-a298-4221-a574-16681c6fe485","local_time":"20210223162410","is_ascension_mode":false,"campfire_choices":[{"data":"Slimebound:CorrosiveSpit","floor":1.0,"key":"SMITH"},{"data":"Slimebound:SamplingLick","floor":6.0,"key":"SMITH"},{"data":"Slimebound:WasteNot","floor":11.0,"key":"SMITH"},{"data":"Slimebound:SamplingLick","floor":13.0,"key":"SMITH"},{"data":"Slimebound:MassFeed","floor":18.0,"key":"SMITH"},{"data":"Slimebound:FlameTackle","floor":28.0,"key":"SMITH"},{"floor":30.0,"key":"REST"},{"data":"Thinking Ahead","floor":35,"key":"SMITH"}],"circlet_count":0,"master_deck":["Slimebound:Tackle","Slimebound:Split","Slimebound:CorrosiveSpit+1","Slimebound:RollThrough","Slimebound:SamplingLick+1","Slimebound:ServeAndProtect","Slimebound:SplitMire","Slimebound:Chomp","Slimebound:SamplingLick+1","Slimebound:FlameTackle+1","Slimebound:SamplingLick+1","Slimebound:RollThrough","Slimebound:Prepare+1","Slimebound:SlimeTap","Slimebound:MassFeed+1","Slimebound:SplitAcid","Slimebound:LeechingTouch+1","Slimebound:ForwardTackle","Thinking Ahead+1","Slimebound:Recollect+1","Slimebound:FinishingTackle","Slimebound:Chomp","Slimebound:LeechEnergy","Slimebound:LivingWall","Slimebound:SplitLeeching","Slimebound:LeechLife","Slimebound:SplitSpecialist","Slimebound:SlimeBarrage","Slimebound:OneTwoCombo","Slimebound:Replication","Slimebound:FinishingTackle","Slimebound:Recollect+1","Slimebound:Repurpose","Slimebound:HauntingLick+1","Slimebound:MegaLick","expansioncontent:YouAreMine","Slimebound:Darklings"],"relics":["Slimebound:AbsorbEndCombat","ClockworkSouvenir","Pear","Odd Mushroom","expansioncontent:StudyCardRelic","Darkstone Periapt","Pandora\u0027s Box","Du-Vu Doll","Slimebound:SelfDamagePreventRelic","White Beast Statue"],"acts_visited":["Exordium","TheCity","TheBeyond"],"potions_floor_usage":[37,38],"damage_taken":[{"damage":3.0,"enemies":"Small Slimes","floor":2.0,"turns":3.0},{"damage":5.0,"enemies":"downfall:FleeingMerchant","floor":3.0,"turns":4.0},{"damage":4.0,"enemies":"Jaw Worm","floor":4.0,"turns":4.0},{"damage":0.0,"enemies":"Cultist","floor":5.0,"turns":3.0},{"damage":5.0,"enemies":"Blue Slaver","floor":8.0,"turns":3.0},{"damage":1.0,"enemies":"The Mushroom Lair","floor":9.0,"turns":4.0},{"damage":8.0,"enemies":"Lots of Slimes","floor":10.0,"turns":4.0},{"damage":6.0,"enemies":"2 Fungi Beasts","floor":14.0,"turns":3.0},{"damage":0.0,"enemies":"3 Louse","floor":15.0,"turns":3.0},{"damage":9.0,"enemies":"SI_SHIV_ARCHETYPE","floor":16.0,"turns":8.0},{"damage":0.0,"enemies":"3 Byrds","floor":19.0,"turns":4.0},{"damage":15.0,"enemies":"Shell Parasite","floor":20.0,"turns":7.0},{"damage":10.0,"enemies":"downfall:FleeingMerchant","floor":21.0,"turns":4.0},{"damage":0.0,"enemies":"Cultist and Chosen","floor":25.0,"turns":3.0},{"damage":19.0,"enemies":"Snake Plant","floor":26.0,"turns":3.0},{"damage":15.0,"enemies":"Centurion and Healer","floor":27.0,"turns":3.0},{"damage":1.0,"enemies":"Cultist and Chosen","floor":31.0,"turns":4.0},{"damage":0.0,"enemies":"Sentry and Sphere","floor":32.0,"turns":3.0},{"damage":55.0,"enemies":"IC_MUSHROOM_ARCHETYPE","floor":33.0,"turns":8.0},{"damage":34,"enemies":"3 Darklings","floor":36,"turns":7},{"damage":13,"enemies":"3 Shapes","floor":37,"turns":3},{"damage":43,"enemies":"2 Orb Walkers","floor":38,"turns":5},{"damage":16,"enemies":"downfall:FleeingMerchant","floor":39,"turns":4},{"damage":26,"enemies":"Jaw Worm Horde","floor":43,"turns":2}],"seed_played":"2667102781060862603","potions_obtained":[{"floor":5.0,"key":"Regen Potion"},{"floor":8.0,"key":"Swift Potion"},{"floor":9.0,"key":"AttackPotion"},{"floor":10.0,"key":"champ:CounterPotion"},{"floor":15.0,"key":"PowerPotion"},{"floor":16.0,"key":"Slimebound:SlimyTonguePotion"},{"floor":27.0,"key":"Fire Potion"},{"floor":31.0,"key":"Explosive Potion"},{"floor":32.0,"key":"Weak Potion"},{"floor":33.0,"key":"bronze:BurnAndBuffPotion"},{"floor":36,"key":"EssenceOfSteel"}],"is_trial":false,"path_per_floor":["R","M","$","M","M","R","T","M","?","M","R","?","R","M","M","B",null,"R","M","M","$","?","?","T","M","M","M","R","?","R","M","M","B",null,"R","M","M","?","$","?","T","?","M"],"character_chosen":"SLIMEBOUND","items_purchased":["ClockworkSouvenir","Slimebound:ServeAndProtect","Thinking Ahead","Slimebound:MegaLick","Slimebound:SelfDamagePreventRelic"],"campfire_rested":1,"item_purchase_floors":[3,3,21,39,39],"current_hp_per_floor":[65,64,60,62,65,65,75,74,75,71,71,71,71,69,75,68,75,75,79,68,62,47,47,47,51,38,35,35,35,61,72,84,37,96,96,64,51,16,16,16,16,16,0,0,0],"gold":11,"neow_bonus":"HUNDRED_GOLD","is_daily":false,"chose_seed":false,"campfire_upgraded":7,"win_rate":0.0,"timestamp":1614126250,"path_taken":["R","M","$","M","M","R","T","M","?","M","R","?","R","?","M","BOSS","R","M","M","$","?","?","T","M","M","?","R","?","R","M","M","BOSS","R","M","M","?","$","?","T","?","M"],"items_purchased_type":["Relic","Card","Card","Card","Relic"],"build_version":"2020-12-22","purchased_purges":1,"victory":false,"max_hp_per_floor":[65,65,65,65,65,65,75,75,75,75,75,75,75,75,75,75,75,75,79,79,79,84,84,84,84,84,88,88,88,88,92,96,96,96,96,96,96,96,96,96,96,96,96,96,96],"card_choices":[{"not_picked":["Slimebound:ItLooksTasty","Slimebound:HauntingLick"],"picked":"Slimebound:RollThrough","floor":2.0},{"not_picked":["Slimebound:Dissolve","Slimebound:LeadByExample"],"picked":"Slimebound:SamplingLick","floor":3.0},{"not_picked":["Slimebound:ComboTackle","Slimebound:GoopTackle"],"picked":"Slimebound:SplitMire","floor":4.0},{"not_picked":["Slimebound:SplitLeeching","Slimebound:SlimeSpikes"],"picked":"Slimebound:Chomp","floor":5.0},{"not_picked":["Slimebound:SplitLeeching","Slimebound:HauntingLick"],"picked":"Slimebound:SamplingLick","floor":8.0},{"not_picked":["Slimebound:LivingWall","Slimebound:LeadByExample"],"picked":"Slimebound:FlameTackle","floor":9.0},{"not_picked":["Slimebound:SlimeSpikes","Slimebound:SplitAcid"],"picked":"Slimebound:WasteNot","floor":10.0},{"not_picked":["Slimebound:SplitBruiser","Slimebound:ServeAndProtect"],"picked":"Slimebound:Prepare","floor":14.0},{"not_picked":["Slimebound:LeechEnergy","Slimebound:LeadByExample"],"picked":"Slimebound:SlimeTap","floor":15.0},{"not_picked":["Slimebound:OneTwoCombo","Slimebound:RallyTheTroops"],"picked":"Slimebound:MassFeed","floor":16.0},{"not_picked":["Slimebound:SamplingLick","Slimebound:GoopTackle"],"picked":"Slimebound:SplitAcid","floor":19.0},{"not_picked":["Slimebound:AcidTongue","Slimebound:LevelUp"],"picked":"Slimebound:LeechingTouch+1","floor":20.0},{"not_picked":["Slimebound:LeechEnergy","Slimebound:SlimeSpikes+1"],"picked":"Slimebound:ForwardTackle","floor":21.0},{"not_picked":["Slimebound:LeechingTouch","Slimebound:MinionMaster","Slimebound:RollThrough"],"picked":"SKIP","floor":25.0},{"not_picked":["Slimebound:SplitLeeching+1","Slimebound:RollThrough"],"picked":"Slimebound:Recollect+1","floor":26.0},{"not_picked":["Slimebound:LeechEnergy","Slimebound:SplitMire"],"picked":"Slimebound:FinishingTackle","floor":27.0},{"not_picked":["Slimebound:GoopSpray","Slimebound:TongueLash"],"picked":"Slimebound:LivingWall","floor":31.0},{"not_picked":["Slimebound:SlimeSpikes","Slimebound:LivingWall"],"picked":"Slimebound:SplitLeeching","floor":32.0},{"not_picked":["Slimebound:MinionMaster","Slimebound:Darklings"],"picked":"Slimebound:LeechLife","floor":33.0},{"not_picked":["Slimebound:RollThrough","Slimebound:LeechEnergy+1"],"picked":"Slimebound:Recollect+1","floor":36},{"not_picked":["Slimebound:ItLooksTasty","Slimebound:GoopSpray"],"picked":"Slimebound:Repurpose","floor":37},{"not_picked":["Slimebound:SlimeSpikes+1","Slimebound:ComboTackle+1"],"picked":"Slimebound:HauntingLick+1","floor":38},{"not_picked":["Slimebound:Grow+1","Slimebound:PressTheAttack","Slimebound:ComboTackle+1"],"picked":"SKIP","floor":39},{"not_picked":["expansioncontent:Hexaburn","expansioncontent:GuardianWhirl"],"picked":"expansioncontent:YouAreMine","floor":40}],"player_experience":800239,"relics_obtained":[{"floor":7.0,"key":"Pear"},{"floor":9.0,"key":"Odd Mushroom"},{"floor":24.0,"key":"Darkstone Periapt"},{"floor":38,"key":"Du-Vu Doll"},{"floor":41,"key":"White Beast Statue"}],"event_choices":[{"damage_healed":0.0,"max_hp_gain":0.0,"max_hp_loss":0.0,"gold_gain":0.0,"event_name":"Mushrooms","player_choice":"Fought Mushrooms","floor":9.0,"gold_loss":0.0,"damage_taken":0.0},{"damage_healed":0.0,"max_hp_gain":0.0,"max_hp_loss":0.0,"gold_gain":0.0,"event_name":"Accursed Blacksmith","player_choice":"Forge","floor":23.0,"gold_loss":0.0,"damage_taken":0.0,"cards_upgraded":["Slimebound:Prepare"]},{"damage_healed":0.0,"max_hp_gain":0.0,"max_hp_loss":0.0,"gold_gain":0.0,"cards_transformed":["Slimebound:Strike_Slimebound","Slimebound:Strike_Slimebound"],"event_name":"Drug Dealer","player_choice":"Became Test Subject","floor":29.0,"gold_loss":0.0,"damage_taken":0.0,"cards_obtained":["Slimebound:Chomp","Slimebound:LeechEnergy"]},{"damage_healed":0,"gold_gain":0,"player_choice":"Fight","damage_taken":0,"max_hp_gain":0,"max_hp_loss":0,"event_name":"Mysterious Sphere","floor":38,"gold_loss":0}],"is_beta":false,"boss_relics":[{"not_picked":["Tiny House","Fusion Hammer"],"picked":"expansioncontent:StudyCardRelic"},{"not_picked":["Velvet Choker","Calling Bell"],"picked":"Pandora\u0027s Box"}],"items_purged_floors":[21],"is_endless":false,"potions_floor_spawned":[5,8,9,10,15,16,27,31,32,33,36],"killed_by":"Jaw Worm Horde","ascension_level":0}}