{"host":"clf2hd4adhiiw0zf","time":1614147381,"event":{"mods":["AchievementEnabler","BaseMod","Beaked The Cultist","Bestiary","Dark Map","Downfall","Gremlin Mod","Hermit","Jorbs\u0027s Wanderer Trilogy","Marisa????????","Minty Spire (QoL Compilation)","Quick Restart","Replay The Spire","Shop Mod","Spire Arcade","StSLib","The Construct","The Cursed","Wide Potions"],"gold_per_floor":[99,109,122,136,136,169,192,192,192,243,243,264,311,343,243,283,314,423,423,423,449,477,511,124,170,193,243,243,143,184,198,198,198],"floor_reached":31,"language":"ENG","playtime":1292,"items_purged":[],"score":473,"play_id":"aa06aa6d-b9da-486d-ba45-e663aaf684f4","local_time":"20210223231621","is_ascension_mode":true,"campfire_choices":[{"data":"Guardian:TwinSlam","floor":1.0,"key":"SMITH"},{"floor":15.0,"key":"REST"},{"data":"Guardian:CompilePackage","floor":20.0,"key":"SMITH"},{"floor":29.0,"key":"RECALL"}],"circlet_count":0,"master_deck":["Guardian:Strike_Guardian","Guardian:Strike_Guardian","Guardian:Strike_Guardian","Guardian:Strike_Guardian","Guardian:Defend_Guardian","Guardian:Defend_Guardian","Guardian:Defend_Guardian","Guardian:CurlUp","Guardian:TwinSlam+1","Guardian:BronzeOrb","Guardian:Clone","Guardian:Orbwalk+1","Guardian:AncientConstruct","Guardian:Incinerate","Guardian:Incinerate","Guardian:Clone","Guardian:Suspension","Guardian:CompilePackage+1","Guardian:Incinerate","Guardian:TemporalShield","Guardian:TimeBomb+1","Guardian:DonusPower+1","Guardian:Clone+1"],"relics":["construct:ClawGrip","Replay:Bandana","Boot","Bronze Scales","Ornamental Fan","downfall:HeartBlessingGreen","beaked:ShinyBauble","Painkiller Herb","Tiny Chest","Question Card","Omamori","StrikeDummy","downfall:HeartBlessingBlue","Pantograph"],"acts_visited":["Exordium","TheCity"],"potions_floor_usage":[30,31],"damage_taken":[{"damage":4.0,"enemies":"2 Louse","floor":2.0,"turns":3.0},{"damage":0.0,"enemies":"Jaw Worm","floor":3.0,"turns":3.0},{"damage":1.0,"enemies":"Cultist","floor":4.0,"turns":3.0},{"damage":10.0,"enemies":"Gremlin Nob","floor":6.0,"turns":4.0},{"damage":17.0,"enemies":"Exordium Wildlife","floor":12.0,"turns":4.0},{"damage":10.0,"enemies":"3 Sentries","floor":13.0,"turns":7.0},{"damage":9.0,"enemies":"Red Slaver","floor":14.0,"turns":3.0},{"damage":10.0,"enemies":"Lagavulin","floor":16.0,"turns":6.0},{"damage":5.0,"enemies":"Blue Slaver","floor":17.0,"turns":3.0},{"damage":16.0,"enemies":"SI_SHIV_ARCHETYPE","floor":18.0,"turns":7.0},{"damage":0.0,"enemies":"3 Byrds","floor":21.0,"turns":3.0},{"damage":12.0,"enemies":"Shell Parasite","floor":22.0,"turns":4.0},{"damage":17.0,"enemies":"Shelled Parasite and Fungi","floor":23.0,"turns":5.0},{"damage":0.0,"enemies":"downfall:FleeingMerchant","floor":24.0,"turns":4.0},{"damage":0.0,"enemies":"Slavers","floor":25.0,"turns":4.0},{"damage":20.0,"enemies":"Book of Stabbing","floor":27.0,"turns":5.0},{"damage":11,"enemies":"Slavers","floor":30,"turns":4},{"damage":16,"enemies":"3 Cultists","floor":31,"turns":3}],"seed_played":"-261383772904182609","potions_obtained":[{"floor":4.0,"key":"sneckomod:MuddlingPotion"},{"floor":6.0,"key":"Ancient Potion"},{"floor":10.0,"key":"Reflective Coating"},{"floor":12.0,"key":"Adrenaline Potion"},{"floor":13.0,"key":"Block Potion"},{"floor":18.0,"key":"Dexterity Potion"},{"floor":22.0,"key":"BlessingOfTheForge"},{"floor":30,"key":"Block Potion"}],"is_trial":false,"path_per_floor":["R","M","M","M","?","E","T","PTL","PTL","?","?","M","E","M","R","E","M","B",null,"T","?","?","?","T","E","T","E","?","T","E","?"],"character_chosen":"GUARDIAN","items_purchased":["Tiny Chest","Question Card"],"campfire_rested":1,"item_purchase_floors":[24,24],"current_hp_per_floor":[72,68,68,67,67,57,57,57,57,57,57,40,30,21,45,35,30,14,64,64,64,52,35,35,35,35,15,15,25,14,0,0,0],"gold":198,"neow_bonus":"BOSS_RELIC","is_daily":false,"chose_seed":false,"campfire_upgraded":2,"win_rate":0.0,"timestamp":1614147381,"path_taken":["R","M","M","M","?","E","T","PTL","PTL","?","?","?","E","M","R","E","M","BOSS","T","?","?","?","T","E","T","E","?","T","E","?"],"items_purchased_type":["Relic","Relic"],"build_version":"2020-12-22","purchased_purges":0,"victory":false,"max_hp_per_floor":[80,80,80,80,80,80,80,80,80,80,80,80,80,80,80,80,80,80,80,80,80,80,80,80,80,80,80,80,90,90,90,90,90],"card_choices":[{"not_picked":["Guardian:ShieldCharger","Guardian:CrystalBeam"],"picked":"Guardian:BronzeOrb","floor":2.0},{"not_picked":["Guardian:FloatingOrbs","Guardian:Gem_Fragmented"],"picked":"Guardian:Clone","floor":3.0},{"not_picked":["Guardian:Reroute","Guardian:BodySlam"],"picked":"Guardian:Orbwalk","floor":4.0},{"not_picked":["Guardian:Suspension","Guardian:TemporalStrike"],"picked":"Guardian:AncientConstruct","floor":6.0},{"not_picked":["Guardian:DonusPower","Guardian:Gem_Purple"],"picked":"Guardian:Incinerate","floor":10.0},{"not_picked":["Guardian:RollAttack","Guardian:DonusPower"],"picked":"Guardian:Incinerate","floor":12.0},{"not_picked":["Guardian:BodySlam","Guardian:Gem_Cyan"],"picked":"Guardian:Clone","floor":13.0},{"not_picked":["Guardian:RollAttack","Guardian:ShieldCharger"],"picked":"Guardian:Suspension","floor":14.0},{"not_picked":["Guardian:WalkerClaw","Guardian:Gem_Lightblue"],"picked":"Guardian:Gem_Cyan","floor":16.0},{"not_picked":["Guardian:PiercingHide","Guardian:WalkerClaw"],"picked":"Guardian:Gem_Purple","floor":17.0},{"not_picked":["Guardian:HyperBeam_Guardian","Guardian:StasisStrike"],"picked":"Guardian:CompilePackage","floor":18.0},{"not_picked":["Guardian:TemporalStrike","Guardian:VentSteam"],"picked":"Guardian:Gem_Purple","floor":21.0},{"not_picked":["Guardian:CrystalBeam","Guardian:ArmoredProtocol+1"],"picked":"Guardian:Incinerate","floor":22.0},{"not_picked":["Guardian:Recover","Guardian:GuardianWhirl+1"],"picked":"Guardian:TemporalShield","floor":23.0},{"not_picked":["Guardian:Recover","Guardian:Gem_Lightblue"],"picked":"Guardian:TimeBomb","floor":24.0},{"not_picked":["Guardian:TemporalShield","Guardian:BronzeArmor","Guardian:ArmoredProtocol","Guardian:PiercingHide"],"picked":"SKIP","floor":25.0},{"not_picked":["Guardian:CrystalBeam","Guardian:ChargeCore","Guardian:Reroute"],"picked":"Guardian:DonusPower+1","floor":27.0},{"not_picked":["Guardian:Gem_Lightblue","Guardian:Gem_Crimson","Guardian:RevengeProtocol"],"picked":"Guardian:Clone+1","floor":30}],"player_experience":394398,"relics_obtained":[{"floor":6.0,"key":"Replay:Bandana"},{"floor":7.0,"key":"Boot"},{"floor":10.0,"key":"Bronze Scales"},{"floor":13.0,"key":"Ornamental Fan"},{"floor":16.0,"key":"beaked:ShinyBauble"},{"floor":25.0,"key":"Omamori"},{"floor":27.0,"key":"StrikeDummy"},{"floor":30,"key":"Pantograph"}],"event_choices":[],"is_beta":false,"boss_relics":[{"not_picked":["Runic Dome","Busted Crown"],"picked":"Painkiller Herb"}],"items_purged_floors":[],"is_endless":false,"potions_floor_spawned":[4,6,12,13,18,22,30],"killed_by":"3 Cultists","ascension_level":8}}