{"host":"f1ywytio1xmbwkwz","time":1614149810,"event":{"mods":["BaseMod","Minty Spire (QoL Compilation)","Rare Cards Sparkle","Relic Stats","StSLib"],"gold_per_floor":[360,137,157,183,195,195,206,206,206,239,250,263,263,283,283,388,388,401,401,95,95,110,110,110],"floor_reached":23,"language":"ENG","playtime":953,"items_purged":["Decay","Strike_P"],"score":234,"play_id":"9aa38d50-a99c-4348-9a81-50be12834077","local_time":"20210223235650","is_ascension_mode":true,"campfire_choices":[{"data":"Adaptation","floor":6,"key":"SMITH"},{"data":"Eruption","floor":8,"key":"SMITH"},{"floor":15,"key":"REST"}],"circlet_count":0,"master_deck":["Strike_P+1","Strike_P","Strike_P","Defend_P+1","Defend_P","Defend_P","Defend_P+1","Eruption+1","Vigilance","CutThroughFate","EmptyFist","Adaptation+1","LessonLearned","Tantrum","EmptyFist","Halt","BattleHymn","Devotion","CurseOfTheBell","Prostrate","Halt","Prostrate"],"relics":["PureWater","Medical Kit","Potion Belt","Question Card","Blood Vial","Calling Bell","Tiny Chest","Meat on the Bone","Thread and Needle","ClockworkSouvenir"],"acts_visited":["Exordium","TheCity"],"potions_floor_usage":[12,13,16,16,18,19,23],"damage_taken":[{"damage":16,"enemies":"Cultist","floor":1,"turns":5},{"damage":0,"enemies":"Small Slimes","floor":3,"turns":2},{"damage":4,"enemies":"Jaw Worm","floor":5,"turns":2},{"damage":0,"enemies":"Large Slime","floor":7,"turns":4},{"damage":25,"enemies":"3 Sentries","floor":10,"turns":7},{"damage":0,"enemies":"Exordium Wildlife","floor":11,"turns":1},{"damage":9,"enemies":"Red Slaver","floor":12,"turns":2},{"damage":0,"enemies":"Blue Slaver","floor":14,"turns":2},{"damage":41,"enemies":"The Guardian","floor":16,"turns":6},{"damage":13,"enemies":"Shell Parasite","floor":18,"turns":4},{"damage":0,"enemies":"3 Byrds","floor":19,"turns":1},{"damage":0,"enemies":"Cultist and Chosen","floor":22,"turns":5},{"damage":68,"enemies":"Book of Stabbing","floor":23,"turns":4}],"seed_played":"7369857525387287594","potions_obtained":[{"floor":1,"key":"Ambrosia"},{"floor":10,"key":"Strength Potion"},{"floor":13,"key":"SmokeBomb"},{"floor":13,"key":"Fruit Juice"},{"floor":13,"key":"LiquidBronze"},{"floor":16,"key":"Explosive Potion"},{"floor":22,"key":"Energy Potion"}],"is_trial":false,"path_per_floor":["M","$","M","T","M","R","M","R","T","E","M","M","?","M","R","B",null,"M","M","$","?","M","E"],"character_chosen":"WATCHER","items_purchased":["Medical Kit","ClockworkSouvenir","Halt"],"campfire_rested":1,"item_purchase_floors":[2,20,20],"current_hp_per_floor":[56,56,56,56,52,52,52,52,52,27,29,22,27,29,52,13,77,64,66,66,52,54,0,0],"gold":110,"neow_bonus":"TWO_FIFTY_GOLD","is_daily":false,"chose_seed":false,"campfire_upgraded":2,"win_rate":0.0,"timestamp":1614149810,"path_taken":["M","$","M","?","M","R","M","R","T","E","M","M","?","?","R","BOSS","M","M","$","?","M","E"],"items_purchased_type":["Relic","Relic","Card"],"build_version":"2020-12-22","purchased_purges":2,"victory":false,"max_hp_per_floor":[72,72,72,72,72,72,72,72,72,72,72,72,77,77,77,77,77,77,77,77,82,82,82,82],"relic_stats":{"Blood Vial":14,"counters":[13,45],"Tiny Chest":0,"Medical Kit":[7],"Question Card":8,"obtain_stats":[{"Potion Belt":4,"Blood Vial":10,"Calling Bell":17,"Tiny Chest":17,"Thread and Needle":17,"PureWater":0,"Medical Kit":2,"Question Card":9,"Meat on the Bone":17,"ClockworkSouvenir":20},{"Potion Belt":2,"Blood Vial":5,"Calling Bell":9,"Tiny Chest":9,"Thread and Needle":9,"PureWater":0,"Medical Kit":1,"Question Card":4,"Meat on the Bone":9,"ClockworkSouvenir":11},{"Potion Belt":7,"Blood Vial":20,"Calling Bell":31,"Tiny Chest":31,"Thread and Needle":31,"PureWater":0,"Medical Kit":5,"Question Card":13,"Meat on the Bone":31,"ClockworkSouvenir":36}],"Meat on the Bone":0},"card_choices":[{"not_picked":["CrushJoints","ClearTheMind"],"picked":"CutThroughFate","floor":1},{"not_picked":["ThirdEye","Evaluate"],"picked":"EmptyFist","floor":3},{"not_picked":["EmptyFist","FearNoEvil"],"picked":"Adaptation","floor":5},{"not_picked":["Meditate","SashWhip"],"picked":"LessonLearned","floor":7},{"not_picked":["Fasting2","ForeignInfluence","Halt"],"picked":"Tantrum","floor":10},{"not_picked":["Vengeance","ReachHeaven","WindmillStrike"],"picked":"EmptyFist","floor":11},{"not_picked":["Worship","PathToVictory","CrushJoints"],"picked":"Halt","floor":12},{"not_picked":["Tantrum","CarveReality","WindmillStrike"],"picked":"BattleHymn","floor":14},{"not_picked":["DeusExMachina","Scrawl","Ragnarok"],"picked":"Devotion","floor":16},{"not_picked":["ThirdEye","Adaptation+1","Protect"],"picked":"Prostrate","floor":18},{"not_picked":["SashWhip","PathToVictory","Collect"],"picked":"Prostrate","floor":22}],"player_experience":316440,"relics_obtained":[{"floor":4,"key":"Potion Belt"},{"floor":9,"key":"Question Card"},{"floor":10,"key":"Blood Vial"},{"floor":17,"key":"Tiny Chest"},{"floor":17,"key":"Meat on the Bone"},{"floor":17,"key":"Thread and Needle"}],"event_choices":[{"damage_healed":0,"gold_gain":0,"player_choice":"Got Potions","damage_taken":0,"max_hp_gain":0,"max_hp_loss":0,"event_name":"Lab","floor":13,"gold_loss":0},{"damage_healed":0,"gold_gain":0,"player_choice":"Shed Blood","damage_taken":19,"max_hp_gain":5,"max_hp_loss":0,"event_name":"Forgotten Altar","floor":21,"gold_loss":0}],"is_beta":false,"boss_relics":[{"not_picked":["Ectoplasm","Philosopher\u0027s Stone"],"picked":"Calling Bell"}],"items_purged_floors":[2,20],"is_endless":false,"potions_floor_spawned":[1,10,16,22],"killed_by":"Book of Stabbing","ascension_level":4}}