{"host":"flm17o2q7bfjyna6","time":1614205558,"event":{"mods":["2.2 Compatiblity","Act Like it!","BaseMod","Better Altar","Better Match","Better Note","Better Sensory Stone","Better Skull","Better Third Choice","Better Vampires","Colored Map","Colored Powertips","DeckTracker","Downfall","Fox Events","Minty Spire (QoL Compilation)","Quick Restart","Reworked Bosses","Spicy Shops","StSLib","TheSwordswoman","Wandering Minibosses"],"gold_per_floor":[99,109,176,197,41,60,86,86,86,86,86],"floor_reached":9,"language":"ENG","playtime":346,"items_purged":[],"score":61,"play_id":"34dd3dd8-b79c-49e2-a6f1-28a494b7bebb","local_time":"20210224172558","is_ascension_mode":true,"campfire_choices":[{"data":"champ:Execute","floor":1,"key":"SMITH"}],"circlet_count":0,"master_deck":["champ:Strike","champ:Strike","champ:Strike","champ:Strike","champ:Defend","champ:Defend","champ:Defend","champ:Defend","champ:Execute+1","champ:Taunt","champ:FlashCut","champ:ShieldSigil","champ:RageSigil","champ:TornadoPunch","champ:FanOfKnives"],"relics":["champ:ChampionCrown","CeramicFish","Turnip","MealTicket","Boot"],"acts_visited":["Exordium"],"potions_floor_usage":[9],"damage_taken":[{"damage":10,"enemies":"Small Slimes","floor":2,"turns":3},{"damage":75,"enemies":"Gremlin Nob","floor":3,"turns":6},{"damage":3,"enemies":"Jaw Worm","floor":4,"turns":4},{"damage":10,"enemies":"downfall:FleeingMerchant","floor":5,"turns":4},{"damage":10,"enemies":"Cultist","floor":6,"turns":2},{"damage":22,"enemies":"Gremlin Nob","floor":9,"turns":2}],"seed_played":"-2549309032224408510","potions_obtained":[{"floor":0,"key":"champ:OpenerPotion"},{"floor":0,"key":"Strength Potion"},{"floor":0,"key":"Energy Potion"},{"floor":2,"key":"champ:OpenerPotion"},{"floor":3,"key":"Explosive Potion"}],"is_trial":false,"path_per_floor":["R","M","?","M","$","M","T","?","E"],"character_chosen":"THE_CHAMP","items_purchased":["Turnip"],"campfire_rested":0,"item_purchase_floors":[5],"current_hp_per_floor":[90,90,25,22,22,22,22,19,0,0,0],"gold":86,"neow_bonus":"THREE_SMALL_POTIONS","is_daily":false,"chose_seed":false,"campfire_upgraded":1,"win_rate":0.0,"timestamp":1614205558,"path_taken":["R","M","?","M","$","M","T","?","E"],"items_purchased_type":["Relic"],"build_version":"2020-12-22","purchased_purges":0,"victory":false,"max_hp_per_floor":[90,90,90,90,90,90,90,90,90,90,90],"card_choices":[{"not_picked":["champ:Haymaker","champ:EnGarde"],"picked":"champ:FlashCut","floor":2},{"not_picked":["champ:Shatter","champ:Parry"],"picked":"champ:ShieldSigil","floor":3},{"not_picked":["champ:FlashCut","champ:Circumvent"],"picked":"champ:RageSigil","floor":4},{"not_picked":["champ:PreciseThrust","champ:AdrenalArmor"],"picked":"champ:TornadoPunch","floor":5},{"not_picked":["champ:Haymaker","champ:CrownThrow"],"picked":"champ:FanOfKnives","floor":6}],"player_experience":2007318,"relics_obtained":[{"floor":3,"key":"CeramicFish"},{"floor":7,"key":"MealTicket"}],"event_choices":[{"damage_healed":0,"gold_gain":0,"player_choice":"Relic ","damage_taken":3,"max_hp_gain":0,"max_hp_loss":0,"event_name":"betterThird:BetterScrap","floor":8,"gold_loss":0,"cards_obtained":["Wish"]}],"is_beta":false,"boss_relics":[],"items_purged_floors":[],"is_endless":false,"potions_floor_spawned":[2,3,4],"killed_by":"Gremlin Nob","ascension_level":4}}