{"host":"yassvrowvc2yfwp2","time":1614140763,"event":{"mods":["2.2 Compatiblity","Act Like it!","BaseMod","Better Note","Curses Come First","Dota2Spire","Downfall","HololiveMod","Jorbs\u0027s Wanderer Trilogy","Minty Spire (QoL Compilation)","Prisma Mod","Rare Cards Sparkle","Reimu£®≤©¿ˆ¡È√Œ£©","Replay The Spire","Say the Spire","Spicy Shops","StSLib","The Bug Knight","The Cursed","The Servant 0.9.4"],"gold_per_floor":[81,96,56,56,72,107,107,132,201,214,214,245,245,259,259,379,379,400,400,421,446,467,467,499,512,561,561,67,83,7,21,21,151,151,176,95,108,108,127,169,194,194,194,224,224,255,277,26,26,26],"floor_reached":51,"language":"ZHS","playtime":2111,"items_purged":["Writhe"],"score":1304,"play_id":"8e35a4a6-296e-4219-aa13-b9fe9fe2b986","local_time":"20210224122603","is_ascension_mode":true,"campfire_choices":[{"data":"Hololive_StrengthChampion","floor":7.0,"key":"SMITH"},{"data":"Hololive_StrengthChampion+1","floor":11.0,"key":"SMITH"},{"data":"1","floor":15.0,"key":"LIFT"},{"floor":23,"key":"REST"},{"floor":32,"key":"REST"},{"data":"2","floor":45,"key":"LIFT"},{"data":"3","floor":49,"key":"LIFT"}],"circlet_count":0,"master_deck":["Hololive_Strike","Hololive_Strike","Hololive_Strike","Hololive_Strike","Hololive_Defend","Hololive_Defend","Hololive_Defend","Hololive_Defend","Hololive_Sequa","Hololive_Rebound","Hololive_StrengthChampion+3","Hololive_CocoNews","Hololive_OvertimeWork","Hololive_Trident","Hololive_Psychosis","Hololive_StrengthChampion","Injury","Hololive_ASMR","Hololive_Spy","Hololive_FlyingPonyTail+1","Hololive_CocoNews","Hololive_FlyingPonyTail+1","Hololive_StrengthChampion+1","Hololive_CocoNews+1","Hololive_Psychosis+1","Hololive_ScarfAndHalo+1","Hololive_StrengthChampion+1","Hololive_StrengthChampion+1","Hololive_AWSL","Hololive_StrengthChampion+1","Hololive_Psychosis+1","Hololive_CocoNews+1","Poisoned Strike+1","Hololive_Psychosis+1"],"relics":["Hololive_TheStar","Hololive_OneManArmy","NeowsBlessing","PaintedHorse:ReiMu","Blue Candle","Girya","Blue Doll","Replay:Bottled Flurry","Darkstone Periapt","Golden Idol","Painkiller Herb","CultistMask","Torii","ReplayTheSpireMod:Lightbulb","Molten Egg 2","ReplayTheSpireMod:Shallot","Whetstone","Velvet Choker","CeramicFish","Pen Nib","Dota2Spire:DrumOfEndurance","Lee\u0027s Waffle"],"acts_visited":["Exordium","TheCity","TheBeyond"],"potions_floor_usage":[24,29,33,50],"damage_taken":[{"damage":0.0,"enemies":"Jaw Worm","floor":1.0,"turns":1.0},{"damage":0.0,"enemies":"Small Slimes","floor":2.0,"turns":1.0},{"damage":0.0,"enemies":"Cultist","floor":5.0,"turns":1.0},{"damage":0.0,"enemies":"Lagavulin","floor":6.0,"turns":5.0},{"damage":0.0,"enemies":"Replay:BlueRogue","floor":8.0,"turns":3.0},{"damage":0.0,"enemies":"2 Fungi Beasts","floor":10.0,"turns":2.0},{"damage":0.0,"enemies":"3 Sentries","floor":12.0,"turns":3.0},{"damage":1.0,"enemies":"Lots of Slimes","floor":14.0,"turns":3.0},{"damage":0.0,"enemies":"Fading Forest","floor":16.0,"turns":11.0},{"damage":0.0,"enemies":"2 Thieves","floor":18.0,"turns":3.0},{"damage":0.0,"enemies":"3 Byrds","floor":20.0,"turns":3.0},{"damage":12.0,"enemies":"Shelled Parasite and Fungi","floor":21.0,"turns":3.0},{"damage":0.0,"enemies":"Centurion and Healer","floor":22.0,"turns":4.0},{"damage":37,"enemies":"Slavers","floor":24,"turns":5},{"damage":0,"enemies":"3 Cultists","floor":25,"turns":3},{"damage":0,"enemies":"Snake Plant","floor":29,"turns":3},{"damage":0,"enemies":"Centurion and Healer","floor":31,"turns":3},{"damage":0,"enemies":"Champ","floor":33,"turns":5},{"damage":0,"enemies":"3 Darklings","floor":35,"turns":2},{"damage":0,"enemies":"Orb Walker","floor":37,"turns":2},{"damage":0,"enemies":"Spire Growth","floor":39,"turns":2},{"damage":0,"enemies":"Nemesis","floor":40,"turns":3},{"damage":0,"enemies":"Jaw Worm Horde","floor":41,"turns":2},{"damage":0,"enemies":"Sphere and 2 Shapes","floor":44,"turns":2},{"damage":0,"enemies":"Reptomancer","floor":46,"turns":3},{"damage":0,"enemies":"Transient","floor":47,"turns":4},{"damage":0,"enemies":"Awakened One","floor":50,"turns":4}],"seed_played":"-6106495103645566991","potions_obtained":[{"floor":5.0,"key":"GrandPatriotsElixir:ReiMu"},{"floor":8.0,"key":"champ:CounterPotion"},{"floor":20.0,"key":"SpeedPotion"},{"floor":21.0,"key":"Explosive Potion"},{"floor":24,"key":"Explosive Potion"},{"floor":29,"key":"Dota2Spire:HealingSalve"},{"floor":40,"key":"Milkshake"}],"is_trial":false,"path_per_floor":["M","M","?","?","M","E","R","E","T","M","R","E","?","M","R","B",null,"?","?","?","?","?","T","E","?","T","?","T","?","T","?","T","B",null,"?","T","?","T","?","E","?","?","T","?","T","E","?","T","T","B",null],"character_chosen":"Hololive_HololiveCharacter","items_purchased":["Molten Egg 2","ReplayTheSpireMod:Shallot","Regen Potion","Whetstone","Hololive_StrengthChampion+1","Poisoned Strike+1","Lee\u0027s Waffle","Hololive_Psychosis+1"],"campfire_rested":2,"item_purchase_floors":[28,28,28,30,36,48,48,48],"current_hp_per_floor":[35,35,35,30,30,30,30,30,30,30,30,30,36,35,35,41,41,41,41,41,29,29,41,4,4,4,4,10,19,19,19,33,42,47,47,47,47,47,47,47,48,48,48,49,49,50,51,58,58,59],"gold":26,"neow_bonus":"THREE_ENEMY_KILL","is_daily":false,"chose_seed":false,"campfire_upgraded":2,"win_rate":0.0,"timestamp":1614140763,"path_taken":["M","M","?","?","M","E","R","E","T","M","R","E","?","M","R","BOSS","?","?","?","?","?","T","E","?","T","?","T","?","T","?","T","BOSS","?","T","?","T","?","E","?","?","T","?","T","E","?","T","T","BOSS"],"items_purchased_type":["Relic","Relic","Potion","Relic","Card","Card","Relic","Card"],"build_version":"2020-12-22","purchased_purges":1,"victory":true,"max_hp_per_floor":[35,35,35,35,35,35,35,35,35,35,35,35,41,41,41,41,41,41,41,41,41,41,41,41,41,41,41,47,47,47,47,47,47,47,47,47,47,47,47,47,48,48,48,49,49,50,51,58,58,59],"card_choices":[{"not_picked":["Hololive_OvertimeWork","Hololive_HuntDinosaur","Hololive_RevenueBasedLive"],"picked":"Hololive_StrengthChampion","floor":1.0},{"not_picked":["Hololive_OvertimeWork","Hololive_CallInugamiKorone","Hololive_CallUruhaRushia"],"picked":"Hololive_CocoNews","floor":2.0},{"not_picked":["Hololive_CallMomosuzuNene","Hololive_CallRosalyn","Hololive_CallHimemoriLuna"],"picked":"Hololive_RevenueBasedLive","floor":5.0},{"not_picked":["Hololive_CallShirakamiFubuki","Hololive_Drill","Hololive_Sequa"],"picked":"Hololive_OvertimeWork","floor":6.0},{"not_picked":["Hololive_Sequa","Hololive_Watashimo","Hololive_CallYukihanaLamy"],"picked":"Hololive_Trident","floor":8.0},{"not_picked":["Hololive_CallShishiroBotan","Hololive_CallCivia","Hololive_Sequa"],"picked":"Hololive_Psychosis","floor":10.0},{"not_picked":["Hololive_CallYogiri","Hololive_DiamondStrike","Hololive_CallSakuraMiko"],"picked":"Hololive_StrengthChampion","floor":12.0},{"not_picked":["Hololive_CallSpadeEcho","Hololive_CallNakiriAyame","Hololive_CallMoonaHoshinova","Hololive_HuntDinosaur"],"picked":"SKIP","floor":14.0},{"not_picked":["Hololive_MaximGun","Hololive_DiamondStrike","Hololive_StarCraft"],"picked":"Hololive_ASMR","floor":16.0},{"not_picked":["Hololive_CallDoris+1","Hololive_CallKiryuuCoco+1","Hololive_Rebound"],"picked":"Hololive_Spy","floor":18.0},{"not_picked":["Hololive_Sequa","Hololive_LuckPotion","Hololive_CallYozoraMel","Hololive_CallRosalyn+1"],"picked":"SKIP","floor":20.0},{"not_picked":["Hololive_ManjiGathering","Hololive_Psychosis","Hololive_Drill"],"picked":"Hololive_FlyingPonyTail+1","floor":21.0},{"not_picked":["Hololive_Psychosis","Hololive_RevenueBasedLive","Hololive_StrengthChampion"],"picked":"Hololive_CocoNews","floor":22.0},{"not_picked":["Hololive_Trident","Hololive_CallShiroganeNoel","Hololive_CallKiryuuCoco"],"picked":"Hololive_FlyingPonyTail+1","floor":24},{"not_picked":["Hololive_CallYukihanaLamy","Hololive_LuckPotion+1","Hololive_CallAkaiHaato"],"picked":"Hololive_StrengthChampion","floor":25},{"not_picked":["Hololive_RevenueBasedLive","Hololive_Breathe","Hololive_Recruit"],"picked":"Hololive_CocoNews+1","floor":29},{"not_picked":["Hololive_LuckPotion","Hololive_Rebound","Hololive_Breathe"],"picked":"Hololive_Psychosis+1","floor":31},{"not_picked":["Hololive_Rebirth","Hololive_DDD","Hololive_Nanodesu+1"],"picked":"Hololive_ScarfAndHalo+1","floor":33},{"not_picked":["Hololive_HuntDinosaur+1","Hololive_Breathe+1","Hololive_SummonFox+1","Hololive_LuckPotion"],"picked":"SKIP","floor":35},{"not_picked":["Hololive_LuckPotion+1","Hololive_OvertimeWork+1","Hololive_FlyingPonyTail"],"picked":"Hololive_StrengthChampion+1","floor":37},{"not_picked":["Hololive_LuckPotion","Hololive_Drill+1","Hololive_FlyingPonyTail+1","Hololive_Rebound+1"],"picked":"SKIP","floor":39},{"not_picked":["Hololive_CallNatsuiroMatsuri","Hololive_Drill+1","Hololive_Breathe"],"picked":"Hololive_AWSL","floor":40},{"not_picked":["Hololive_Yoholoon+1","Hololive_CallOkamiMio","Hololive_Psychosis+1"],"picked":"Hololive_StrengthChampion+1","floor":41},{"not_picked":["Hololive_LuckPotion","Hololive_CallOkamiMio+1","Hololive_Trident+1"],"picked":"Hololive_Psychosis+1","floor":44},{"not_picked":["Hololive_Trident+1","Hololive_Breathe","Hololive_RevenueBasedLive+1","Hololive_BeCareful"],"picked":"SKIP","floor":46},{"not_picked":["Hololive_CallUsadaPekora","Hololive_Sequa+1","Hololive_Teleport+1"],"picked":"Hololive_CocoNews+1","floor":47}],"player_experience":2201484,"relics_obtained":[{"floor":6.0,"key":"Girya"},{"floor":8.0,"key":"Blue Doll"},{"floor":9.0,"key":"Replay:Bottled Flurry"},{"floor":12.0,"key":"Darkstone Periapt"},{"floor":24,"key":"Torii"},{"floor":26,"key":"ReplayTheSpireMod:Lightbulb"},{"floor":40,"key":"CeramicFish"},{"floor":43,"key":"Pen Nib"},{"floor":46,"key":"Dota2Spire:DrumOfEndurance"}],"event_choices":[{"damage_healed":0.0,"max_hp_gain":0.0,"max_hp_loss":0.0,"gold_gain":0.0,"event_name":"yidonshenshe","player_choice":"»˚«Æ","floor":3.0,"gold_loss":40.0,"damage_taken":0.0,"relics_obtained":["PaintedHorse:ReiMu"]},{"damage_healed":0.0,"max_hp_gain":0.0,"max_hp_loss":0.0,"gold_gain":0.0,"event_name":"Golden Idol","player_choice":"Take Wound","floor":13.0,"gold_loss":0.0,"damage_taken":0.0,"relics_obtained":["Golden Idol"],"cards_obtained":["Injury"]},{"damage_healed":0.0,"max_hp_gain":0.0,"max_hp_loss":0.0,"gold_gain":0.0,"event_name":"FaceTrader","player_choice":"Trade","floor":19.0,"gold_loss":0.0,"damage_taken":0.0,"relics_obtained":["CultistMask"]},{"cards_removed":["Injury"],"damage_healed":0,"gold_gain":0,"player_choice":"Give","damage_taken":0,"max_hp_gain":0,"max_hp_loss":0,"event_name":"betterNote:BetterNote","floor":27,"gold_loss":0,"cards_obtained":["Guardian:Defend_Guardian"]},{"cards_removed":["Hololive_RevenueBasedLive"],"damage_healed":0,"gold_gain":0,"player_choice":"Removed Skill","damage_taken":0,"max_hp_gain":0,"max_hp_loss":0,"event_name":"Falling","floor":42,"gold_loss":0}],"is_beta":false,"boss_relics":[{"not_picked":["Pandora\u0027s Box","SlaversCollar"],"picked":"Painkiller Herb"},{"not_picked":["expansioncontent:StudyCardRelic","Hololive_ChaosS"],"picked":"Velvet Choker"}],"items_purged_floors":[28],"is_endless":false,"potions_floor_spawned":[5,8,20,21,24,29,31,40,44,47],"ascension_level":1}}