{"host":"yawnmhdh5u4s0p8o","time":1614163797,"event":{"mods":["AchievementEnabler","Aspiration","BaseMod","BetterRewards","Colored Powertips","Conspire","Downfall","Friendly Minions","GifTheSpireLib","Gremlin Mod","Infinite Spire","Ironclad Rager","Minty Spire (QoL Compilation)","Reliquary","Replay The Spire","StSLib","The Gatherer","The Necromancer"],"gold_per_floor":[19,33,33,45,45,78,78,97,121,156,156,173,173,273,273,372,372,389,409,33,106,106,106,134,145,145,177,187,216,216,131,131,236,236,246,246,264,312,312,342,41,68,68,103,122,122,132,152,152,152],"floor_reached":51,"language":"ENG","playtime":4941,"items_purged":["ReplayTheSpireMod:Splinters"],"score":944,"play_id":"29e1991b-bb4c-4142-b75f-81087c75f032","local_time":"20210224214957","is_ascension_mode":true,"campfire_choices":[{"data":"Electrodynamics","floor":7,"key":"SMITH"},{"data":"Defragment","floor":15,"key":"SMITH"},{"data":"infinitespire:Collect","floor":23,"key":"SMITH"},{"floor":46,"key":"REST"},{"data":"Loop","floor":49,"key":"SMITH"}],"circlet_count":0,"master_deck":["Zap+1","Dualcast","conspire:GhostlyStrike","conspire:GhostlyStrike","conspire:GhostlyStrike","conspire:GhostlyStrike","conspire:GhostlyDefend","conspire:GhostlyDefend","conspire:GhostlyDefend","conspire:GhostlyDefend","Barrage","Go for the Eyes","Panic Button","Electrodynamics+1","Defragment+1","Coolheaded","infinitespire:Collect+1","Redo","Core Surge","Cold Snap","Chill+1","FTL","Streamline+1","Self Repair+1","Leap+1","White Noise","Thunder Strike","Loop+1","conspire:SharedLibrary+1","Machine Learning","Loop+1","Undo+1","Hologram+1","ReplaySort","Amplify","Loop","Lockon+1"],"relics":["Gremlin:GremlinKnob","infinitespire:Cubic Diamond","ReplayTheSpireMod:TigerMarble","Replay:Mystery Machine","reliquary:ShortFuse","SacredBark","conspire:BottledYoYo","conspire:TreasureMap","infinitespire:Lucky Rock","Solar Panel","Letter Opener","Dream Catcher","aspiration:FaultyCoupler","conspire:SpecialSausage","Replay:Kaleidoscope","reliquary:Vitrine","aspiration:Lifesprig","Membership Card","reliquary:Stiletto","Pen Nib","reliquary:RoseTintedGlasses","infinitespire:CheckeredPen"],"acts_visited":["Exordium","TheCity","TheBeyond"],"potions_floor_usage":[6,16,24,29,33,33,38,50,50],"damage_taken":[{"damage":0,"enemies":"2 Louse","floor":1,"turns":2},{"damage":0,"enemies":"Cultist","floor":2,"turns":2},{"damage":0,"enemies":"Jaw Worm","floor":4,"turns":2},{"damage":0,"enemies":"Lagavulin","floor":6,"turns":6},{"damage":2,"enemies":"Blue Slaver","floor":8,"turns":3},{"damage":0,"enemies":"3 Sentries","floor":10,"turns":3},{"damage":0,"enemies":"Looter","floor":12,"turns":3},{"damage":20,"enemies":"The Guardian","floor":16,"turns":9},{"damage":0,"enemies":"conspire:FuzzyDice","floor":18,"turns":3},{"damage":0,"enemies":"Chosen","floor":19,"turns":3},{"damage":15,"enemies":"conspire:SneckoGhost","floor":24,"turns":5},{"damage":3,"enemies":"conspire:HollyBat","floor":25,"turns":6},{"damage":23,"enemies":"Gremlin Leader","floor":27,"turns":6},{"damage":18,"enemies":"Snecko","floor":28,"turns":5},{"damage":13,"enemies":"Slavers","floor":29,"turns":4},{"damage":75,"enemies":"Collector","floor":33,"turns":10},{"damage":4,"enemies":"3 Shapes","floor":35,"turns":3},{"damage":11,"enemies":"Orb Walker","floor":37,"turns":4},{"damage":47,"enemies":"2 Orb Walkers","floor":38,"turns":4},{"damage":2,"enemies":"Reptomancer","floor":40,"turns":5},{"damage":45,"enemies":"Nemesis","floor":42,"turns":9},{"damage":21,"enemies":"R_Hoarder","floor":44,"turns":8},{"damage":0,"enemies":"3 Darklings","floor":45,"turns":4},{"damage":0,"enemies":"Maw","floor":47,"turns":5},{"damage":10,"enemies":"Jaw Worm Horde","floor":48,"turns":5},{"damage":108,"enemies":"conspire:OrnateMirror","floor":50,"turns":8}],"seed_played":"330141986967826220","potions_obtained":[{"floor":4,"key":"LifebloodPotion"},{"floor":6,"key":"Weak Potion"},{"floor":8,"key":"Guardian:BlockOnCardUsePotion"},{"floor":12,"key":"SteroidPotion"},{"floor":19,"key":"Fire Potion"},{"floor":21,"key":"Regen Potion"},{"floor":21,"key":"Fruit Juice"},{"floor":25,"key":"FairyPotion"},{"floor":29,"key":"Guardian:BlockOnCardUsePotion"},{"floor":37,"key":"Elixir"},{"floor":44,"key":"LifebloodPotion"},{"floor":45,"key":"Fire Potion"}],"is_trial":false,"path_per_floor":["M","M","?","M","?","E","R","M","T","E","?","M","?","?","R","B",null,"M","M","$","?","AVR","R","E","M","T","E","M","E","?","?","R","B",null,"M","?","M","?","AVR","E","$","E","T","E","M","R","M","M","R","B",null],"character_chosen":"DEFECT","items_purchased":["FTL","conspire:BottledYoYo","Streamline","Membership Card","reliquary:Stiletto","ReplaySort","Amplify"],"campfire_rested":1,"item_purchase_floors":[20,20,20,41,41,41,41],"current_hp_per_floor":[50,50,50,50,50,50,50,48,48,48,31,31,31,31,31,11,68,68,68,68,68,68,68,73,70,70,63,63,66,51,51,75,50,83,83,83,83,40,40,54,54,31,31,24,38,62,74,70,70,41],"gold":152,"neow_bonus":"DEFECT_STORMLORD","is_daily":false,"chose_seed":false,"campfire_upgraded":4,"win_rate":0.0,"timestamp":1614163797,"path_taken":["M","M","?","?","?","E","R","M","T","E","?","M","?","?","R","BOSS","M","?","$","?","AVR","R","E","M","T","E","M","E","?","?","R","BOSS","M","?","M","?","AVR","E","?","E","T","E","M","R","?","M","R","BOSS"],"items_purchased_type":["Card","Relic","Card","Relic","Relic","Card","Card"],"build_version":"2020-12-22","purchased_purges":1,"victory":true,"max_hp_per_floor":[68,68,68,68,68,68,68,68,68,68,68,68,68,68,68,68,68,68,68,68,68,68,68,78,78,78,78,78,78,83,83,83,83,83,83,83,83,83,83,83,83,83,83,83,83,83,83,83,83,83],"card_choices":[{"not_picked":["Beam Cell","BootSequence"],"picked":"Barrage","floor":1},{"not_picked":["Tempest","Compile Driver"],"picked":"Go for the Eyes","floor":2},{"not_picked":["Aggregate","Steam Power"],"picked":"Panic Button","floor":4},{"not_picked":["Ball Lightning","Turbo"],"picked":"Electrodynamics","floor":6},{"not_picked":["Sweeping Beam","Static Discharge"],"picked":"Defragment","floor":8},{"not_picked":["Double Energy","Electrodynamics"],"picked":"Coolheaded","floor":10},{"not_picked":["ReplayTheSpireMod:Haul","ReplayTheSpireMod:Echoes of Time"],"picked":"infinitespire:Collect","floor":11},{"not_picked":["Stack","Fusion"],"picked":"Redo","floor":12},{"not_picked":["Reboot","ReplayRNGCard"],"picked":"Core Surge","floor":16},{"not_picked":["Steam","Turbo"],"picked":"Cold Snap","floor":18},{"not_picked":["Leap","Beam Cell"],"picked":"Chill+1","floor":19},{"not_picked":["Compile Driver","Barrage"],"picked":"Self Repair+1","floor":21},{"not_picked":["Darkness","Tempest"],"picked":"Leap+1","floor":24},{"not_picked":["Hologram","Panic Button"],"picked":"White Noise","floor":25},{"not_picked":["Rebound","Sweeping Beam"],"picked":"Thunder Strike","floor":27},{"not_picked":["Rebound+1","Stack+1"],"picked":"Loop","floor":28},{"not_picked":["BasicCrystalCard","Steam","Rebound"],"picked":"SKIP","floor":29},{"not_picked":["Time Bomb","BasicCrystalCard+1"],"picked":"conspire:SharedLibrary+1","floor":32},{"not_picked":["Reboot","All For One"],"picked":"Machine Learning","floor":33},{"not_picked":["Steam Power","Leap"],"picked":"Loop+1","floor":35},{"not_picked":["Leap+1","Double Energy"],"picked":"Undo+1","floor":37},{"not_picked":["Fusion+1","Conserve Battery+1"],"picked":"Hologram+1","floor":40},{"not_picked":["Stack+1","Time Bomb+1","Turbo"],"picked":"SKIP","floor":42},{"not_picked":["Rip and Tear","Core Surge"],"picked":"Loop","floor":44},{"not_picked":["Beam Cell","Coolheaded","Rebound"],"picked":"SKIP","floor":45},{"not_picked":["BasicCrystalCard+1","Redo","conspire:SharedLibrary+1"],"picked":"SKIP","floor":47},{"not_picked":["ReplayTheSpireMod:Repulse+1","Multi-Cast"],"picked":"Lockon+1","floor":48}],"player_experience":105992,"relics_obtained":[{"floor":6,"key":"ReplayTheSpireMod:TigerMarble"},{"floor":9,"key":"Replay:Mystery Machine"},{"floor":10,"key":"reliquary:ShortFuse"},{"floor":24,"key":"infinitespire:Lucky Rock"},{"floor":26,"key":"Solar Panel"},{"floor":27,"key":"Letter Opener"},{"floor":29,"key":"Dream Catcher"},{"floor":38,"key":"Replay:Kaleidoscope"},{"floor":40,"key":"aspiration:Lifesprig"},{"floor":42,"key":"Pen Nib"},{"floor":43,"key":"reliquary:RoseTintedGlasses"},{"floor":44,"key":"infinitespire:CheckeredPen"}],"event_choices":[{"damage_healed":0,"gold_gain":0,"player_choice":"Upgraded","damage_taken":0,"max_hp_gain":0,"max_hp_loss":0,"event_name":"Upgrade Shrine","floor":3,"gold_loss":0,"cards_upgraded":["Zap"]},{"damage_healed":0,"gold_gain":0,"player_choice":"Agree","damage_taken":0,"max_hp_gain":0,"max_hp_loss":0,"event_name":"conspire:LoneGhost","floor":13,"gold_loss":0},{"damage_healed":0,"gold_gain":100,"player_choice":"Pray","damage_taken":0,"max_hp_gain":0,"max_hp_loss":0,"event_name":"Golden Shrine","floor":14,"gold_loss":0},{"damage_healed":0,"gold_gain":0,"player_choice":"Shed Blood","damage_taken":20,"max_hp_gain":5,"max_hp_loss":0,"event_name":"Forgotten Altar","floor":30,"gold_loss":0},{"damage_healed":0,"gold_gain":0,"player_choice":"Obtained Relic","damage_taken":0,"relics_obtained":["aspiration:FaultyCoupler"],"max_hp_gain":0,"max_hp_loss":0,"event_name":"Addict","floor":31,"gold_loss":85},{"damage_healed":0,"gold_gain":0,"player_choice":"Ignored","damage_taken":0,"max_hp_gain":0,"max_hp_loss":0,"event_name":"Tomb of Lord Red Mask","floor":36,"gold_loss":0},{"damage_healed":0,"gold_gain":0,"player_choice":"Fight","damage_taken":0,"max_hp_gain":0,"max_hp_loss":0,"event_name":"Mysterious Sphere","floor":38,"gold_loss":0}],"is_beta":false,"boss_relics":[{"not_picked":["Cursed Key","reliquary:KinkedSpring"],"picked":"SacredBark"},{"not_picked":["conspire:RunicOctahedron","Replay:Bronze Core"],"picked":"conspire:SpecialSausage"}],"items_purged_floors":[39],"is_endless":false,"potions_floor_spawned":[4,6,8,12,19,25,29,37,44,45,47],"ascension_level":1}}