{"host":"nbofzmb1hl9rnais","time":1614134700,"event":{"mods":["BaseMod","Colored Map","Minty Spire (QoL Compilation)","StSLib","The Bug Knight"],"gold_per_floor":[118,118,47,58,75,105,118,133,181,193,193,193,193,212,212,309,309,320,245,260,260,41,41,67,67,67,67,102,102,140,140,140],"floor_reached":31,"language":"ENG","playtime":2210,"items_purged":["Iron Wave"],"score":440,"play_id":"4133ad0d-1db5-42d3-9d4c-0d1f76c0ab7c","local_time":"20210223184500","daily_mods":["SealedDeck","Red Cards","Green Cards","Blue Cards","Purple Cards"],"is_ascension_mode":true,"campfire_choices":[{"data":"Machine Learning","floor":11,"key":"SMITH"},{"data":"Prostrate","floor":13,"key":"SMITH"},{"data":"Prostrate","floor":15,"key":"SMITH"},{"data":"ThirdEye","floor":23,"key":"SMITH"},{"floor":29,"key":"REST"}],"circlet_count":0,"master_deck":["AscendersBane","Melter","Wild Strike","Fire Breathing","JustLucky","Conserve Battery","Conclude","Thunderclap","Prostrate+1","Prostrate+1","Wild Strike","FTL","Machine Learning+1","Alpha+1","ThirdEye+1","Shrug It Off+1","Decay","Shame","Self Repair","Turbo"],"relics":["Burning Blood","Juzu Bracelet","InkBottle","Boot","Cursed Key","Blood Vial","Lantern","Art of War","CeramicFish","Nilry\u0027s Codex","Bag of Preparation","War Paint"],"acts_visited":["TheCity"],"potions_floor_usage":[20,24,30],"damage_taken":[{"damage":0,"enemies":"Small Slimes","floor":1,"turns":1},{"damage":0,"enemies":"Jaw Worm","floor":4,"turns":2},{"damage":0,"enemies":"Cultist","floor":5,"turns":3},{"damage":12,"enemies":"3 Sentries","floor":6,"turns":3},{"damage":4,"enemies":"Blue Slaver","floor":7,"turns":3},{"damage":2,"enemies":"Exordium Wildlife","floor":8,"turns":3},{"damage":7,"enemies":"3 Louse","floor":10,"turns":2},{"damage":4,"enemies":"Looter","floor":14,"turns":3},{"damage":18,"enemies":"The Guardian","floor":16,"turns":4},{"damage":31,"enemies":"2 Thieves","floor":18,"turns":4},{"damage":13,"enemies":"Shell Parasite","floor":20,"turns":3},{"damage":1,"enemies":"Gremlin Leader","floor":24,"turns":4},{"damage":29,"enemies":"Book of Stabbing","floor":28,"turns":5},{"damage":28,"enemies":"Slavers","floor":30,"turns":3},{"damage":35,"enemies":"3 Cultists","floor":31,"turns":3}],"seed_played":"-2347931008128036779","potions_obtained":[{"floor":4,"key":"Swift Potion"},{"floor":5,"key":"ElixirPotion"},{"floor":8,"key":"SteroidPotion"},{"floor":10,"key":"Weak Potion"},{"floor":18,"key":"PowerPotion"},{"floor":28,"key":"ColorlessPotion"}],"is_trial":true,"path_per_floor":["M","?","$","M","M","E","M","M","T","M","R","?","R","M","R","B",null,"M","?","M","?","$","R","E","T","T","?","E","R","E","M"],"character_chosen":"IRONCLAD","items_purchased":["Prostrate","Wild Strike","Blood Vial"],"campfire_rested":1,"item_purchase_floors":[3,3,22],"current_hp_per_floor":[78,75,75,80,80,74,76,80,80,79,79,79,79,80,80,68,77,52,52,45,45,45,45,52,52,52,36,15,39,26,0,0],"gold":140,"neow_bonus":"","is_daily":false,"chose_seed":false,"campfire_upgraded":4,"win_rate":0.0,"timestamp":1614134700,"path_taken":["M","?","$","M","M","E","M","M","T","M","R","?","R","M","R","BOSS","M","?","M","?","$","R","E","?","T","?","E","R","E","M"],"items_purchased_type":["Card","Card","Relic"],"build_version":"2020-12-22","purchased_purges":1,"victory":false,"max_hp_per_floor":[80,80,80,80,80,80,80,80,80,80,80,80,80,80,80,80,80,80,80,80,80,80,80,80,80,80,80,80,80,80,80,80],"card_choices":[{"not_picked":["Halt","Self Repair","SashWhip"],"picked":"SKIP","floor":1},{"not_picked":["Clothesline","Compile Driver"],"picked":"WindmillStrike","floor":4},{"not_picked":["Setup","BowlingBash"],"picked":"FTL","floor":5},{"not_picked":["Cold Snap","FearNoEvil"],"picked":"Machine Learning","floor":6},{"not_picked":["Pummel","MentalFortress","Rupture"],"picked":"SKIP","floor":7},{"not_picked":["Blizzard","Fasting2","Halt"],"picked":"SKIP","floor":8},{"not_picked":["Outmaneuver","Hemokinesis","Disarm"],"picked":"SKIP","floor":10},{"not_picked":["Dodge and Roll","WindmillStrike","Leap"],"picked":"SKIP","floor":14},{"not_picked":["Reboot","Judgement"],"picked":"Alpha","floor":16},{"not_picked":["Accuracy+1","Leap+1"],"picked":"ThirdEye","floor":18},{"not_picked":["Hologram+1","EmptyBody"],"picked":"Shrug It Off","floor":20},{"not_picked":["Cloak And Dagger","Creative AI","Blizzard+1"],"picked":"SKIP","floor":24},{"not_picked":["Fusion","FollowUp"],"picked":"Self Repair","floor":28},{"not_picked":["Turbo","DeceiveReality","Iron Wave"],"picked":"SKIP","floor":30},{"not_picked":["DeceiveReality","Iron Wave"],"picked":"Turbo","floor":30}],"player_experience":176242,"relics_obtained":[{"floor":6,"key":"InkBottle"},{"floor":9,"key":"Boot"},{"floor":24,"key":"Lantern"},{"floor":25,"key":"Art of War"},{"floor":26,"key":"CeramicFish"},{"floor":27,"key":"Nilry\u0027s Codex"},{"floor":28,"key":"Bag of Preparation"},{"floor":30,"key":"War Paint"}],"event_choices":[{"damage_healed":0,"gold_gain":0,"player_choice":"Success","damage_taken":3,"relics_obtained":["Juzu Bracelet"],"max_hp_gain":0,"max_hp_loss":0,"event_name":"Scrap Ooze","floor":2,"gold_loss":0},{"cards_removed":["Acrobatics"],"damage_healed":0,"gold_gain":0,"player_choice":"Purged","damage_taken":0,"max_hp_gain":0,"max_hp_loss":0,"event_name":"Purifier","floor":12,"gold_loss":0},{"cards_removed":["WindmillStrike"],"damage_healed":0,"gold_gain":0,"player_choice":"Gave Gold","damage_taken":0,"max_hp_gain":0,"max_hp_loss":0,"event_name":"Beggar","floor":19,"gold_loss":75},{"damage_healed":0,"gold_gain":0,"player_choice":"Ignored","damage_taken":0,"max_hp_gain":0,"max_hp_loss":0,"event_name":"Ghosts","floor":21,"gold_loss":0},{"damage_healed":0,"gold_gain":0,"player_choice":"Obtained Book","damage_taken":16,"max_hp_gain":0,"max_hp_loss":0,"event_name":"Cursed Tome","floor":27,"gold_loss":0}],"is_beta":false,"boss_relics":[{"not_picked":["Philosopher\u0027s Stone","Black Blood"],"picked":"Cursed Key"}],"items_purged_floors":[22],"is_endless":false,"potions_floor_spawned":[4,5,8,10,14,18,28],"killed_by":"3 Cultists","ascension_level":10}}