{"host":"l4d5err6t6pjh8c1","time":1614200186,"event":{"mods":["BaseMod","Colored Map","Hermit","Minty Spire (QoL Compilation)","Rare Cards Sparkle","StSLib","The IronCluck"],"gold_per_floor":[215,215,62,62,62,100,100,114,168,182,182,201,49,70,70,70,70],"floor_reached":16,"language":"ENG","playtime":1323,"items_purged":[],"score":100,"play_id":"5968352a-7308-47bc-a272-74a003446324","local_time":"20210224215626","is_ascension_mode":false,"campfire_choices":[{"floor":7,"key":"REST"},{"floor":11,"key":"REST"},{"data":"Pray","floor":15,"key":"SMITH"}],"circlet_count":0,"master_deck":["hermit:Strike_Hermit","hermit:Strike_Hermit","hermit:Strike_Hermit","hermit:Strike_Hermit","hermit:Defend_Hermit","hermit:Defend_Hermit","hermit:Defend_Hermit","hermit:Snapshot","hermit:Covet","hermit:PistolWhip","Iron Wave","Rage","Feel No Pain","hermit:Brawl","Pray+1"],"relics":["hermit:Momento","Golden Idol","PrismaticShard","Gremlin Horn","Regal Pillow"],"acts_visited":["Exordium"],"potions_floor_usage":[16],"damage_taken":[{"damage":15,"enemies":"Cultist","floor":1,"turns":4},{"damage":24,"enemies":"Gremlin Nob","floor":6,"turns":5},{"damage":6,"enemies":"Jaw Worm","floor":8,"turns":3},{"damage":0,"enemies":"Small Slimes","floor":10,"turns":2},{"damage":0,"enemies":"Gremlin Gang","floor":12,"turns":5},{"damage":9,"enemies":"Red Slaver","floor":14,"turns":4},{"damage":63,"enemies":"The Guardian","floor":16,"turns":8}],"seed_played":"-8997599130918043454","potions_obtained":[{"floor":12,"key":"SteroidPotion"}],"is_trial":false,"path_per_floor":["M","?","$","$","?","E","R","M","T","M","R","M","$","M","R","B"],"character_chosen":"HERMIT","items_purchased":["PrismaticShard","hermit:Brawl","LiquidBronze"],"campfire_rested":2,"item_purchase_floors":[3,13,13],"current_hp_per_floor":[60,42,42,42,42,18,40,34,34,34,71,71,71,62,62,0,0],"gold":70,"neow_bonus":"HUNDRED_GOLD","is_daily":false,"chose_seed":false,"campfire_upgraded":1,"win_rate":0.0,"timestamp":1614200186,"path_taken":["M","?","?","$","?","E","R","M","T","?","R","M","?","M","R","BOSS"],"items_purchased_type":["Relic","Card","Potion"],"build_version":"2020-12-22","purchased_purges":0,"victory":false,"max_hp_per_floor":[75,75,75,75,75,75,75,75,75,75,75,75,75,75,75,75,75],"card_choices":[{"not_picked":["hermit:BodyArmor","hermit:LuckOfTheDraw"],"picked":"hermit:PistolWhip","floor":1},{"not_picked":["SashWhip","Havoc"],"picked":"Rage","floor":6},{"not_picked":["Dagger Throw","Acrobatics"],"picked":"Feel No Pain","floor":8},{"not_picked":["hermit:Determination","Impatience","Sucker Punch"],"picked":"SKIP","floor":10},{"not_picked":["Biased Cognition","Prepared","ClearTheMind"],"picked":"SKIP","floor":12},{"not_picked":["hermit:Coalescence","Cloak And Dagger"],"picked":"Pray","floor":14}],"player_experience":390514,"relics_obtained":[{"floor":6,"key":"Gremlin Horn"},{"floor":9,"key":"Regal Pillow"}],"event_choices":[{"damage_healed":0,"gold_gain":0,"player_choice":"Take Damage","damage_taken":18,"relics_obtained":["Golden Idol"],"max_hp_gain":0,"max_hp_loss":0,"event_name":"Golden Idol","floor":2,"gold_loss":0},{"cards_removed":["hermit:Defend_Hermit"],"damage_healed":0,"gold_gain":0,"player_choice":"Took Card","damage_taken":0,"max_hp_gain":0,"max_hp_loss":0,"event_name":"NoteForYourself","floor":5,"gold_loss":0,"cards_obtained":["Iron Wave"]}],"is_beta":false,"boss_relics":[],"items_purged_floors":[],"is_endless":false,"potions_floor_spawned":[12],"killed_by":"The Guardian","ascension_level":0}}