{"host":"7r2n0tv442aowt09","time":1614175424,"event":{"mods":["BaseMod","Curses Come First","Custom Start","Exacting","Highlight Path","Infinite Spire","Minty Spire (QoL Compilation)","Relic Sorter","StSLib"],"gold_per_floor":[132,165,222,267,207,207,243,243,243,288,288,393,393,543,543,543,543],"floor_reached":16,"language":"JPN","playtime":757,"items_purged":[],"score":204,"play_id":"ceed1ac9-da65-47f7-86a2-a77216182a9b","local_time":"20210224230344","daily_mods":["Colorless Cards","Midas"],"is_ascension_mode":true,"campfire_choices":[{"data":"Defend_G","floor":6,"key":"PURGE"},{"data":"Defend_G","floor":8,"key":"PURGE"},{"data":"Defend_G","floor":11,"key":"PURGE"},{"data":"Strike_G","floor":13,"key":"PURGE"},{"data":"Doubt","floor":15,"key":"PURGE"}],"circlet_count":0,"master_deck":["AscendersBane","Strike_G","Strike_G","Strike_G","Strike_G","Defend_G","Defend_G","Survivor","Neutralize","Tactician+1","Deflect+1","Master of Strategy+1","Impatience+1","Leg Sweep+1","Noxious Fumes","Infinite Blades"],"relics":["Ring of the Snake","Darkstone Periapt","Singing Bowl","Toxic Egg 2","Nuclear Battery","Peace Pipe","Bag of Preparation","Boot"],"acts_visited":["Exordium"],"potions_floor_usage":[3,4],"damage_taken":[{"damage":3,"enemies":"Cultist","floor":1,"turns":5},{"damage":0,"enemies":"2 Louse","floor":2,"turns":5},{"damage":0,"enemies":"Jaw Worm","floor":3,"turns":4},{"damage":2,"enemies":"Blue Slaver","floor":4,"turns":5},{"damage":4,"enemies":"Looter","floor":5,"turns":5},{"damage":21,"enemies":"Red Slaver","floor":7,"turns":4},{"damage":0,"enemies":"Exordium Wildlife","floor":10,"turns":5},{"damage":22,"enemies":"Lagavulin","floor":12,"turns":9},{"damage":27,"enemies":"Slime Boss","floor":16,"turns":7}],"seed_played":"-5344033969628279617","potions_obtained":[{"floor":2,"key":"Regen Potion"},{"floor":3,"key":"Weak Potion"},{"floor":10,"key":"Ancient Potion"}],"is_trial":true,"path_per_floor":["M","M","M","M","M","R","M","R","T","M","R","E","R","?","R","B"],"character_chosen":"THE_SILENT","items_purchased":[],"campfire_rested":0,"item_purchase_floors":[],"current_hp_per_floor":[58,58,67,65,61,61,40,40,40,40,40,18,18,24,24,0,0],"gold":543,"neow_bonus":"","is_daily":false,"chose_seed":false,"campfire_upgraded":0,"win_rate":0.0,"timestamp":1614175424,"path_taken":["M","M","M","?","M","R","M","R","T","M","R","E","R","?","R","BOSS"],"items_purchased_type":[],"build_version":"2020-12-22","purchased_purges":0,"victory":false,"max_hp_per_floor":[68,68,68,68,68,68,68,68,68,68,68,68,68,74,74,74,74],"card_choices":[{"not_picked":["Flying Knee","Finisher","PiercingWail+1"],"picked":"Singing Bowl","floor":1},{"not_picked":["Outmaneuver+1","Choke"],"picked":"Tactician+1","floor":2},{"not_picked":["Quick Slash","Prepared+1"],"picked":"Deflect+1","floor":3},{"not_picked":["Endless Agony","Dark Shackles+1"],"picked":"Master of Strategy+1","floor":4},{"not_picked":["Sucker Punch","PiercingWail+1"],"picked":"Impatience+1","floor":5},{"not_picked":["Tactician+1","Terror+1"],"picked":"Leg Sweep+1","floor":7},{"not_picked":["Madness+1","Backstab"],"picked":"Noxious Fumes","floor":10},{"not_picked":["Night Terror+1","Sucker Punch"],"picked":"Infinite Blades","floor":12}],"player_experience":2285840,"relics_obtained":[{"floor":9,"key":"Bag of Preparation"},{"floor":12,"key":"Boot"}],"event_choices":[{"damage_healed":0,"gold_gain":150,"player_choice":"AGREE","damage_taken":0,"max_hp_gain":0,"max_hp_loss":0,"event_name":"Liars Game","floor":14,"gold_loss":0,"cards_obtained":["Doubt"]}],"is_beta":false,"boss_relics":[],"items_purged_floors":[],"is_endless":false,"potions_floor_spawned":[2,3,10],"killed_by":"Slime Boss","ascension_level":20}}