{"host":"ELF","time":1614166118,"event":{"mods":["BaseMod","Bestiary","Minty Spire (QoL Compilation)","Relic Stats","Slay the Relics Exporter"],"gold_per_floor":[116,128,146,159,84,84,100,100,100,250,13,13,26,43,43,43,43],"floor_reached":16,"language":"ENG","playtime":971,"items_purged":["Normality"],"score":188,"play_id":"6755fd9f-1ddc-43ba-8e23-3101ff95fd9b","local_time":"20210224052838","is_ascension_mode":true,"campfire_choices":[{"data":"Prepared","floor":6,"key":"SMITH"},{"data":"Acrobatics","floor":8,"key":"SMITH"},{"floor":15,"key":"REST"}],"circlet_count":0,"master_deck":["AscendersBane","Strike_G","Strike_G","Strike_G","Strike_G","Defend_G","Defend_G","Defend_G","Defend_G","Defend_G","Survivor","Neutralize","Prepared","Acrobatics","Backstab","Prepared+1","Acrobatics+1","Doubt","Reflex","Calculated Gamble"],"relics":["Cursed Key","Frozen Eye","Frozen Egg 2"],"acts_visited":["Exordium"],"potions_floor_usage":[14,14,16,16],"damage_taken":[{"damage":0.0,"enemies":"Cultist","floor":1.0,"turns":5.0},{"damage":8.0,"enemies":"2 Louse","floor":2.0,"turns":4.0},{"damage":6.0,"enemies":"Jaw Worm","floor":3.0,"turns":5.0},{"damage":19,"enemies":"Large Slime","floor":4,"turns":9},{"damage":3,"enemies":"Blue Slaver","floor":7,"turns":6},{"damage":6,"enemies":"3 Louse","floor":13,"turns":5},{"damage":15,"enemies":"Gremlin Gang","floor":14,"turns":10},{"damage":41,"enemies":"The Guardian","floor":16,"turns":13}],"seed_played":"4255018142202630788","potions_obtained":[{"floor":4,"key":"LiquidMemories"},{"floor":13,"key":"EntropicBrew"}],"is_trial":false,"path_per_floor":["M","M","M","M","?","R","M","R","T","?","$","?","M","M","R","B"],"character_chosen":"THE_SILENT","items_purchased":["Frozen Eye"],"campfire_rested":1,"item_purchase_floors":[11],"current_hp_per_floor":[59,51,45,26,26,26,23,23,23,23,23,23,17,2,21,0,0],"gold":43,"neow_bonus":"BOSS_RELIC","is_daily":false,"chose_seed":false,"campfire_upgraded":2,"win_rate":0.0,"timestamp":1614166118,"path_taken":["M","M","M","M","?","R","M","R","T","?","?","?","M","M","R","BOSS"],"items_purchased_type":["Relic"],"build_version":"2020-12-18","purchased_purges":1,"victory":false,"max_hp_per_floor":[66,66,66,66,66,66,66,66,66,66,66,66,66,66,66,66,66],"relic_stats":{"counters":[8,57],"Cursed Key":1,"obtain_stats":[{"Frozen Eye":11,"Frozen Egg 2":12,"Cursed Key":0,"Ring of the Snake":0},{"Frozen Eye":5,"Frozen Egg 2":5,"Cursed Key":0,"Ring of the Snake":0},{"Frozen Eye":29,"Frozen Egg 2":29,"Cursed Key":0,"Ring of the Snake":0}]},"card_choices":[{"not_picked":["Bane","Quick Slash"],"picked":"Prepared","floor":1.0},{"not_picked":["Slice","Skewer"],"picked":"Acrobatics","floor":2.0},{"not_picked":["Bane","Quick Slash"],"picked":"Backstab","floor":3.0},{"not_picked":["Distraction","Cloak And Dagger"],"picked":"Prepared","floor":4},{"not_picked":["Sucker Punch","Caltrops"],"picked":"Acrobatics","floor":7},{"not_picked":["Concentrate","Predator"],"picked":"Reflex","floor":13},{"not_picked":["Skewer","Setup"],"picked":"Calculated Gamble","floor":14}],"player_experience":3550743,"relics_obtained":[],"event_choices":[{"cards_removed":["Strike_G"],"damage_healed":0,"gold_gain":0,"player_choice":"Card Removal","damage_taken":0,"max_hp_gain":0,"max_hp_loss":0,"event_name":"The Cleric","floor":5,"gold_loss":75},{"damage_healed":0,"gold_gain":150,"player_choice":"AGREE","damage_taken":0,"max_hp_gain":0,"max_hp_loss":0,"event_name":"Liars Game","floor":10,"gold_loss":0,"cards_obtained":["Doubt"]},{"damage_healed":0,"gold_gain":0,"player_choice":"Searched \u00271\u0027 times","damage_taken":0,"relics_obtained":["Frozen Egg 2"],"max_hp_gain":0,"max_hp_loss":0,"event_name":"Dead Adventurer","floor":12,"gold_loss":0}],"is_beta":true,"boss_relics":[],"items_purged_floors":[11],"is_endless":false,"potions_floor_spawned":[4,13],"killed_by":"The Guardian","ascension_level":20}}