{"host":"ju1b3c4x8n2jtjm7","time":1614170968,"event":{"mods":["AchievementEnabler","BaseMod","Colored Map","Colored Powertips","Highlight Path","Minty Spire (QoL Compilation)","Quick Restart","Rare Cards Sparkle","Relic Stats","StSLib"],"gold_per_floor":[359,31,0,15,27,27,57,7,7,38,51,51,71,71,71,167,167,185,202,218,236,252,279,279,310,310,310,344,51,51,66,66,168,168,185,201,44,59,59,59,76,76,128,160,171,205,223,251,251,251],"floor_reached":51,"language":"ENG","playtime":5220,"items_purged":["Strike_B"],"score":1674,"play_id":"c579f50f-9b62-4837-8466-a3ca8fac5e5b","local_time":"20210224134927","is_ascension_mode":true,"campfire_choices":[{"data":"Doom and Gloom","floor":6.0,"key":"SMITH"},{"data":"Auto Shields","floor":12.0,"key":"SMITH"},{"data":"Consume","floor":15.0,"key":"SMITH"},{"data":"Loop","floor":24.0,"key":"SMITH"},{"floor":27.0,"key":"REST"},{"data":"Bandage Up","floor":30.0,"key":"SMITH"},{"data":"Go for the Eyes","floor":32.0,"key":"SMITH"},{"data":"Coolheaded","floor":40,"key":"SMITH"},{"data":"Redo","floor":42,"key":"SMITH"},{"floor":49,"key":"RECALL"}],"circlet_count":0,"master_deck":["AscendersBane","Strike_B","Strike_B","Defend_B+1","Defend_B","Defend_B","Defend_B","Dualcast","Doom and Gloom+1","Bandage Up+1","Loop+1","Auto Shields+1","Steam+1","Genetic Algorithm","Go for the Eyes+1","Consume+1","Coolheaded+1","Cold Snap","Buffer+1","Conserve Battery+1","BootSequence","Loop+1","Hologram+1","Buffer+1","White Noise","White Noise","Redo+1","Turbo"],"relics":["Cracked Core","Symbiotic Virus","Ancient Tea Set","Singing Bowl","Frozen Egg 2","Runic Pyramid","Bronze Scales","Pen Nib","War Paint","Tiny Chest","Strange Spoon","Busted Crown","OrangePellets","The Courier","Centennial Puzzle","Darkstone Periapt"],"acts_visited":["Exordium","TheCity","TheBeyond","TheEnding"],"potions_floor_usage":[],"damage_taken":[{"damage":2.0,"enemies":"Jaw Worm","floor":1.0,"turns":4.0},{"damage":4.0,"enemies":"2 Louse","floor":4.0,"turns":3.0},{"damage":1.0,"enemies":"Cultist","floor":5.0,"turns":3.0},{"damage":9.0,"enemies":"3 Sentries","floor":7.0,"turns":4.0},{"damage":32.0,"enemies":"Gremlin Nob","floor":10.0,"turns":5.0},{"damage":0.0,"enemies":"2 Fungi Beasts","floor":11.0,"turns":2.0},{"damage":0.0,"enemies":"Gremlin Gang","floor":13.0,"turns":2.0},{"damage":19.0,"enemies":"The Guardian","floor":16.0,"turns":8.0},{"damage":0.0,"enemies":"Spheric Guardian","floor":18.0,"turns":3.0},{"damage":1.0,"enemies":"Shell Parasite","floor":19.0,"turns":5.0},{"damage":24.0,"enemies":"Snake Plant","floor":20.0,"turns":6.0},{"damage":4.0,"enemies":"Centurion and Healer","floor":21.0,"turns":8.0},{"damage":0.0,"enemies":"Shelled Parasite and Fungi","floor":22.0,"turns":6.0},{"damage":30.0,"enemies":"Book of Stabbing","floor":23.0,"turns":6.0},{"damage":20.0,"enemies":"Gremlin Leader","floor":25.0,"turns":10.0},{"damage":14.0,"enemies":"Slavers","floor":28.0,"turns":4.0},{"damage":0.0,"enemies":"Cultist and Chosen","floor":31.0,"turns":17.0},{"damage":18.0,"enemies":"Collector","floor":33.0,"turns":11.0},{"damage":0.0,"enemies":"3 Shapes","floor":35.0,"turns":12.0},{"damage":25,"enemies":"3 Darklings","floor":36,"turns":7},{"damage":0,"enemies":"Writhing Mass","floor":38,"turns":5},{"damage":0,"enemies":"Maw","floor":41,"turns":9},{"damage":4,"enemies":"Nemesis","floor":44,"turns":9},{"damage":11,"enemies":"Sphere and 2 Shapes","floor":45,"turns":6},{"damage":25,"enemies":"Reptomancer","floor":46,"turns":8},{"damage":15,"enemies":"Jaw Worm Horde","floor":47,"turns":7},{"damage":0,"enemies":"Giant Head","floor":48,"turns":10},{"damage":0,"enemies":"Donu and Deca","floor":50,"turns":16}],"seed_played":"-6656000304539918430","potions_obtained":[{"floor":1.0,"key":"DistilledChaos"},{"floor":4.0,"key":"Explosive Potion"},{"floor":11.0,"key":"Block Potion"},{"floor":13.0,"key":"GamblersBrew"},{"floor":16.0,"key":"EssenceOfSteel"},{"floor":18.0,"key":"AttackPotion"},{"floor":25.0,"key":"Energy Potion"},{"floor":31.0,"key":"SpeedPotion"},{"floor":35.0,"key":"PotionOfCapacity"},{"floor":38,"key":"FocusPotion"}],"is_trial":false,"path_per_floor":["M","$","?","M","M","R","E","?","T","E","M","R","M","?","R","B",null,"M","M","M","M","M","E","R","E","T","R","E","$","R","M","R","B",null,"M","M","$","M","?","R","M","R","T","E","M","E","M","E","R","B",null],"character_chosen":"DEFECT","items_purchased":["Symbiotic Virus","Bandage Up","Strange Spoon","Loop+1","OrangePellets"],"campfire_rested":1,"item_purchase_floors":[2,2,29,29,37],"current_hp_per_floor":[48,48,48,48,51,51,46,46,46,18,22,22,28,28,28,13,61,65,68,48,50,56,32,32,16,16,40,26,26,26,44,44,50,75,83,64,64,70,93,93,95,95,95,97,94,77,68,76,76,88],"gold":251,"neow_bonus":"TWO_FIFTY_GOLD","is_daily":false,"chose_seed":false,"campfire_upgraded":8,"win_rate":0.0,"timestamp":1614170967,"path_taken":["M","$","?","M","M","R","E","?","T","E","M","R","M","?","R","BOSS","M","M","M","?","M","E","R","E","T","R","E","$","R","M","R","BOSS","M","M","$","M","?","R","M","R","T","E","?","E","M","E","R","BOSS"],"items_purchased_type":["Relic","Card","Relic","Card","Relic"],"build_version":"2020-12-22","purchased_purges":1,"victory":true,"max_hp_per_floor":[75,75,75,75,75,75,75,75,75,75,75,75,77,77,77,77,77,77,77,77,79,81,83,83,83,83,83,83,83,83,83,83,83,83,83,83,83,83,93,93,95,95,95,97,99,101,101,103,103,103],"relic_stats":{"Darkstone Periapt":0,"Strange Spoon":[49],"OrangePellets":[2],"Centennial Puzzle":[3],"Busted Crown":18,"Singing Bowl":18,"counters":[28,196],"Bronze Scales":[407],"Tiny Chest":0,"Pen Nib":[9],"War Paint":["Steam","Defend_B"],"obtain_stats":[{"Darkstone Periapt":48,"Singing Bowl":9,"Pen Nib":25,"The Courier":44,"Frozen Egg 2":10,"War Paint":26,"Ancient Tea Set":7,"Strange Spoon":29,"OrangePellets":37,"Centennial Puzzle":46,"Busted Crown":34,"Bronze Scales":23,"Tiny Chest":28,"Cracked Core":0,"Symbiotic Virus":2,"Runic Pyramid":17},{"Darkstone Periapt":27,"Singing Bowl":4,"Pen Nib":15,"The Courier":23,"Frozen Egg 2":5,"War Paint":15,"Ancient Tea Set":4,"Strange Spoon":16,"OrangePellets":20,"Centennial Puzzle":25,"Busted Crown":18,"Bronze Scales":14,"Tiny Chest":16,"Cracked Core":0,"Symbiotic Virus":1,"Runic Pyramid":8},{"Darkstone Periapt":180,"Singing Bowl":14,"Pen Nib":75,"The Courier":149,"Frozen Egg 2":19,"War Paint":75,"Ancient Tea Set":14,"Strange Spoon":79,"OrangePellets":126,"Centennial Puzzle":163,"Busted Crown":107,"Bronze Scales":65,"Tiny Chest":79,"Cracked Core":0,"Symbiotic Virus":4,"Runic Pyramid":31}]},"card_choices":[{"not_picked":["Capacitor","Sweeping Beam"],"picked":"Doom and Gloom","floor":1.0},{"not_picked":["Go for the Eyes","Ball Lightning"],"picked":"Loop","floor":4.0},{"not_picked":["Capacitor","Fusion"],"picked":"Auto Shields","floor":5.0},{"not_picked":["Biased Cognition","Loop"],"picked":"Steam","floor":7.0},{"not_picked":["Double Energy","Leap"],"picked":"Genetic Algorithm","floor":10.0},{"not_picked":["Auto Shields","Capacitor+1"],"picked":"Go for the Eyes","floor":11.0},{"not_picked":["Rebound","Beam Cell","Gash"],"picked":"Singing Bowl","floor":13.0},{"not_picked":["Fission","Meteor Strike"],"picked":"Rainbow","floor":16.0},{"not_picked":["Gash","Compile Driver"],"picked":"Coolheaded","floor":18.0},{"not_picked":["Rebound","Heatsinks+1"],"picked":"Cold Snap","floor":19.0},{"not_picked":["Auto Shields","Force Field"],"picked":"Buffer+1","floor":20.0},{"not_picked":["Leap","Streamline","Conserve Battery+1"],"picked":"Singing Bowl","floor":21.0},{"not_picked":["Gash+1","Stack","Auto Shields"],"picked":"Singing Bowl","floor":22.0},{"not_picked":["Barrage+1","Conserve Battery","Meteor Strike"],"picked":"Singing Bowl","floor":23.0},{"not_picked":["Gash","Compile Driver"],"picked":"Conserve Battery+1","floor":25.0},{"not_picked":["Scrape","Redo"],"picked":"BootSequence","floor":28.0},{"not_picked":["Darkness","BootSequence"],"picked":"Hologram+1","floor":31.0},{"not_picked":["Core Surge","Meteor Strike"],"picked":"Buffer+1","floor":33.0},{"not_picked":[],"picked":"White Noise","floor":35.0},{"not_picked":[],"picked":"White Noise","floor":36},{"not_picked":[],"picked":"Redo","floor":38},{"not_picked":["Go for the Eyes"],"picked":"Singing Bowl","floor":41},{"not_picked":["Go for the Eyes"],"picked":"Singing Bowl","floor":44},{"not_picked":["Cold Snap"],"picked":"Singing Bowl","floor":45},{"not_picked":["FTL+1"],"picked":"Singing Bowl","floor":46},{"not_picked":[],"picked":"Turbo","floor":47},{"not_picked":["Gash"],"picked":"Singing Bowl","floor":48}],"player_experience":515684,"relics_obtained":[{"floor":7.0,"key":"Ancient Tea Set"},{"floor":9.0,"key":"Singing Bowl"},{"floor":10.0,"key":"Frozen Egg 2"},{"floor":23.0,"key":"Bronze Scales"},{"floor":25.0,"key":"Pen Nib"},{"floor":26.0,"key":"War Paint"},{"floor":28.0,"key":"Tiny Chest"},{"floor":44,"key":"The Courier"},{"floor":46,"key":"Centennial Puzzle"},{"floor":48,"key":"Darkstone Periapt"}],"event_choices":[{"damage_healed":0.0,"max_hp_gain":0.0,"max_hp_loss":0.0,"gold_gain":0.0,"event_name":"World of Goop","player_choice":"Left Gold","floor":3.0,"gold_loss":31.0,"damage_taken":0.0},{"cards_removed":["Zap"],"damage_healed":0.0,"max_hp_gain":0.0,"max_hp_loss":0.0,"gold_gain":0.0,"event_name":"The Cleric","player_choice":"Card Removal","floor":8.0,"gold_loss":50.0,"damage_taken":0.0},{"damage_healed":0.0,"max_hp_gain":0.0,"max_hp_loss":0.0,"gold_gain":0.0,"cards_transformed":["Strike_B"],"event_name":"Transmorgrifier","player_choice":"Transformed","floor":14.0,"gold_loss":0.0,"damage_taken":0.0,"cards_obtained":["Consume"]},{"cards_removed":["Rainbow"],"damage_healed":13,"gold_gain":0,"player_choice":"Offered Rare","damage_taken":0,"max_hp_gain":10,"max_hp_loss":0,"event_name":"Bonfire Elementals","floor":39,"gold_loss":0}],"is_beta":false,"boss_relics":[{"not_picked":["FrozenCore","Coffee Dripper"],"picked":"Runic Pyramid"},{"not_picked":["Empty Cage","Black Star"],"picked":"Busted Crown"}],"items_purged_floors":[29],"is_endless":false,"potions_floor_spawned":[1,4,11,13,16,18,20,22,25,31,35,38,41,45,46],"ascension_level":12}}