{"host":"bg8va46pgqgvtzim","time":1614127213,"event":{"mods":["BaseMod","Minty Spire (QoL Compilation)","Quick Restart","StSLib","SuperFastMode"],"gold_per_floor":[109,109,109,129,140,156,156,187,187,137,164,164,164,175,209,209,223,233,233,233,329,329,345,361,104,118,49,49,81,31,65,84,84,114,126,51,51,71,71,175,175,195,245,195,205,225,225,235,262,279,303,303,320,28,55,55,55,55,86,97,97,97,97,97,97,47,77,77],"floor_reached":69,"language":"ZHS","playtime":2839,"items_purged":["Defend_P","Strike_P","Strike_P","Defend_P","Strike_P+1","Defend_P+1"],"score":1836,"play_id":"91c04fba-47ea-4bbc-abb3-739868c6cd87","local_time":"20210224084013","is_ascension_mode":true,"campfire_choices":[{"data":"Eruption","floor":9.0,"key":"SMITH"},{"data":"Blasphemy","floor":16.0,"key":"SMITH"},{"data":"Consecrate","floor":19.0,"key":"SMITH"},{"data":"Study","floor":20.0,"key":"SMITH"},{"floor":37.0,"key":"REST"},{"data":"Scrawl","floor":39.0,"key":"SMITH"},{"floor":47.0,"key":"REST"},{"floor":56.0,"key":"REST"},{"floor":61.0,"key":"RECALL"},{"floor":62.0,"key":"REST"},{"floor":65.0,"key":"REST"}],"circlet_count":0,"master_deck":["Defend_P+1","Eruption+1","Vigilance+1","Blasphemy+1","TalkToTheHand+1","BowlingBash+1","Consecrate+1","Adaptation+1","ClearTheMind+1","Study+1","Prostrate+1","LessonLearned+1","Tantrum+1","FlurryOfBlows+1","Wallop+1","MentalFortress+1","Prostrate+1","Scrawl+1","FearNoEvil+1","Fasting2+1","FlurryOfBlows+1","Establishment+1","TalkToTheHand+1","EmptyMind+1","Worship+1","Indignation+1","Adaptation+1","DeusExMachina","EmptyMind+1","Sadistic Nature","Master of Strategy","Prostrate+1"],"relics":["PureWater","Smiling Mask","Ornamental Fan","TeardropLocket","FaceOfCleric","Darkstone Periapt","Black Star","OrangePellets","Dream Catcher","Bag of Marbles","Letter Opener","Mummified Hand","Anchor","Mercury Hourglass","Fusion Hammer","Incense Burner","War Paint","Gambling Chip","Strawberry","White Beast Statue","Membership Card","Nunchaku","Bottled Tornado","Bottled Lightning","Orichalcum","Yang","Damaru","Eternal Feather"],"acts_visited":["Exordium","TheCity","TheBeyond","TheEnding"],"potions_floor_usage":[68],"damage_taken":[{"damage":0.0,"enemies":"Cultist","floor":1.0,"turns":4.0},{"damage":1.0,"enemies":"2 Louse","floor":4.0,"turns":2.0},{"damage":0.0,"enemies":"Small Slimes","floor":5.0,"turns":2.0},{"damage":10.0,"enemies":"Exordium Wildlife","floor":6.0,"turns":3.0},{"damage":6.0,"enemies":"3 Sentries","floor":8.0,"turns":8.0},{"damage":9.0,"enemies":"Lagavulin","floor":11.0,"turns":6.0},{"damage":0.0,"enemies":"Large Slime","floor":14.0,"turns":4.0},{"damage":6.0,"enemies":"3 Sentries","floor":15.0,"turns":5.0},{"damage":0.0,"enemies":"3 Louse","floor":17.0,"turns":1.0},{"damage":0.0,"enemies":"Looter","floor":18.0,"turns":2.0},{"damage":0.0,"enemies":"Slime Boss","floor":21.0,"turns":3.0},{"damage":14.0,"enemies":"3 Byrds","floor":23.0,"turns":5.0},{"damage":0.0,"enemies":"Spheric Guardian","floor":24.0,"turns":1.0},{"damage":12.0,"enemies":"Centurion and Healer","floor":26.0,"turns":4.0},{"damage":13.0,"enemies":"Book of Stabbing","floor":29.0,"turns":4.0},{"damage":25.0,"enemies":"Slavers","floor":31.0,"turns":3.0},{"damage":0.0,"enemies":"Sentry and Sphere","floor":32.0,"turns":3.0},{"damage":0.0,"enemies":"Book of Stabbing","floor":34.0,"turns":4.0},{"damage":3.0,"enemies":"Snake Plant","floor":35.0,"turns":2.0},{"damage":0.0,"enemies":"Shelled Parasite and Fungi","floor":38.0,"turns":2.0},{"damage":0.0,"enemies":"Champ","floor":40.0,"turns":6.0},{"damage":0.0,"enemies":"3 Shapes","floor":42.0,"turns":2.0},{"damage":34.0,"enemies":"Mind Bloom Boss Battle","floor":43.0,"turns":4.0},{"damage":13.0,"enemies":"3 Darklings","floor":45.0,"turns":3.0},{"damage":10.0,"enemies":"Sphere and 2 Shapes","floor":46.0,"turns":3.0},{"damage":3.0,"enemies":"Jaw Worm Horde","floor":48.0,"turns":3.0},{"damage":27.0,"enemies":"Reptomancer","floor":49.0,"turns":6.0},{"damage":11.0,"enemies":"4 Shapes","floor":50.0,"turns":3.0},{"damage":0.0,"enemies":"3 Darklings","floor":53.0,"turns":2.0},{"damage":0.0,"enemies":"Nemesis","floor":55.0,"turns":3.0},{"damage":0.0,"enemies":"Giant Head","floor":59.0,"turns":1.0},{"damage":0.0,"enemies":"Maw","floor":60.0,"turns":3.0},{"damage":0.0,"enemies":"Time Eater","floor":63.0,"turns":3.0},{"damage":0,"enemies":"Shield and Spear","floor":67,"turns":2},{"damage":37,"enemies":"The Heart","floor":68,"turns":5}],"seed_played":"5593690399310718230","potions_obtained":[{"floor":1.0,"key":"EssenceOfSteel"},{"floor":5.0,"key":"FearPotion"},{"floor":8.0,"key":"Explosive Potion"},{"floor":18.0,"key":"BottledMiracle"},{"floor":24.0,"key":"Fire Potion"},{"floor":26.0,"key":"LiquidBronze"},{"floor":29.0,"key":"SkillPotion"},{"floor":32.0,"key":"Explosive Potion"},{"floor":35.0,"key":"Energy Potion"},{"floor":49.0,"key":"Explosive Potion"},{"floor":53.0,"key":"FearPotion"}],"is_trial":false,"path_per_floor":["M","?","?","M","M","M","?","E","R","$","E","T","?","M","E","R","M","M","R","R","B",null,"M","M","$","M","$","?","E","$","E","M","T","E","M","?","R","M","R","B",null,"M","?","$","M","M","R","M","E","M","T","T","M","$","E","R","M","?","E","M","R","R","B",null,"R","$","E","B",null],"character_chosen":"WATCHER","items_purchased":["OrangePellets","FlurryOfBlows","MentalFortress","Membership Card","Nunchaku","Adaptation"],"campfire_rested":5,"item_purchase_floors":[25,25,27,54,54,54],"current_hp_per_floor":[65,52,52,51,51,41,41,35,35,35,26,26,26,27,22,22,23,24,24,24,25,70,57,58,58,47,47,47,35,35,11,12,12,13,11,11,34,35,35,36,80,81,48,48,36,27,52,50,24,14,21,21,22,22,23,51,51,41,42,43,43,72,73,99,99,99,100,64],"gold":77,"neow_bonus":"THREE_RARE_CARDS","is_daily":false,"chose_seed":false,"campfire_upgraded":5,"win_rate":0.0,"timestamp":1614127213,"path_taken":["M","?","?","M","?","M","?","E","R","$","E","T","?","M","E","R","M","?","R","R","BOSS","M","M","$","M","?","?","E","$","E","M","T","E","M","?","R","M","R","BOSS","M","?","$","M","M","R","M","E","M","T","T","M","$","E","R","M","?","E","M","R","R","BOSS","R","$","E","BOSS"],"items_purchased_type":["Relic","Card","Card","Relic","Relic","Card"],"build_version":"2020-12-22","purchased_purges":6,"victory":true,"max_hp_per_floor":[65,65,65,65,65,65,65,65,65,65,65,65,65,66,67,67,68,69,69,69,70,70,71,72,72,73,73,73,74,74,75,76,76,77,78,78,78,79,79,80,80,81,82,82,83,84,84,85,86,87,94,94,95,95,96,96,96,96,97,98,98,98,99,99,99,99,100,101],"card_choices":[{"not_picked":["ConjureBlade","Establishment"],"picked":"Blasphemy","floor":0.0},{"not_picked":["EmptyMind","WaveOfTheHand"],"picked":"TalkToTheHand","floor":1.0},{"not_picked":["SashWhip","TalkToTheHand"],"picked":"BowlingBash","floor":4.0},{"not_picked":["Crescendo","FollowUp","Halt"],"picked":"SKIP","floor":5.0},{"not_picked":["EmptyBody","Crescendo"],"picked":"Consecrate","floor":6.0},{"not_picked":["JustLucky","WreathOfFlame","ReachHeaven"],"picked":"SKIP","floor":8.0},{"not_picked":["ThirdEye","FlurryOfBlows"],"picked":"Adaptation","floor":11.0},{"not_picked":["CutThroughFate","Ragnarok"],"picked":"ClearTheMind","floor":14.0},{"not_picked":["WheelKick","ThirdEye","Protect"],"picked":"SKIP","floor":15.0},{"not_picked":["JustLucky","Protect"],"picked":"Study","floor":17.0},{"not_picked":["Swivel","SashWhip"],"picked":"Prostrate","floor":18.0},{"not_picked":["SpiritShield","MasterReality"],"picked":"LessonLearned","floor":21.0},{"not_picked":["WaveOfTheHand","LikeWater"],"picked":"Tantrum","floor":23.0},{"not_picked":["JustLucky","Crescendo","EmptyFist+1"],"picked":"SKIP","floor":24.0},{"not_picked":["CrushJoints","FollowUp"],"picked":"Wallop","floor":26.0},{"not_picked":["Crescendo+1","PathToVictory"],"picked":"Prostrate","floor":29.0},{"not_picked":["Perseverance","WindmillStrike"],"picked":"Scrawl","floor":31.0},{"not_picked":["EmptyFist","Evaluate+1","Protect"],"picked":"SKIP","floor":32.0},{"not_picked":["FlurryOfBlows","Study"],"picked":"FearNoEvil","floor":34.0},{"not_picked":["ClearTheMind","Worship+1"],"picked":"Fasting2","floor":35.0},{"not_picked":["Prostrate","SashWhip"],"picked":"FlurryOfBlows+1","floor":38.0},{"not_picked":["Alpha","Brilliance"],"picked":"Establishment","floor":40.0},{"not_picked":["Protect+1","ClearTheMind"],"picked":"TalkToTheHand","floor":42.0},{"not_picked":["ClearTheMind","ForeignInfluence+1","FlyingSleeves+1"],"picked":"SKIP","floor":45.0},{"not_picked":["EmptyFist","Indignation"],"picked":"EmptyMind+1","floor":46.0},{"not_picked":["JustLucky+1","FollowUp"],"picked":"Worship+1","floor":47.0},{"not_picked":["SashWhip","MentalFortress"],"picked":"Indignation+1","floor":48.0},{"not_picked":["Swivel","Evaluate","Establishment"],"picked":"SKIP","floor":49.0},{"not_picked":["Swivel","Evaluate","Establishment"],"picked":"SKIP","floor":49.0},{"not_picked":["FlyingSleeves","BowlingBash+1","Crescendo+1"],"picked":"SKIP","floor":50.0},{"not_picked":["EmptyBody","BowlingBash","FlyingSleeves+1"],"picked":"SKIP","floor":53.0},{"not_picked":["Wallop","MentalFortress+1"],"picked":"DeusExMachina","floor":55.0},{"not_picked":["Consecrate+1","EmptyBody"],"picked":"EmptyMind+1","floor":56.0},{"not_picked":["Mind Blast","Forethought"],"picked":"Sadistic Nature","floor":58.0},{"not_picked":["Madness","Good Instincts"],"picked":"Master of Strategy","floor":58.0},{"not_picked":["PathToVictory","MasterReality","Consecrate+1"],"picked":"SKIP","floor":59.0},{"not_picked":["Crescendo+1","FollowUp+1","ReachHeaven"],"picked":"SKIP","floor":60.0},{"not_picked":["WreathOfFlame+1","SandsOfTime+1"],"picked":"Prostrate+1","floor":62.0},{"not_picked":["ThirdEye","Consecrate+1","WheelKick+1"],"picked":"SKIP","floor":67}],"player_experience":2533537,"relics_obtained":[{"floor":8.0,"key":"Smiling Mask"},{"floor":11.0,"key":"Ornamental Fan"},{"floor":12.0,"key":"TeardropLocket"},{"floor":15.0,"key":"Darkstone Periapt"},{"floor":29.0,"key":"Dream Catcher"},{"floor":29.0,"key":"Bag of Marbles"},{"floor":31.0,"key":"Letter Opener"},{"floor":31.0,"key":"Mummified Hand"},{"floor":34.0,"key":"Anchor"},{"floor":34.0,"key":"Mercury Hourglass"},{"floor":43.0,"key":"Incense Burner"},{"floor":49.0,"key":"War Paint"},{"floor":49.0,"key":"Gambling Chip"},{"floor":51.0,"key":"Strawberry"},{"floor":52.0,"key":"White Beast Statue"},{"floor":55.0,"key":"Bottled Tornado"},{"floor":55.0,"key":"Bottled Lightning"},{"floor":59.0,"key":"Orichalcum"},{"floor":59.0,"key":"Yang"},{"floor":67,"key":"Damaru"},{"floor":67,"key":"Eternal Feather"}],"event_choices":[{"damage_healed":0.0,"max_hp_gain":0.0,"max_hp_loss":0.0,"gold_gain":0.0,"event_name":"Shining Light","player_choice":"Entered Light","floor":2.0,"gold_loss":0.0,"damage_taken":13.0,"cards_upgraded":["Strike_P","Defend_P"]},{"damage_healed":0.0,"max_hp_gain":0.0,"max_hp_loss":0.0,"gold_gain":0.0,"event_name":"Wheel of Change","player_choice":"Cursed","floor":3.0,"gold_loss":0.0,"damage_taken":0.0,"cards_obtained":["Decay"]},{"cards_removed":["Decay"],"damage_healed":0.0,"max_hp_gain":0.0,"max_hp_loss":0.0,"gold_gain":0.0,"event_name":"Living Wall","player_choice":"Forget","floor":7.0,"gold_loss":0.0,"damage_taken":0.0},{"damage_healed":0.0,"max_hp_gain":0.0,"max_hp_loss":0.0,"gold_gain":0.0,"event_name":"FaceTrader","player_choice":"Trade","floor":13.0,"gold_loss":0.0,"damage_taken":0.0,"relics_obtained":["FaceOfCleric"]},{"damage_healed":0.0,"max_hp_gain":0.0,"max_hp_loss":0.0,"gold_gain":0.0,"event_name":"The Mausoleum","player_choice":"Ignored","floor":28.0,"gold_loss":0.0,"damage_taken":0.0},{"cards_removed":["Strike_P"],"damage_healed":0.0,"max_hp_gain":0.0,"max_hp_loss":0.0,"gold_gain":0.0,"event_name":"Beggar","player_choice":"Gave Gold","floor":36.0,"gold_loss":75.0,"damage_taken":0.0},{"damage_healed":0.0,"max_hp_gain":0.0,"max_hp_loss":0.0,"gold_gain":0.0,"event_name":"MindBloom","player_choice":"Fight","floor":43.0,"gold_loss":0.0,"damage_taken":0.0},{"damage_healed":0.0,"max_hp_gain":0.0,"max_hp_loss":0.0,"gold_gain":0.0,"event_name":"SensoryStone","player_choice":"Memory 3","floor":58.0,"gold_loss":0.0,"damage_taken":10.0}],"is_beta":false,"boss_relics":[{"not_picked":["Velvet Choker","Snecko Eye"],"picked":"Black Star"},{"not_picked":["VioletLotus","Pandora\u0027s Box"],"picked":"Fusion Hammer"}],"items_purged_floors":[10,25,30,44,54,66],"is_endless":false,"potions_floor_spawned":[1,5,8,18,24,26,29,32,35,43,49,53,55,59,60,67],"ascension_level":1}}