{"host":"vhrbb9mxb8fcxsba","time":1614142497,"event":{"mods":["2.2 Compatiblity","Act Like it!","Aspiration","BaseMod","Downfall","GungeonMod","Hubris","Infinite Spire","Minty Spire (QoL Compilation)","Quick Restart","StSLib","The Disciple","Wandering Minibosses"],"gold_per_floor":[111,108,108,283,283,306,306,337,337,350,350,368,362,25,25,116,116,122,137,144,144,4,28,28,45,70,70,70,99,905,916,916,1011,1011,1025,1036,1036,1051,1051,1051,1063,1077,1103,1129,1129,1149,1199,1233,1233,1233],"floor_reached":51,"language":"ENG","playtime":1592,"items_purged":["Defend_R","Defend_R"],"score":1078,"play_id":"ed692155-94ba-492c-b564-fd21e8898872","local_time":"20210224175457","is_ascension_mode":true,"campfire_choices":[{"floor":7,"key":"REST"},{"data":"Armaments","floor":11,"key":"SMITH"},{"floor":15,"key":"REST"},{"floor":24,"key":"REST"},{"floor":27,"key":"REST"},{"data":"infinitespire:Starlight","floor":32,"key":"SMITH"},{"data":"Limit Break","floor":40,"key":"SMITH"},{"data":"hubris:InfiniteBlow+12","floor":49,"key":"SMITH"}],"circlet_count":0,"master_deck":["Strike_R","Strike_R","Strike_R","Defend_R","Defend_R","Bash+1","Heavy Blade","Inflame","Armaments+1","Flex","Heavy Blade","Inflame","Limit Break+1","Flex","Shrug It Off+1","Inflame+1","infinitespire:Starlight+1","Limit Break","Clash","Disarm+1","Berserk","Offering","infinitespire:Gouge+1","Limit Break+1","hubris:InfiniteBlow+13"],"relics":["Burning Blood","infinitespire:Eraser","Dream Catcher","hubris:MysteriousPyramids","DemoMod:GnawedKey","hubris:TenFootPole","hubris:TerracottaHorce","Vajra","Red Skull","Regal Pillow","Bag of Preparation","wanderingMiniBosses:MasterThiefsPresence","SlaversCollar","hubris:Towel","Frozen Eye","Busted Crown","DemoMod:GlassGuonStoneRelic","Lantern","Smiling Mask","hubris:MedicalManual","Whetstone"],"acts_visited":["Exordium","TheCity","TheBeyond"],"potions_floor_usage":[16,20,25,29,30,33,50,50],"damage_taken":[{"damage":4,"enemies":"2 Louse","floor":1,"turns":3},{"damage":16,"enemies":"Jaw Worm","floor":2,"turns":6},{"damage":55,"enemies":"3 Sentries","floor":6,"turns":11},{"damage":22,"enemies":"Lagavulin","floor":8,"turns":7},{"damage":1,"enemies":"Cultist","floor":10,"turns":3},{"damage":6,"enemies":"Looter","floor":12,"turns":2},{"damage":8,"enemies":"3 Louse","floor":13,"turns":7},{"damage":52,"enemies":"Hexaghost","floor":16,"turns":10},{"damage":6,"enemies":"Spheric Guardian","floor":18,"turns":3},{"damage":28,"enemies":"2 Thieves","floor":19,"turns":4},{"damage":31,"enemies":"Snake Plant","floor":20,"turns":3},{"damage":36,"enemies":"Book of Stabbing","floor":23,"turns":5},{"damage":22,"enemies":"Gremlin Leader","floor":25,"turns":4},{"damage":43,"enemies":"Slavers","floor":29,"turns":6},{"damage":12,"enemies":"Cultist and Chosen","floor":30,"turns":4},{"damage":10,"enemies":"Snecko","floor":31,"turns":4},{"damage":11,"enemies":"Automaton","floor":33,"turns":4},{"damage":12,"enemies":"3 Shapes","floor":35,"turns":3},{"damage":7,"enemies":"Orb Walker","floor":36,"turns":2},{"damage":39,"enemies":"Spire Growth","floor":38,"turns":4},{"damage":22,"enemies":"Sphere and 2 Shapes","floor":41,"turns":3},{"damage":19,"enemies":"Maw","floor":42,"turns":4},{"damage":0,"enemies":"Reptomancer","floor":44,"turns":1},{"damage":6,"enemies":"Spire Growth","floor":46,"turns":2},{"damage":6,"enemies":"Mind Bloom Boss Battle","floor":47,"turns":1},{"damage":6,"enemies":"Nightmare","floor":48,"turns":2},{"damage":13,"enemies":"hubris:GrandSnecko","floor":50,"turns":3}],"seed_played":"-8462125771916346432","potions_obtained":[{"floor":8,"key":"Ancient Potion"},{"floor":13,"key":"Explosive Potion"},{"floor":16,"key":"sneckomod:MuddlingPotion"},{"floor":19,"key":"BloodPotion"},{"floor":23,"key":"AttackPotion"},{"floor":25,"key":"SteroidPotion"},{"floor":31,"key":"Energy Potion"},{"floor":36,"key":"SpeedPotion"},{"floor":41,"key":"EssenceOfSteel"},{"floor":46,"key":"sneckomod:MuddlingPotion"}],"is_trial":false,"path_per_floor":["M","M","?","?","?","E","R","E","T","M","R","M","M","$","R","B",null,"M","M","M","?","$","E","R","E","T","R","?","E","M","M","R","B",null,"M","M","?","M","AVR","R","M","M","T","E","?","M","?","NM","R","B",null],"character_chosen":"IRONCLAD","items_purchased":["DemoMod:GnawedKey","hubris:TenFootPole","Limit Break"],"campfire_rested":4,"item_purchase_floors":[14,14,22],"current_hp_per_floor":[88,78,71,71,71,22,48,32,32,37,37,37,35,35,61,15,70,70,48,40,29,29,9,35,29,29,70,70,43,47,53,53,63,82,88,88,88,70,70,70,69,71,71,77,77,88,88,88,88,81],"gold":1233,"neow_bonus":"TEN_PERCENT_HP_BONUS","is_daily":false,"chose_seed":false,"campfire_upgraded":4,"win_rate":0.0,"timestamp":1614142497,"path_taken":["M","M","?","?","?","E","R","E","T","?","R","M","M","$","R","BOSS","M","M","M","?","$","E","R","E","T","R","?","E","M","M","R","BOSS","M","M","?","M","AVR","R","M","M","T","E","?","?","?","NM","R","BOSS"],"items_purchased_type":["Relic","Relic","Card"],"build_version":"2020-12-22","purchased_purges":2,"victory":true,"max_hp_per_floor":[88,88,88,88,88,88,88,88,88,88,88,88,88,88,88,88,88,88,88,88,88,88,88,88,88,88,88,88,88,88,88,88,88,88,88,88,88,88,88,88,88,88,88,88,88,88,88,88,88,88],"card_choices":[{"not_picked":["Perfected Strike","Flex"],"picked":"Heavy Blade","floor":1},{"not_picked":["Rampage","Seeing Red"],"picked":"Inflame","floor":2},{"not_picked":["Clothesline","True Grit"],"picked":"Armaments","floor":6},{"not_picked":["Clothesline","Wild Strike"],"picked":"Flex","floor":8},{"not_picked":["Wild Strike","Thunderclap","Dark Embrace"],"picked":"SKIP","floor":10},{"not_picked":["Clothesline","Sever Soul","Blood for Blood"],"picked":"SKIP","floor":12},{"not_picked":["Perfected Strike","Headbutt"],"picked":"Heavy Blade","floor":13},{"not_picked":["Rampage","Body Slam"],"picked":"Inflame","floor":15},{"not_picked":["hubris:StunningStrike","Demon Form"],"picked":"Limit Break","floor":16},{"not_picked":["Wild Strike","Burning Pact"],"picked":"Flex","floor":18},{"not_picked":["Clash","Whirlwind"],"picked":"Shrug It Off+1","floor":19},{"not_picked":["Wild Strike","Warcry"],"picked":"Inflame+1","floor":20},{"not_picked":["infinitespire:Execution","infinitespire:Collect"],"picked":"infinitespire:Starlight","floor":21},{"not_picked":["Burning Pact+1","Sentinel","Flame Barrier"],"picked":"SKIP","floor":23},{"not_picked":["Body Slam","Sentinel"],"picked":"Clash","floor":25},{"not_picked":["Heavy Blade","Dual Wield"],"picked":"Disarm+1","floor":27},{"not_picked":["Carnage","Twin Strike"],"picked":"Berserk","floor":29},{"not_picked":["Wild Strike","Cleave+1","Clash"],"picked":"SKIP","floor":30},{"not_picked":["Armaments","hubris:SharpeningStone","Uppercut"],"picked":"SKIP","floor":31},{"not_picked":["Limit Break","Exhume"],"picked":"Offering","floor":33},{"not_picked":["Shrug It Off","Thunderclap","Armaments"],"picked":"SKIP","floor":35},{"not_picked":["Anger+1","Flame Barrier+1","Iron Wave+1"],"picked":"SKIP","floor":36},{"not_picked":["Thunderclap","Armaments","Flex+1"],"picked":"SKIP","floor":38},{"not_picked":["Flex"],"picked":"SKIP","floor":41},{"not_picked":["Cleave"],"picked":"SKIP","floor":42},{"not_picked":["Twin Strike"],"picked":"SKIP","floor":44},{"not_picked":["Havoc"],"picked":"SKIP","floor":46},{"not_picked":["infinitespire:SealOfDarkness+","infinitespire:NeuralNetwork"],"picked":"hubris:InfiniteBlow+12","floor":48},{"not_picked":["Flex"],"picked":"SKIP","floor":48}],"player_experience":182099,"relics_obtained":[{"floor":6,"key":"infinitespire:Eraser"},{"floor":8,"key":"Dream Catcher"},{"floor":9,"key":"hubris:MysteriousPyramids"},{"floor":23,"key":"Vajra"},{"floor":25,"key":"Red Skull"},{"floor":26,"key":"Regal Pillow"},{"floor":29,"key":"Bag of Preparation"},{"floor":30,"key":"wanderingMiniBosses:MasterThiefsPresence"},{"floor":43,"key":"Lantern"},{"floor":44,"key":"Smiling Mask"},{"floor":47,"key":"hubris:MedicalManual"},{"floor":48,"key":"Whetstone"}],"event_choices":[{"cards_removed":["Strike_R"],"damage_healed":0,"gold_gain":0,"player_choice":"Card Removal","damage_taken":7,"max_hp_gain":0,"max_hp_loss":0,"event_name":"Golden Wing","floor":3,"gold_loss":0},{"damage_healed":0,"gold_gain":175,"player_choice":"AGREE","damage_taken":0,"max_hp_gain":0,"max_hp_loss":0,"event_name":"Liars Game","floor":4,"gold_loss":0,"cards_obtained":["Doubt"]},{"cards_removed":["Doubt"],"damage_healed":0,"gold_gain":0,"player_choice":"Purged","damage_taken":0,"max_hp_gain":0,"max_hp_loss":0,"event_name":"Purifier","floor":5,"gold_loss":0},{"cards_removed":["Strike_R"],"damage_healed":0,"gold_gain":0,"player_choice":"Elegance","damage_taken":0,"max_hp_gain":0,"max_hp_loss":0,"event_name":"Back to Basics","floor":28,"gold_loss":0},{"damage_healed":0,"gold_gain":0,"player_choice":"Copied","damage_taken":0,"max_hp_gain":0,"max_hp_loss":0,"event_name":"Duplicator","floor":45,"gold_loss":0,"cards_obtained":["Limit Break"]},{"damage_healed":0,"gold_gain":0,"player_choice":"Fight","damage_taken":0,"max_hp_gain":0,"max_hp_loss":0,"event_name":"MindBloom","floor":47,"gold_loss":0}],"is_beta":false,"boss_relics":[{"not_picked":["Black Star","aspiration:RunicSpoon"],"picked":"hubris:TerracottaHorce"},{"not_picked":["aspiration:SecretTechniqueScroll","DemoMod:RiddleOfLead"],"picked":"SlaversCollar"}],"items_purged_floors":[14,39],"is_endless":false,"potions_floor_spawned":[8,13,16,19,23,25,31,36,41,46,47],"ascension_level":5}}