{"host":"r91i8wii3z9p67t1","time":1614158106,"event":{"mods":["BaseMod","Minty Spire (QoL Compilation)","Relic Stats","StSLib"],"gold_per_floor":[109,127,127,139,26,55,55,73,97,129,141,166,178,219,231,243,243],"floor_reached":16,"language":"ZHT","playtime":780,"items_purged":[],"score":168,"play_id":"2fac129e-12c9-4d64-8f31-7e7632ccafc3","local_time":"20210224171506","is_ascension_mode":true,"campfire_choices":[{"data":"Dagger Spray","floor":7,"key":"SMITH"},{"data":"Predator","floor":11,"key":"SMITH"},{"data":"Well Laid Plans","floor":13,"key":"SMITH"},{"data":"Terror","floor":15,"key":"SMITH"}],"circlet_count":0,"master_deck":["AscendersBane","Strike_G","Strike_G","Strike_G","Strike_G","Strike_G","Defend_G","Defend_G","Defend_G","Defend_G","Defend_G","Survivor","Neutralize+1","Well Laid Plans+1","Dagger Spray+1","Dagger Throw","Leg Sweep","Terror+1","Predator+1","Escape Plan","Backflip","PiercingWail"],"relics":["Ring of the Snake","Tingsha","Omamori","MawBank","Happy Flower"],"acts_visited":["Exordium"],"potions_floor_usage":[8,12,14,14,14],"damage_taken":[{"damage":1,"enemies":"Jaw Worm","floor":1,"turns":5},{"damage":0,"enemies":"Cultist","floor":2,"turns":4},{"damage":0,"enemies":"Small Slimes","floor":4,"turns":3},{"damage":27,"enemies":"Gremlin Nob","floor":6,"turns":4},{"damage":6,"enemies":"Exordium Wildlife","floor":8,"turns":2},{"damage":0,"enemies":"3 Louse","floor":10,"turns":2},{"damage":9,"enemies":"Blue Slaver","floor":12,"turns":3},{"damage":10,"enemies":"3 Sentries","floor":14,"turns":4},{"damage":0,"enemies":"Slime Boss","floor":16,"turns":1}],"seed_played":"8752503860684645967","potions_obtained":[{"floor":1,"key":"SkillPotion"},{"floor":4,"key":"ColorlessPotion"},{"floor":8,"key":"EntropicBrew"},{"floor":14,"key":"Regen Potion"}],"is_trial":false,"path_per_floor":["M","M","?","M","$","E","R","M","T","M","R","M","R","E","R","B"],"character_chosen":"THE_SILENT","items_purchased":["Leg Sweep","Terror"],"campfire_rested":0,"item_purchase_floors":[5,5],"current_hp_per_floor":[62,62,62,62,62,35,35,29,29,29,29,20,20,10,10,10,10],"gold":243,"neow_bonus":"ONE_RARE_RELIC","is_daily":false,"chose_seed":false,"campfire_upgraded":4,"win_rate":0.0,"timestamp":1614158106,"path_taken":["M","M","?","?","$","E","R","M","T","?","R","M","R","E","R","BOSS"],"items_purchased_type":["Card","Card"],"build_version":"2020-12-22","purchased_purges":0,"victory":false,"max_hp_per_floor":[63,63,63,63,63,63,63,63,63,63,63,63,63,63,63,63,63],"relic_stats":{"Happy Flower":[0],"counters":[9,27],"Tingsha":[24],"MawBank":84,"obtain_stats":[{"Happy Flower":14,"Tingsha":0,"Omamori":6,"MawBank":9,"Ring of the Snake":0},{"Happy Flower":8,"Tingsha":0,"Omamori":4,"MawBank":5,"Ring of the Snake":0},{"Happy Flower":27,"Tingsha":0,"Omamori":16,"MawBank":18,"Ring of the Snake":0}],"Ring of the Snake":[16]},"card_choices":[{"not_picked":["Infinite Blades","Flechettes"],"picked":"Well Laid Plans","floor":1},{"not_picked":["Heel Hook","Setup"],"picked":"Dagger Spray","floor":2},{"not_picked":["Acrobatics","Crippling Poison"],"picked":"Dagger Throw","floor":4},{"not_picked":["Dagger Throw","Acrobatics"],"picked":"Predator","floor":6},{"not_picked":["Outmaneuver","Concentrate"],"picked":"Escape Plan","floor":8},{"not_picked":["Leg Sweep","Quick Slash"],"picked":"Backflip","floor":10},{"not_picked":["Deadly Poison","Dagger Throw"],"picked":"PiercingWail","floor":12},{"not_picked":["Poisoned Stab","Dash","Backflip"],"picked":"SKIP","floor":14}],"player_experience":1088882,"relics_obtained":[{"floor":6,"key":"Omamori"},{"floor":9,"key":"MawBank"},{"floor":14,"key":"Happy Flower"}],"event_choices":[{"damage_healed":0,"gold_gain":0,"player_choice":"Upgraded","damage_taken":0,"max_hp_gain":0,"max_hp_loss":0,"event_name":"Upgrade Shrine","floor":3,"gold_loss":0,"cards_upgraded":["Neutralize"]}],"is_beta":false,"boss_relics":[],"items_purged_floors":[],"is_endless":false,"potions_floor_spawned":[1,4,8,14],"killed_by":"Slime Boss","ascension_level":10}}