{"host":"rwiy0nr47d6nmxat","time":1614191463,"event":{"mods":["2.2 Compatiblity","AchievementEnabler","Act Like it!","Aspiration","BaseMod","Better Note","Better Sensory Stone","Block Reminder","Challenge The Spire","Colored Map","Colored Powertips","Conspire","Elementarium","Highlight Path","Hubris","Infinite Spire","Mad Scientist","Minty Spire (QoL Compilation)","Permanent Neow","Quick Restart","Rare Cards Sparkle","Replay The Spire","StSLib","SuperFastMode","The Cursed","TheFirefly","slay the spire mod where everything is the same but ironclad has a cowboy hat"],"gold_per_floor":[112,123,142,142,152,180,180,208,235,251,270,296,51,1,1,1,1],"floor_reached":16,"language":"ENG","playtime":454,"items_purged":[],"score":122,"play_id":"44d59bec-faf1-4583-a956-35f332631e1d","local_time":"20210224133103","is_ascension_mode":false,"campfire_choices":[{"floor":15,"key":"REST"}],"circlet_count":0,"master_deck":["Strike_B","Strike_B","Strike_B","Strike_B","Defend_B","Defend_B","Defend_B","Defend_B","Zap+1","Dualcast","Ball Lightning","Redo","Capacitor","Ball Lightning","Rebound","Injury","Go for the Eyes+1","Genetic Algorithm","BootSequence","BootSequence"],"relics":["Cracked Core","PreservedInsect","Replay:Rubber Ducky","Molten Egg 2","hubris:CrystalStatue","Replay:Wax Seal","Mirror","hubris:RGBLights"],"acts_visited":["Exordium"],"potions_floor_usage":[8,8,8,11,16],"damage_taken":[{"damage":0,"enemies":"Cultist","floor":1,"turns":4},{"damage":6,"enemies":"Jaw Worm","floor":2,"turns":3},{"damage":0,"enemies":"Small Slimes","floor":3,"turns":2},{"damage":8,"enemies":"2 Fungi Beasts","floor":5,"turns":4},{"damage":21,"enemies":"Lagavulin","floor":6,"turns":4},{"damage":6,"enemies":"3 Sentries","floor":8,"turns":3},{"damage":9,"enemies":"Exordium Thugs","floor":10,"turns":4},{"damage":5,"enemies":"Exordium Wildlife","floor":11,"turns":2},{"damage":10,"enemies":"Gremlin Nob","floor":12,"turns":3},{"damage":34,"enemies":"The Guardian","floor":16,"turns":9}],"seed_played":"1100693979528522260","potions_obtained":[{"floor":2,"key":"DuplicationPotion"},{"floor":3,"key":"Energy Potion"},{"floor":6,"key":"Explosive Potion"},{"floor":8,"key":"SteroidPotion"}],"is_trial":false,"path_per_floor":["M","M","M","?","M","E","?","E","T","M","M","E","$","$","R","B"],"character_chosen":"DEFECT","items_purchased":["hubris:RGBLights","Energy Potion"],"campfire_rested":1,"item_purchase_floors":[13,14],"current_hp_per_floor":[75,69,69,69,61,40,40,34,34,25,20,10,10,10,32,0,0],"gold":1,"neow_bonus":"UPGRADE_CARD","is_daily":false,"chose_seed":false,"campfire_upgraded":0,"win_rate":0.0,"timestamp":1614191463,"path_taken":["M","M","M","?","M","E","?","E","T","M","M","E","?","$","R","BOSS"],"items_purchased_type":["Relic","Potion"],"build_version":"2020-12-22","purchased_purges":0,"victory":false,"max_hp_per_floor":[75,75,75,75,75,75,75,75,75,75,75,75,75,75,75,75,75],"card_choices":[{"not_picked":["Streamline","Turbo"],"picked":"Ball Lightning","floor":1},{"not_picked":["Steam","Fission"],"picked":"Redo","floor":2},{"not_picked":["Compile Driver","Sweeping Beam"],"picked":"Capacitor","floor":3},{"not_picked":["Storm","Force Field"],"picked":"Ball Lightning","floor":5},{"not_picked":["Crystallizer","ReplaySolidLightProjector"],"picked":"Rebound","floor":6},{"not_picked":["ReplayTheSpireMod:Omega Cannon+1","All For One+1"],"picked":"Go for the Eyes+1","floor":8},{"not_picked":["Leap","hubris:PowerSurge"],"picked":"Genetic Algorithm","floor":10},{"not_picked":["Streamline+1","hubris:PowerSurge"],"picked":"BootSequence","floor":11},{"not_picked":["ReplayTheSpireMod:Calculation Training","Redo"],"picked":"BootSequence","floor":12}],"player_experience":62298,"relics_obtained":[{"floor":4,"key":"PreservedInsect"},{"floor":6,"key":"Replay:Rubber Ducky"},{"floor":8,"key":"hubris:CrystalStatue"},{"floor":9,"key":"Replay:Wax Seal"},{"floor":12,"key":"Mirror"}],"event_choices":[],"is_beta":false,"boss_relics":[],"items_purged_floors":[],"is_endless":false,"potions_floor_spawned":[2,3,6,8],"killed_by":"The Guardian","ascension_level":0}}