{"host":"4anqaax1ytd3l1k1","time":1614166885,"event":{"mods":["2.2 Compatiblity","AlwaysNeverKeys","BaseMod","BetterRewards","CatGirl Mod","Hermit","HexUI Lib","Minty Spire (QoL Compilation)","StSLib","The Servant 0.9.4","The Vixen"],"gold_per_floor":[119,132,150,169,182,182,202,202,202,219,219,550,550,568,568,673,673,688,707,271,271,211,243,263,263,263,263,2,20,20,20,20,118,118,128,128,141,159,175,175,28,38,38,50,12,12,12,12,12,12,12],"floor_reached":50,"language":"ENG","playtime":3964,"items_purged":["Parasite"],"score":518,"play_id":"4183e9c1-f389-4bfa-a33f-e7f04d81508a","local_time":"20210224224125","is_ascension_mode":false,"campfire_choices":[{"floor":6,"key":"DIG"},{"floor":8,"key":"REST"},{"floor":11,"key":"REST"},{"floor":15,"key":"REST"},{"floor":25,"key":"REST"},{"floor":27,"key":"REST"},{"floor":32,"key":"REST"},{"floor":40,"key":"REST"},{"floor":46,"key":"REST"},{"floor":49,"key":"DIG"}],"circlet_count":0,"master_deck":["theCatGirl:Strike+1","theCatGirl:Strike+1","theCatGirl:Strike+1","theCatGirl:Strike+1","theCatGirl:Defend+1","theCatGirl:Defend+1","theCatGirl:Defend+1","theCatGirl:Defend+1","theCatGirl:ClawStrike","theCatGirl:Evasion","theCatGirl:PlayAround","theCatGirl:SearchBackpack","theCatGirl:Parry","theCatGirl:SmellFear","theCatGirl:Counterattack","theCatGirl:Counterattack","theCatGirl:DefensiveStance","theCatGirl:PerfectBlock","theCatGirl:PoisedStrike","theCatGirl:Slip","theCatGirl:FocusedStrike","theCatGirl:ClenchYourTeeth","theCatGirl:Misfire","theCatGirl:BloodScent+1","theCatGirl:RageClaws","Dramatic Entrance","theCatGirl:ExtremeSpeed","theCatGirl:AdventurersInsight","theCatGirl:Counterattack","theCatGirl:BodyBlow+1","theCatGirl:TryingMyBest+1","theCatGirl:Counterattack","theCatGirl:Claws","theCatGirl:BleedingWounds","theCatGirl:RageClaws","theCatGirl:Claws","theCatGirl:Prepared+1","theCatGirl:Parry+1","theCatGirl:PoiseStance","theCatGirl:KeepAlert+1","theCatGirl:RageClaws+1","theCatGirl:SpinningStrike+1","theCatGirl:BloodBath"],"relics":["theCatGirl:TrainedRelic","Shovel","War Paint","Dream Catcher","Letter Opener","Old Coin","Black Star","Membership Card","Mercury Hourglass","Nunchaku","Ornamental Fan","Bag of Preparation","theCatGirl:DriedFish","Vajra","ClockworkSouvenir","Toy Ornithopter","Ice Cream","Bottled Lightning","Centennial Puzzle"],"acts_visited":["Exordium","TheCity","TheBeyond"],"potions_floor_usage":[12,12,16,16,24,30,33,38,38,38,38,39,48,50,50],"damage_taken":[{"damage":2,"enemies":"2 Louse","floor":1,"turns":2},{"damage":0,"enemies":"Jaw Worm","floor":2,"turns":3},{"damage":4,"enemies":"Cultist","floor":3,"turns":4},{"damage":8,"enemies":"Large Slime","floor":4,"turns":5},{"damage":2,"enemies":"2 Fungi Beasts","floor":5,"turns":3},{"damage":16,"enemies":"Exordium Wildlife","floor":7,"turns":6},{"damage":9,"enemies":"Red Slaver","floor":10,"turns":7},{"damage":32,"enemies":"Gremlin Nob","floor":12,"turns":5},{"damage":12,"enemies":"3 Louse","floor":14,"turns":4},{"damage":42,"enemies":"The Guardian","floor":16,"turns":12},{"damage":40,"enemies":"2 Thieves","floor":18,"turns":5},{"damage":20,"enemies":"3 Byrds","floor":19,"turns":7},{"damage":3,"enemies":"Gremlin Leader","floor":23,"turns":7},{"damage":5,"enemies":"Snecko","floor":24,"turns":4},{"damage":9,"enemies":"Sentry and Sphere","floor":29,"turns":5},{"damage":9,"enemies":"Colosseum Slavers","floor":30,"turns":2},{"damage":23,"enemies":"Automaton","floor":33,"turns":9},{"damage":13,"enemies":"Orb Walker","floor":35,"turns":4},{"damage":34,"enemies":"3 Shapes","floor":37,"turns":5},{"damage":24,"enemies":"Sphere and 2 Shapes","floor":38,"turns":6},{"damage":10,"enemies":"Jaw Worm Horde","floor":39,"turns":4},{"damage":5,"enemies":"3 Darklings","floor":42,"turns":4},{"damage":13,"enemies":"4 Shapes","floor":44,"turns":3},{"damage":0,"enemies":"Transient","floor":48,"turns":3},{"damage":71,"enemies":"Time Eater","floor":50,"turns":6}],"seed_played":"7813650078601356589","potions_obtained":[{"floor":3,"key":"Ancient Potion"},{"floor":4,"key":"FearPotion"},{"floor":7,"key":"BlessingOfTheForge"},{"floor":12,"key":"SkillPotion"},{"floor":14,"key":"SkillPotion"},{"floor":16,"key":"FearPotion"},{"floor":19,"key":"SpeedPotion"},{"floor":36,"key":"GamblersBrew"},{"floor":36,"key":"EntropicBrew"},{"floor":36,"key":"GamblersBrew"},{"floor":38,"key":"DuplicationPotion"},{"floor":39,"key":"SmokeBomb"}],"is_trial":false,"path_per_floor":["M","M","M","M","M","R","M","R","T","M","R","E","?","M","R","B",null,"M","M","$","?","?","E","M","R","T","R","$","M","?","?","R","B",null,"M","?","M","M","M","R","$","M","T","M","$","R","?","M","R","B"],"character_chosen":"THE_CATGIRL","items_purchased":["theCatGirl:PlayAround","theCatGirl:PoisedStrike","War Paint","Membership Card","Mercury Hourglass","theCatGirl:SpinningStrike","theCatGirl:RageClaws","Nunchaku","Dramatic Entrance","Vajra","ClockworkSouvenir","theCatGirl:Counterattack","Toy Ornithopter","Ice Cream"],"campfire_rested":8,"item_purchase_floors":[0,0,0,20,20,20,20,20,20,28,28,28,28,41],"current_hp_per_floor":[68,68,64,56,54,54,38,59,59,50,70,38,55,43,64,22,70,30,10,10,10,10,7,2,23,23,44,44,37,33,20,42,28,75,64,64,30,28,25,47,47,44,44,31,31,52,52,59,59,0,0],"gold":12,"neow_bonus":"","is_daily":false,"chose_seed":false,"campfire_upgraded":0,"win_rate":0.0,"timestamp":1614166885,"path_taken":["M","M","M","M","M","R","M","R","T","M","R","E","?","M","R","BOSS","M","M","$","?","?","E","?","R","T","R","$","M","?","?","R","BOSS","M","?","M","M","?","R","$","M","T","M","$","R","?","M","R","BOSS"],"items_purchased_type":["Card","Card","Relic","Relic","Relic","Card","Card","Relic","Card","Relic","Relic","Card","Relic","Relic"],"build_version":"2020-12-22","purchased_purges":1,"victory":false,"max_hp_per_floor":[70,70,70,70,70,70,70,70,70,70,70,70,70,70,70,70,70,70,70,70,70,70,70,70,70,70,70,70,70,70,75,75,75,75,75,75,75,75,75,75,75,75,75,75,72,72,72,72,72,72,72],"card_choices":[{"not_picked":["theCatGirl:TwoStep","theCatGirl:GoddessOfMisfortune"],"picked":"theCatGirl:SearchBackpack","floor":1},{"not_picked":["theCatGirl:FinishingMove","theCatGirl:DecliningDefenses"],"picked":"theCatGirl:Parry","floor":2},{"not_picked":["theCatGirl:SearchBackpack","theCatGirl:Stalk"],"picked":"theCatGirl:SmellFear","floor":3},{"not_picked":["theCatGirl:AllIn","theCatGirl:TrainWreck"],"picked":"theCatGirl:Counterattack","floor":4},{"not_picked":["theCatGirl:FumblingBlow","theCatGirl:SmellFear"],"picked":"theCatGirl:Counterattack","floor":5},{"not_picked":["theCatGirl:UnrelentingAssault","theCatGirl:Stalk"],"picked":"theCatGirl:DefensiveStance","floor":7},{"not_picked":["theCatGirl:GoddessOfMisfortune","theCatGirl:FumblingBlow"],"picked":"theCatGirl:PerfectBlock","floor":8},{"not_picked":["theCatGirl:DecliningDefenses","theCatGirl:ShockedWitness"],"picked":"theCatGirl:PoisedStrike","floor":10},{"not_picked":["theCatGirl:DecliningDefenses","theCatGirl:Growl"],"picked":"theCatGirl:Slip","floor":11},{"not_picked":["theCatGirl:LuckyBlow","theCatGirl:PilingErrors"],"picked":"theCatGirl:FocusedStrike","floor":12},{"not_picked":["theCatGirl:ElegantStrike","theCatGirl:Growl"],"picked":"theCatGirl:ClenchYourTeeth","floor":14},{"not_picked":["theCatGirl:TryingMyBest","theCatGirl:LearnByMistake"],"picked":"theCatGirl:Misfire","floor":15},{"not_picked":["theCatGirl:HungerClaw","theCatGirl:Howl"],"picked":"theCatGirl:SevenLives","floor":16},{"not_picked":["theCatGirl:ClenchYourTeeth","theCatGirl:LuckyBlow"],"picked":"theCatGirl:BloodScent+1","floor":18},{"not_picked":["theCatGirl:ThatWasntIt","theCatGirl:ExtremeSpeed","theCatGirl:Slip"],"picked":"SKIP","floor":19},{"not_picked":["theCatGirl:BloodyClaws","theCatGirl:Slip","theCatGirl:ChangeOfPlans"],"picked":"SKIP","floor":23},{"not_picked":["theCatGirl:DecliningDefenses","theCatGirl:Growl"],"picked":"theCatGirl:Counterattack","floor":24},{"not_picked":["theCatGirl:TripLunge+1","theCatGirl:ShockedWitness"],"picked":"theCatGirl:BodyBlow+1","floor":25},{"not_picked":["theCatGirl:FumblingBlow","theCatGirl:Meow"],"picked":"theCatGirl:TryingMyBest+1","floor":27},{"not_picked":["theCatGirl:RecoveryBlow+1","theCatGirl:LuckyBlow","theCatGirl:ThatWasntIt"],"picked":"SKIP","floor":29},{"not_picked":["theCatGirl:NeverGivingUp","theCatGirl:GoddessOfMisfortune"],"picked":"theCatGirl:Claws","floor":32},{"not_picked":["theCatGirl:Insane","theCatGirl:AdaptivePacing"],"picked":"theCatGirl:BleedingWounds","floor":33},{"not_picked":["theCatGirl:Counterattack","theCatGirl:ExtremeSpeed"],"picked":"theCatGirl:RageClaws","floor":35},{"not_picked":["theCatGirl:Parry+1","theCatGirl:LearnByMistake"],"picked":"theCatGirl:Claws","floor":37},{"not_picked":["theCatGirl:DecliningDefenses","theCatGirl:ThatWasntIt"],"picked":"theCatGirl:Prepared+1","floor":38},{"not_picked":["theCatGirl:TryingMyBest","theCatGirl:Growl"],"picked":"theCatGirl:Parry+1","floor":39},{"not_picked":["theCatGirl:UnrelentingAssault","theCatGirl:RageClaws+1"],"picked":"theCatGirl:PoiseStance","floor":40},{"not_picked":["theCatGirl:LostTrinket","theCatGirl:SearchBackpack+1"],"picked":"theCatGirl:KeepAlert+1","floor":42},{"not_picked":["theCatGirl:QuickStrike+1","theCatGirl:TrainWreck+1"],"picked":"theCatGirl:RageClaws+1","floor":44},{"not_picked":["theCatGirl:Parry+1","theCatGirl:ShockedWitness+1"],"picked":"theCatGirl:SpinningStrike+1","floor":46}],"player_experience":143934,"relics_obtained":[{"floor":6,"key":"Dream Catcher"},{"floor":9,"key":"Letter Opener"},{"floor":12,"key":"Old Coin"},{"floor":23,"key":"Ornamental Fan"},{"floor":23,"key":"Bag of Preparation"},{"floor":26,"key":"theCatGirl:DriedFish"},{"floor":43,"key":"Bottled Lightning"},{"floor":49,"key":"Centennial Puzzle"}],"event_choices":[{"damage_healed":17,"gold_gain":0,"player_choice":"Healed and dodged fight","damage_taken":0,"max_hp_gain":0,"max_hp_loss":0,"event_name":"Mushrooms","floor":13,"gold_loss":0,"cards_obtained":["Parasite"]},{"damage_healed":0,"gold_gain":0,"player_choice":"Simplicity","damage_taken":0,"max_hp_gain":0,"max_hp_loss":0,"event_name":"Back to Basics","floor":21,"gold_loss":0,"cards_upgraded":["theCatGirl:Strike","theCatGirl:Strike","theCatGirl:Strike","theCatGirl:Strike","theCatGirl:Defend","theCatGirl:Defend"]},{"damage_healed":0,"gold_gain":0,"cards_transformed":["theCatGirl:SevenLives","theCatGirl:PoisedStrike"],"player_choice":"Transformed Cards","damage_taken":0,"max_hp_gain":0,"max_hp_loss":0,"event_name":"Designer","floor":22,"gold_loss":60,"cards_obtained":["theCatGirl:ExtremeSpeed","theCatGirl:AdventurersInsight"]},{"damage_healed":0,"gold_gain":0,"player_choice":"Fight","damage_taken":0,"max_hp_gain":0,"max_hp_loss":0,"event_name":"Colosseum","floor":30,"gold_loss":0},{"damage_healed":0,"gold_gain":0,"player_choice":"Fled From Nobs","damage_taken":0,"max_hp_gain":0,"max_hp_loss":0,"event_name":"Colosseum","floor":30,"gold_loss":0},{"damage_healed":0,"gold_gain":0,"player_choice":"Shed Blood","damage_taken":18,"max_hp_gain":5,"max_hp_loss":0,"event_name":"Forgotten Altar","floor":31,"gold_loss":0},{"damage_healed":0,"gold_gain":0,"player_choice":"Got Potions","damage_taken":0,"max_hp_gain":0,"max_hp_loss":0,"event_name":"Lab","floor":36,"gold_loss":0},{"damage_healed":0,"gold_gain":0,"cards_transformed":["theCatGirl:SpinningStrike"],"player_choice":"Transformed","damage_taken":0,"max_hp_gain":0,"max_hp_loss":0,"event_name":"Transmorgrifier","floor":47,"gold_loss":0,"cards_obtained":["theCatGirl:BloodBath"]}],"is_beta":false,"boss_relics":[{"not_picked":["Fusion Hammer","Velvet Choker"],"picked":"Black Star"},{"not_picked":["Philosopher\u0027s Stone","Coffee Dripper","Cursed Key"]}],"items_purged_floors":[45],"is_endless":false,"potions_floor_spawned":[3,4,7,12,14,16,19,23,30,38,39,44],"killed_by":"Time Eater","ascension_level":0}}