{"host":"4i5my69dv6e41930","time":1614145220,"event":{"mods":["AchievementEnabler","BaseMod","Minty Spire (QoL Compilation)","Relic Stats"],"gold_per_floor":[115,126,126,143,159,159,193,211,234,234,263,263,288,305,305,377,377,387,387,406,423,218,218,251,251,251,280,297,328,79,79,79,79,79],"floor_reached":33,"language":"ENG","playtime":1822,"items_purged":["Flying Knee","Dagger Throw"],"score":585,"play_id":"1ea75f41-a85d-4e2b-969d-3f15dc09985c","local_time":"20210224004020","is_ascension_mode":true,"campfire_choices":[{"data":"Terror","floor":6.0,"key":"SMITH"},{"data":"Glass Knife","floor":10.0,"key":"SMITH"},{"data":"Neutralize","floor":12.0,"key":"SMITH"},{"data":"Cloak And Dagger","floor":15.0,"key":"SMITH"},{"data":"Wraith Form v2","floor":23.0,"key":"SMITH"},{"data":"Infinite Blades","floor":25.0,"key":"SMITH"},{"data":"Blade Dance","floor":32.0,"key":"SMITH"}],"circlet_count":0,"master_deck":["AscendersBane","Strike_G+1","Strike_G+1","Strike_G+1","Strike_G+1","Strike_G+1","Defend_G+1","Defend_G+1","Defend_G+1","Defend_G+1","Defend_G+1","Survivor","Neutralize+1","Blade Dance+1","Terror+1","Glass Knife+1","Cloak And Dagger+1","Wraith Form v2+1","PiercingWail","Infinite Blades+1","PiercingWail","Blade Dance+1","RitualDagger"],"relics":["Ring of the Snake","Ancient Tea Set","StrikeDummy","Strawberry","Akabeko","Oddly Smooth Stone","Cursed Key","Vajra","Sundial","Pantograph","Membership Card"],"acts_visited":["Exordium","TheCity"],"potions_floor_usage":[],"damage_taken":[{"damage":0.0,"enemies":"Small Slimes","floor":1.0,"turns":3.0},{"damage":0.0,"enemies":"Jaw Worm","floor":2.0,"turns":4.0},{"damage":0.0,"enemies":"2 Louse","floor":4.0,"turns":3.0},{"damage":0.0,"enemies":"2 Fungi Beasts","floor":5.0,"turns":3.0},{"damage":10.0,"enemies":"3 Sentries","floor":7.0,"turns":6.0},{"damage":0.0,"enemies":"Lots of Slimes","floor":8.0,"turns":4.0},{"damage":10.0,"enemies":"Lagavulin","floor":11.0,"turns":5.0},{"damage":5.0,"enemies":"3 Sentries","floor":13.0,"turns":5.0},{"damage":0.0,"enemies":"Looter","floor":14.0,"turns":2.0},{"damage":6.0,"enemies":"Hexaghost","floor":16.0,"turns":7.0},{"damage":0.0,"enemies":"Chosen","floor":18.0,"turns":4.0},{"damage":0.0,"enemies":"Spheric Guardian","floor":20.0,"turns":2.0},{"damage":0.0,"enemies":"Centurion and Healer","floor":21.0,"turns":3.0},{"damage":2.0,"enemies":"Slavers","floor":24.0,"turns":5.0},{"damage":32.0,"enemies":"Gremlin Leader","floor":27.0,"turns":4.0},{"damage":0.0,"enemies":"Chosen and Byrds","floor":28.0,"turns":6.0},{"damage":1.0,"enemies":"Book of Stabbing","floor":29.0,"turns":5.0},{"damage":0,"enemies":"Automaton","floor":33,"turns":1}],"seed_played":"1843378063852408868","potions_obtained":[{"floor":1.0,"key":"BlessingOfTheForge"},{"floor":7.0,"key":"ColorlessPotion"},{"floor":11.0,"key":"FearPotion"},{"floor":14.0,"key":"DuplicationPotion"},{"floor":20.0,"key":"Regen Potion"}],"is_trial":false,"path_per_floor":["M","M","?","M","M","R","E","M","T","R","E","R","E","M","R","B",null,"M","?","M","M","$","R","E","R","T","E","M","E","$","?","R","B"],"character_chosen":"THE_SILENT","items_purchased":["PiercingWail","Infinite Blades","Membership Card","Weak Potion"],"campfire_rested":0,"item_purchase_floors":[22,22,30,30],"current_hp_per_floor":[59,59,59,59,59,59,49,49,56,56,46,46,41,41,41,35,64,64,64,64,64,64,64,62,62,62,30,45,44,44,38,38,63,63],"gold":79,"neow_bonus":"RANDOM_COMMON_RELIC","is_daily":false,"chose_seed":false,"campfire_upgraded":7,"win_rate":0.0,"timestamp":1614145220,"path_taken":["M","M","?","M","M","R","E","M","T","R","E","R","E","M","R","BOSS","M","?","M","M","$","R","E","R","T","E","M","E","$","?","R","BOSS"],"items_purchased_type":["Card","Card","Relic","Potion"],"build_version":"2020-12-22","purchased_purges":2,"victory":false,"max_hp_per_floor":[66,66,66,66,66,66,66,66,73,73,73,73,73,73,73,73,73,73,73,73,73,73,73,73,73,73,73,73,73,73,73,73,73,73],"relic_stats":{"counters":[18,71],"Sundial":[0],"Pantograph":25,"Cursed Key":0,"obtain_stats":[{"Sundial":27,"Strawberry":9,"Pantograph":29,"Oddly Smooth Stone":13,"Vajra":24,"Membership Card":30,"Ancient Tea Set":0,"StrikeDummy":7,"Cursed Key":17,"Akabeko":11,"Ring of the Snake":0},{"Sundial":15,"Strawberry":6,"Pantograph":17,"Oddly Smooth Stone":8,"Vajra":14,"Membership Card":17,"Ancient Tea Set":0,"StrikeDummy":5,"Cursed Key":10,"Akabeko":7,"Ring of the Snake":0},{"Sundial":60,"Strawberry":23,"Pantograph":71,"Oddly Smooth Stone":33,"Vajra":56,"Membership Card":71,"Ancient Tea Set":0,"StrikeDummy":19,"Cursed Key":42,"Akabeko":28,"Ring of the Snake":0}],"Ring of the Snake":[34]},"card_choices":[{"not_picked":["Backflip","Underhanded Strike"],"picked":"Dagger Throw","floor":1.0},{"not_picked":["Dagger Spray","Storm of Steel"],"picked":"Blade Dance","floor":2.0},{"not_picked":["Bane","Outmaneuver"],"picked":"Flying Knee","floor":4.0},{"not_picked":["Backflip","Riddle With Holes"],"picked":"Terror","floor":5.0},{"not_picked":["Corpse Explosion","Escape Plan"],"picked":"Glass Knife","floor":7.0},{"not_picked":["All Out Attack","Prepared","Poisoned Stab"],"picked":"SKIP","floor":8.0},{"not_picked":["Flechettes","Flying Knee","Bane"],"picked":"SKIP","floor":11.0},{"not_picked":["Bane","Outmaneuver"],"picked":"Cloak And Dagger","floor":13.0},{"not_picked":["Bane","Setup","Cloak And Dagger"],"picked":"SKIP","floor":14.0},{"not_picked":["Envenom","Night Terror"],"picked":"Wraith Form v2","floor":16.0},{"not_picked":["Caltrops","Underhanded Strike","Dagger Throw"],"picked":"SKIP","floor":18.0},{"not_picked":["Quick Slash","Dash","Caltrops"],"picked":"SKIP","floor":20.0},{"not_picked":["Prepared","Quick Slash","Deflect"],"picked":"SKIP","floor":21.0},{"not_picked":["Catalyst","Setup","Backstab"],"picked":"SKIP","floor":24.0},{"not_picked":["Deflect","Underhanded Strike"],"picked":"PiercingWail","floor":27.0},{"not_picked":["Calculated Gamble","Dodge and Roll"],"picked":"Blade Dance","floor":28.0},{"not_picked":["Tools of the Trade","Masterful Stab","Bane"],"picked":"SKIP","floor":29.0}],"player_experience":139835,"relics_obtained":[{"floor":7.0,"key":"StrikeDummy"},{"floor":9.0,"key":"Strawberry"},{"floor":11.0,"key":"Akabeko"},{"floor":13.0,"key":"Oddly Smooth Stone"},{"floor":24.0,"key":"Vajra"},{"floor":27.0,"key":"Sundial"},{"floor":29.0,"key":"Pantograph"}],"event_choices":[{"damage_healed":0.0,"max_hp_gain":0.0,"max_hp_loss":0.0,"gold_gain":0.0,"event_name":"Living Wall","player_choice":"Grow","floor":3.0,"gold_loss":0.0,"damage_taken":0.0,"cards_upgraded":["Blade Dance"]},{"damage_healed":0.0,"max_hp_gain":0.0,"max_hp_loss":0.0,"gold_gain":0.0,"event_name":"Back to Basics","player_choice":"Simplicity","floor":19.0,"gold_loss":0.0,"damage_taken":0.0,"cards_upgraded":["Strike_G","Strike_G","Strike_G","Strike_G","Strike_G","Defend_G","Defend_G","Defend_G","Defend_G","Defend_G"]},{"damage_healed":0.0,"max_hp_gain":0.0,"max_hp_loss":0.0,"gold_gain":0.0,"event_name":"Nest","player_choice":"Joined the Cult","floor":31.0,"gold_loss":0.0,"damage_taken":6.0,"cards_obtained":["RitualDagger"]}],"is_beta":false,"boss_relics":[{"not_picked":["Snecko Eye","SacredBark"],"picked":"Cursed Key"}],"items_purged_floors":[22,30],"is_endless":false,"potions_floor_spawned":[1,7,11,14,20,21,27],"killed_by":"Automaton","ascension_level":16}}