{"host":"92wx9z21c4p52du4","time":1614150497,"event":{"mods":["Act Like it!","BaseMod","ChefMod","Downfall","Evolution","GungeonMod","Infinite Spire","Lobotomy","Minty Spire (QoL Compilation)","Relic Stats","Reliquary","Replay The Spire","StSLib","SuperFastMode","The Hierophant","The Runesmith"],"gold_per_floor":[99,110,128,148,148,476,524,534,569,588,605,605,505,524,536,631,631,631,644,644,644,658,693,693,693,693,693,721,721,621,640,659,764,764,814,828,846,860,860,860,885,900,900,931,931,943,943,975,987,1082,1082,1082,1101,1116,1116,1132,1152,1177,1196,1196,1196,1228,1228,1245,5,34,148,148,148,170,206,206,20,126,172,206,237,237,258,305,305,350,388,504,504,504,531,531,550,550,578,590,590,590],"floor_reached":92,"language":"ENG","playtime":7735,"items_purged":["Guardian:Strike_Guardian","Parasite","Guardian:Defend_Guardian+1","Guardian:TimeBomb","Guardian:SentryBeam"],"score":2035,"play_id":"294ef025-2a84-4a51-bf7a-272e2ac21a7e","local_time":"20210224010817","is_ascension_mode":true,"campfire_choices":[{"data":"Guardian:CurlUp","floor":1.0,"key":"SMITH"},{"data":"Guardian:BodySlam","floor":13.0,"key":"SMITH"},{"data":"Guardian:PiercingHide","floor":18,"key":"SMITH"},{"floor":40,"key":"REST"},{"floor":45,"key":"REST"},{"data":"Guardian:ConstructionForm","floor":52,"key":"SMITH"},{"floor":63,"key":"REST"},{"data":"infinitespire:Collect","floor":69,"key":"SMITH"},{"floor":78,"key":"REST"},{"floor":86,"key":"DIG"}],"circlet_count":0,"master_deck":["Guardian:CurlUp+1","Guardian:TwinSlam","Guardian:PiercingHide+1","Guardian:ConstructionForm+1","Guardian:BodySlam+1","Guardian:ArmoredProtocol","Guardian:Reroute","Guardian:ArmoredProtocol","Guardian:PiercingHide","Guardian:Suspension","Guardian:TimeCapacitor","Guardian:ChargeUp","Necronomicurse","infinitespire:NeuralNetwork","Guardian:ShieldCharger","Guardian:Preprogram","Guardian:RevengeProtocol","Guardian:Suspension+1","Guardian:PrismaticBeam+1","Guardian:PolyBeam+1","Guardian:DecasProtection+1","infinitespire:Oblivion","Guardian:StasisField","Guardian:PrimingBeam+1","Guardian:TimeSifter+1","Guardian:RevengeProtocol","Guardian:FierceBash","Apotheosis","Replay:SS_forest_2","infinitespire:Collect+1","Guardian:PrismaticBeam","Guardian:EvasiveProtocol+1","Guardian:TimeCapacitor+1","Guardian:BronzeOrb+1","Guardian:Gem_Green","Guardian:FastForward","Guardian:Gem_Blue","Guardian:Gem_Green","Guardian:Recover+1"],"relics":["Guardian:ModeShifter","EVO:Axolotl","Old Coin","Bronze Scales","reliquary:RosewoodLute","downfall:HeartBlessingGreen","Black Star","reliquary:Aerogel","InkBottle","reliquary:SilkGlove","Necronomicon","Nunchaku","The Courier","Guardian:PickAxe","downfall:HeartBlessingBlue","Ornamental Fan","Dream Catcher","infinitespire:Blanks Blanky","reliquary:FerryPass","StoneCalendar","reliquary:PurpleTingedLeaf","DemoMod:RiddleOfLead","Replay:Baseball","Pantograph","BargainBundle","Tiny Chest","Meat on the Bone","Replay:Bandana","Turnip","infinitespire:Cupcake","reliquary:CitrusReamer","Ginger","infinitespire:FocusingShard","infinitespire:Beetle Shell"],"acts_visited":["Exordium","TheCity","TheBeyond","Exordium","TheCity","TheBeyond"],"potions_floor_usage":[22,23,28,42,43,44,46,59,67,71,73,76,80,84,92],"damage_taken":[{"damage":1.0,"enemies":"Jaw Worm","floor":2.0,"turns":5.0},{"damage":11.0,"enemies":"infinitespire:Voidling","floor":3.0,"turns":6.0},{"damage":0.0,"enemies":"Small Slimes","floor":4.0,"turns":6.0},{"damage":0.0,"enemies":"Lagavulin","floor":6.0,"turns":11.0},{"damage":0.0,"enemies":"3 Louse","floor":8.0,"turns":4.0},{"damage":0.0,"enemies":"3 Sentries","floor":9.0,"turns":10.0},{"damage":0.0,"enemies":"Gremlin Gang","floor":10.0,"turns":3.0},{"damage":0.0,"enemies":"downfall:LooterAlt","floor":11.0,"turns":5.0},{"damage":0.0,"enemies":"2 Fungi Beasts","floor":14.0,"turns":3.0},{"damage":0.0,"enemies":"Large Slime","floor":15.0,"turns":6.0},{"damage":33.0,"enemies":"IC_STATUS_ARCHETYPE","floor":16.0,"turns":12.0},{"damage":0,"enemies":"Shell Parasite","floor":19,"turns":4},{"damage":0,"enemies":"downfall:LooterAlt2","floor":22,"turns":4},{"damage":0,"enemies":"Gremlin Leader","floor":23,"turns":7},{"damage":0,"enemies":"Nightmare","floor":28,"turns":6},{"damage":0,"enemies":"Snake Plant","floor":31,"turns":4},{"damage":0,"enemies":"3 Cultists","floor":32,"turns":4},{"damage":9,"enemies":"DF_ARCHETYPE_CLAW","floor":33,"turns":7},{"damage":4,"enemies":"Orb Walker","floor":36,"turns":4},{"damage":9,"enemies":"3 Shapes","floor":37,"turns":4},{"damage":0,"enemies":"Writhing Mass","floor":38,"turns":5},{"damage":4,"enemies":"Transient","floor":42,"turns":5},{"damage":10,"enemies":"infinitespire:Three Voidlings","floor":43,"turns":5},{"damage":0,"enemies":"R_Hoarder","floor":44,"turns":6},{"damage":0,"enemies":"3 Darklings","floor":46,"turns":4},{"damage":59,"enemies":"Nemesis","floor":48,"turns":10},{"damage":15,"enemies":"4 Shapes","floor":49,"turns":5},{"damage":0,"enemies":"SI_POISON_ARCHETYPE","floor":50,"turns":13},{"damage":6,"enemies":"Jaw Worm","floor":53,"turns":2},{"damage":0,"enemies":"2 Louse","floor":54,"turns":3},{"damage":0,"enemies":"Cultist","floor":56,"turns":3},{"damage":15,"enemies":"Exordium Thugs","floor":57,"turns":4},{"damage":2,"enemies":"Blue Slaver","floor":59,"turns":2},{"damage":64,"enemies":"Nightmare","floor":62,"turns":11},{"damage":0,"enemies":"3 Louse","floor":64,"turns":1},{"damage":0,"enemies":"downfall:FleeingMerchant","floor":65,"turns":4},{"damage":11,"enemies":"Exordium Wildlife","floor":66,"turns":4},{"damage":0,"enemies":"Fading Forest","floor":67,"turns":11},{"damage":0,"enemies":"downfall:LooterAlt2","floor":70,"turns":4},{"damage":0,"enemies":"Chosen","floor":71,"turns":3},{"damage":0,"enemies":"downfall:FleeingMerchant","floor":73,"turns":4},{"damage":50,"enemies":"Gremlin Leader","floor":75,"turns":4},{"damage":18,"enemies":"Book of Stabbing","floor":76,"turns":5},{"damage":24,"enemies":"Shelled Parasite and Fungi","floor":77,"turns":5},{"damage":0,"enemies":"Snecko","floor":79,"turns":5},{"damage":39,"enemies":"Gremlin Leader","floor":80,"turns":6},{"damage":5,"enemies":"Cultist and Chosen","floor":82,"turns":4},{"damage":18,"enemies":"Chosen and Byrds","floor":83,"turns":4},{"damage":69,"enemies":"Collector","floor":84,"turns":7},{"damage":27,"enemies":"3 Shapes","floor":87,"turns":4},{"damage":12,"enemies":"Orb Walker","floor":89,"turns":5},{"damage":0,"enemies":"R_Hoarder","floor":91,"turns":1},{"damage":67,"enemies":"Nightmare","floor":92,"turns":6}],"seed_played":"5038232766157257225","potions_obtained":[{"floor":3.0,"key":"BlessingOfTheForge"},{"floor":6.0,"key":"champ:CounterPotion"},{"floor":8.0,"key":"Guardian:DefensiveModePotion"},{"floor":15.0,"key":"ColorlessPotion"},{"floor":16.0,"key":"SpeedPotion"},{"floor":22,"key":"hexamod:SoulburnPotion"},{"floor":23,"key":"Adrenaline Potion"},{"floor":28,"key":"SpeedPotion"},{"floor":35,"key":"Doom Potion"},{"floor":38,"key":"Weak Potion"},{"floor":42,"key":"hexamod:SoulburnPotion"},{"floor":44,"key":"Block Potion"},{"floor":54,"key":"SteroidPotion"},{"floor":57,"key":"Guardian:AcceleratePotion"},{"floor":64,"key":"Swift Potion"},{"floor":71,"key":"Dexterity Potion"},{"floor":76,"key":"Guardian:StasisDiscoveryPotion"},{"floor":79,"key":"Guardian:BlockOnCardUsePotion"},{"floor":84,"key":"GamblersBrew"},{"floor":91,"key":"SkillPotion"}],"is_trial":false,"path_per_floor":["R","M","M","M","?","E","T","M","E","M","M","?","R","M","M","B",null,"R","M","?","?","M","E","T","?","?","AVR","NM","?","R","M","M","B",null,"R","M","M","M","?","R","T","M","?","E","R","M","R","E","M","B",null,"R","M","M","?","M","M","T","M","R","?","NM","R","M","$","M","B",null,"R","M","M","?","$","?","E","E","M","R","M","E","AVR","M","M","B",null,"R","M","?","M","AVR","E","NM"],"character_chosen":"GUARDIAN","items_purchased":["Replay:Baseball","Pantograph","BargainBundle","Tiny Chest","Meat on the Bone","Replay:Bandana","Turnip","Apotheosis","Replay:SS_forest_2","Guardian:DefensiveModePotion","reliquary:CitrusReamer"],"campfire_rested":4,"item_purchase_floors":[65,65,65,65,65,65,65,65,65,65,73],"current_hp_per_floor":[56,55,54,54,54,54,54,54,54,54,54,54,54,54,54,21,80,80,80,80,72,72,72,72,72,56,56,56,56,66,66,66,57,90,54,50,41,41,19,46,46,42,36,36,78,78,78,19,6,10,100,100,94,95,95,95,80,80,79,79,79,18,100,100,97,87,97,97,97,97,97,97,97,73,36,31,20,97,97,60,60,56,51,21,97,97,71,71,59,59,59,0,0,0],"gold":590,"neow_bonus":"REMOVE_TWO","is_daily":false,"chose_seed":false,"campfire_upgraded":5,"win_rate":0.0,"timestamp":1614150497,"path_taken":["R","M","M","M","?","E","T","M","E","M","?","?","R","M","M","BOSS","R","M","?","?","?","E","T","?","?","AVR","NM","?","R","M","M","BOSS","R","M","M","M","?","R","T","M","?","E","R","M","R","E","M","BOSS","R","M","M","?","M","M","T","M","R","?","NM","R","M","$","M","BOSS","R","M","M","?","?","?","E","?","M","R","M","E","AVR","?","M","BOSS","R","M","?","?","AVR","?","NM"],"items_purchased_type":["Relic","Relic","Relic","Relic","Relic","Relic","Relic","Card","Card","Potion","Relic"],"build_version":"2020-12-22","purchased_purges":5,"victory":false,"max_hp_per_floor":[80,80,80,80,80,80,80,80,80,80,80,80,80,80,80,80,80,80,80,80,80,80,80,80,80,80,80,80,80,90,90,90,90,90,90,90,90,90,90,90,90,90,90,90,90,90,90,90,90,90,100,100,100,100,100,100,100,100,100,100,100,100,100,100,97,97,97,97,97,97,97,97,97,97,97,97,97,97,97,97,97,97,97,97,97,97,97,97,97,97,97,97,97,97],"relic_stats":{"counters":[53,279],"StoneCalendar":[180],"Ginger":[6],"Nunchaku":[41],"Dream Catcher":3,"Ornamental Fan":[292],"Bronze Scales":[785],"Pantograph":35,"Tiny Chest":2,"Turnip":[5],"Black Star":9,"Necronomicon":[6],"obtain_stats":[{"Regal Pillow":44,"reliquary:SilkGlove":23,"reliquary:Aerogel":20,"downfall:HeartBlessingGreen":13,"StoneCalendar":48,"DemoMod:GlassGuonStoneRelic":3,"EVO:Axolotl":0,"infinitespire:Blanks Blanky":55,"Ginger":81,"DemoMod:RiddleOfLead":51,"Old Coin":6,"reliquary:FerryPass":44,"Guardian:PickAxe":28,"Nunchaku":27,"Dream Catcher":41,"Replay:Bandana":65,"reliquary:CitrusReamer":73,"downfall:HeartBlessingBlue":30,"Pantograph":65,"Tiny Chest":65,"Necronomicon":26,"InkBottle":23,"BargainBundle":65,"Guardian:ModeShifter":0,"The Courier":28,"infinitespire:FocusingShard":86,"infinitespire:Beetle Shell":90,"reliquary:WeakTea":58,"reliquary:RosewoodLute":9,"Replay:Baseball":65,"Ornamental Fan":35,"Bronze Scales":7,"Turnip":65,"Black Star":17,"reliquary:PurpleTingedLeaf":48,"Meat on the Bone":65,"infinitespire:Cupcake":68},{"Regal Pillow":24,"reliquary:SilkGlove":14,"reliquary:Aerogel":12,"downfall:HeartBlessingGreen":8,"StoneCalendar":26,"DemoMod:GlassGuonStoneRelic":2,"EVO:Axolotl":0,"infinitespire:Blanks Blanky":30,"Ginger":46,"DemoMod:RiddleOfLead":28,"Old Coin":4,"reliquary:FerryPass":24,"Guardian:PickAxe":15,"Nunchaku":14,"Dream Catcher":21,"Replay:Bandana":36,"reliquary:CitrusReamer":41,"downfall:HeartBlessingBlue":15,"Pantograph":36,"Tiny Chest":36,"Necronomicon":14,"InkBottle":14,"BargainBundle":36,"Guardian:ModeShifter":0,"The Courier":15,"infinitespire:FocusingShard":49,"infinitespire:Beetle Shell":51,"reliquary:WeakTea":32,"reliquary:RosewoodLute":6,"Replay:Baseball":36,"Ornamental Fan":18,"Bronze Scales":4,"Turnip":36,"Black Star":11,"reliquary:PurpleTingedLeaf":26,"Meat on the Bone":36,"infinitespire:Cupcake":38},{"Regal Pillow":136,"reliquary:SilkGlove":86,"reliquary:Aerogel":75,"downfall:HeartBlessingGreen":50,"StoneCalendar":150,"DemoMod:GlassGuonStoneRelic":11,"EVO:Axolotl":0,"infinitespire:Blanks Blanky":173,"Ginger":248,"DemoMod:RiddleOfLead":168,"Old Coin":28,"reliquary:FerryPass":136,"Guardian:PickAxe":92,"Nunchaku":86,"Dream Catcher":120,"Replay:Bandana":198,"reliquary:CitrusReamer":223,"downfall:HeartBlessingBlue":92,"Pantograph":198,"Tiny Chest":198,"Necronomicon":86,"InkBottle":86,"BargainBundle":198,"Guardian:ModeShifter":0,"The Courier":92,"infinitespire:FocusingShard":263,"infinitespire:Beetle Shell":272,"reliquary:WeakTea":180,"reliquary:RosewoodLute":42,"Replay:Baseball":198,"Ornamental Fan":107,"Bronze Scales":28,"Turnip":198,"Black Star":71,"reliquary:PurpleTingedLeaf":150,"Meat on the Bone":198,"infinitespire:Cupcake":212}],"InkBottle":[109],"Meat on the Bone":60},"card_choices":[{"not_picked":["Guardian:Repulse","Guardian:Orbwalk"],"picked":"Guardian:Gem_Red","floor":2.0},{"not_picked":["Guardian:Planning","Guardian:WalkerClaw"],"picked":"Guardian:PiercingHide","floor":3.0},{"not_picked":["Guardian:RollAttack","Guardian:Recover"],"picked":"Guardian:ConstructionForm","floor":4.0},{"not_picked":["Guardian:PrimingBeam","Guardian:TemporalStrike"],"picked":"Guardian:Gem_Orange","floor":6.0},{"not_picked":["Guardian:TemporalShield","Guardian:PrimingBeam"],"picked":"Guardian:BodySlam","floor":8.0},{"not_picked":["Guardian:CrystalBeam","Guardian:BodySlam","Guardian:Orbwalk"],"picked":"SKIP","floor":9.0},{"not_picked":["Guardian:ChargeCore","Guardian:Gem_Cyan"],"picked":"Guardian:ArmoredProtocol","floor":10.0},{"not_picked":["Guardian:BodySlam","Guardian:Gem_Yellow"],"picked":"Guardian:SentryBeam","floor":11.0},{"not_picked":["Guardian:Gem_Fragmented","Guardian:Gem_Cyan"],"picked":"Guardian:Reroute","floor":14.0},{"not_picked":["Guardian:Gem_Red","Guardian:BronzeArmor"],"picked":"Guardian:ArmoredProtocol","floor":15.0},{"not_picked":["Guardian:RevengeProtocol","Guardian:GemFire"],"picked":"Guardian:Gem_Orange","floor":16.0},{"not_picked":["Guardian:BronzeArmor","Guardian:ChargeCore"],"picked":"Guardian:TimeBomb","floor":19},{"not_picked":["Guardian:ShieldCharger","Guardian:TemporalStrike"],"picked":"Guardian:PiercingHide","floor":22},{"not_picked":["Guardian:TemporalShield","Guardian:Emergency+1"],"picked":"Guardian:Suspension","floor":23},{"not_picked":["Guardian:Recover","Guardian:SpikerProtocol"],"picked":"Guardian:ShieldCharger","floor":28},{"not_picked":["Guardian:Repulse","Guardian:ChargeCore"],"picked":"Guardian:Preprogram","floor":31},{"not_picked":["Guardian:TimeCapacitor","Guardian:Suspension"],"picked":"Guardian:Gem_Blue","floor":32},{"not_picked":["Guardian:GemFire","Guardian:ConstructionForm"],"picked":"Guardian:RevengeProtocol","floor":33},{"not_picked":["Guardian:ArmoredProtocol","Guardian:Recover"],"picked":"Guardian:Suspension+1","floor":35},{"not_picked":["Guardian:Suspension+1","Guardian:Harden"],"picked":"Guardian:PrismaticBeam+1","floor":36},{"not_picked":["Guardian:Gem_Lightblue","Guardian:TemporalShield+1"],"picked":"Guardian:PolyBeam+1","floor":37},{"not_picked":["Guardian:FierceBash","Guardian:Recover"],"picked":"Guardian:DecasProtection+1","floor":38},{"not_picked":["infinitespire:FinalStrike","infinitespire:Menacing"],"picked":"infinitespire:Oblivion","floor":39},{"not_picked":["Guardian:Planning","Guardian:SentryBeam+1","Guardian:MultiBeam+1"],"picked":"SKIP","floor":42},{"not_picked":["Guardian:FloatingOrbs","Guardian:RollAttack+1"],"picked":"Guardian:Gem_Crimson","floor":44},{"not_picked":["Guardian:VentSteam","Guardian:BronzeArmor+1"],"picked":"Guardian:Gem_Blue","floor":45},{"not_picked":["Guardian:Gem_Green","Guardian:RollAttack","Guardian:WalkerClaw+1"],"picked":"SKIP","floor":46},{"not_picked":["Guardian:SentryBeam+1","Guardian:PolyBeam"],"picked":"Guardian:StasisField","floor":48},{"not_picked":["Guardian:TemporalStrike+1","Guardian:Gem_Lightblue"],"picked":"Guardian:PrimingBeam+1","floor":49},{"not_picked":["Guardian:AncientConstruct","Guardian:StasisStrike"],"picked":"Guardian:TimeSifter","floor":50},{"not_picked":["Guardian:PrimingBeam","Guardian:PrismaticBeam","Guardian:ShieldCharger"],"picked":"SKIP","floor":53},{"not_picked":["Guardian:Preprogram","Guardian:Gem_Green"],"picked":"Guardian:RevengeProtocol","floor":54},{"not_picked":["Guardian:Orbwalk","Guardian:TemporalShield","Guardian:Gem_Red"],"picked":"SKIP","floor":56},{"not_picked":["Guardian:Suspension","Guardian:Reroute","Guardian:Gem_Green"],"picked":"SKIP","floor":57},{"not_picked":["Guardian:Suspension","Guardian:PrimingBeam","Guardian:ChargeCore"],"picked":"SKIP","floor":59},{"not_picked":["ReplayTheSpireMod:Book of Names","infinitespire:DeathsTouch"],"picked":"infinitespire:SealOfDarkness+","floor":62},{"not_picked":["Guardian:VentSteam","Guardian:PiercingHide","Guardian:Gem_Red"],"picked":"SKIP","floor":62},{"not_picked":["Guardian:PolyBeam","Guardian:Gem_Lightblue","Guardian:Gem_Blue"],"picked":"SKIP","floor":64},{"not_picked":["Guardian:BronzeArmor","Guardian:ShieldCharger","Guardian:Incinerate"],"picked":"SKIP","floor":65},{"not_picked":["Guardian:Harden","Guardian:WalkerClaw","Guardian:Clone"],"picked":"SKIP","floor":66},{"not_picked":["Guardian:StasisStrike","Guardian:GemFire"],"picked":"Guardian:Gem_Orange","floor":67},{"not_picked":["infinitespire:FutureSight","ReplayTheSpireMod:??????????????????????"],"picked":"infinitespire:Collect","floor":68},{"not_picked":["Guardian:Gem_Cyan","Guardian:VentSteam+1"],"picked":"Guardian:PrismaticBeam","floor":70},{"not_picked":["Guardian:Gem_Green","Guardian:TemporalStrike","Guardian:VentSteam"],"picked":"SKIP","floor":71},{"not_picked":["Guardian:TimeSifter","Guardian:ShieldCharger+1"],"picked":"Guardian:EvasiveProtocol+1","floor":73},{"not_picked":["Guardian:MultiBeam","Guardian:PolyBeam","Guardian:PrismaticBarrier+1"],"picked":"SKIP","floor":75},{"not_picked":["Guardian:DonusPower","Guardian:MultiBeam"],"picked":"Guardian:TimeCapacitor+1","floor":76},{"not_picked":["Guardian:GemFire","Guardian:TemporalStrike+1","Guardian:CrystalBeam"],"picked":"SKIP","floor":77},{"not_picked":["Guardian:FloatingOrbs","Guardian:Gem_Red"],"picked":"Guardian:Gem_Lightblue","floor":78},{"not_picked":["Guardian:PrismaticBarrier","Guardian:ChargeCore","Guardian:ArmoredProtocol+1"],"picked":"SKIP","floor":79},{"not_picked":["Guardian:Recover","Guardian:Harden"],"picked":"Guardian:BronzeOrb+1","floor":80},{"not_picked":["Guardian:VentSteam","Guardian:TemporalStrike+1"],"picked":"Guardian:Gem_Green","floor":82},{"not_picked":["Guardian:DonusPower","Guardian:PrismaticBarrier"],"picked":"Guardian:Gem_Green","floor":83},{"not_picked":["Guardian:SphericShield","Guardian:RevengeProtocol"],"picked":"Guardian:FastForward","floor":84},{"not_picked":["Guardian:Suspension","Guardian:Recover+1"],"picked":"Guardian:Gem_Blue","floor":87},{"not_picked":["Guardian:Gem_Red","Guardian:ChargeCore"],"picked":"Guardian:Gem_Green","floor":89},{"not_picked":["Guardian:FierceBash","Guardian:Gem_Red"],"picked":"Guardian:Recover+1","floor":91}],"player_experience":335798,"relics_obtained":[{"floor":6.0,"key":"Old Coin"},{"floor":7.0,"key":"Bronze Scales"},{"floor":9.0,"key":"reliquary:RosewoodLute"},{"floor":23,"key":"InkBottle"},{"floor":23,"key":"reliquary:SilkGlove"},{"floor":26,"key":"Necronomicon"},{"floor":28,"key":"The Courier"},{"floor":28,"key":"Guardian:PickAxe"},{"floor":35,"key":"Ornamental Fan"},{"floor":41,"key":"Dream Catcher"},{"floor":44,"key":"Regal Pillow"},{"floor":44,"key":"reliquary:FerryPass"},{"floor":48,"key":"StoneCalendar"},{"floor":48,"key":"reliquary:PurpleTingedLeaf"},{"floor":58,"key":"reliquary:WeakTea"},{"floor":86,"key":"infinitespire:FocusingShard"}],"event_choices":[{"cards_removed":["Guardian:Strike_Guardian"],"damage_healed":0.0,"max_hp_gain":0.0,"max_hp_loss":0.0,"gold_gain":0.0,"event_name":"The Cleric","player_choice":"Card Removal","floor":12.0,"gold_loss":0.0,"damage_taken":0.0},{"damage_healed":0,"gold_gain":0,"player_choice":"Stole Relic","damage_taken":0,"relics_obtained":["reliquary:Aerogel"],"max_hp_gain":0,"max_hp_loss":0,"event_name":"Addict","floor":20,"gold_loss":0,"cards_obtained":["Pride"]},{"damage_healed":0,"gold_gain":0,"cards_transformed":["Guardian:Defend_Guardian","Guardian:Defend_Guardian"],"player_choice":"Became Test Subject","damage_taken":0,"max_hp_gain":0,"max_hp_loss":0,"event_name":"Drug Dealer","floor":25,"gold_loss":0,"cards_obtained":["Guardian:TimeCapacitor","Guardian:ChargeUp"]}],"is_beta":false,"boss_relics":[{"not_picked":["reliquary:Ember","Empty Cage"],"picked":"Black Star"},{"not_picked":["Astrolabe","Cursed Key","reliquary:KinkedSpring"]},{"not_picked":["Snecko Eye","Philosopher\u0027s Stone"],"picked":"DemoMod:RiddleOfLead"},{"not_picked":["reliquary:Craggleroot","Pandora\u0027s Box"],"picked":"infinitespire:Cupcake"},{"not_picked":["Busted Crown","Runic Dome","ReplayTheSpireMod:SealedPack"]}],"items_purged_floors":[27,65,73,81,90],"is_endless":true,"potions_floor_spawned":[3,6,8,15,16,22,23,28,38,42,43,44,54,57,64,66,71,76,79,84,91],"killed_by":"Nightmare","ascension_level":1}}