{"host":"dbkc9h3etq50r1dq","time":1614203785,"event":{"mods":["AchievementEnabler","BaseMod","Block Reminder","Colored Powertips","Curses Come First","Dark Map","Minty Spire (QoL Compilation)","Permanent Neow","Potion Indicator Mod","Rare Cards Sparkle","StSLib","SuperFastMode","Weighted Paths"],"gold_per_floor":[111,61,136,152,152,152,170,193,265,64,239,277,277,316,316,316,316],"floor_reached":16,"language":"ZHS","playtime":367,"items_purged":["Defend_G"],"score":146,"play_id":"6d2331be-8c23-4a36-a5df-e9a82673fb8a","local_time":"20210225055625","is_ascension_mode":true,"campfire_choices":[{"floor":6,"key":"REST"},{"data":"Neutralize","floor":13,"key":"SMITH"},{"floor":15,"key":"REST"}],"circlet_count":0,"master_deck":["Strike_G","Strike_G","Strike_G","Strike_G","Defend_G","Defend_G","Defend_G","Defend_G","Survivor","Neutralize+1","Blade Dance","Backflip","Backstab","Dagger Spray","Escape Plan","Doubt","Reflex"],"relics":["Ring of the Snake","NeowsBlessing","Golden Idol","Paper Crane","Oddly Smooth Stone","Happy Flower"],"acts_visited":["Exordium"],"potions_floor_usage":[12,12,14],"damage_taken":[{"damage":0,"enemies":"2 Louse","floor":1,"turns":1},{"damage":0,"enemies":"Jaw Worm","floor":4,"turns":1},{"damage":0,"enemies":"Cultist","floor":7,"turns":1},{"damage":8,"enemies":"Blue Slaver","floor":8,"turns":5},{"damage":7,"enemies":"Gremlin Nob","floor":12,"turns":5},{"damage":25,"enemies":"Lagavulin","floor":14,"turns":9},{"damage":39,"enemies":"Hexaghost","floor":16,"turns":11}],"seed_played":"8833756623175252569","potions_obtained":[{"floor":4,"key":"SkillPotion"},{"floor":7,"key":"Block Potion"},{"floor":8,"key":"GamblersBrew"}],"is_trial":false,"path_per_floor":["M","?","?","M","?","R","M","M","T","$","?","E","R","E","R","B"],"character_chosen":"THE_SILENT","items_purchased":["Dagger Spray","Escape Plan"],"campfire_rested":2,"item_purchase_floors":[10,10],"current_hp_per_floor":[63,63,52,52,35,56,56,48,48,48,48,41,41,16,37,0,0],"gold":316,"neow_bonus":"THREE_ENEMY_KILL","is_daily":false,"chose_seed":false,"campfire_upgraded":1,"win_rate":0.0,"timestamp":1614203785,"path_taken":["M","?","?","M","?","R","M","?","T","$","?","E","R","E","R","BOSS"],"items_purchased_type":["Card","Card"],"build_version":"2020-12-22","purchased_purges":1,"victory":false,"max_hp_per_floor":[70,70,70,70,70,70,70,70,70,70,70,70,70,70,70,70,70],"card_choices":[{"not_picked":["Bane","Acrobatics"],"picked":"Blade Dance","floor":1},{"not_picked":["Poisoned Stab","Bane","Skewer"],"picked":"SKIP","floor":4},{"not_picked":["Slice","Sucker Punch"],"picked":"Backflip","floor":7},{"not_picked":["Bane","Terror"],"picked":"Backstab","floor":8},{"not_picked":["Blade Dance","All Out Attack"],"picked":"Reflex","floor":12},{"not_picked":["Poisoned Stab","Deadly Poison","Choke"],"picked":"SKIP","floor":14}],"player_experience":163014,"relics_obtained":[{"floor":9,"key":"Paper Crane"},{"floor":12,"key":"Oddly Smooth Stone"},{"floor":14,"key":"Happy Flower"}],"event_choices":[{"cards_removed":["Strike_G"],"damage_healed":0,"gold_gain":0,"player_choice":"Card Removal","damage_taken":0,"max_hp_gain":0,"max_hp_loss":0,"event_name":"The Cleric","floor":2,"gold_loss":50},{"damage_healed":0,"gold_gain":75,"player_choice":"Gather Gold","damage_taken":11,"max_hp_gain":0,"max_hp_loss":0,"event_name":"World of Goop","floor":3,"gold_loss":0},{"damage_healed":0,"gold_gain":0,"player_choice":"Take Damage","damage_taken":17,"relics_obtained":["Golden Idol"],"max_hp_gain":0,"max_hp_loss":0,"event_name":"Golden Idol","floor":5,"gold_loss":0},{"damage_healed":0,"gold_gain":175,"player_choice":"AGREE","damage_taken":0,"max_hp_gain":0,"max_hp_loss":0,"event_name":"Liars Game","floor":11,"gold_loss":0,"cards_obtained":["Doubt"]}],"is_beta":false,"boss_relics":[],"items_purged_floors":[10],"is_endless":false,"potions_floor_spawned":[4,7,8],"killed_by":"Hexaghost","ascension_level":7}}