{"host":"yqw1zpryoutrnocq","time":1614144111,"event":{"mods":["2.2 Compatiblity","AchievementEnabler","BaseMod","Colored Map","Custom Start","DeckTracker","Minty Spire (QoL Compilation)","Replay The Spire","StSLib","SuperFastMode"],"gold_per_floor":[110,60,60,60,72,72,100,100,125,125,1,13,13,31,31,133,133,152,138,138,157,157,157],"floor_reached":22,"language":"KOR","playtime":644,"items_purged":[],"score":209,"play_id":"0cedf8af-f398-4f1b-8ab7-4c48e89cb0a1","local_time":"20210223232151","is_ascension_mode":false,"campfire_choices":[{"data":"Cloak And Dagger","floor":6,"key":"SMITH"},{"data":"Venomology","floor":8,"key":"SMITH"},{"data":"Deadly Poison","floor":15,"key":"SMITH"}],"circlet_count":0,"master_deck":["Strike_G","Strike_G","Strike_G","Strike_G","Defend_G","Defend_G","Defend_G","Defend_G","Defend_G","Survivor","Neutralize+1","Cloak And Dagger+1","Fluid Movement","Venomology+1","Dagger Spray","Infinite Blades","Deadly Poison+1","Blade Dance","A Thousand Cuts","CurseOfTheBell","Sneak Up+1","Deadly Poison+1","Prepared+1"],"relics":["Ring of the Snake","NeowsBlessing","Bag of Marbles","Sundial","Calling Bell","Pen Nib","Toxic Egg 2","Replay:Towering Pillar of Hats","SsserpentHead"],"acts_visited":["Exordium","TheCity"],"potions_floor_usage":[12,12,16,16,16,19,21,21,22,22],"damage_taken":[{"damage":0,"enemies":"2 Louse","floor":1,"turns":1},{"damage":0,"enemies":"Cultist","floor":5,"turns":1},{"damage":0,"enemies":"Gremlin Nob","floor":7,"turns":1},{"damage":11,"enemies":"Jaw Worm","floor":12,"turns":2},{"damage":0,"enemies":"Large Slime","floor":14,"turns":5},{"damage":48,"enemies":"Fading Forest","floor":16,"turns":11},{"damage":23,"enemies":"Shell Parasite","floor":18,"turns":7},{"damage":20,"enemies":"2 Thieves","floor":19,"turns":4},{"damage":15,"enemies":"Centurion and Healer","floor":21,"turns":5},{"damage":17,"enemies":"Snake Plant","floor":22,"turns":3}],"seed_played":"-6999796599264539448","potions_obtained":[{"floor":5,"key":"Strength Potion"},{"floor":7,"key":"Venom Potion"},{"floor":16,"key":"SteroidPotion"},{"floor":18,"key":"Cursed Concoction"},{"floor":21,"key":"PowerPotion"}],"is_trial":false,"path_per_floor":["M","?","?","?","M","R","E","R","T","$","$","M","?","M","R","B",null,"M","M","?","M","M"],"character_chosen":"THE_SILENT","items_purchased":["Dagger Spray","Infinite Blades"],"campfire_rested":0,"item_purchase_floors":[11,11],"current_hp_per_floor":[70,70,70,70,70,70,70,70,70,70,70,59,56,56,56,8,70,47,27,27,12,0,0],"gold":157,"neow_bonus":"THREE_ENEMY_KILL","is_daily":false,"chose_seed":false,"campfire_upgraded":3,"win_rate":0.0,"timestamp":1614144111,"path_taken":["M","?","?","?","?","R","E","R","T","?","$","M","?","M","R","BOSS","M","M","?","M","M"],"items_purchased_type":["Card","Card"],"build_version":"2020-12-22","purchased_purges":0,"victory":false,"max_hp_per_floor":[70,70,70,70,70,70,70,70,70,70,70,70,70,70,70,70,70,70,70,70,70,70,70],"card_choices":[{"not_picked":["Prepared","Choke"],"picked":"Cloak And Dagger","floor":1},{"not_picked":["Quick Slash","Dagger Spray"],"picked":"Fluid Movement","floor":5},{"not_picked":["Finisher","Endless Agony"],"picked":"Venomology","floor":7},{"not_picked":["Hidden Blade","Dagger Spray"],"picked":"Deadly Poison","floor":12},{"not_picked":["Riddle With Holes","Bane"],"picked":"Blade Dance","floor":14},{"not_picked":["Storm of Steel","ReplayTheSpireMod:From All Sides"],"picked":"A Thousand Cuts","floor":16},{"not_picked":["Deadly Poison+1","Reflex+1"],"picked":"Sneak Up+1","floor":18},{"not_picked":["Finisher","Predator"],"picked":"Deadly Poison+1","floor":19},{"not_picked":["Deflect+1","Endless Agony+1"],"picked":"Prepared+1","floor":21}],"player_experience":364007,"relics_obtained":[{"floor":7,"key":"Bag of Marbles"},{"floor":17,"key":"Pen Nib"},{"floor":17,"key":"Toxic Egg 2"},{"floor":17,"key":"Replay:Towering Pillar of Hats"}],"event_choices":[{"cards_removed":["Strike_G"],"damage_healed":0,"gold_gain":0,"player_choice":"Card Removal","damage_taken":0,"max_hp_gain":0,"max_hp_loss":0,"event_name":"The Cleric","floor":2,"gold_loss":50},{"damage_healed":0,"gold_gain":0,"player_choice":"Grow","damage_taken":0,"max_hp_gain":0,"max_hp_loss":0,"event_name":"Living Wall","floor":3,"gold_loss":0,"cards_upgraded":["Neutralize"]},{"damage_healed":0,"gold_gain":0,"player_choice":"Ignored","damage_taken":0,"max_hp_gain":0,"max_hp_loss":0,"event_name":"NoteForYourself","floor":4,"gold_loss":0},{"damage_healed":0,"gold_gain":0,"player_choice":"Success","damage_taken":3,"relics_obtained":["Sundial"],"max_hp_gain":0,"max_hp_loss":0,"event_name":"Scrap Ooze","floor":13,"gold_loss":0},{"damage_healed":0,"gold_gain":0,"player_choice":"Trade","damage_taken":0,"relics_obtained":["SsserpentHead"],"max_hp_gain":0,"max_hp_loss":0,"event_name":"FaceTrader","floor":20,"gold_loss":0}],"is_beta":false,"boss_relics":[{"not_picked":["Sozu","Ectoplasm"],"picked":"Calling Bell"}],"items_purged_floors":[],"is_endless":false,"potions_floor_spawned":[5,7,16,18,21],"killed_by":"Snake Plant","ascension_level":0}}