{"host":"mo4d2vii2wc3uyp7","time":1614141609,"event":{"mods":["AchievementEnabler","BaseMod","Colored Map","Highlight Path","Keyboard Shortcuts","Minty Spire (QoL Compilation)","Permanent Neow","Quick Restart","Shop Mod","StSLib","SuperFastMode","everything is the same but u backflip on backflip"],"gold_per_floor":[113,133,147,147,167,200,200,230,230,205,205,205,205,205,205,205,205],"floor_reached":16,"language":"KOR","playtime":286,"items_purged":[],"score":113,"play_id":"897c6b81-c9da-4c78-bbda-f429671bfb9d","local_time":"20210224134009","is_ascension_mode":true,"campfire_choices":[{"data":"Defragment","floor":7.0,"key":"SMITH"},{"floor":11,"key":"REST"},{"floor":15,"key":"REST"}],"circlet_count":0,"master_deck":["Strike_B","Strike_B","Strike_B","Strike_B","Defend_B","Defend_B","Defend_B","Defend_B","Zap+1","Dualcast+1","Meteor Strike","Loop","Auto Shields","Defragment+1","Capacitor","Rebound"],"relics":["Cracked Core","Bag of Preparation","Juzu Bracelet","Ornamental Fan","Lantern"],"acts_visited":["Exordium"],"potions_floor_usage":[8,8],"damage_taken":[{"damage":3.0,"enemies":"Small Slimes","floor":1.0,"turns":3.0},{"damage":2.0,"enemies":"2 Louse","floor":2.0,"turns":3.0},{"damage":1.0,"enemies":"Cultist","floor":3.0,"turns":4.0},{"damage":3.0,"enemies":"2 Fungi Beasts","floor":5.0,"turns":4.0},{"damage":31.0,"enemies":"Lagavulin","floor":6.0,"turns":7.0},{"damage":21,"enemies":"Gremlin Nob","floor":8,"turns":5},{"damage":57,"enemies":"Slime Boss","floor":16,"turns":8}],"seed_played":"8881551561311291528","potions_obtained":[{"floor":3.0,"key":"Dexterity Potion"},{"floor":5.0,"key":"Weak Potion"}],"is_trial":false,"path_per_floor":["M","M","M","?","M","E","R","E","T","?","R","?","?","?","R","B"],"character_chosen":"DEFECT","items_purchased":[],"campfire_rested":2,"item_purchase_floors":[],"current_hp_per_floor":[72,70,69,66,63,32,32,11,11,11,33,33,33,33,55,0,0],"gold":205,"neow_bonus":"ONE_RANDOM_RARE_CARD","is_daily":false,"chose_seed":false,"campfire_upgraded":1,"win_rate":0.0,"timestamp":1614141609,"path_taken":["M","M","M","?","M","E","R","E","T","?","R","?","?","?","R","BOSS"],"items_purchased_type":[],"build_version":"2020-12-22","purchased_purges":0,"victory":false,"max_hp_per_floor":[75,75,75,75,75,75,75,75,75,75,75,75,75,75,75,75,75],"card_choices":[{"not_picked":["Redo","Leap"],"picked":"Loop","floor":1.0},{"not_picked":["Blizzard","Compile Driver"],"picked":"Auto Shields","floor":2.0},{"not_picked":["Go for the Eyes","Coolheaded"],"picked":"Defragment","floor":3.0},{"not_picked":["Go for the Eyes","Heatsinks"],"picked":"Capacitor","floor":5.0},{"not_picked":["White Noise","Fusion"],"picked":"Rebound","floor":6.0},{"not_picked":["Buffer","Hologram","Recycle"],"picked":"SKIP","floor":8}],"player_experience":642711,"relics_obtained":[{"floor":6.0,"key":"Juzu Bracelet"},{"floor":8,"key":"Ornamental Fan"},{"floor":9,"key":"Lantern"}],"event_choices":[{"damage_healed":0.0,"max_hp_gain":0.0,"max_hp_loss":0.0,"gold_gain":0.0,"event_name":"Scrap Ooze","player_choice":"Success","floor":4.0,"gold_loss":0.0,"damage_taken":3.0,"relics_obtained":["Bag of Preparation"]},{"damage_healed":0,"gold_gain":0,"player_choice":"Left Gold","damage_taken":0,"max_hp_gain":0,"max_hp_loss":0,"event_name":"World of Goop","floor":10,"gold_loss":25},{"damage_healed":0,"gold_gain":0,"player_choice":"Upgraded","damage_taken":0,"max_hp_gain":0,"max_hp_loss":0,"event_name":"Upgrade Shrine","floor":12,"gold_loss":0,"cards_upgraded":["Dualcast"]},{"damage_healed":0,"gold_gain":0,"player_choice":"Grow","damage_taken":0,"max_hp_gain":0,"max_hp_loss":0,"event_name":"Living Wall","floor":13,"gold_loss":0,"cards_upgraded":["Zap"]},{"damage_healed":0,"gold_gain":0,"player_choice":"Ignored","damage_taken":0,"max_hp_gain":0,"max_hp_loss":0,"event_name":"Liars Game","floor":14,"gold_loss":0}],"is_beta":false,"boss_relics":[],"items_purged_floors":[],"is_endless":false,"potions_floor_spawned":[3,5],"killed_by":"Slime Boss","ascension_level":1}}