{"host":"2wfkxmfk74kgfdwc","time":1614169446,"event":{"mods":["Act Like it!","BaseMod","Bossed Relics","Colored Map","Colored Powertips","Curses Come First","Minty Spire (QoL Compilation)","Permanent Neow","Quick Restart","Relic Filter Mod","Relic Stats","Reliquary","Spire Arcade","StSLib","óô»ðÖ¸ÄÏ"],"gold_per_floor":[158,209,209,209,209,81,142,196,196,239,239,32,32,142,142,292,292,342,386,386,386,310,344,383,282,364,364,55,93,5,51,51,200,200,225,68,68,137,37,37,77,126,126,172,190,215,251,251,251,276],"floor_reached":51,"language":"ZHS","playtime":1729,"items_purged":["Regret","Writhe","Strike_P","Strike_P","Defend_P","Strike_P"],"score":907,"play_id":"1701b898-c942-4618-abc5-6d1c697ee712","local_time":"20210224202406","is_ascension_mode":false,"campfire_choices":[{"data":"HandOfGreed","floor":11.0,"key":"SMITH"},{"floor":13.0,"key":"REST"},{"data":"Vault","floor":15.0,"key":"SMITH"},{"floor":27.0,"key":"REST"},{"floor":32.0,"key":"REST"},{"floor":40.0,"key":"REST"},{"floor":49,"key":"REST"}],"circlet_count":0,"master_deck":["Strike_P+1","Defend_P","Defend_P","Defend_P","Eruption","Vigilance+1","HandOfGreed+1","Crescendo","PathToVictory","PathToVictory+1","Vault+1","PathToVictory","PathToVictory+1","Vault","ClearTheMind+1","DevaForm+1","Protect","Fasting2+1","TalkToTheHand+1","PathToVictory+1"],"relics":["PureWater","reliquary:WeakTea","Golden Idol","Ornamental Fan","Odd Mushroom","GoldenEye","Membership Card","Centennial Puzzle","Fusion Hammer","reliquary:Sideboard","Lantern","Frozen Egg 2","Prayer Wheel","reliquary:Buckler","reliquary:WritOfMandamus","Ice Cream","Unceasing Top","reliquary:JackalopeAntler","Peace Pipe","Spirit Poop"],"acts_visited":["Exordium","TheCity","TheBeyond"],"potions_floor_usage":[44,46,50,50],"damage_taken":[{"damage":0.0,"enemies":"2 Louse","floor":1.0,"turns":5.0},{"damage":0.0,"enemies":"Small Slimes","floor":2.0,"turns":4.0},{"damage":6.0,"enemies":"Lagavulin","floor":7.0,"turns":4.0},{"damage":18.0,"enemies":"The Mushroom Lair","floor":8.0,"turns":3.0},{"damage":0.0,"enemies":"Jaw Worm","floor":10.0,"turns":2.0},{"damage":0.0,"enemies":"3 Sentries","floor":14.0,"turns":8.0},{"damage":0.0,"enemies":"Slime Boss","floor":16.0,"turns":7.0},{"damage":0.0,"enemies":"Chosen","floor":18.0,"turns":2.0},{"damage":10.0,"enemies":"3 Byrds","floor":19.0,"turns":4.0},{"damage":13.0,"enemies":"Gremlin Leader","floor":23.0,"turns":4.0},{"damage":0.0,"enemies":"Snake Plant","floor":24.0,"turns":2.0},{"damage":0.0,"enemies":"Shelled Parasite and Fungi","floor":29.0,"turns":2.0},{"damage":20.0,"enemies":"Sentry and Sphere","floor":31.0,"turns":4.0},{"damage":20.0,"enemies":"Champ","floor":33.0,"turns":5.0},{"damage":3.0,"enemies":"Orb Walker","floor":35.0,"turns":3.0},{"damage":8.0,"enemies":"3 Shapes","floor":38.0,"turns":7.0},{"damage":2.0,"enemies":"Giant Head","floor":41.0,"turns":7.0},{"damage":0.0,"enemies":"Jaw Worm Horde","floor":42.0,"turns":4.0},{"damage":12,"enemies":"Maw","floor":44,"turns":5},{"damage":0,"enemies":"Writhing Mass","floor":45,"turns":5},{"damage":3,"enemies":"Sphere and 2 Shapes","floor":46,"turns":3},{"damage":31,"enemies":"Reptomancer","floor":47,"turns":5},{"damage":0,"enemies":"Awakened One","floor":50,"turns":7}],"seed_played":"-1752315112400928993","potions_obtained":[{"floor":1.0,"key":"BlessingOfTheForge"},{"floor":10.0,"key":"CultistPotion"},{"floor":14.0,"key":"SneckoOil"},{"floor":23.0,"key":"Explosive Potion"},{"floor":24.0,"key":"Ancient Potion"},{"floor":33.0,"key":"SmokeBomb"},{"floor":38.0,"key":"BlessingOfTheForge"},{"floor":44,"key":"PowerPotion"}],"is_trial":false,"path_per_floor":["M","M","?","?","?","$","E","?","T","M","R","$","R","E","R","B",null,"M","M","?","?","$","E","M","R","T","R","$","M","$","M","R","B",null,"M","$","?","M","$","R","E","M","T","M","M","M","E","?","R","B",null],"character_chosen":"WATCHER","items_purchased":["PathToVictory","Membership Card","PathToVictory","PathToVictory","Prayer Wheel","reliquary:Buckler","Vault","Ice Cream"],"campfire_rested":5,"item_purchase_floors":[6,12,22,25,28,28,28,36],"current_hp_per_floor":[72,72,58,58,58,58,52,34,34,34,34,34,54,54,54,54,67,67,57,57,57,57,44,44,44,44,64,64,64,64,44,64,44,67,64,64,64,56,56,67,65,65,65,53,53,50,19,19,38,38],"gold":276,"neow_bonus":"RANDOM_COLORLESS_2","is_daily":false,"chose_seed":false,"campfire_upgraded":2,"win_rate":0.0,"timestamp":1614169446,"path_taken":["M","M","?","?","?","$","E","?","T","?","R","$","R","E","R","BOSS","M","M","?","?","$","E","M","R","T","R","$","M","?","M","R","BOSS","M","$","?","M","$","R","E","M","T","M","?","M","E","?","R","BOSS"],"items_purchased_type":["Card","Relic","Card","Card","Relic","Relic","Card","Relic"],"build_version":"2020-12-22","purchased_purges":6,"victory":true,"max_hp_per_floor":[72,72,72,72,67,67,67,67,67,67,67,67,67,67,67,67,67,67,67,67,67,67,67,67,67,67,67,67,67,67,67,67,67,67,67,67,67,67,67,67,67,67,67,67,67,67,67,64,64,64],"relic_stats":{"Peace Pipe":0,"Centennial Puzzle":[30],"counters":[23,102],"Golden Idol":168,"Ornamental Fan":[24],"Prayer Wheel":7,"GoldenEye":[0],"obtain_stats":[{"Ice Cream":36,"Lantern":23,"Golden Idol":5,"reliquary:Sideboard":20,"Spirit Poop":48,"reliquary:WeakTea":4,"Odd Mushroom":8,"Frozen Egg 2":26,"GoldenEye":9,"reliquary:JackalopeAntler":43,"Peace Pipe":47,"Centennial Puzzle":14,"Ornamental Fan":7,"Prayer Wheel":28,"reliquary:Buckler":28,"Fusion Hammer":17,"Membership Card":12,"PureWater":0,"reliquary:WritOfMandamus":34,"Unceasing Top":41},{"Ice Cream":15,"Lantern":10,"Golden Idol":2,"reliquary:Sideboard":9,"Spirit Poop":22,"reliquary:WeakTea":2,"Odd Mushroom":4,"Frozen Egg 2":11,"GoldenEye":4,"reliquary:JackalopeAntler":18,"Peace Pipe":22,"Centennial Puzzle":6,"Ornamental Fan":3,"Prayer Wheel":11,"reliquary:Buckler":11,"Fusion Hammer":7,"Membership Card":5,"PureWater":0,"reliquary:WritOfMandamus":14,"Unceasing Top":17},{"Ice Cream":59,"Lantern":43,"Golden Idol":9,"reliquary:Sideboard":39,"Spirit Poop":95,"reliquary:WeakTea":9,"Odd Mushroom":16,"Frozen Egg 2":45,"GoldenEye":16,"reliquary:JackalopeAntler":77,"Peace Pipe":95,"Centennial Puzzle":26,"Ornamental Fan":13,"Prayer Wheel":45,"reliquary:Buckler":45,"Fusion Hammer":33,"Membership Card":18,"PureWater":0,"reliquary:WritOfMandamus":56,"Unceasing Top":73}],"Unceasing Top":[8]},"card_choices":[{"not_picked":["The Bomb","Sadistic Nature"],"picked":"HandOfGreed","floor":0.0},{"not_picked":["Evaluate","ThirdEye","ClearTheMind"],"picked":"SKIP","floor":1.0},{"not_picked":["Consecrate","BowlingBash"],"picked":"Crescendo","floor":2.0},{"not_picked":["Crescendo","FlyingSleeves","BowlingBash"],"picked":"SKIP","floor":7.0},{"not_picked":["JustLucky","CutThroughFate"],"picked":"PathToVictory","floor":8.0},{"not_picked":["SashWhip","Halt","Worship"],"picked":"SKIP","floor":10.0},{"not_picked":["Indignation","Protect"],"picked":"Vault","floor":14.0},{"not_picked":["SashWhip","CrushJoints","EmptyBody"],"picked":"SKIP","floor":18.0},{"not_picked":["SashWhip","WreathOfFlame","BattleHymn"],"picked":"SKIP","floor":19.0},{"not_picked":["SashWhip","Consecrate","BowlingBash+1"],"picked":"SKIP","floor":23.0},{"not_picked":["FollowUp","Crescendo","Protect"],"picked":"SKIP","floor":24.0},{"not_picked":["Conclude","CrushJoints"],"picked":"ClearTheMind+1","floor":29.0},{"not_picked":["SignatureMove","EmptyFist","FollowUp"],"picked":"SKIP","floor":29.0},{"not_picked":["Vengeance","ReachHeaven+1"],"picked":"Protect","floor":31.0},{"not_picked":["Crescendo+1","Collect","DeceiveReality"],"picked":"SKIP","floor":31.0},{"not_picked":["LessonLearned","Establishment+1"],"picked":"DevaForm+1","floor":33.0},{"not_picked":["SandsOfTime","Worship","ClearTheMind"],"picked":"SKIP","floor":35.0},{"not_picked":["Wallop","Study+1","Tantrum"],"picked":"SKIP","floor":35.0},{"not_picked":["Protect","EmptyFist"],"picked":"Fasting2+1","floor":38.0},{"not_picked":["ReachHeaven+1","JustLucky+1","Crescendo"],"picked":"SKIP","floor":38.0},{"not_picked":["ReachHeaven+1","JustLucky+1","Crescendo"],"picked":"SKIP","floor":38.0},{"not_picked":["MasterReality+1","PathToVictory"],"picked":"TalkToTheHand+1","floor":41.0},{"not_picked":["DeceiveReality","FollowUp+1"],"picked":"PathToVictory+1","floor":42.0},{"not_picked":["EmptyFist+1","FlyingSleeves","Tantrum"],"picked":"SKIP","floor":42.0},{"not_picked":["FlurryOfBlows+1","BowlingBash","Consecrate"],"picked":"SKIP","floor":44},{"not_picked":["WreathOfFlame+1","DevaForm+1","Crescendo+1"],"picked":"SKIP","floor":44},{"not_picked":["FlurryOfBlows+1","BowlingBash","Consecrate"],"picked":"SKIP","floor":44},{"not_picked":["WreathOfFlame+1","DevaForm+1","Crescendo+1"],"picked":"SKIP","floor":44},{"not_picked":["EmptyBody","JustLucky","FollowUp"],"picked":"SKIP","floor":45},{"not_picked":["ThirdEye+1","FlyingSleeves+1","BowlingBash"],"picked":"SKIP","floor":45},{"not_picked":["Nirvana+1","WreathOfFlame","Judgement"],"picked":"SKIP","floor":47}],"player_experience":27479,"relics_obtained":[{"floor":7.0,"key":"Ornamental Fan"},{"floor":8.0,"key":"Odd Mushroom"},{"floor":9.0,"key":"GoldenEye"},{"floor":14.0,"key":"Centennial Puzzle"},{"floor":23.0,"key":"Lantern"},{"floor":26.0,"key":"Frozen Egg 2"},{"floor":41.0,"key":"Unceasing Top"},{"floor":43.0,"key":"reliquary:JackalopeAntler"},{"floor":47,"key":"Peace Pipe"}],"event_choices":[{"damage_healed":0.0,"max_hp_gain":0.0,"max_hp_loss":0.0,"gold_gain":0.0,"event_name":"Shining Light","player_choice":"Entered Light","floor":3.0,"gold_loss":0.0,"damage_taken":14.0,"cards_upgraded":["Strike_P","Vigilance"]},{"damage_healed":0.0,"max_hp_gain":0.0,"max_hp_loss":0.0,"gold_gain":0.0,"event_name":"Big Fish","player_choice":"Box","floor":4.0,"gold_loss":0.0,"damage_taken":0.0,"relics_obtained":["reliquary:WeakTea"],"cards_obtained":["Regret"]},{"damage_healed":0.0,"max_hp_gain":0.0,"max_hp_loss":5.0,"gold_gain":0.0,"event_name":"Golden Idol","player_choice":"Lose Max HP","floor":5.0,"gold_loss":0.0,"damage_taken":0.0,"relics_obtained":["Golden Idol"]},{"damage_healed":0.0,"max_hp_gain":0.0,"max_hp_loss":0.0,"gold_gain":0.0,"event_name":"Mushrooms","player_choice":"Fought Mushrooms","floor":8.0,"gold_loss":0.0,"damage_taken":0.0},{"damage_healed":0.0,"max_hp_gain":0.0,"max_hp_loss":0.0,"gold_gain":0.0,"event_name":"The Mausoleum","player_choice":"Opened","floor":20.0,"gold_loss":0.0,"damage_taken":0.0,"relics_obtained":["reliquary:Sideboard"]},{"damage_healed":0.0,"max_hp_gain":0.0,"max_hp_loss":0.0,"gold_gain":0.0,"event_name":"Ghosts","player_choice":"Ignored","floor":21.0,"gold_loss":0.0,"damage_taken":0.0},{"damage_healed":0.0,"max_hp_gain":0.0,"max_hp_loss":0.0,"gold_gain":0.0,"event_name":"NoteForYourself","player_choice":"Ignored","floor":37.0,"gold_loss":0.0,"damage_taken":0.0},{"cards_removed":["Parasite"],"damage_healed":0,"gold_gain":0,"player_choice":"Offered Curse","damage_taken":0,"relics_obtained":["Spirit Poop"],"max_hp_gain":0,"max_hp_loss":0,"event_name":"Bonfire Elementals","floor":48,"gold_loss":0}],"is_beta":false,"boss_relics":[{"not_picked":["Runic Pyramid","reliquary:KinkedSpring"],"picked":"Fusion Hammer"},{"not_picked":["Runic Dome","Philosopher\u0027s Stone"],"picked":"reliquary:WritOfMandamus"}],"items_purged_floors":[6,12,22,25,30,39],"is_endless":false,"potions_floor_spawned":[1,10,14,23,24,33,38,44],"ascension_level":0}}