{"host":"k2fk6k4lf3fy23m9","time":1614125756,"event":{"mods":["AchievementEnabler","BaseMod","Card Forge","CatGirl Mod","Colored Map","DeckTracker","FoggyMod","Fox Events","Hermit","Minty Spire (QoL Compilation)","READ ME - Snecko Mod","SIMod","Shop Mod","StSLib","Synergy Search","The Servant 0.9.4","The Vixen","TheHero","UnlockEverythingMod","Waifu the Spire"],"gold_per_floor":[119,119,119,138,138,171,171,66,66,81,104,379,398,154,154,284,284,309,120,159,209,230,230,264,264,313,170,170,89,123,143,143,242,242,253,321,596,607,623,651,651,651,651,666,666,691,691,691,691,691,691,691,41,74,74],"floor_reached":56,"language":"DEU","playtime":4473,"items_purged":[],"score":1412,"play_id":"30255feb-63c6-4719-9156-becc62ade414","local_time":"20210224011556","is_ascension_mode":false,"campfire_choices":[{"floor":7,"key":"REST"},{"floor":15,"key":"REST"},{"floor":28,"key":"REST"},{"floor":32,"key":"RECALL"},{"floor":49,"key":"REST"},{"floor":52,"key":"REST"}],"circlet_count":0,"master_deck":["TheVixenMod:SunnyDay+1","TheVixenMod:Ember+1","TheVixenMod:Flamethrower+1","TheVixenMod:Analytic+1","TheVixenMod:ShadowBall+1","TheVixenMod:Defiant+1","TheVixenMod:DoubleTeam+1","TheVixenMod:Confusion+1","TheVixenMod:CalmMind+1","TheVixenMod:TailWhip+1","TheVixenMod:Dazzling+1","TheVixenMod:SolarBeam+1","TheVixenMod:FirePunch+7","TheVixenMod:Curse+1","TheVixenMod:ConfuseRay+1","TheVixenMod:FlareBlitz+1","TheVixenMod:Swagger+1","TheVixenMod:FireFang+1","TheVixenMod:LightScreen+1","TheVixenMod:CalmMind+1","TheVixenMod:WillOWisp+1","TheVixenMod:MagicCoat+1","TheVixenMod:FlameBody+1","TheVixenMod:Telepathy+1","TheVixenMod:SynergyBurst+1","TheVixenMod:NastyPlot+1","TheVixenMod:Guts+1","TheVixenMod:NastyPlot+1","TheVixenMod:ShadowBall+1","TheVixenMod:CalmMind+1"],"relics":["TheVixenMod:BurningStick","Hammer of Thor","Seething Fire","Anvil of the Gods","Orichalcum","TheVixenMod:UmbreonRelic","Bloody Idol","Mummified Hand","Singing Bowl","MerchantsRug","OrangePellets","Dream Catcher","Red Mask","Enchiridion","Blood Vial","Vajra","Medical Kit","Bag of Preparation","Black Star","Mercury Hourglass","Molten Egg 2","Omamori","Regal Pillow","PreservedInsect","Art of War","Pantograph","Shuriken","Toy Ornithopter","HandDrill","TheVixenMod:OranBerry","InkBottle"],"acts_visited":["Exordium","TheCity","TheBeyond","TheEnding"],"potions_floor_usage":[16,18,24,33,44,50,55,55,55],"damage_taken":[{"damage":1,"enemies":"2 Louse","floor":1,"turns":3},{"damage":0,"enemies":"2 Louse","floor":2,"turns":6},{"damage":3,"enemies":"Jaw Worm","floor":4,"turns":2},{"damage":38,"enemies":"Gremlin Nob","floor":6,"turns":5},{"damage":0,"enemies":"Cultist","floor":10,"turns":3},{"damage":9,"enemies":"3 Louse","floor":13,"turns":4},{"damage":15,"enemies":"Slime Boss","floor":16,"turns":7},{"damage":6,"enemies":"Shell Parasite","floor":18,"turns":4},{"damage":8,"enemies":"Masked Bandits","floor":20,"turns":3},{"damage":14,"enemies":"2 Thieves","floor":22,"turns":3},{"damage":0,"enemies":"Book of Stabbing","floor":24,"turns":2},{"damage":14,"enemies":"Slavers","floor":30,"turns":4},{"damage":0,"enemies":"Snecko","floor":31,"turns":1},{"damage":2,"enemies":"Collector","floor":33,"turns":3},{"damage":0,"enemies":"3 Shapes","floor":35,"turns":1},{"damage":0,"enemies":"Orb Walker","floor":38,"turns":1},{"damage":2,"enemies":"Spire Growth","floor":39,"turns":3},{"damage":0,"enemies":"Giant Head","floor":40,"turns":4},{"damage":0,"enemies":"Transient","floor":44,"turns":5},{"damage":0,"enemies":"Reptomancer","floor":46,"turns":2},{"damage":14,"enemies":"Awakened One","floor":50,"turns":5},{"damage":0,"enemies":"Shield and Spear","floor":54,"turns":2},{"damage":20,"enemies":"The Heart","floor":55,"turns":4}],"seed_played":"386128205030464135","potions_obtained":[{"floor":6,"key":"FearPotion"},{"floor":10,"key":"Fire Potion"},{"floor":16,"key":"AttackPotion"},{"floor":18,"key":"LiquidMemories"},{"floor":30,"key":"Dexterity Potion"},{"floor":40,"key":"SteroidPotion"},{"floor":46,"key":"SpeedPotion"}],"is_trial":false,"path_per_floor":["M","?","?","M","?","E","R","$","T","M","T","?","M","$","R","B",null,"M","$","?","?","M","?","E","?","T","$","R","$","E","M","R","B",null,"M","T","?","M","M","E","?","?","T","M","?","E","?","T","R","B",null,"R","$","E","B",null],"character_chosen":"THE_VIXEN","items_purchased":["TheVixenMod:Defiant","TheVixenMod:DoubleTeam","TheVixenMod:TailWhip","TheVixenMod:Dazzling","MerchantsRug","OrangePellets","Dream Catcher","Medical Kit","TheVixenMod:FlameBody","Shuriken","Toy Ornithopter","SteroidPotion","PowerPotion","HandDrill","TheVixenMod:CalmMind"],"campfire_rested":5,"item_purchase_floors":[8,8,14,14,14,19,19,27,29,53,53,53,53,53,53],"current_hp_per_floor":[69,69,69,66,66,28,49,49,49,49,49,49,40,40,61,46,70,64,64,58,58,44,28,30,30,35,35,57,57,50,59,59,64,76,78,78,78,78,80,71,71,80,80,80,70,79,79,79,82,68,82,84,84,76,81],"gold":74,"neow_bonus":"RANDOM_COMMON_RELIC","is_daily":false,"chose_seed":false,"campfire_upgraded":0,"win_rate":0.0,"timestamp":1614125756,"path_taken":["M","?","?","?","?","E","R","?","T","?","?","?","?","$","R","BOSS","M","?","?","?","?","?","E","?","T","?","R","?","E","?","R","BOSS","M","?","?","?","?","E","?","?","T","?","?","E","?","?","R","BOSS","R","$","E","BOSS"],"items_purchased_type":["Card","Card","Card","Card","Relic","Relic","Relic","Relic","Card","Relic","Relic","Potion","Potion","Relic","Card"],"build_version":"2020-12-22","purchased_purges":0,"victory":true,"max_hp_per_floor":[70,70,70,70,70,70,70,70,70,70,70,70,70,70,70,70,70,70,70,72,72,72,72,74,74,74,74,74,74,74,76,76,76,76,78,78,78,78,80,80,80,80,80,80,80,82,82,82,82,82,82,84,84,86,86],"card_choices":[{"not_picked":["TheVixenMod:TailWhip","TheVixenMod:Swagger"],"picked":"TheVixenMod:Flamethrower","floor":1},{"not_picked":["TheVixenMod:Telepathy","TheVixenMod:TailWhip"],"picked":"TheVixenMod:Analytic","floor":4},{"not_picked":["TheVixenMod:Safeguard","TheVixenMod:Protect"],"picked":"TheVixenMod:ShadowBall","floor":6},{"not_picked":["TheVixenMod:Psyshock","TheVixenMod:TrickRoom"],"picked":"TheVixenMod:Confusion","floor":10},{"not_picked":["TheVixenMod:Feint","TheVixenMod:Refresh"],"picked":"TheVixenMod:CalmMind","floor":13},{"not_picked":["TheVixenMod:BlastBurn","TheVixenMod:Copycat"],"picked":"TheVixenMod:SolarBeam","floor":16},{"not_picked":["TheVixenMod:CADC","TheVixenMod:TailWhip+1"],"picked":"TheVixenMod:CalmMind","floor":18},{"not_picked":["TheVixenMod:TailWhip","TheVixenMod:Extrasensory","TheVixenMod:Dazzling"],"picked":"Singing Bowl","floor":20},{"not_picked":["TheVixenMod:FlameBurst+1","TheVixenMod:FlareBlitz"],"picked":"TheVixenMod:WillOWisp+1","floor":22},{"not_picked":["TheVixenMod:TrickRoom","TheVixenMod:Barrier","TheVixenMod:Psybeam"],"picked":"Singing Bowl","floor":24},{"not_picked":["TheVixenMod:LavaPlume+1","TheVixenMod:Hypnosis"],"picked":"TheVixenMod:MagicCoat+1","floor":28},{"not_picked":["TheVixenMod:Spite","TheVixenMod:FlameCharge"],"picked":"TheVixenMod:Telepathy","floor":30},{"not_picked":["TheVixenMod:Facade","TheVixenMod:CADC","TheVixenMod:ShadowBall"],"picked":"Singing Bowl","floor":31},{"not_picked":["TheVixenMod:WonderRoom","TheVixenMod:Substitute"],"picked":"TheVixenMod:SynergyBurst","floor":33},{"not_picked":["TheVixenMod:Extrasensory+1","TheVixenMod:CADC","TheVixenMod:Psybeam"],"picked":"Singing Bowl","floor":35},{"not_picked":["TheVixenMod:Overheat+1","TheVixenMod:FlareBlitz+1"],"picked":"TheVixenMod:NastyPlot","floor":38},{"not_picked":["TheVixenMod:Overheat+1","TheVixenMod:FirePunch","TheVixenMod:LavaPlume+1"],"picked":"Singing Bowl","floor":39},{"not_picked":["TheVixenMod:TrumpCard+1","TheVixenMod:Hypnosis"],"picked":"TheVixenMod:Guts","floor":40},{"not_picked":["TheVixenMod:Psybeam+1","TheVixenMod:Protect+1"],"picked":"TheVixenMod:NastyPlot+1","floor":44},{"not_picked":["TheVixenMod:LavaPlume+1","TheVixenMod:FlameBody+1","TheVixenMod:TrickRoom+1"],"picked":"Singing Bowl","floor":46},{"not_picked":["TheVixenMod:Facade+1","TheVixenMod:CADC"],"picked":"TheVixenMod:ShadowBall+1","floor":49},{"not_picked":["TheVixenMod:Incinerate+1","TheVixenMod:FirePunch+1","TheVixenMod:FlameBody+1"],"picked":"Singing Bowl","floor":52},{"not_picked":["TheVixenMod:Barrier","TheVixenMod:Telepathy+1","TheVixenMod:ConfuseRay+1"],"picked":"Singing Bowl","floor":54}],"player_experience":217537,"relics_obtained":[{"floor":6,"key":"Mummified Hand"},{"floor":9,"key":"Singing Bowl"},{"floor":20,"key":"Red Mask"},{"floor":23,"key":"Enchiridion"},{"floor":24,"key":"Blood Vial"},{"floor":26,"key":"Vajra"},{"floor":30,"key":"Bag of Preparation"},{"floor":36,"key":"Mercury Hourglass"},{"floor":40,"key":"Molten Egg 2"},{"floor":40,"key":"Omamori"},{"floor":43,"key":"Regal Pillow"},{"floor":46,"key":"PreservedInsect"},{"floor":46,"key":"Art of War"},{"floor":48,"key":"Pantograph"},{"floor":54,"key":"TheVixenMod:OranBerry"},{"floor":54,"key":"InkBottle"}],"event_choices":[{"damage_healed":0,"gold_gain":0,"player_choice":"Fight the Beast\u0027s assailants","damage_taken":0,"relics_obtained":["TheVixenMod:UmbreonRelic"],"max_hp_gain":0,"max_hp_loss":0,"event_name":"Creature of the Night","floor":2,"gold_loss":0},{"damage_healed":0,"gold_gain":0,"player_choice":"Ignored","damage_taken":0,"max_hp_gain":0,"max_hp_loss":0,"event_name":"NoteForYourself","floor":3,"gold_loss":0},{"damage_healed":0,"gold_gain":0,"player_choice":"Take Wound","damage_taken":0,"relics_obtained":["Golden Idol"],"max_hp_gain":0,"max_hp_loss":0,"event_name":"Golden Idol","floor":5,"gold_loss":0,"cards_obtained":["Injury"]},{"damage_healed":0,"gold_gain":275,"player_choice":"Desecrate","damage_taken":0,"max_hp_gain":0,"max_hp_loss":0,"event_name":"Golden Shrine","floor":12,"gold_loss":0,"cards_obtained":["Regret"]},{"damage_healed":0,"gold_gain":0,"player_choice":"Fought Bandits","damage_taken":0,"max_hp_gain":0,"max_hp_loss":0,"event_name":"Masked Bandits","floor":20,"gold_loss":0},{"damage_healed":0,"gold_gain":100,"player_choice":"Bet on Murderer","damage_taken":0,"max_hp_gain":0,"max_hp_loss":0,"event_name":"The Joust","floor":21,"gold_loss":50},{"damage_healed":0,"gold_gain":0,"player_choice":"Obtained Book","damage_taken":16,"max_hp_gain":0,"max_hp_loss":0,"event_name":"Cursed Tome","floor":23,"gold_loss":0},{"damage_healed":0,"gold_gain":0,"player_choice":"Gave Idol","damage_taken":0,"relics_obtained":["Bloody Idol"],"max_hp_gain":0,"max_hp_loss":0,"event_name":"Forgotten Altar","floor":25,"relics_lost":["Golden Idol"],"gold_loss":0},{"damage_healed":0,"gold_gain":275,"player_choice":"Desecrate","damage_taken":0,"max_hp_gain":0,"max_hp_loss":0,"event_name":"Golden Shrine","floor":37,"gold_loss":0,"cards_obtained":["Regret"]},{"cards_removed":["TheVixenMod:Curse"],"damage_healed":0,"gold_gain":0,"player_choice":"Removed Skill","damage_taken":0,"max_hp_gain":0,"max_hp_loss":0,"event_name":"Falling","floor":41,"gold_loss":0},{"damage_healed":0,"gold_gain":0,"player_choice":"Embrace Madness","damage_taken":10,"max_hp_gain":0,"max_hp_loss":0,"event_name":"Winding Halls","floor":45,"gold_loss":0,"cards_obtained":["Madness","Madness"]}],"is_beta":false,"boss_relics":[{"not_picked":["Empty Cage","Astrolabe"],"picked":"Pandora\u0027s Box"},{"not_picked":["Busted Crown","SlaversCollar"],"picked":"Black Star"}],"items_purged_floors":[],"is_endless":false,"potions_floor_spawned":[6,10,16,18,30,40,46],"ascension_level":0}}