{"host":"k0n8pgjylnovu342","time":1614135780,"event":{"mods":["BaseMod","Beaked The Cultist","Colored Powertips","Downfall","Fox Events","Hermit","Hubris","Koishi","Minty Spire (QoL Compilation)","Replay The Spire","Shop Mod","Spikes Relics","StSLib","The Cursed","The Disciple","The Jungle","The Runesmith","The Senshi","The Servant 0.9.4","The Witch","TheBandit"],"gold_per_floor":[153,189,243,294,336,444,483,585,585,594,705,819,828,19,19,343,343,385,451,520,520,520],"floor_reached":21,"language":"ENG","playtime":2299,"items_purged":["Strike_B"],"score":238,"play_id":"aabda7dc-0977-4123-9975-ca91ff513e9b","local_time":"20210223220300","daily_mods":["Heirloom","Flight","DeadlyEvents","Elite Swarm","Midas"],"is_ascension_mode":false,"campfire_choices":[{"floor":10,"key":"REST"},{"floor":15,"key":"REST"}],"circlet_count":0,"master_deck":["Strike_B","Strike_B","Strike_B","Defend_B","Defend_B","Defend_B","Defend_B","Zap","Dualcast","DiskWipe","Ball Lightning","Ball Lightning","Barrage","Coolheaded","Reboot","Glacier","Electrodynamics","Sweeping Beam","hubris:SpecializedCircuitry","Creative AI","Pain","Heatsinks","Thunder Strike","hubris:Ukulele","Echo Form","Beam Cell","Steam+1","Force Field+1"],"relics":["Cracked Core","replay:Trail_Library","Replay:PocketPolymizer","CeramicFish","Torii","Darkstone Periapt","The Courier","Regal Pillow","WarpedTongs","Shuriken","Frozen Eye","Ice Cream","Honey Jar"],"acts_visited":["Exordium","theJungle:Jungle"],"potions_floor_usage":[5,8,19,21,21],"damage_taken":[{"damage":0,"enemies":"Small Slimes","floor":1,"turns":2},{"damage":1,"enemies":"Cultist","floor":2,"turns":4},{"damage":2,"enemies":"2 Louse","floor":3,"turns":2},{"damage":4,"enemies":"Blue Slaver","floor":4,"turns":3},{"damage":4,"enemies":"Gremlin Gang","floor":5,"turns":4},{"damage":24,"enemies":"Gremlin Nob","floor":6,"turns":4},{"damage":10,"enemies":"Looter","floor":7,"turns":2},{"damage":9,"enemies":"Lagavulin","floor":8,"turns":6},{"damage":15,"enemies":"Replay:BlueRogue","floor":11,"turns":5},{"damage":15,"enemies":"Lagavulin","floor":12,"turns":7},{"damage":49,"enemies":"Slime Boss","floor":16,"turns":6},{"damage":19,"enemies":"theJungle:MUSHROOMGANG","floor":18,"turns":3},{"damage":24,"enemies":"Shell Parasite","floor":19,"turns":4},{"damage":30,"enemies":"theJungle:SlimyTreeVines","floor":20,"turns":4},{"damage":17,"enemies":"theJungle:2_Snecko_Cultists","floor":21,"turns":2}],"seed_played":"7379373154016063801","potions_obtained":[{"floor":2,"key":"EssenceOfSteel"},{"floor":3,"key":"Energy Potion"},{"floor":8,"key":"FearPotion"},{"floor":11,"key":"Explosive Potion"},{"floor":16,"key":"Toxic Potion"},{"floor":19,"key":"Doom Potion"}],"is_trial":true,"path_per_floor":["M","M","M","M","M","E","M","E","T","R","E","E","?","$","R","B",null,"M","M","M","M"],"character_chosen":"DEFECT","items_purchased":["Heatsinks","Thunder Strike","Shuriken","hubris:Ukulele","Frozen Eye","Ice Cream"],"campfire_rested":2,"item_purchase_floors":[14,14,14,14,14,14],"current_hp_per_floor":[75,74,72,68,64,40,30,21,21,43,28,13,19,19,58,9,81,62,38,13,0,0],"gold":520,"neow_bonus":"","is_daily":false,"chose_seed":false,"campfire_upgraded":0,"win_rate":0.0,"timestamp":1614135780,"path_taken":["M","M","M","M","M","E","M","E","T","R","E","E","?","$","R","BOSS","M","M","M","?"],"items_purchased_type":["Card","Card","Relic","Card","Relic","Relic"],"build_version":"2020-12-22","purchased_purges":1,"victory":false,"max_hp_per_floor":[75,75,75,75,75,75,75,75,75,75,75,75,81,81,81,81,81,81,81,81,81,81],"card_choices":[{"not_picked":["Streamline","Stack"],"picked":"DiskWipe","floor":1},{"not_picked":["Conserve Battery","Echo Form"],"picked":"Ball Lightning","floor":2},{"not_picked":["Time Bomb","ReplayTheSpireMod:GoodbyeWorld"],"picked":"Ball Lightning","floor":3},{"not_picked":["BasicCrystalCard","Gash"],"picked":"Barrage","floor":4},{"not_picked":["ReplaySolidLightProjector","ReplayGash"],"picked":"Coolheaded","floor":5},{"not_picked":["Echo Form","Amplify"],"picked":"Reboot","floor":6},{"not_picked":["Hologram","Cold Snap"],"picked":"Glacier","floor":7},{"not_picked":["Rainbow","Amplify"],"picked":"Electrodynamics","floor":8},{"not_picked":["Electrodynamics","Amplify"],"picked":"hubris:SpecializedCircuitry","floor":11},{"not_picked":["Meteor Strike","All For One"],"picked":"Creative AI","floor":12},{"not_picked":["Reboot","Buffer"],"picked":"Echo Form","floor":16},{"not_picked":["Leap","Force Field","Gash"],"picked":"Beam Cell","floor":18},{"not_picked":["Streamline","Reinforced Body","Undo"],"picked":"Steam+1","floor":19},{"not_picked":["Hologram","ReplayTheSpireMod:Repulse","Redo"],"picked":"Force Field+1","floor":20}],"player_experience":202819,"relics_obtained":[{"floor":6,"key":"CeramicFish"},{"floor":8,"key":"Torii"},{"floor":9,"key":"Darkstone Periapt"},{"floor":11,"key":"The Courier"},{"floor":12,"key":"Regal Pillow"}],"event_choices":[{"damage_healed":0,"gold_gain":0,"player_choice":"Rummage","damage_taken":0,"relics_obtained":["WarpedTongs"],"max_hp_gain":0,"max_hp_loss":0,"event_name":"Accursed Blacksmith","floor":13,"gold_loss":0,"cards_obtained":["Pain"]}],"is_beta":false,"boss_relics":[{"not_picked":["Pandora\u0027s Box","Snecko Eye"],"picked":"Honey Jar"}],"items_purged_floors":[14],"is_endless":false,"potions_floor_spawned":[2,3,8,11,16,19],"killed_by":"theJungle:2_Snecko_Cultists","ascension_level":0}}