{"host":"ufhw4cf0hh51lveu","time":1614149986,"event":{"mods":["BaseMod","DeckTracker","Lobotomy","Minty Spire (QoL Compilation)","SuperFastMode"],"gold_per_floor":[114,39,54,9,24,24,24,24,99,99,114,129,144,159,159,159,159],"floor_reached":16,"language":"KOR","playtime":258,"items_purged":["Strike_G"],"score":94,"play_id":"1c3ca7f5-f261-436a-9e94-0131e7440eca","local_time":"20210224155946","daily_mods":["Heirloom","Red Cards","DeadlyEvents"],"is_ascension_mode":false,"campfire_choices":[{"data":"Dagger Spray","floor":6,"key":"SMITH"},{"data":"Neutralize","floor":8,"key":"SMITH"},{"data":"Flying Knee","floor":10,"key":"SMITH"},{"data":"Survivor","floor":15,"key":"SMITH"}],"circlet_count":0,"master_deck":["Strike_G","Strike_G","Strike_G","Strike_G","Defend_G","Defend_G","Defend_G","Defend_G","Defend_G","Survivor+1","Neutralize+1","Wild Strike","Dagger Spray+1","Flying Knee+1","Underhanded Strike","Havoc","Masterful Stab"],"relics":["Ring of the Snake","Tough Bandages","Gremlin Horn"],"acts_visited":["Exordium"],"potions_floor_usage":[14,16],"damage_taken":[{"damage":0,"enemies":"Cultist","floor":1,"turns":3},{"damage":0,"enemies":"Jaw Worm","floor":3,"turns":4},{"damage":0,"enemies":"2 Louse","floor":5,"turns":2},{"damage":11,"enemies":"Blue Slaver","floor":11,"turns":3},{"damage":2,"enemies":"3 Louse","floor":12,"turns":2},{"damage":2,"enemies":"Looter","floor":13,"turns":2},{"damage":0,"enemies":"Large Slime","floor":14,"turns":2},{"damage":28,"enemies":"The Guardian","floor":16,"turns":6}],"seed_played":"1986488565424594500","potions_obtained":[{"floor":12,"key":"Regen Potion"},{"floor":13,"key":"AttackPotion"}],"is_trial":false,"path_per_floor":["M","$","M","$","M","R","$","R","T","R","M","M","M","M","R","B"],"character_chosen":"THE_SILENT","items_purchased":["Dagger Spray"],"campfire_rested":0,"item_purchase_floors":[4],"current_hp_per_floor":[70,70,70,70,70,70,70,70,70,70,59,57,55,55,55,41,41],"gold":159,"neow_bonus":"","is_daily":true,"chose_seed":false,"campfire_upgraded":4,"win_rate":0.0,"timestamp":1614149986,"path_taken":["M","$","M","$","M","R","?","R","T","R","?","M","M","M","R","BOSS"],"items_purchased_type":["Card"],"build_version":"2020-12-22","purchased_purges":1,"victory":false,"max_hp_per_floor":[70,70,70,70,70,70,70,70,70,70,70,70,70,70,70,70,70],"card_choices":[{"not_picked":["Iron Wave","Clash"],"picked":"Wild Strike","floor":1},{"not_picked":["Bane","Flame Barrier","Shrug It Off"],"picked":"SKIP","floor":3},{"not_picked":["Dagger Spray","Warcry"],"picked":"Flying Knee","floor":5},{"not_picked":["Thunderclap","PiercingWail"],"picked":"Underhanded Strike","floor":11},{"not_picked":["Flying Knee","Flechettes","Combust"],"picked":"SKIP","floor":12},{"not_picked":["Sword Boomerang","Quick Slash"],"picked":"Havoc","floor":13},{"not_picked":["Pummel","Burst"],"picked":"Masterful Stab","floor":14}],"player_experience":79334,"relics_obtained":[{"floor":9,"key":"Gremlin Horn"}],"event_choices":[],"is_beta":false,"boss_relics":[],"items_purged_floors":[2],"is_endless":false,"potions_floor_spawned":[12,13],"killed_by":"The Guardian","ascension_level":0}}