{"host":"of8gj1gadsx6jhxl","time":1614180191,"event":{"mods":["BaseMod","Bestiary","Colored Map","Minty Spire (QoL Compilation)","Reliquary","Shop Mod","StSLib"],"gold_per_floor":[117,133,144,22,37,37,2,33,33,53,72,72,87,105,105,200,200,219,144,156,171,201,201,221,221,221,238,238,261,281,281,281,384,384,394,411,426,445,73,73,102,116,116,116,26,39,39,70,70,70,70,70,22,49,49,49],"floor_reached":55,"language":"ENG","playtime":6379,"items_purged":[],"score":792,"play_id":"1a673498-5b1c-433b-9a3d-b509df366ea8","local_time":"20210224102311","is_ascension_mode":true,"campfire_choices":[{"data":"Metallicize","floor":6.0,"key":"SMITH"},{"data":"Armaments","floor":12.0,"key":"SMITH"},{"data":"Warcry","floor":15.0,"key":"SMITH"},{"data":"Feel No Pain","floor":23.0,"key":"SMITH"},{"data":"Warcry","floor":25.0,"key":"SMITH"},{"data":"Perfected Strike","floor":32.0,"key":"SMITH"},{"data":"Heavy Blade","floor":40.0,"key":"SMITH"},{"data":"Feed","floor":44.0,"key":"SMITH"},{"floor":47.0,"key":"RECALL"},{"data":"Inflame","floor":49.0,"key":"SMITH"},{"data":"Bash","floor":52.0,"key":"SMITH"}],"circlet_count":0,"master_deck":["Strike_R","Strike_R","Strike_R","Strike_R","Strike_R","Defend_R","Defend_R+1","Bash+1","Armaments+1","Twin Strike","Warcry+1","Metallicize+1","Heavy Blade+1","Perfected Strike+1","Carnage","Ghostly Armor","Thunderclap","Wild Strike","Anger","Feed+1","Warcry+1","Feel No Pain+1","Inflame+1","Pommel Strike","Warcry+1","Demon Form+1","Burning Pact+1","Flame Barrier+1","Ghostly Armor+1","Feel No Pain+1","Spot Weakness+1","Pummel+1","Flex+1","Seeing Red+1"],"relics":["Burning Blood","Pocketwatch","FossilizedHelix","Coffee Dripper","Red Mask","Frozen Egg 2","Enchiridion","Busted Crown","PreservedInsect","Sling","Meat on the Bone","Bottled Lightning","Prayer Wheel","reliquary:SilkGlove"],"acts_visited":["Exordium","TheCity","TheBeyond","TheEnding"],"potions_floor_usage":[55,55],"damage_taken":[{"damage":0.0,"enemies":"2 Louse","floor":1.0,"turns":3.0},{"damage":3.0,"enemies":"Jaw Worm","floor":2.0,"turns":3.0},{"damage":1.0,"enemies":"Cultist","floor":3.0,"turns":3.0},{"damage":22.0,"enemies":"Exordium Wildlife","floor":5.0,"turns":8.0},{"damage":34.0,"enemies":"Lagavulin","floor":8.0,"turns":7.0},{"damage":0.0,"enemies":"Red Slaver","floor":10.0,"turns":2.0},{"damage":5.0,"enemies":"3 Louse","floor":11.0,"turns":4.0},{"damage":0.0,"enemies":"Blue Slaver","floor":13.0,"turns":2.0},{"damage":4.0,"enemies":"Gremlin Gang","floor":14.0,"turns":5.0},{"damage":33.0,"enemies":"The Guardian","floor":16.0,"turns":8.0},{"damage":0.0,"enemies":"Chosen","floor":18.0,"turns":4.0},{"damage":0.0,"enemies":"Spheric Guardian","floor":20.0,"turns":3.0},{"damage":14.0,"enemies":"Centurion and Healer","floor":21.0,"turns":4.0},{"damage":20.0,"enemies":"Masked Bandits","floor":22.0,"turns":5.0},{"damage":7.0,"enemies":"Chosen and Byrds","floor":24.0,"turns":6.0},{"damage":4.0,"enemies":"Snake Plant","floor":27.0,"turns":4.0},{"damage":10.0,"enemies":"Cultist and Chosen","floor":30.0,"turns":5.0},{"damage":0.0,"enemies":"Gremlin Leader","floor":31.0,"turns":2.0},{"damage":49.0,"enemies":"Collector","floor":33.0,"turns":11.0},{"damage":16.0,"enemies":"3 Darklings","floor":35.0,"turns":5.0},{"damage":0.0,"enemies":"3 Shapes","floor":36.0,"turns":4.0},{"damage":17.0,"enemies":"Jaw Worm Horde","floor":37.0,"turns":3.0},{"damage":0.0,"enemies":"Sphere and 2 Shapes","floor":38.0,"turns":5.0},{"damage":18.0,"enemies":"Reptomancer","floor":41.0,"turns":6.0},{"damage":0.0,"enemies":"Transient","floor":42.0,"turns":5.0},{"damage":0.0,"enemies":"Maw","floor":46.0,"turns":6.0},{"damage":0.0,"enemies":"Giant Head","floor":48.0,"turns":4.0},{"damage":43.0,"enemies":"Time Eater","floor":50.0,"turns":6.0},{"damage":30.0,"enemies":"Shield and Spear","floor":54.0,"turns":4.0},{"damage":81,"enemies":"The Heart","floor":55,"turns":8}],"seed_played":"5103563448316089675","potions_obtained":[{"floor":8.0,"key":"Fruit Juice"},{"floor":11.0,"key":"Fire Potion"},{"floor":13.0,"key":"Strength Potion"},{"floor":16.0,"key":"DuplicationPotion"},{"floor":22.0,"key":"Weak Potion"},{"floor":24.0,"key":"SkillPotion"},{"floor":27.0,"key":"SmokeBomb"},{"floor":38.0,"key":"BlessingOfTheForge"},{"floor":42.0,"key":"Strength Potion"},{"floor":48.0,"key":"GamblersBrew"},{"floor":54.0,"key":"Fire Potion"}],"is_trial":false,"path_per_floor":["M","M","M","$","M","R","?","E","T","M","M","R","M","M","R","B",null,"M","?","M","M","?","R","M","R","T","M","?","T","M","E","R","B",null,"M","M","M","M","$","R","E","M","T","R","?","M","R","E","R","B",null,"R","$","E","B"],"character_chosen":"IRONCLAD","items_purchased":["EntropicBrew","Heavy Blade","Feel No Pain+1","PreservedInsect","Sling","Dexterity Potion"],"campfire_rested":0,"item_purchase_floors":[4,4,39,39,39,53],"current_hp_per_floor":[80,80,80,80,64,64,80,52,52,58,59,59,70,72,72,45,85,89,89,92,84,70,70,72,72,72,77,61,61,57,63,63,20,98,88,97,86,95,95,95,83,89,89,89,89,95,95,101,101,64,104,104,104,80,0,0],"gold":49,"neow_bonus":"THREE_CARDS","is_daily":false,"chose_seed":false,"campfire_upgraded":10,"win_rate":0.0,"timestamp":1614180191,"path_taken":["M","M","M","$","M","R","?","E","T","M","M","R","M","M","R","BOSS","M","?","M","M","?","R","M","R","T","?","?","?","M","E","R","BOSS","M","M","M","?","$","R","E","M","T","R","?","?","R","E","R","BOSS","R","$","E","BOSS"],"items_purchased_type":["Potion","Card","Card","Relic","Relic","Potion"],"build_version":"2020-12-22","purchased_purges":0,"victory":false,"max_hp_per_floor":[80,80,80,80,80,80,80,80,80,80,80,80,85,85,85,85,85,89,89,92,92,92,92,95,95,95,98,98,98,98,98,98,98,98,98,101,101,104,104,104,104,104,104,104,104,104,104,104,104,104,104,104,104,104,104,104],"card_choices":[{"not_picked":["Second Wind","Warcry"],"picked":"Armaments","floor":0.0},{"not_picked":["Iron Wave","Intimidate"],"picked":"Twin Strike","floor":1.0},{"not_picked":["Bloodletting","Sword Boomerang"],"picked":"Warcry","floor":2.0},{"not_picked":["Shrug It Off","Dropkick"],"picked":"Metallicize","floor":3.0},{"not_picked":["Sword Boomerang","Combust"],"picked":"Perfected Strike","floor":5.0},{"not_picked":["Iron Wave","Thunderclap"],"picked":"Carnage","floor":8.0},{"not_picked":["Shrug It Off","Reckless Charge"],"picked":"Ghostly Armor","floor":10.0},{"not_picked":["Clash","Whirlwind"],"picked":"Thunderclap","floor":11.0},{"not_picked":["Barricade","Warcry"],"picked":"Wild Strike","floor":13.0},{"not_picked":["True Grit","Rampage"],"picked":"Anger","floor":14.0},{"not_picked":["Offering","Berserk"],"picked":"Feed","floor":16.0},{"not_picked":["Cleave","Flame Barrier","Combust+1"],"picked":"SKIP","floor":18.0},{"not_picked":["True Grit+1","Thunderclap"],"picked":"Warcry","floor":20.0},{"not_picked":["Shrug It Off","Blood for Blood","Thunderclap"],"picked":"SKIP","floor":21.0},{"not_picked":["Pommel Strike+1","Whirlwind"],"picked":"Feel No Pain","floor":22.0},{"not_picked":["Headbutt","Disarm"],"picked":"Inflame","floor":24.0},{"not_picked":["Heavy Blade","Headbutt+1"],"picked":"Pommel Strike","floor":27.0},{"not_picked":["Headbutt","Cleave"],"picked":"Warcry+1","floor":30.0},{"not_picked":["Berserk+1","Corruption+1"],"picked":"Demon Form+1","floor":33.0},{"not_picked":[],"picked":"Burning Pact+1","floor":35.0},{"not_picked":[],"picked":"Flame Barrier+1","floor":36.0},{"not_picked":[],"picked":"Ghostly Armor+1","floor":37.0},{"not_picked":["Clash+1"],"picked":"SKIP","floor":38.0},{"not_picked":[],"picked":"Spot Weakness+1","floor":41.0},{"not_picked":[],"picked":"Pummel+1","floor":42.0},{"not_picked":[],"picked":"Flex+1","floor":46.0},{"not_picked":["Armaments"],"picked":"SKIP","floor":48.0},{"not_picked":[],"picked":"Seeing Red+1","floor":54.0}],"player_experience":138472,"relics_obtained":[{"floor":8.0,"key":"Pocketwatch"},{"floor":9.0,"key":"FossilizedHelix"},{"floor":22.0,"key":"Red Mask"},{"floor":26.0,"key":"Frozen Egg 2"},{"floor":28.0,"key":"Enchiridion"},{"floor":41.0,"key":"Meat on the Bone"},{"floor":43.0,"key":"Bottled Lightning"},{"floor":48.0,"key":"Prayer Wheel"},{"floor":54.0,"key":"reliquary:SilkGlove"}],"event_choices":[{"damage_healed":20.0,"max_hp_gain":0.0,"max_hp_loss":0.0,"gold_gain":0.0,"event_name":"The Cleric","player_choice":"Healed","floor":7.0,"gold_loss":35.0,"damage_taken":0.0},{"cards_removed":["Defend_R"],"damage_healed":0.0,"max_hp_gain":0.0,"max_hp_loss":0.0,"gold_gain":0.0,"event_name":"Beggar","player_choice":"Gave Gold","floor":19.0,"gold_loss":75.0,"damage_taken":0.0},{"damage_healed":0.0,"max_hp_gain":0.0,"max_hp_loss":0.0,"gold_gain":0.0,"event_name":"Masked Bandits","player_choice":"Fought Bandits","floor":22.0,"gold_loss":0.0,"damage_taken":0.0},{"damage_healed":0.0,"max_hp_gain":0.0,"max_hp_loss":0.0,"gold_gain":0.0,"event_name":"Cursed Tome","player_choice":"Obtained Book","floor":28.0,"gold_loss":0.0,"damage_taken":16.0},{"cards_removed":["Defend_R"],"damage_healed":0.0,"max_hp_gain":0.0,"max_hp_loss":0.0,"gold_gain":0.0,"event_name":"Designer","player_choice":"Upgrade and Remove","floor":45.0,"gold_loss":90.0,"damage_taken":0.0,"cards_upgraded":["Defend_R"]}],"is_beta":false,"boss_relics":[{"not_picked":["Mark of Pain","reliquary:Craggleroot"],"picked":"Coffee Dripper"},{"not_picked":["reliquary:KinkedSpring","Astrolabe"],"picked":"Busted Crown"}],"items_purged_floors":[],"is_endless":false,"potions_floor_spawned":[8,11,13,16,22,24,27,31,38,42,48,54],"killed_by":"The Heart","ascension_level":1}}