{"host":"k7m72kgq8xdir5ne","time":1614155836,"event":{"mods":["ATMod(阿瑾Mod)","AchievementEnabler","Act Like it!","BaseMod","Friendly Minions","Gensokyo","LagranYue(拉格朗・月)","Minty Spire (QoL Compilation)","Quick Restart","Reliquary","RumiaBox-露米娅的神秘盒子","Shop Mod","Spicy Shops","StSLib","SuperFastMode","TestMod","TheSwordswoman","Yakumo Yukari mod","Youmu（魂魄妖梦）","【功能Mod】Neow奖励","【功能Mod】混沌之环修复补丁","篝火指南"],"gold_per_floor":[410,410,422,441,452,481,334,350,402,402,427,427,427,446,446,527,527,545,545,555,555,505,405,439,64,64,64,64,35,65,83,83,0,0],"floor_reached":33,"language":"ZHS","playtime":562,"items_purged":["Strike_P","Strike_P","Defend_P"],"score":481,"play_id":"abafecc0-256c-4174-8db4-ef42e93bd224","local_time":"20210224163716","is_ascension_mode":true,"campfire_choices":[{"data":"AT_EmpoweredMortalDraw","floor":10,"key":"SMITH"},{"floor":15,"key":"RECALL"},{"data":"Vault","floor":32,"key":"SMITH"}],"circlet_count":0,"master_deck":["Defend_P","Defend_P","Eruption","Vigilance","AT_FamilyPortrait","AT_EmpoweredMortalDraw+1","Swivel","SashWhip","Vault+1","testmod-TreasureHunter","Writhe","Gensokyo:TarnishedGold"],"relics":["testmod-TestBox","LagranYue:RandomDrawCardRelic","testmod-GoldenSoul","AT_MortalBlade","AddBug","SecretRecord","Baka","SecretRecord","SecretRecord","SecretRecord"],"acts_visited":["Exordium","Gensokyo:Gensokyoer"],"potions_floor_usage":[24,33,33],"damage_taken":[{"damage":0,"enemies":"Small Slimes","floor":1,"turns":1},{"damage":5,"enemies":"Jaw Worm","floor":3,"turns":1},{"damage":0,"enemies":"2 Louse","floor":4,"turns":1},{"damage":0,"enemies":"Exordium Thugs","floor":5,"turns":2},{"damage":0,"enemies":"Gremlin Nob","floor":6,"turns":2},{"damage":0,"enemies":"2 Fungi Beasts","floor":8,"turns":1},{"damage":10,"enemies":"3 Sentries","floor":11,"turns":2},{"damage":0,"enemies":"Large Slime","floor":14,"turns":2},{"damage":0,"enemies":"Slime Boss","floor":16,"turns":3},{"damage":0,"enemies":"Gensokyo:2_Gloops","floor":18,"turns":2},{"damage":0,"enemies":"Gensokyo:CosmicMonolith","floor":20,"turns":1},{"damage":26,"enemies":"Gensokyo:Koishi","floor":24,"turns":3},{"damage":0,"enemies":"Gensokyo:Tenshi","floor":30,"turns":1},{"damage":0,"enemies":"Gensokyo:Chomper_and_Gloop","floor":31,"turns":2},{"damage":24,"enemies":"Gensokyo:Kaguya","floor":33,"turns":8}],"seed_played":"7649319338679971100","potions_obtained":[{"floor":3,"key":"Fire Potion"},{"floor":5,"key":"PowerPotion"},{"floor":6,"key":"Regen Potion"},{"floor":8,"key":"FearPotion"},{"floor":16,"key":"SkillPotion"},{"floor":24,"key":"Swift Potion"}],"is_trial":false,"path_per_floor":["M","?","M","M","M","E","$","M","T","R","E","?","?","M","R","B",null,"M","?","M","?","?","R","E","$","T","?","T","COS","E","M","R","B"],"character_chosen":"WATCHER","items_purchased":["reliquary:Stiletto","testmod-TreasureHunter"],"campfire_rested":0,"item_purchase_floors":[7,25],"current_hp_per_floor":[36,29,24,24,24,24,24,24,24,24,14,14,14,14,14,14,31,31,31,31,31,38,38,12,12,12,12,12,12,12,12,12,0,0],"gold":0,"neow_bonus":"BOSS_RELIC","is_daily":false,"chose_seed":false,"campfire_upgraded":2,"win_rate":0.0,"timestamp":1614155836,"path_taken":["M","?","M","M","M","E","?","M","T","R","E","?","?","?","R","BOSS","M","?","M","?","?","R","E","$","T","?","?","COS","E","M","R","BOSS"],"items_purchased_type":["Relic","Card"],"build_version":"2020-12-22","purchased_purges":3,"victory":false,"max_hp_per_floor":[36,36,36,36,36,36,36,36,36,36,36,36,36,36,36,36,36,36,36,36,36,43,43,43,43,43,43,43,43,43,43,43,43,43],"card_choices":[{"not_picked":["FlyingSleeves","Wireheading","Consecrate"],"picked":"SKIP","floor":1},{"not_picked":["EmptyBody","Fasting2","JustLucky"],"picked":"SKIP","floor":3},{"not_picked":["EmptyBody","Fasting2","JustLucky"],"picked":"SKIP","floor":3},{"not_picked":["CrushJoints","Collect"],"picked":"Swivel","floor":4},{"not_picked":["Halt","BowlingBash","Pray"],"picked":"SKIP","floor":5},{"not_picked":["Vengeance","WindmillStrike","Evaluate"],"picked":"SKIP","floor":6},{"not_picked":["AT_SoftenMuscles","ReachHeaven","Crescendo"],"picked":"SKIP","floor":8},{"not_picked":["AT_SoftenMuscles","ReachHeaven","Crescendo"],"picked":"SKIP","floor":8},{"not_picked":["Nirvana","Vengeance","Evaluate"],"picked":"SKIP","floor":11},{"not_picked":["FlurryOfBlows","CrushJoints","FlyingSleeves"],"picked":"SKIP","floor":14},{"not_picked":["Wish","Blasphemy"],"picked":"Vault","floor":16},{"not_picked":["ThirdEye","BowlingBash","ReachHeaven"],"picked":"SKIP","floor":18},{"not_picked":["Consecrate","SignatureMove","FollowUp"],"picked":"SKIP","floor":20},{"not_picked":["FollowUp","Consecrate","EmptyFist"],"picked":"SKIP","floor":24},{"not_picked":["WreathOfFlame","ThirdEye+1","FlurryOfBlows"],"picked":"SKIP","floor":30},{"not_picked":["JustLucky","Crescendo","PathToVictory"],"picked":"SKIP","floor":31}],"player_experience":95667,"relics_obtained":[{"floor":1,"key":"AddBug"},{"floor":1,"key":"Baka"},{"floor":3,"key":"SecretRecord"},{"floor":6,"key":"MagicDraw2"},{"floor":11,"key":"reliquary:WeakTea"},{"floor":14,"key":"SecretRecord"},{"floor":24,"key":"SecretRecord"},{"floor":24,"key":"testmod-IndustrialRevolution"},{"floor":26,"key":"AT_LudenTempest"},{"floor":28,"key":"Letter Opener"},{"floor":30,"key":"reliquary:QuartzCube"}],"event_choices":[{"damage_healed":0,"gold_gain":0,"player_choice":"Success","damage_taken":7,"relics_obtained":["AT_ArchangelStaff"],"max_hp_gain":0,"max_hp_loss":0,"event_name":"Scrap Ooze","floor":2,"gold_loss":0},{"damage_healed":0,"gold_gain":0,"player_choice":"Swap Relic","damage_taken":0,"relics_obtained":["AT_ATBox"],"max_hp_gain":0,"max_hp_loss":0,"event_name":"给自己的盒子","floor":12,"relics_lost":["AT_ATBox"],"gold_loss":0},{"damage_healed":0,"gold_gain":0,"cards_transformed":["Strike_P"],"player_choice":"Transformed","damage_taken":0,"max_hp_gain":0,"max_hp_loss":0,"event_name":"Transmorgrifier","floor":13,"gold_loss":0,"cards_obtained":["SashWhip"]}],"is_beta":false,"boss_relics":[{"not_picked":["reliquary:Craggleroot","testmod-BloodSacrificeSpiritualization"],"picked":"Black Star"}],"items_purged_floors":[7,23,25],"is_endless":false,"potions_floor_spawned":[3,5,6,8,16,24],"killed_by":"Gensokyo:Kaguya","ascension_level":5}}