{"host":"b1k9tvirjqaexfiq","time":1614130719,"event":{"mods":["AchievementEnabler","BaseMod","Bestiary","Better Third Choice","BetterRewards","Bossed Relics","CapriCore","Colored Powertips","Conspire","Curses Come First","Energized Spire","Highlight Path","Hubris","Infinite Spire","Marked Mod","Minty Spire (QoL Compilation)","Permanent Neow","Quick Restart","Rare Cards Sparkle","Reliquary","Replay The Spire","Shop Mod","StSLib","The Animator","Together in Spire","Waifu the Spire","??????REMEMod"],"gold_per_floor":[119,143,163,173,134,134,153,178,178,211,223,223,223,223,223],"floor_reached":14,"language":"ENG","playtime":769,"items_purged":[],"score":223,"play_id":"85c1cae9-c22c-4580-8209-709d6da0e7e2","local_time":"20210223193839","is_ascension_mode":true,"campfire_choices":[{"data":"Dark Embrace","floor":6,"key":"SMITH"},{"data":"Exhume","floor":13,"key":"SMITH"}],"circlet_count":0,"master_deck":["Defend_R","Defend_R","Defend_R","Defend_R","Defend_R","REME_LeechingPoison","REME_LeechingPoison","REME_LeechingPoison","REME_LeechingPoison","Life Link","Inflame","Havoc","Dark Embrace+1","Impervious","ReplayTheSpireMod:Stacked","ReplayReversal","Exhume+1","Shrug It Off"],"relics":["Burning Blood","REME_ComplimentaryCards","Meat on the Bone","REME_PuzzleBoxRelic","REME_PuzzleBoxRelic","REME_PuzzleBoxRelic","REME_PuzzleBoxRelic","REME_PuzzleBoxRelic","Prayer Wheel","Paper Frog","infinitespire:Lychee Nut"],"acts_visited":["Exordium"],"potions_floor_usage":[4],"damage_taken":[{"damage":12,"enemies":"infinitespire:Voidling","floor":1,"turns":4},{"damage":1,"enemies":"Jaw Worm","floor":2,"turns":5},{"damage":3,"enemies":"conspire:RoseBush","floor":3,"turns":3},{"damage":0,"enemies":"Large Slime","floor":4,"turns":4},{"damage":8,"enemies":"Blue Slaver","floor":7,"turns":3},{"damage":0,"enemies":"Replay:BlueRogue","floor":8,"turns":3},{"damage":0,"enemies":"3 Sentries","floor":10,"turns":3},{"damage":0,"enemies":"2 Fungi Beasts","floor":11,"turns":4},{"damage":100011,"enemies":"Replay:BlueRogue","floor":14,"turns":4}],"seed_played":"1050429720066857655","potions_obtained":[{"floor":2,"key":"Fruit Juice"},{"floor":3,"key":"BlessingOfTheForge"},{"floor":11,"key":"EssenceOfSteel"}],"is_trial":false,"path_per_floor":["M","M","M","M","$","R","M","E","T","E","M","?","R","E"],"character_chosen":"IRONCLAD","items_purchased":["Dark Embrace"],"campfire_rested":0,"item_purchase_floors":[5],"current_hp_per_floor":[78,80,80,85,85,85,85,85,85,63,63,63,63,0,0],"gold":223,"neow_bonus":"UPGRADE_CARD","is_daily":false,"chose_seed":false,"campfire_upgraded":2,"win_rate":0.0,"timestamp":1614130719,"path_taken":["M","M","M","?","$","R","M","E","T","E","M","?","R","E"],"items_purchased_type":["Card"],"build_version":"2020-12-22","purchased_purges":0,"victory":false,"max_hp_per_floor":[80,80,80,85,85,85,85,85,85,63,63,63,63,63,63],"card_choices":[{"not_picked":["Uppercut","Combust"],"picked":"Life Link","floor":1},{"not_picked":["Havoc","Wild Strike"],"picked":"Inflame","floor":2},{"not_picked":["Combust","Warcry"],"picked":"Havoc","floor":3},{"not_picked":["Run Through","REME_SingleHolding","Anger"],"picked":"SKIP","floor":4},{"not_picked":["Twin Strike","Replay:Undeath\u0027s Touch"],"picked":"Impervious","floor":7},{"not_picked":["Clothesline","Cleave"],"picked":"ReplayTheSpireMod:Stacked","floor":7},{"not_picked":["infinitespire:OneForAll","Clash","ReplayTheSpireMod:Corrosion Curse"],"picked":"SKIP","floor":8},{"not_picked":["Anger","hubris:ReadiedAction"],"picked":"ReplayReversal","floor":10},{"not_picked":["Anger","Replay:Undeath\u0027s Touch"],"picked":"Exhume","floor":11},{"not_picked":["Havoc","Replay:Undeath\u0027s Touch"],"picked":"Shrug It Off","floor":11}],"player_experience":89933,"relics_obtained":[{"floor":8,"key":"Paper Frog"},{"floor":10,"key":"infinitespire:Lychee Nut"}],"event_choices":[{"damage_healed":0,"gold_gain":0,"player_choice":"Ignored","damage_taken":0,"max_hp_gain":0,"max_hp_loss":0,"event_name":"Golden Wing","floor":12,"gold_loss":0}],"is_beta":false,"boss_relics":[],"items_purged_floors":[],"is_endless":false,"potions_floor_spawned":[2,3,11],"killed_by":"Replay:BlueRogue","ascension_level":6}}