{"host":"zxkjcgzis4pm3za5","time":1614140953,"event":{"mods":["2.2 Compatiblity","AchievementEnabler","BaseMod","Colored Map","Colored Powertips","Minty Spire (QoL Compilation)","Quick Restart","Random Character Button","Relic Filter Mod","Relic Sorter","Relic Stats","StSLib","ojb\u0027s Info Mod"],"gold_per_floor":[118,118,118,129,51,82,93,118,141,141,141,141,158,190,190,264,264,279,48,62,80,91,91,106,122,168,168,198,212,226,49,49,121,121,139,139,149,149,162,162,195,105,179,179,214,139,14,29,29,29,29,29],"floor_reached":51,"language":"ENG","playtime":1738,"items_purged":["Strike_R","Strike_R","Strike_R"],"score":1444,"play_id":"01b9e344-98dc-4326-80e8-87901d5ada76","local_time":"20210224095913","is_ascension_mode":true,"campfire_choices":[{"floor":10.0,"key":"REST"},{"data":"Anger","floor":12.0,"key":"SMITH"},{"data":"Dual Wield","floor":15.0,"key":"SMITH"},{"floor":23,"key":"REST"},{"data":"Limit Break","floor":27,"key":"SMITH"},{"floor":32,"key":"REST"},{"floor":40,"key":"REST"},{"floor":44,"key":"REST"},{"floor":49,"key":"RECALL"}],"circlet_count":0,"master_deck":["AscendersBane","Strike_R","Defend_R","Defend_R","Defend_R","Defend_R","Bash","Iron Wave","Brutality","Disarm","Anger+1","Dual Wield+1","Reaper","Fiend Fire","Pommel Strike+1","Limit Break+1","Inflame+1","Cleave","Pummel","Twin Strike","Shrug It Off","Armaments","Shockwave","Disarm+1","Sword Boomerang+1","Rupture+1","Offering","Flex+1","Madness","Madness","Spot Weakness","Clothesline+1","Combust+1","True Grit+1"],"relics":["Burning Blood","NeowsBlessing","Boot","Bag of Preparation","Bronze Scales","Regal Pillow","Frozen Egg 2","Mark of Pain","Bag of Marbles","SlaversCollar","Mercury Hourglass","Bottled Tornado","Toxic Egg 2"],"acts_visited":["Exordium","TheCity","TheBeyond"],"potions_floor_usage":[21,24,28,48,50],"damage_taken":[{"damage":0.0,"enemies":"Jaw Worm","floor":1.0,"turns":1.0},{"damage":0.0,"enemies":"Cultist","floor":4.0,"turns":1.0},{"damage":0.0,"enemies":"Lagavulin","floor":6.0,"turns":1.0},{"damage":8.0,"enemies":"Small Slimes","floor":7.0,"turns":4.0},{"damage":54.0,"enemies":"3 Sentries","floor":8.0,"turns":10.0},{"damage":10.0,"enemies":"Red Slaver","floor":13.0,"turns":3.0},{"damage":19.0,"enemies":"Lagavulin","floor":14.0,"turns":7.0},{"damage":37.0,"enemies":"Hexaghost","floor":16.0,"turns":9.0},{"damage":35,"enemies":"Chosen","floor":18,"turns":4},{"damage":8,"enemies":"Spheric Guardian","floor":20,"turns":3},{"damage":50,"enemies":"Centurion and Healer","floor":21,"turns":7},{"damage":22,"enemies":"Chosen and Byrds","floor":22,"turns":5},{"damage":17,"enemies":"Snecko","floor":24,"turns":4},{"damage":1,"enemies":"Centurion and Healer","floor":25,"turns":5},{"damage":32,"enemies":"Gremlin Leader","floor":28,"turns":5},{"damage":25,"enemies":"Snake Plant","floor":29,"turns":4},{"damage":41,"enemies":"Cultist and Chosen","floor":30,"turns":5},{"damage":38,"enemies":"Champ","floor":33,"turns":8},{"damage":11,"enemies":"Orb Walker","floor":35,"turns":4},{"damage":29,"enemies":"3 Shapes","floor":37,"turns":4},{"damage":72,"enemies":"Sphere and 2 Shapes","floor":39,"turns":6},{"damage":56,"enemies":"Giant Head","floor":41,"turns":6},{"damage":24,"enemies":"Nemesis","floor":45,"turns":7},{"damage":26,"enemies":"Transient","floor":48,"turns":6},{"damage":96,"enemies":"Awakened One","floor":50,"turns":7},{"damage":12,"enemies":"Time Eater","floor":51,"turns":2}],"seed_played":"-3773328255240626180","potions_obtained":[{"floor":6.0,"key":"ColorlessPotion"},{"floor":7.0,"key":"FairyPotion"},{"floor":13.0,"key":"Block Potion"},{"floor":20,"key":"ColorlessPotion"},{"floor":22,"key":"AttackPotion"},{"floor":25,"key":"Explosive Potion"},{"floor":33,"key":"ElixirPotion"},{"floor":36,"key":"LiquidMemories"},{"floor":39,"key":"Fruit Juice"},{"floor":48,"key":"Energy Potion"}],"is_trial":false,"path_per_floor":["M","?","$","M","$","E","M","E","T","R","?","R","M","E","R","B",null,"M","$","M","M","M","R","M","M","T","R","E","M","M","$","R","B",null,"M","?","M","?","M","R","E","$","T","R","E","?","$","M","R","B","B"],"character_chosen":"IRONCLAD","items_purchased":["Brutality","Limit Break","Inflame+1","Rupture+1","Combust+1"],"campfire_rested":5,"item_purchase_floors":[5,19,19,31,42],"current_hp_per_floor":[74,74,74,75,75,75,73,25,25,62,67,67,63,50,50,24,66,37,37,35,35,30,69,58,70,70,70,54,43,18,18,57,40,70,65,65,57,43,30,69,32,32,32,71,53,53,53,85,85,9,0,0],"gold":29,"neow_bonus":"THREE_ENEMY_KILL","is_daily":false,"chose_seed":false,"campfire_upgraded":3,"win_rate":0.0,"timestamp":1614140953,"path_taken":["M","?","$","?","$","E","M","E","T","R","?","R","M","E","R","BOSS","BOSS","M","$","M","M","M","R","M","M","T","R","E","M","M","$","R","BOSS","M","?","?","?","M","R","E","$","T","R","E","?","$","?","R","BOSS","BOSS"],"items_purchased_type":["Card","Card","Card","Card","Card"],"build_version":"2020-12-22","purchased_purges":3,"victory":false,"max_hp_per_floor":[75,75,75,75,75,75,75,75,75,75,80,80,80,80,80,80,80,80,80,80,80,80,80,80,80,80,80,80,80,80,80,80,80,80,80,80,80,80,80,80,80,80,80,80,80,80,80,85,85,85,85,85],"relic_stats":{"Regal Pillow":75,"counters":[26,128],"Bronze Scales":[236],"Bag of Preparation":[46],"Boot":[52],"obtain_stats":[{"Regal Pillow":9,"NeowsBlessing":0,"Bag of Preparation":6,"Frozen Egg 2":14,"Bottled Tornado":43,"Boot":2,"Burning Blood":0,"Mercury Hourglass":41,"SlaversCollar":34,"Bronze Scales":8,"Mark of Pain":17,"Bag of Marbles":28,"Toxic Egg 2":45},{"Regal Pillow":5,"NeowsBlessing":0,"Bag of Preparation":3,"Frozen Egg 2":7,"Bottled Tornado":22,"Boot":1,"Burning Blood":0,"Mercury Hourglass":22,"SlaversCollar":18,"Bronze Scales":5,"Mark of Pain":8,"Bag of Marbles":15,"Toxic Egg 2":23},{"Regal Pillow":17,"NeowsBlessing":0,"Bag of Preparation":3,"Frozen Egg 2":27,"Bottled Tornado":106,"Boot":1,"Burning Blood":0,"Mercury Hourglass":106,"SlaversCollar":86,"Bronze Scales":17,"Mark of Pain":36,"Bag of Marbles":69,"Toxic Egg 2":113}],"Burning Blood":134,"Mercury Hourglass":[75]},"card_choices":[{"not_picked":["Heavy Blade","Warcry"],"picked":"Flex","floor":1.0},{"not_picked":["Seeing Red","Armaments"],"picked":"Iron Wave","floor":4.0},{"not_picked":["True Grit","Anger"],"picked":"Disarm","floor":6.0},{"not_picked":["Uppercut","Flex"],"picked":"Anger","floor":7.0},{"not_picked":["Carnage","Reckless Charge","Body Slam"],"picked":"SKIP","floor":8.0},{"not_picked":["Anger","Wild Strike"],"picked":"Dual Wield","floor":13.0},{"not_picked":["Pummel","Anger"],"picked":"Reaper","floor":14.0},{"not_picked":["Reaper","Double Tap"],"picked":"Fiend Fire","floor":16},{"not_picked":["Clothesline","Flex"],"picked":"Pommel Strike+1","floor":18},{"not_picked":["Rampage","Disarm"],"picked":"Cleave","floor":20},{"not_picked":["Brutality+1","Dropkick"],"picked":"Pummel","floor":21},{"not_picked":["Dropkick","Iron Wave"],"picked":"Twin Strike","floor":22},{"not_picked":["Warcry","Havoc"],"picked":"Shrug It Off","floor":24},{"not_picked":["Carnage","Pommel Strike"],"picked":"Armaments","floor":25},{"not_picked":["Clothesline","Infernal Blade"],"picked":"Shockwave","floor":28},{"not_picked":["Headbutt","Thunderclap"],"picked":"Disarm+1","floor":29},{"not_picked":["Anger","Cleave"],"picked":"Sword Boomerang+1","floor":30},{"not_picked":["Fiend Fire","Juggernaut+1"],"picked":"Offering","floor":33},{"not_picked":["Thunderclap","True Grit","Infernal Blade"],"picked":"SKIP","floor":35},{"not_picked":["Sentinel","Thunderclap"],"picked":"Flex+1","floor":37},{"not_picked":["Anger+1","Clothesline"],"picked":"Spot Weakness","floor":39},{"not_picked":["Clash+1","Wild Strike"],"picked":"Clothesline+1","floor":41},{"not_picked":["Headbutt","Sword Boomerang+1"],"picked":"True Grit+1","floor":45},{"not_picked":["Thunderclap","Fiend Fire","Flex+1"],"picked":"SKIP","floor":48}],"player_experience":431553,"relics_obtained":[{"floor":6.0,"key":"Bag of Preparation"},{"floor":8.0,"key":"Bronze Scales"},{"floor":9.0,"key":"Regal Pillow"},{"floor":14.0,"key":"Frozen Egg 2"},{"floor":28,"key":"Bag of Marbles"},{"floor":41,"key":"Mercury Hourglass"},{"floor":43,"key":"Bottled Tornado"},{"floor":45,"key":"Toxic Egg 2"}],"event_choices":[{"cards_removed":["Flex"],"damage_healed":0.0,"max_hp_gain":0.0,"max_hp_loss":0.0,"gold_gain":0.0,"event_name":"WeMeetAgain","player_choice":"Gave Card","floor":2.0,"gold_loss":0.0,"damage_taken":0.0,"relics_obtained":["Boot"]},{"damage_healed":0.0,"max_hp_gain":5.0,"max_hp_loss":0.0,"gold_gain":0.0,"event_name":"Big Fish","player_choice":"Donut","floor":11.0,"gold_loss":0.0,"damage_taken":0.0},{"damage_healed":0,"gold_gain":0,"player_choice":"Got Potions","damage_taken":0,"max_hp_gain":0,"max_hp_loss":0,"event_name":"Lab","floor":36,"gold_loss":0},{"damage_healed":0,"gold_gain":0,"player_choice":"Embrace Madness","damage_taken":14,"max_hp_gain":0,"max_hp_loss":0,"event_name":"Winding Halls","floor":38,"gold_loss":0,"cards_obtained":["Madness","Madness"]},{"cards_removed":["Strike_R"],"damage_healed":0,"gold_gain":0,"player_choice":"Single Remove","damage_taken":0,"max_hp_gain":0,"max_hp_loss":0,"event_name":"Designer","floor":46,"gold_loss":75}],"is_beta":false,"boss_relics":[{"not_picked":["Velvet Choker","Fusion Hammer"],"picked":"Mark of Pain"},{"not_picked":["Cursed Key","Pandora\u0027s Box"],"picked":"SlaversCollar"}],"items_purged_floors":[19,31,47],"is_endless":false,"potions_floor_spawned":[6,7,13,20,22,25,33,37,39,48],"killed_by":"Time Eater","ascension_level":20}}