{"host":"0kk91h4bq4kgfj0u","time":1614182419,"event":{"mods":["BaseMod","Bestiary","Block Reminder","Colored Map","Colored Powertips","Curses Come First","Highlight Path","Minty Spire (QoL Compilation)","Relic Stats","StSLib"],"gold_per_floor":[119,119,119,136,19,46,60,60,60,85,103,103,51,151,151,249,249,269,286,43,43,61,61,61,61],"floor_reached":24,"language":"ENG","playtime":916,"items_purged":[],"score":296,"play_id":"3a36eb88-bde8-49fc-b82a-054e3b1a91c7","local_time":"20210224110019","is_ascension_mode":true,"campfire_choices":[{"floor":8.0,"key":"REST"},{"floor":12.0,"key":"REST"},{"data":"Searing Blow","floor":15.0,"key":"SMITH"},{"floor":23,"key":"REST"}],"circlet_count":0,"master_deck":["Bash","Heavy Blade+1","Searing Blow+1","Inflame","Clothesline","Metallicize","Thunderclap","Twin Strike","Immolate","Perfected Strike","Sever Soul","Battle Trance","Feed","Evolve","Uppercut","Body Slam","True Grit","Cleave+1","Wild Strike","Reaper","Inflame","Armaments","Rage+1"],"relics":["Burning Blood","Lizard Tail","MealTicket","Pandora\u0027s Box"],"acts_visited":["Exordium","TheCity"],"potions_floor_usage":[19,24],"damage_taken":[{"damage":9.0,"enemies":"Jaw Worm","floor":1.0,"turns":3.0},{"damage":0.0,"enemies":"2 Louse","floor":4.0,"turns":2.0},{"damage":55.0,"enemies":"3 Sentries","floor":6.0,"turns":12.0},{"damage":6.0,"enemies":"Cultist","floor":7.0,"turns":4.0},{"damage":27.0,"enemies":"Gremlin Nob","floor":10.0,"turns":6.0},{"damage":21.0,"enemies":"Lots of Slimes","floor":11.0,"turns":6.0},{"damage":63.0,"enemies":"Slime Boss","floor":16.0,"turns":13.0},{"damage":41.0,"enemies":"2 Thieves","floor":18.0,"turns":3.0},{"damage":20,"enemies":"3 Byrds","floor":19,"turns":2},{"damage":49,"enemies":"Centurion and Healer","floor":22,"turns":8},{"damage":87,"enemies":"Gremlin Leader","floor":24,"turns":6}],"seed_played":"6126737910053536767","potions_obtained":[{"floor":4.0,"key":"SkillPotion"},{"floor":6.0,"key":"SteroidPotion"},{"floor":16.0,"key":"LiquidBronze"},{"floor":22,"key":"ColorlessPotion"}],"is_trial":false,"path_per_floor":["M","?","?","M","$","E","M","R","T","E","M","R","$","?","R","B",null,"M","M","$","?","M","R","E"],"character_chosen":"IRONCLAD","items_purchased":["Inflame","Clothesline","BloodPotion","Reaper","Inflame","Armaments"],"campfire_rested":3,"item_purchase_floors":[5,5,13,20,20,20],"current_hp_per_floor":[69,69,69,75,75,26,26,50,50,29,14,38,53,53,53,12,63,28,14,29,29,45,69,0,0],"gold":61,"neow_bonus":"REMOVE_CARD","is_daily":false,"chose_seed":false,"campfire_upgraded":1,"win_rate":0.0,"timestamp":1614182419,"path_taken":["M","?","?","M","?","E","M","R","T","E","?","R","?","?","R","BOSS","M","M","$","?","M","R","E"],"items_purchased_type":["Card","Card","Potion","Card","Card","Card"],"build_version":"2020-12-22","purchased_purges":0,"victory":false,"max_hp_per_floor":[80,80,80,80,80,80,80,80,80,80,80,80,80,80,80,80,80,80,80,80,80,80,80,80,80],"relic_stats":{"Lizard Tail":40,"counters":[11,65],"MealTicket":30,"Pandora\u0027s Box":["Perfected Strike","Sever Soul","Battle Trance","Feed","Evolve","Uppercut","Body Slam","True Grit"],"obtain_stats":[{"Lizard Tail":6,"MealTicket":10,"Pandora\u0027s Box":17,"Burning Blood":0},{"Lizard Tail":3,"MealTicket":5,"Pandora\u0027s Box":7,"Burning Blood":0},{"Lizard Tail":17,"MealTicket":27,"Pandora\u0027s Box":46,"Burning Blood":0}],"Burning Blood":60},"card_choices":[{"not_picked":["Anger","Iron Wave"],"picked":"Heavy Blade","floor":1.0},{"not_picked":["Iron Wave","Disarm"],"picked":"Searing Blow","floor":4.0},{"not_picked":["Sword Boomerang","True Grit","Ghostly Armor"],"picked":"SKIP","floor":6.0},{"not_picked":["Headbutt","Searing Blow"],"picked":"Metallicize","floor":7.0},{"not_picked":["Clash","Clothesline"],"picked":"Thunderclap","floor":10.0},{"not_picked":["Seeing Red","True Grit"],"picked":"Twin Strike","floor":11.0},{"not_picked":["Double Tap","Barricade"],"picked":"Immolate","floor":16.0},{"not_picked":["Clash","Perfected Strike"],"picked":"Cleave+1","floor":18.0},{"not_picked":["Clash+1","Entrench"],"picked":"Wild Strike","floor":19},{"not_picked":["Sword Boomerang","Reckless Charge"],"picked":"Rage+1","floor":22}],"player_experience":917993,"relics_obtained":[{"floor":6.0,"key":"Lizard Tail"},{"floor":10.0,"key":"MealTicket"}],"event_choices":[{"damage_healed":0.0,"max_hp_gain":0.0,"max_hp_loss":0.0,"gold_gain":0.0,"event_name":"The Cleric","player_choice":"Leave","floor":2.0,"gold_loss":0.0,"damage_taken":0.0},{"damage_healed":0.0,"max_hp_gain":0.0,"max_hp_loss":0.0,"gold_gain":0.0,"event_name":"Living Wall","player_choice":"Grow","floor":3.0,"gold_loss":0.0,"damage_taken":0.0,"cards_upgraded":["Heavy Blade"]},{"damage_healed":0.0,"max_hp_gain":0.0,"max_hp_loss":0.0,"gold_gain":100.0,"event_name":"Golden Shrine","player_choice":"Pray","floor":14.0,"gold_loss":0.0,"damage_taken":0.0},{"damage_healed":0,"gold_gain":0,"player_choice":"Ignored","damage_taken":0,"max_hp_gain":0,"max_hp_loss":0,"event_name":"Vampires","floor":21,"gold_loss":0}],"is_beta":false,"boss_relics":[{"not_picked":["Runic Cube","Busted Crown"],"picked":"Pandora\u0027s Box"}],"items_purged_floors":[],"is_endless":false,"potions_floor_spawned":[4,6,16,22],"killed_by":"Gremlin Leader","ascension_level":9}}