{"host":"dbkc9h3etq50r1dq","time":1614125091,"event":{"mods":["AchievementEnabler","BaseMod","Block Reminder","Colored Powertips","Curses Come First","Dark Map","Minty Spire (QoL Compilation)","Permanent Neow","Potion Indicator Mod","Rare Cards Sparkle","StSLib","SuperFastMode"],"gold_per_floor":[111,61,61,61,236,236,268,343,343,343,354,354,365,378,378,473,473,484,70,87,87,87,118,118,144,171,181,215,215,227,240,240,344,344,356,356,356],"floor_reached":36,"language":"ZHS","playtime":1539,"items_purged":["Doubt"],"score":592,"play_id":"adf1981b-5de9-4269-8cfa-57f598c17e06","local_time":"20210224080451","is_ascension_mode":true,"campfire_choices":[{"data":"Bash","floor":6.0,"key":"SMITH"},{"floor":10.0,"key":"REST"},{"data":"Perfected Strike","floor":12.0,"key":"SMITH"},{"data":"Armaments","floor":15.0,"key":"SMITH"},{"data":"Battle Trance","floor":24.0,"key":"SMITH"},{"data":"Finesse","floor":29.0,"key":"SMITH"},{"data":"Metallicize","floor":32.0,"key":"SMITH"}],"circlet_count":0,"master_deck":["Defend_R","Defend_R","Defend_R","Bash+1","Battle Trance+1","Armaments+1","Offering","Whirlwind+1","Finesse+1","Uppercut+1","Bite","Bite","Bite+1","Bite","Bite+1","Shrug It Off","Metallicize+1","Metallicize","Feed"],"relics":["Burning Blood","Toy Ornithopter","PreservedInsect","Question Card","Runic Cube","Self Forming Clay","Whetstone","MealTicket","Tiny Chest","Juzu Bracelet","Sozu"],"acts_visited":["Exordium","TheCity","TheBeyond"],"potions_floor_usage":[36],"damage_taken":[{"damage":7.0,"enemies":"Small Slimes","floor":1.0,"turns":4.0},{"damage":39.0,"enemies":"Gremlin Nob","floor":7.0,"turns":5.0},{"damage":4.0,"enemies":"2 Louse","floor":11.0,"turns":3.0},{"damage":0.0,"enemies":"Cultist","floor":13.0,"turns":2.0},{"damage":8.0,"enemies":"Gremlin Gang","floor":14.0,"turns":4.0},{"damage":60.0,"enemies":"The Guardian","floor":16.0,"turns":13.0},{"damage":17.0,"enemies":"3 Byrds","floor":18.0,"turns":6.0},{"damage":20.0,"enemies":"Shell Parasite","floor":20.0,"turns":4.0},{"damage":16.0,"enemies":"Gremlin Leader","floor":23.0,"turns":5.0},{"damage":32.0,"enemies":"Book of Stabbing","floor":25.0,"turns":6.0},{"damage":13.0,"enemies":"Centurion and Healer","floor":27.0,"turns":7.0},{"damage":30.0,"enemies":"Slavers","floor":28.0,"turns":2.0},{"damage":10.0,"enemies":"Cultist and Chosen","floor":30.0,"turns":6.0},{"damage":16.0,"enemies":"Snake Plant","floor":31.0,"turns":4.0},{"damage":107.0,"enemies":"Automaton","floor":33.0,"turns":18.0},{"damage":24,"enemies":"3 Darklings","floor":35,"turns":5},{"damage":65,"enemies":"2 Orb Walkers","floor":36,"turns":5}],"seed_played":"-9196776212925376395","potions_obtained":[{"floor":1.0,"key":"SteroidPotion"},{"floor":13.0,"key":"PowerPotion"},{"floor":16.0,"key":"BlessingOfTheForge"},{"floor":18.0,"key":"SpeedPotion"},{"floor":20.0,"key":"Fruit Juice"},{"floor":23.0,"key":"Energy Potion"},{"floor":28.0,"key":"AttackPotion"},{"floor":30.0,"key":"Dexterity Potion"},{"floor":33.0,"key":"ColorlessPotion"}],"is_trial":false,"path_per_floor":["M","?","$","?","?","R","E","?","T","R","M","R","M","M","R","B",null,"M","$","M","?","?","E","R","E","T","M","E","R","M","M","R","B",null,"M","?"],"character_chosen":"IRONCLAD","items_purchased":["Self Forming Clay","Finesse"],"campfire_rested":1,"item_purchase_floors":[19,19],"current_hp_per_floor":[71,71,71,76,76,76,48,40,40,65,67,67,73,76,76,22,69,58,58,54,54,54,62,62,55,55,62,41,41,62,55,55,12,50,44,0,0],"gold":356,"neow_bonus":"RANDOM_COMMON_RELIC","is_daily":false,"chose_seed":false,"campfire_upgraded":6,"win_rate":0.0,"timestamp":1614125091,"path_taken":["M","?","$","?","?","R","E","?","T","R","M","R","M","?","R","BOSS","M","$","?","?","?","E","R","E","T","?","E","R","M","M","R","BOSS","M","?"],"items_purchased_type":["Relic","Card"],"build_version":"2020-12-22","purchased_purges":1,"victory":false,"max_hp_per_floor":[80,80,80,85,85,85,85,85,85,85,85,85,85,85,85,85,85,85,85,90,62,62,62,62,62,62,62,62,62,62,62,62,62,62,65,65,65],"card_choices":[{"not_picked":["Dark Embrace","Sentinel","True Grit"],"picked":"SKIP","floor":1.0},{"not_picked":["Carnage","Shockwave","Reckless Charge"],"picked":"SKIP","floor":7.0},{"not_picked":["Cleave","Thunderclap","Wild Strike"],"picked":"Perfected Strike","floor":11.0},{"not_picked":["Intimidate","Flex","Power Through"],"picked":"Battle Trance","floor":13.0},{"not_picked":["Metallicize","Headbutt","Reckless Charge"],"picked":"Armaments","floor":14.0},{"not_picked":["Limit Break","Corruption","Reaper"],"picked":"Offering","floor":16.0},{"not_picked":["Shockwave","Flex","Clash"],"picked":"Whirlwind+1","floor":18.0},{"not_picked":["Cleave","Dropkick+1","Clash+1"],"picked":"Uppercut+1","floor":20.0},{"not_picked":["Havoc+1","True Grit","Corruption","Headbutt"],"picked":"SKIP","floor":23.0},{"not_picked":["Shockwave","Wild Strike","Armaments"],"picked":"Shrug It Off","floor":25.0},{"not_picked":["Dual Wield","Iron Wave","Sever Soul","True Grit+1"],"picked":"SKIP","floor":27.0},{"not_picked":["True Grit","Anger","Heavy Blade","Pommel Strike"],"picked":"SKIP","floor":28.0},{"not_picked":["Flex","Pummel","Pommel Strike"],"picked":"Metallicize","floor":30.0},{"not_picked":["Wild Strike","Havoc+1","Thunderclap"],"picked":"Metallicize","floor":31.0},{"not_picked":["Barricade","Limit Break","Juggernaut"],"picked":"Feed","floor":33.0},{"not_picked":["Wild Strike+1","Second Wind+1","Armaments","Iron Wave"],"picked":"SKIP","floor":35}],"player_experience":153393,"relics_obtained":[{"floor":7.0,"key":"PreservedInsect"},{"floor":9.0,"key":"Question Card"},{"floor":23.0,"key":"Whetstone"},{"floor":25.0,"key":"MealTicket"},{"floor":26.0,"key":"Tiny Chest"},{"floor":28.0,"key":"Juzu Bracelet"}],"event_choices":[{"cards_removed":["Defend_R"],"damage_healed":0.0,"max_hp_gain":0.0,"max_hp_loss":0.0,"gold_gain":0.0,"event_name":"The Cleric","player_choice":"Card Removal","floor":2.0,"gold_loss":50.0,"damage_taken":0.0},{"damage_healed":0.0,"max_hp_gain":5.0,"max_hp_loss":0.0,"gold_gain":0.0,"event_name":"Big Fish","player_choice":"Donut","floor":4.0,"gold_loss":0.0,"damage_taken":0.0},{"damage_healed":0.0,"max_hp_gain":0.0,"max_hp_loss":0.0,"gold_gain":175.0,"event_name":"Liars Game","player_choice":"AGREE","floor":5.0,"gold_loss":0.0,"damage_taken":0.0,"cards_obtained":["Doubt"]},{"damage_healed":0.0,"max_hp_gain":0.0,"max_hp_loss":0.0,"gold_gain":75.0,"event_name":"FaceTrader","player_choice":"Touch","floor":8.0,"gold_loss":0.0,"damage_taken":8.0},{"damage_healed":0.0,"max_hp_gain":0.0,"max_hp_loss":28.0,"gold_gain":0.0,"event_name":"Vampires","player_choice":"Became a vampire","floor":21.0,"gold_loss":0.0,"damage_taken":0.0,"cards_obtained":["Bite","Bite","Bite","Bite","Bite"]},{"cards_removed":["Perfected Strike"],"damage_healed":0.0,"max_hp_gain":0.0,"max_hp_loss":0.0,"gold_gain":0.0,"event_name":"Purifier","player_choice":"Purged","floor":22.0,"gold_loss":0.0,"damage_taken":0.0},{"damage_healed":0,"gold_gain":0,"player_choice":"Fight","damage_taken":0,"max_hp_gain":0,"max_hp_loss":0,"event_name":"Mysterious Sphere","floor":36,"gold_loss":0}],"is_beta":false,"boss_relics":[{"not_picked":["Astrolabe","SlaversCollar"],"picked":"Runic Cube"},{"not_picked":["Pandora\u0027s Box","Velvet Choker"],"picked":"Sozu"}],"items_purged_floors":[19],"is_endless":false,"potions_floor_spawned":[1,13,16,18,20,23,28,30,33],"killed_by":"2 Orb Walkers","ascension_level":7}}