{"host":"gzsdmyo07u314vug","time":1614129673,"event":{"mods":["2.2 Compatiblity","Astrologer","BaseMod","Colored Powertips","GifTheSpireLib","Gremlin Mod","Hermit","Jorbs\u0027s Wanderer Trilogy","Minty Spire (QoL Compilation)","Quick Restart","Rare Cards Sparkle","Relic Stats","Replay The Spire","Robot Space Explorer","Shop Mod","StSLib","The Bladedancer","The Bug Knight","The Construct","The Cursed","The Elementalist","The Hierophant","The IronCluck","The Marked","The Necromancer","The Runesmith","The Servant 0.9.4","Unceasing Turn Reminder","everything is the same but u backflip on backflip","slay the spire mod where everything is the same but ironclad has a cowboy hat"],"gold_per_floor":[116,116,116,41,216,116,149,149,197,197,197,213,213,231,231,335,335,350,350,362,168,181,181,212,212,266,278,289,319,319,349,349,449,449,460,310,360,32,49,80,80,112,112,112,143,193,221,272,272,272],"floor_reached":51,"language":"ENG","playtime":2851,"items_purged":["Gremlin:Strike","Doubt","Gremlin:Strike","Gremlin:Strike+1","Gremlin:Defend"],"score":1398,"play_id":"5558a1a7-6e29-4092-a03e-38619dcc8c41","local_time":"20210223222113","is_ascension_mode":true,"campfire_choices":[{"data":"Gremlin:BulkUp","floor":8.0,"key":"SMITH"},{"data":"Gremlin:TagTeam","floor":10.0,"key":"SMITH"},{"data":"Gremlin:GremlinToss","floor":13.0,"key":"SMITH"},{"data":"Gremlin:GremlinDance","floor":15.0,"key":"SMITH"},{"data":"Gremlin:Heckle","floor":23.0,"key":"SMITH"},{"data":"Gremlin:Enthusiasm","floor":25.0,"key":"SMITH"},{"data":"Pot Of Greed","floor":32.0,"key":"SMITH"},{"data":"Gremlin:GlitterGuard","floor":41,"key":"SMITH"},{"data":"Gremlin:Exacerbate","floor":44,"key":"SMITH"},{"data":"Gremlin:Patsy","floor":49,"key":"SMITH"}],"circlet_count":0,"master_deck":["Gremlin:Defend+1","Gremlin:TagTeam+1","Gremlin:GremlinDance+1","Gremlin:BulkUp+1","Gremlin:Patsy+1","Gremlin:GremlinToss+1","Gremlin:Exacerbate+1","Gremlin:Enthusiasm+1","Gremlin:Patsy+1","Gremlin:Heckle+1","Pot Of Greed+1","Pot Of Greed+1","Gremlin:GlitterGuard+1","Gremlin:Pickpocket+1","Gremlin:BubbleBarrier+1"],"relics":["Gremlin:GremlinKnob","Gremlin:StolenMerchandise","Anchor","Omamori","Busted Crown","ReplayFunnel","Grinning Jar","Unceasing Top","Boot","Black Star","HollowMod:JonisBlessing","construct:FoamFinger","Replay:Baseball","InkBottle","ReplayTheSpireMod:TigerMarble","Blue Candle","Centennial Puzzle","Regal Pillow","TungstenRod","Mummified Hand","White Beast Statue","Ice Cream"],"acts_visited":["Exordium","TheCity","TheBeyond"],"potions_floor_usage":[33,42,50,50,50],"damage_taken":[{"damage":1.0,"enemies":"2 Louse","floor":1.0,"turns":3.0},{"damage":0.0,"enemies":"HollowMod:MossKnight","floor":7.0,"turns":7.0},{"damage":0.0,"enemies":"Jaw Worm","floor":12.0,"turns":4.0},{"damage":0.0,"enemies":"Small Slimes","floor":14.0,"turns":2.0},{"damage":0.0,"enemies":"Hexaghost","floor":16.0,"turns":8.0},{"damage":0.0,"enemies":"Spheric Guardian","floor":18.0,"turns":1.0},{"damage":0.0,"enemies":"3 Byrds","floor":20.0,"turns":2.0},{"damage":2.0,"enemies":"Snecko","floor":22.0,"turns":7.0},{"damage":0.0,"enemies":"Snake Plant","floor":24.0,"turns":3.0},{"damage":0.0,"enemies":"Chosen and Byrds","floor":27.0,"turns":3.0},{"damage":0.0,"enemies":"Centurion and Healer","floor":28.0,"turns":3.0},{"damage":0.0,"enemies":"HollowMod:Nosk","floor":29.0,"turns":3.0},{"damage":0.0,"enemies":"Gremlin Leader","floor":31.0,"turns":4.0},{"damage":0,"enemies":"Collector","floor":33,"turns":4},{"damage":16,"enemies":"3 Shapes","floor":35,"turns":2},{"damage":0,"enemies":"3 Darklings","floor":39,"turns":1},{"damage":0,"enemies":"Nemesis","floor":40,"turns":4},{"damage":0,"enemies":"Reptomancer","floor":42,"turns":2},{"damage":0,"enemies":"Giant Head","floor":45,"turns":2},{"damage":0,"enemies":"Mind Bloom Boss Battle","floor":46,"turns":2},{"damage":0,"enemies":"Nemesis","floor":47,"turns":3},{"damage":0,"enemies":"2 Orb Walkers","floor":48,"turns":2},{"damage":0,"enemies":"Donu and Deca","floor":50,"turns":1}],"seed_played":"3476610879508092894","potions_obtained":[{"floor":1.0,"key":"FearPotion"},{"floor":12.0,"key":"Toxic Potion"},{"floor":14.0,"key":"Explosive Potion"},{"floor":22.0,"key":"DuplicationPotion"},{"floor":42,"key":"Dexterity Potion"},{"floor":45,"key":"EssenceOfSteel"}],"is_trial":false,"path_per_floor":["M","?","?","$","?","$","E","R","T","R","?","M","R","M","R","B",null,"M","?","M","$","M","R","M","R","T","M","M","E","?","E","R","B",null,"M","$","?","$","M","E","R","E","T","R","E","?","E","?","R","B",null],"character_chosen":"GREMLIN","items_purchased":["Gremlin:StolenMerchandise","Gremlin:Heckle","HollowMod:JonisBlessing"],"campfire_rested":0,"item_purchase_floors":[4,21,38],"current_hp_per_floor":[20,20,16,16,16,16,20,20,20,20,18,18,18,14,14,18,20,20,20,20,20,18,18,20,20,20,20,20,20,20,20,20,20,20,4,4,4,4,20,20,20,20,20,20,20,20,20,20,20,20],"gold":272,"neow_bonus":"REMOVE_CARD","is_daily":false,"chose_seed":false,"campfire_upgraded":10,"win_rate":0.0,"timestamp":1614129673,"path_taken":["M","?","?","$","?","$","E","R","T","R","?","?","R","M","R","BOSS","M","?","M","$","M","R","M","R","T","?","M","E","?","E","R","BOSS","M","?","?","$","M","E","R","E","T","R","E","?","E","?","R","BOSS"],"items_purchased_type":["Relic","Card","Relic"],"build_version":"2020-12-22","purchased_purges":5,"victory":true,"max_hp_per_floor":[20,20,20,20,20,20,20,20,20,20,20,20,20,20,20,20,20,20,20,20,20,20,20,20,20,20,20,20,20,20,20,20,20,20,20,20,20,20,20,20,20,20,20,20,20,20,20,20,20,20],"relic_stats":{"Centennial Puzzle":[0],"Regal Pillow":0,"Busted Crown":34,"counters":[23,73],"Mummified Hand":[4],"Blue Candle":[0],"Black Star":4,"Boot":[47],"obtain_stats":[{"ReplayFunnel":19,"Ice Cream":48,"Regal Pillow":45,"construct:FoamFinger":40,"Blue Candle":43,"Gremlin:StolenMerchandise":4,"HollowMod:JonisBlessing":38,"Omamori":9,"Boot":31,"White Beast Statue":47,"Anchor":7,"Replay:Baseball":40,"Centennial Puzzle":45,"Busted Crown":17,"Mummified Hand":47,"Gremlin:GremlinKnob":0,"Black Star":34,"ReplayTheSpireMod:TigerMarble":42,"Grinning Jar":26,"Unceasing Top":29,"InkBottle":42,"TungstenRod":46},{"ReplayFunnel":6,"Ice Cream":22,"Regal Pillow":19,"construct:FoamFinger":17,"Blue Candle":18,"Gremlin:StolenMerchandise":1,"HollowMod:JonisBlessing":15,"Omamori":2,"Boot":13,"White Beast Statue":21,"Anchor":2,"Replay:Baseball":17,"Centennial Puzzle":19,"Busted Crown":5,"Mummified Hand":21,"Gremlin:GremlinKnob":0,"Black Star":14,"ReplayTheSpireMod:TigerMarble":18,"Grinning Jar":9,"Unceasing Top":12,"InkBottle":18,"TungstenRod":20},{"ReplayFunnel":25,"Ice Cream":72,"Regal Pillow":65,"construct:FoamFinger":61,"Blue Candle":63,"Gremlin:StolenMerchandise":3,"HollowMod:JonisBlessing":56,"Omamori":10,"Boot":50,"White Beast Statue":70,"Anchor":10,"Replay:Baseball":61,"Centennial Puzzle":65,"Busted Crown":24,"Mummified Hand":70,"Gremlin:GremlinKnob":0,"Black Star":54,"ReplayTheSpireMod:TigerMarble":63,"Grinning Jar":37,"Unceasing Top":46,"InkBottle":63,"TungstenRod":67}],"Unceasing Top":[0],"InkBottle":[15],"TungstenRod":0},"card_choices":[{"not_picked":["Gremlin:MakeshiftArmor","Gremlin:Pretaliation"],"picked":"Gremlin:BulkUp","floor":1.0},{"not_picked":["Gremlin:Fury","Gremlin:Glimmer","Gremlin:Astound"],"picked":"SKIP","floor":7.0},{"not_picked":["Gremlin:Pinprick","Gremlin:PourSalt"],"picked":"Gremlin:GremlinToss","floor":12.0},{"not_picked":["Gremlin:Irritability","Gremlin:Kablamo","Gremlin:Presto"],"picked":"SKIP","floor":14.0},{"not_picked":["Gremlin:Erupt","Gremlin:Necromancy"],"picked":"Gremlin:Exacerbate","floor":16.0},{"not_picked":[],"picked":"Gremlin:Enthusiasm","floor":18.0},{"not_picked":["Gremlin:Patsy"],"picked":"SKIP","floor":20.0},{"not_picked":[],"picked":"Gremlin:Patsy","floor":20.0},{"not_picked":["Gremlin:FollowThrough+1"],"picked":"SKIP","floor":22.0},{"not_picked":["Gremlin:Tadah"],"picked":"SKIP","floor":24.0},{"not_picked":["Gremlin:SharpenBlades"],"picked":"SKIP","floor":27.0},{"not_picked":["Gremlin:Irritability"],"picked":"SKIP","floor":28.0},{"not_picked":["Gremlin:Stupend+1"],"picked":"SKIP","floor":29.0},{"not_picked":[],"picked":"Gremlin:GlitterGuard","floor":31.0},{"not_picked":["Gremlin:GlitterGuard"],"picked":"SKIP","floor":35},{"not_picked":["Gremlin:GremlinArms"],"picked":"SKIP","floor":39},{"not_picked":["Gremlin:Presto"],"picked":"SKIP","floor":40},{"not_picked":["Gremlin:Fury"],"picked":"SKIP","floor":42},{"not_picked":["Gremlin:Astound+1"],"picked":"SKIP","floor":45},{"not_picked":[],"picked":"Gremlin:Pickpocket+1","floor":47},{"not_picked":[],"picked":"Gremlin:BubbleBarrier+1","floor":48}],"player_experience":958548,"relics_obtained":[{"floor":7.0,"key":"Anchor"},{"floor":9.0,"key":"Omamori"},{"floor":26.0,"key":"Grinning Jar"},{"floor":29.0,"key":"Unceasing Top"},{"floor":31.0,"key":"Boot"},{"floor":40,"key":"construct:FoamFinger"},{"floor":40,"key":"Replay:Baseball"},{"floor":42,"key":"InkBottle"},{"floor":42,"key":"ReplayTheSpireMod:TigerMarble"},{"floor":43,"key":"Blue Candle"},{"floor":45,"key":"Centennial Puzzle"},{"floor":45,"key":"Regal Pillow"},{"floor":46,"key":"TungstenRod"},{"floor":47,"key":"Mummified Hand"},{"floor":47,"key":"White Beast Statue"},{"floor":48,"key":"Ice Cream"}],"event_choices":[{"damage_healed":0.0,"max_hp_gain":0.0,"max_hp_loss":0.0,"gold_gain":0.0,"event_name":"Shining Light","player_choice":"Entered Light","floor":3.0,"gold_loss":0.0,"damage_taken":4.0,"cards_upgraded":["Gremlin:Defend","Gremlin:Strike"]},{"damage_healed":0.0,"max_hp_gain":0.0,"max_hp_loss":0.0,"gold_gain":175.0,"event_name":"Liars Game","player_choice":"AGREE","floor":5.0,"gold_loss":0.0,"damage_taken":0.0,"cards_obtained":["Doubt"]},{"cards_removed":["Gremlin:Defend"],"damage_healed":0.0,"max_hp_gain":0.0,"max_hp_loss":0.0,"gold_gain":0.0,"event_name":"Golden Wing","player_choice":"Card Removal","floor":11.0,"gold_loss":0.0,"damage_taken":2.0},{"damage_healed":0.0,"max_hp_gain":0.0,"max_hp_loss":0.0,"gold_gain":0.0,"event_name":"WeMeetAgain","player_choice":"Gave Potion","floor":19.0,"gold_loss":0.0,"damage_taken":0.0,"relics_obtained":["ReplayFunnel"]},{"damage_healed":0.0,"max_hp_gain":0.0,"max_hp_loss":0.0,"gold_gain":0.0,"event_name":"Upgrade Shrine","player_choice":"Upgraded","floor":30.0,"gold_loss":0.0,"damage_taken":0.0,"cards_upgraded":["Pot Of Greed"]},{"damage_healed":0,"gold_gain":0,"player_choice":"Fight","damage_taken":0,"max_hp_gain":0,"max_hp_loss":0,"event_name":"MindBloom","floor":46,"gold_loss":0},{"damage_healed":0,"gold_gain":0,"player_choice":"Fight","damage_taken":0,"max_hp_gain":0,"max_hp_loss":0,"event_name":"Mysterious Sphere","floor":48,"gold_loss":0}],"is_beta":false,"boss_relics":[{"not_picked":["Ring of Chaos","Snecko Eye"],"picked":"Busted Crown"},{"not_picked":["Runic Dome","construct:ClawGrip"],"picked":"Black Star"}],"items_purged_floors":[4,6,21,36,38],"is_endless":false,"potions_floor_spawned":[1,12,14,16,22,27,29,31,42,45,46,48],"ascension_level":3}}