{"host":"zxd2l8an9de7z7b9","time":1614167130,"event":{"mods":["100% Spire Juice","2.2 Compatiblity","AchievementEnabler","BaseMod","CapriCore","Colored Map","Colored Powertips","Marisa£¨Ùöéë¡¡Øª×âÞÞ£©","Minty Spire (QoL Compilation)","Rare Cards Sparkle","StSLib","SuperFastMode","Td1madao Mod","everything is the same but u backflip on backflip"],"gold_per_floor":[117,127,127,202,222,222,242,242,242,258,271,123,142,158,158,259,259,259],"floor_reached":17,"language":"KOR","playtime":424,"items_purged":[],"score":151,"play_id":"27a66ad4-bad5-40d2-8e38-31ae33d4bb5f","local_time":"20210224204530","is_ascension_mode":false,"campfire_choices":[{"data":"Pommel Strike","floor":6,"key":"SMITH"},{"data":"Perfected Strike","floor":8,"key":"SMITH"},{"data":"Seeing Red","floor":15,"key":"SMITH"}],"circlet_count":0,"master_deck":["Strike_R","Strike_R","Strike_R","Strike_R","Strike_R","Defend_R+1","Bash+1","Pommel Strike+1","Twin Strike","Wild Strike","Perfected Strike+1","Seeing Red+1","Wild Strike","Twin Strike","Metallicize+1","Cleave+1","Ghostly Armor+1"],"relics":["Burning Blood","Darkstone Periapt","Question Card","Astrolabe"],"acts_visited":["Exordium","TheCity"],"potions_floor_usage":[13],"damage_taken":[{"damage":1,"enemies":"Cultist","floor":1,"turns":4},{"damage":6,"enemies":"2 Louse","floor":2,"turns":3},{"damage":3,"enemies":"Jaw Worm","floor":5,"turns":3},{"damage":4,"enemies":"Gremlin Gang","floor":7,"turns":6},{"damage":0,"enemies":"3 Louse","floor":10,"turns":3},{"damage":7,"enemies":"Looter","floor":11,"turns":3},{"damage":5,"enemies":"Exordium Wildlife","floor":13,"turns":3},{"damage":0,"enemies":"2 Fungi Beasts","floor":14,"turns":2},{"damage":52,"enemies":"The Guardian","floor":16,"turns":10}],"seed_played":"4585207590762332970","potions_obtained":[{"floor":5,"key":"Ancient Potion"},{"floor":7,"key":"SteroidPotion"},{"floor":11,"key":"LiquidMemories"}],"is_trial":false,"path_per_floor":["M","M","?","?","M","R","M","R","T","M","M","?","M","M","R","B",null],"character_chosen":"IRONCLAD","items_purchased":[],"campfire_rested":0,"item_purchase_floors":[],"current_hp_per_floor":[80,80,64,56,59,59,61,61,61,67,66,66,67,73,73,27,80,80],"gold":259,"neow_bonus":"UPGRADE_CARD","is_daily":false,"chose_seed":false,"campfire_upgraded":3,"win_rate":0.0,"timestamp":1614167130,"path_taken":["M","?","?","?","M","R","?","R","T","M","M","?","M","M","R","BOSS"],"items_purchased_type":[],"build_version":"2020-12-22","purchased_purges":0,"victory":false,"max_hp_per_floor":[80,80,80,80,80,80,80,80,80,80,80,80,80,80,80,80,80,80],"card_choices":[{"not_picked":["Flex","Flame Barrier"],"picked":"Pommel Strike","floor":1},{"not_picked":["Carnage","Infernal Blade"],"picked":"Twin Strike","floor":2},{"not_picked":["Sword Boomerang","Clash"],"picked":"Wild Strike","floor":5},{"not_picked":["Thunderclap","Pommel Strike"],"picked":"Perfected Strike","floor":7},{"not_picked":["Armaments","Headbutt"],"picked":"Seeing Red","floor":10},{"not_picked":["Iron Wave","Sword Boomerang","Sentinel"],"picked":"SKIP","floor":11},{"not_picked":["Iron Wave","Sword Boomerang","Sentinel"],"picked":"SKIP","floor":11},{"not_picked":["Clothesline","Disarm","Searing Blow"],"picked":"Wild Strike","floor":13},{"not_picked":["Pommel Strike","Blood for Blood","Disarm"],"picked":"Twin Strike","floor":14}],"player_experience":471597,"relics_obtained":[{"floor":9,"key":"Darkstone Periapt"}],"event_choices":[{"damage_healed":0,"gold_gain":0,"player_choice":"Entered Light","damage_taken":16,"max_hp_gain":0,"max_hp_loss":0,"event_name":"Shining Light","floor":3,"gold_loss":0,"cards_upgraded":["Defend_R","Defend_R"]},{"damage_healed":0,"gold_gain":75,"player_choice":"Touch","damage_taken":8,"max_hp_gain":0,"max_hp_loss":0,"event_name":"FaceTrader","floor":4,"gold_loss":0},{"damage_healed":0,"gold_gain":0,"player_choice":"Paid Gold","damage_taken":0,"relics_obtained":["Question Card"],"max_hp_gain":0,"max_hp_loss":0,"event_name":"WeMeetAgain","floor":12,"gold_loss":148}],"is_beta":false,"boss_relics":[{"not_picked":["Busted Crown","Cursed Key"],"picked":"Astrolabe"}],"items_purged_floors":[],"is_endless":false,"potions_floor_spawned":[5,7,11],"ascension_level":0}}