{"host":"bf5upntvbdompq33","time":1614133583,"event":{"mods":["BaseMod","Bestiary","Colored Map","Colored Powertips","Curses Come First","Highlight Path","Minty Spire (QoL Compilation)","StSLib","ojb\u0027s Info Mod"],"gold_per_floor":[114,214,139,1,15,25,25,53,53,53,228,228,261,272,272,347,347,361,372,407,407,82,82,109,109,109,109,149,169,188,211,211,294,294,314,11,31,31,31,61,61,89,123,143,172,191,191,191,191,191],"floor_reached":51,"language":"ENG","playtime":3284,"items_purged":["Doubt"],"score":1405,"play_id":"091956a6-5d02-42b1-8c92-4dabde8a263d","local_time":"20210223192623","is_ascension_mode":true,"campfire_choices":[{"data":"Whirlwind","floor":7,"key":"SMITH"},{"data":"Wild Strike","floor":12,"key":"SMITH"},{"floor":15,"key":"REST"},{"floor":23,"key":"REST"},{"floor":25,"key":"RECALL"},{"floor":32,"key":"REST"},{"floor":41,"key":"REST"},{"floor":47,"key":"REST"},{"floor":49,"key":"REST"}],"circlet_count":0,"master_deck":["AscendersBane","Strike_R","Strike_R","Strike_R","Strike_R","Strike_R","Defend_R","Defend_R","Defend_R","Bash","Shrug It Off","Whirlwind+1","Inflame","Inflame","Hemokinesis","Wild Strike+1","Impervious","Spot Weakness","Reaper","Iron Wave","Demon Form","Clothesline","Pommel Strike","Swift Strike","Intimidate+1","Twin Strike","Sword Boomerang+1","Heavy Blade+1","Shrug It Off","Offering","Armaments+1","Injury","Power Through","Shrug It Off+1","Spot Weakness"],"relics":["Burning Blood","Singing Bowl","Self Forming Clay","MealTicket","Fusion Hammer","Red Mask","Prayer Wheel","Pantograph","MutagenicStrength","CeramicFish","Cursed Key","Bottled Tornado","Eternal Feather","Regal Pillow","Happy Flower","Bronze Scales"],"acts_visited":["Exordium","TheCity","TheBeyond"],"potions_floor_usage":[8,18,20,33,33,40,44,44,46],"damage_taken":[{"damage":24,"enemies":"Jaw Worm","floor":1,"turns":5},{"damage":1,"enemies":"Cultist","floor":5,"turns":3},{"damage":0,"enemies":"2 Louse","floor":6,"turns":1},{"damage":17,"enemies":"Gremlin Nob","floor":8,"turns":4},{"damage":30,"enemies":"Lagavulin","floor":13,"turns":6},{"damage":9,"enemies":"Looter","floor":14,"turns":4},{"damage":50,"enemies":"The Guardian","floor":16,"turns":12},{"damage":17,"enemies":"2 Thieves","floor":18,"turns":3},{"damage":12,"enemies":"3 Byrds","floor":19,"turns":5},{"damage":26,"enemies":"Masked Bandits","floor":20,"turns":4},{"damage":43,"enemies":"Slavers","floor":24,"turns":6},{"damage":0,"enemies":"Gremlin Leader","floor":28,"turns":6},{"damage":49,"enemies":"Shelled Parasite and Fungi","floor":29,"turns":6},{"damage":11,"enemies":"Cultist and Chosen","floor":30,"turns":4},{"damage":24,"enemies":"Centurion and Healer","floor":31,"turns":6},{"damage":82,"enemies":"Automaton","floor":33,"turns":9},{"damage":19,"enemies":"3 Shapes","floor":35,"turns":4},{"damage":14,"enemies":"Orb Walker","floor":37,"turns":2},{"damage":39,"enemies":"Giant Head","floor":40,"turns":6},{"damage":17,"enemies":"Reptomancer","floor":42,"turns":6},{"damage":37,"enemies":"Transient","floor":44,"turns":5},{"damage":16,"enemies":"Spire Growth","floor":45,"turns":4},{"damage":10,"enemies":"Sphere and 2 Shapes","floor":46,"turns":3},{"damage":132,"enemies":"Awakened One","floor":50,"turns":10}],"seed_played":"-4422018923756767064","potions_obtained":[{"floor":5,"key":"FearPotion"},{"floor":8,"key":"SpeedPotion"},{"floor":13,"key":"GamblersBrew"},{"floor":19,"key":"Energy Potion"},{"floor":30,"key":"PowerPotion"},{"floor":33,"key":"SneckoOil"},{"floor":35,"key":"GamblersBrew"},{"floor":40,"key":"PowerPotion"},{"floor":42,"key":"FairyPotion"},{"floor":44,"key":"Fruit Juice"},{"floor":45,"key":"Explosive Potion"}],"is_trial":false,"path_per_floor":["M","?","$","$","M","M","R","E","T","?","?","R","E","M","R","B",null,"M","M","?","?","$","R","E","R","T","?","E","M","M","M","R","B",null,"M","$","M","?","?","E","R","E","T","M","M","M","R","?","R","B",null],"character_chosen":"IRONCLAD","items_purchased":["Whirlwind","Inflame","Demon Form","Clothesline","Pommel Strike","Swift Strike","Bottled Tornado","SteroidPotion"],"campfire_rested":6,"item_purchase_floors":[4,4,22,22,22,22,36,36],"current_hp_per_floor":[64,64,64,64,69,75,75,64,64,69,69,69,45,42,70,26,77,77,82,64,64,79,98,88,88,88,88,98,57,54,38,69,18,83,95,108,110,110,110,92,112,103,103,94,86,84,125,127,127,40],"gold":191,"neow_bonus":"TWENTY_PERCENT_HP_BONUS","is_daily":false,"chose_seed":false,"campfire_upgraded":2,"win_rate":0.0,"timestamp":1614133583,"path_taken":["M","?","?","$","M","M","R","E","T","?","?","R","E","M","R","BOSS","M","M","?","?","$","R","E","R","T","?","E","M","M","M","R","BOSS","M","$","M","?","?","E","R","E","T","M","?","M","R","?","R","BOSS"],"items_purchased_type":["Card","Card","Card","Card","Card","Card","Relic","Potion"],"build_version":"2020-12-22","purchased_purges":1,"victory":true,"max_hp_per_floor":[89,89,89,89,89,89,89,89,89,94,94,94,94,94,94,94,94,96,96,98,98,98,98,98,98,98,98,98,100,102,104,104,104,104,108,108,110,110,110,112,112,114,114,121,123,125,125,127,127,127],"card_choices":[{"not_picked":["Havoc","Headbutt"],"picked":"Shrug It Off","floor":1},{"not_picked":["Clash","Body Slam"],"picked":"Inflame","floor":5},{"not_picked":["Bloodletting","Cleave"],"picked":"Hemokinesis","floor":6},{"not_picked":["Body Slam","Fire Breathing"],"picked":"Wild Strike","floor":8},{"not_picked":["Twin Strike","Burning Pact"],"picked":"Impervious","floor":13},{"not_picked":["Dropkick","Sword Boomerang"],"picked":"Spot Weakness","floor":14},{"not_picked":["Offering","Berserk"],"picked":"Reaper","floor":16},{"not_picked":["Disarm","Wild Strike","Perfected Strike+1"],"picked":"Singing Bowl","floor":18},{"not_picked":["Twin Strike","Anger"],"picked":"Iron Wave","floor":19},{"not_picked":["Clash","Armaments","Perfected Strike"],"picked":"Singing Bowl","floor":20},{"not_picked":["True Grit","Havoc"],"picked":"Intimidate+1","floor":24},{"not_picked":["Whirlwind","Searing Blow"],"picked":"Twin Strike","floor":28},{"not_picked":["True Grit","Body Slam","Pommel Strike"],"picked":"Singing Bowl","floor":29},{"not_picked":["Headbutt","Limit Break"],"picked":"Sword Boomerang+1","floor":29},{"not_picked":["Clothesline","Twin Strike","Reckless Charge"],"picked":"Singing Bowl","floor":30},{"not_picked":["Sword Boomerang","Warcry"],"picked":"Heavy Blade+1","floor":30},{"not_picked":["Flex","Ghostly Armor"],"picked":"Shrug It Off","floor":31},{"not_picked":["Exhume","Twin Strike","True Grit"],"picked":"Singing Bowl","floor":31},{"not_picked":["Demon Form","Berserk"],"picked":"Offering","floor":33},{"not_picked":["Havoc","Intimidate","Reckless Charge"],"picked":"Singing Bowl","floor":35},{"not_picked":["Searing Blow+1","Combust","Warcry"],"picked":"Singing Bowl","floor":35},{"not_picked":["Headbutt+1","Clash+1"],"picked":"Armaments+1","floor":37},{"not_picked":["Seeing Red","Flex","Sever Soul+1"],"picked":"SKIP","floor":37},{"not_picked":["Seeing Red","Flex","Sever Soul+1"],"picked":"Singing Bowl","floor":37},{"not_picked":["Hemokinesis","Warcry","Intimidate"],"picked":"Singing Bowl","floor":40},{"not_picked":["Warcry","Anger","Clash+1"],"picked":"Singing Bowl","floor":42},{"not_picked":["Clothesline","Havoc","Twin Strike"],"picked":"Singing Bowl","floor":44},{"not_picked":["Sword Boomerang","Clash"],"picked":"Power Through","floor":44},{"not_picked":["Infernal Blade","Wild Strike"],"picked":"Shrug It Off+1","floor":45},{"not_picked":["Reckless Charge+1","Juggernaut","Feel No Pain+1"],"picked":"Singing Bowl","floor":45},{"not_picked":["Fire Breathing","Thunderclap"],"picked":"Spot Weakness","floor":46},{"not_picked":["Intimidate+1","Clash","Second Wind"],"picked":"Singing Bowl","floor":46},{"not_picked":["Secret Weapon","Sadistic Nature","Metamorphosis"],"picked":"Singing Bowl","floor":48}],"player_experience":1722746,"relics_obtained":[{"floor":8,"key":"Singing Bowl"},{"floor":9,"key":"Self Forming Clay"},{"floor":13,"key":"MealTicket"},{"floor":20,"key":"Red Mask"},{"floor":24,"key":"Prayer Wheel"},{"floor":26,"key":"Pantograph"},{"floor":28,"key":"CeramicFish"},{"floor":40,"key":"Regal Pillow"},{"floor":42,"key":"Happy Flower"},{"floor":43,"key":"Bronze Scales"}],"event_choices":[{"damage_healed":0,"gold_gain":100,"player_choice":"Pray","damage_taken":0,"max_hp_gain":0,"max_hp_loss":0,"event_name":"Golden Shrine","floor":2,"gold_loss":0},{"damage_healed":0,"gold_gain":0,"player_choice":"Donut","damage_taken":0,"max_hp_gain":5,"max_hp_loss":0,"event_name":"Big Fish","floor":10,"gold_loss":0},{"damage_healed":0,"gold_gain":175,"player_choice":"AGREE","damage_taken":0,"max_hp_gain":0,"max_hp_loss":0,"event_name":"Liars Game","floor":11,"gold_loss":0,"cards_obtained":["Doubt"]},{"damage_healed":0,"gold_gain":0,"player_choice":"Fought Bandits","damage_taken":0,"max_hp_gain":0,"max_hp_loss":0,"event_name":"Masked Bandits","floor":20,"gold_loss":0},{"cards_removed":["Doubt"],"damage_healed":0,"gold_gain":0,"player_choice":"Elegance","damage_taken":0,"max_hp_gain":0,"max_hp_loss":0,"event_name":"Back to Basics","floor":21,"gold_loss":0},{"damage_healed":0,"gold_gain":0,"player_choice":"Inject Mutagens","damage_taken":0,"relics_obtained":["MutagenicStrength"],"max_hp_gain":0,"max_hp_loss":0,"event_name":"Drug Dealer","floor":27,"gold_loss":0},{"cards_removed":["Defend_R"],"damage_healed":0,"gold_gain":0,"player_choice":"Removed Skill","damage_taken":0,"max_hp_gain":0,"max_hp_loss":0,"event_name":"Falling","floor":38,"gold_loss":0},{"damage_healed":0,"gold_gain":0,"player_choice":"Gave Potion","damage_taken":0,"relics_obtained":["Eternal Feather"],"max_hp_gain":0,"max_hp_loss":0,"event_name":"WeMeetAgain","floor":39,"gold_loss":0},{"damage_healed":0,"gold_gain":0,"player_choice":"Memory 1","damage_taken":0,"max_hp_gain":0,"max_hp_loss":0,"event_name":"SensoryStone","floor":48,"gold_loss":0}],"is_beta":false,"boss_relics":[{"not_picked":["Sozu","Ectoplasm"],"picked":"Fusion Hammer"},{"not_picked":["Runic Cube","Runic Dome"],"picked":"Cursed Key"}],"items_purged_floors":[3],"is_endless":false,"potions_floor_spawned":[5,8,13,19,30,33,35,40,42,44,45],"ascension_level":14}}