{"host":"e4wnmsyty9uvvtwf","time":1614168783,"event":{"mods":["BaseMod","Colored Map","Colored Powertips","Hermit","Minty Spire (QoL Compilation)","StSLib"],"gold_per_floor":[115,125,125,200,211,211,224,224,224,224,289,43,55,89,89,191,191,217,240,240,266,279,279,313,313,313,356,381,390,390,404,404,509,509,537,222,222,250,269,316,316,363,363,363,16,56,82,91,91,96,96,96,19,62,62,62],"floor_reached":55,"language":"ZHS","playtime":2821,"items_purged":["hermit:Strike_Hermit+1","hermit:NoHoldsBarred"],"score":832,"play_id":"4f03c84c-a556-4de7-b93e-0fbe4ccd67a3","local_time":"20210224201303","is_ascension_mode":true,"campfire_choices":[{"data":"hermit:Combo","floor":6.0,"key":"SMITH"},{"data":"hermit:PistolWhip","floor":8.0,"key":"SMITH"},{"data":"hermit:GoldenBullet","floor":15.0,"key":"SMITH"},{"floor":23.0,"key":"RECALL"},{"floor":25,"key":"REST"},{"data":"1","floor":30,"key":"LIFT"},{"data":"2","floor":32,"key":"LIFT"},{"data":"3","floor":41,"key":"LIFT"},{"floor":44,"key":"DIG"},{"data":"hermit:FromBeyond","floor":49,"key":"SMITH"},{"data":"hermit:Dissolve","floor":52,"key":"SMITH"}],"circlet_count":0,"master_deck":["hermit:Strike_Hermit+1","hermit:Strike_Hermit+1","hermit:Strike_Hermit+1","hermit:Defend_Hermit+1","hermit:Defend_Hermit+1","hermit:Defend_Hermit+1","hermit:Defend_Hermit+1","hermit:Snapshot","hermit:Covet","hermit:PistolWhip+1","hermit:Midnight","Regret","hermit:Combo+1","hermit:Dive","Trip","hermit:GoldenBullet+1","hermit:BigShot","hermit:Dissolve+1","CurseOfTheBell","hermit:Coalescence+1","hermit:ShadowCloak","hermit:PistolWhip","hermit:Scavenge","hermit:DeadOrAlive","hermit:Virtue","hermit:FromBeyond+1","hermit:TakeCover","hermit:Grudge","hermit:HoleUp","Madness","hermit:Enervate","hermit:Maintenance+1","Doubt","hermit:Determination","hermit:BigShot+1"],"relics":["hermit:Momento","Mango","Gambling Chip","hermit:CharredGlove","Thread and Needle","Medical Kit","Shovel","Calling Bell","CeramicFish","Ornamental Fan","Lizard Tail","FossilizedHelix","Eternal Feather","Calipers","Girya","Empty Cage","hermit:Horseshoe","Strawberry","Bag of Preparation","Blood Vial","Membership Card","Incense Burner","Smiling Mask","Bottled Lightning"],"acts_visited":["Exordium","TheCity","TheBeyond","TheEnding"],"potions_floor_usage":[24,40,42,50,50,55,55],"damage_taken":[{"damage":6.0,"enemies":"Jaw Worm","floor":1.0,"turns":3.0},{"damage":2.0,"enemies":"Small Slimes","floor":2.0,"turns":2.0},{"damage":8.0,"enemies":"Cultist","floor":5.0,"turns":3.0},{"damage":2.0,"enemies":"3 Louse","floor":7.0,"turns":2.0},{"damage":0.0,"enemies":"Large Slime","floor":13.0,"turns":4.0},{"damage":2.0,"enemies":"Gremlin Nob","floor":14.0,"turns":3.0},{"damage":29.0,"enemies":"Slime Boss","floor":16.0,"turns":15.0},{"damage":8.0,"enemies":"3 Byrds","floor":18.0,"turns":5.0},{"damage":0.0,"enemies":"Chosen","floor":19.0,"turns":3.0},{"damage":4.0,"enemies":"Centurion and Healer","floor":21.0,"turns":5.0},{"damage":13.0,"enemies":"3 Cultists","floor":22.0,"turns":9.0},{"damage":24,"enemies":"Gremlin Leader","floor":24,"turns":6},{"damage":32,"enemies":"Book of Stabbing","floor":27,"turns":8},{"damage":0,"enemies":"Snecko","floor":28,"turns":6},{"damage":0,"enemies":"Snake Plant","floor":31,"turns":4},{"damage":17,"enemies":"Collector","floor":33,"turns":17},{"damage":26,"enemies":"3 Darklings","floor":35,"turns":7},{"damage":0,"enemies":"Orb Walker","floor":38,"turns":3},{"damage":10,"enemies":"Spire Growth","floor":39,"turns":7},{"damage":14,"enemies":"Reptomancer","floor":40,"turns":11},{"damage":37,"enemies":"Nemesis","floor":42,"turns":7},{"damage":60,"enemies":"Reptomancer","floor":46,"turns":7},{"damage":1,"enemies":"Transient","floor":47,"turns":5},{"damage":93,"enemies":"Donu and Deca","floor":50,"turns":16},{"damage":70,"enemies":"Shield and Spear","floor":54,"turns":10},{"damage":30,"enemies":"The Heart","floor":55,"turns":6}],"seed_played":"3552749439792828071","potions_obtained":[{"floor":2.0,"key":"LiquidBronze"},{"floor":5.0,"key":"Explosive Potion"},{"floor":16.0,"key":"BlessingOfTheForge"},{"floor":19.0,"key":"PowerPotion"},{"floor":24,"key":"ColorlessPotion"},{"floor":27,"key":"DuplicationPotion"},{"floor":28,"key":"hermit:Tonic"},{"floor":42,"key":"PowerPotion"},{"floor":46,"key":"Swift Potion"},{"floor":47,"key":"hermit:Tonic"},{"floor":54,"key":"FearPotion"}],"is_trial":false,"path_per_floor":["M","M","?","?","M","R","M","R","T","T","?","$","M","E","R","B",null,"M","M","?","M","M","R","E","R","T","E","M","?","R","M","R","B",null,"M","$","?","M","M","E","R","E","T","R","$","E","M","?","R","B",null,"R","$","E","B"],"character_chosen":"HERMIT","items_purchased":["Medical Kit","Trip","hermit:Horseshoe","Membership Card","Incense Burner","Madness","hermit:Determination"],"campfire_rested":1,"item_purchase_floors":[12,12,36,45,45,45,53],"current_hp_per_floor":[83,81,81,70,62,62,60,60,60,60,60,60,60,58,58,29,89,81,81,81,77,64,64,40,66,66,34,34,34,49,49,64,47,89,63,63,63,63,53,46,61,24,24,42,42,35,36,96,96,3,96,96,96,26,0,0],"gold":62,"neow_bonus":"ONE_RARE_RELIC","is_daily":false,"chose_seed":false,"campfire_upgraded":5,"win_rate":0.0,"timestamp":1614168783,"path_taken":["M","M","?","?","M","R","?","R","T","?","?","$","M","E","R","BOSS","M","M","?","M","M","R","E","R","T","E","M","?","R","?","R","BOSS","M","$","?","M","M","E","R","E","T","R","$","E","?","?","R","BOSS","R","$","E","BOSS"],"items_purchased_type":["Relic","Card","Relic","Relic","Relic","Card","Card"],"build_version":"2020-12-22","purchased_purges":2,"victory":false,"max_hp_per_floor":[89,89,89,89,89,89,89,89,89,89,89,89,89,89,89,89,89,89,89,89,89,89,89,89,89,89,89,89,89,89,89,89,89,89,89,89,89,89,89,96,96,96,96,96,96,96,96,96,96,96,96,96,96,96,96,96],"card_choices":[{"not_picked":["hermit:DeadMansHand","hermit:Snipe"],"picked":"hermit:PistolWhip","floor":1.0},{"not_picked":["hermit:Scavenge","hermit:Misfire"],"picked":"hermit:Midnight","floor":2.0},{"not_picked":["hermit:Shortfuse","hermit:Midnight"],"picked":"hermit:Combo","floor":5.0},{"not_picked":["hermit:Misfire","hermit:Malice"],"picked":"hermit:Dive","floor":7.0},{"not_picked":["hermit:ItchyTrigger","hermit:Headshot"],"picked":"hermit:GoldenBullet","floor":13.0},{"not_picked":["hermit:OverwhelmingPower","hermit:SprayPray"],"picked":"hermit:BigShot","floor":14.0},{"not_picked":["hermit:OverwhelmingPower","hermit:Purgatory"],"picked":"hermit:Dissolve","floor":16.0},{"not_picked":["hermit:Adapt","hermit:Roulette"],"picked":"hermit:Coalescence+1","floor":18.0},{"not_picked":["hermit:GoldenBullet+1","hermit:TrackingShot+1"],"picked":"hermit:ShadowCloak","floor":19.0},{"not_picked":["hermit:Glare+1","hermit:ItchyTrigger"],"picked":"hermit:PistolWhip","floor":21.0},{"not_picked":["hermit:Shortfuse","hermit:FullyLoaded","hermit:Cheat+1"],"picked":"SKIP","floor":22.0},{"not_picked":["hermit:Deadeye","hermit:Enervate"],"picked":"hermit:Scavenge","floor":24},{"not_picked":["hermit:Maintenance+1","hermit:DeadMansHand"],"picked":"hermit:DeadOrAlive","floor":27},{"not_picked":["hermit:Dive","hermit:Misfire"],"picked":"hermit:Virtue","floor":28},{"not_picked":["hermit:Headshot","hermit:WideOpen","hermit:Desperado"],"picked":"SKIP","floor":31},{"not_picked":["hermit:EternalForm","hermit:OverwhelmingPower"],"picked":"hermit:FromBeyond","floor":33},{"not_picked":["hermit:HoleUp+1","hermit:TrackingShot+1"],"picked":"hermit:TakeCover","floor":35},{"not_picked":["hermit:Snipe","hermit:ItchyTrigger+1"],"picked":"hermit:Grudge","floor":38},{"not_picked":["hermit:Feint","hermit:ItchyTrigger+1","hermit:Purgatory"],"picked":"SKIP","floor":39},{"not_picked":["hermit:LowProfile","hermit:Roulette+1"],"picked":"hermit:NoHoldsBarred","floor":40},{"not_picked":["hermit:GoldenBullet+1","hermit:Quickdraw"],"picked":"hermit:HoleUp","floor":42},{"not_picked":["hermit:Feint","hermit:Snipe+1"],"picked":"hermit:Enervate","floor":46},{"not_picked":["hermit:Deadeye+1","hermit:Ricochet"],"picked":"hermit:Maintenance+1","floor":47},{"not_picked":["hermit:LowProfile","hermit:Misfire"],"picked":"hermit:BigShot+1","floor":54}],"player_experience":526398,"relics_obtained":[{"floor":9.0,"key":"hermit:CharredGlove"},{"floor":10.0,"key":"Thread and Needle"},{"floor":14.0,"key":"Shovel"},{"floor":17.0,"key":"CeramicFish"},{"floor":17.0,"key":"Ornamental Fan"},{"floor":17.0,"key":"Lizard Tail"},{"floor":24,"key":"FossilizedHelix"},{"floor":26,"key":"Eternal Feather"},{"floor":27,"key":"Calipers"},{"floor":40,"key":"Strawberry"},{"floor":42,"key":"Bag of Preparation"},{"floor":44,"key":"Blood Vial"},{"floor":46,"key":"Smiling Mask"},{"floor":54,"key":"Bottled Lightning"}],"event_choices":[{"damage_healed":0.0,"max_hp_gain":0.0,"max_hp_loss":0.0,"gold_gain":0.0,"event_name":"Big Fish","player_choice":"Box","floor":3.0,"gold_loss":0.0,"damage_taken":0.0,"relics_obtained":["Gambling Chip"],"cards_obtained":["Regret"]},{"damage_healed":0.0,"max_hp_gain":0.0,"max_hp_loss":0.0,"gold_gain":75.0,"event_name":"World of Goop","player_choice":"Gather Gold","floor":4.0,"gold_loss":0.0,"damage_taken":11.0},{"damage_healed":0.0,"max_hp_gain":0.0,"max_hp_loss":0.0,"gold_gain":65.0,"event_name":"Golden Wing","player_choice":"Gained Gold","floor":11.0,"gold_loss":0.0,"damage_taken":0.0},{"damage_healed":0.0,"max_hp_gain":0.0,"max_hp_loss":0.0,"gold_gain":0.0,"event_name":"Back to Basics","player_choice":"Simplicity","floor":20.0,"gold_loss":0.0,"damage_taken":0.0,"cards_upgraded":["hermit:Strike_Hermit","hermit:Strike_Hermit","hermit:Strike_Hermit","hermit:Strike_Hermit","hermit:Defend_Hermit","hermit:Defend_Hermit","hermit:Defend_Hermit","hermit:Defend_Hermit"]},{"damage_healed":0,"gold_gain":0,"player_choice":"Stole Relic","damage_taken":0,"relics_obtained":["Girya"],"max_hp_gain":0,"max_hp_loss":0,"event_name":"Addict","floor":29,"gold_loss":0,"cards_obtained":["Shame"]},{"damage_healed":0,"gold_gain":0,"player_choice":"Ignored","damage_taken":0,"max_hp_gain":0,"max_hp_loss":0,"event_name":"Transmorgrifier","floor":37,"gold_loss":0},{"damage_healed":60,"gold_gain":0,"player_choice":"Heal","damage_taken":0,"max_hp_gain":0,"max_hp_loss":0,"event_name":"MindBloom","floor":48,"gold_loss":0,"cards_obtained":["Doubt"]}],"is_beta":false,"boss_relics":[{"not_picked":["Philosopher\u0027s Stone","SlaversCollar"],"picked":"Calling Bell"},{"not_picked":["SacredBark","Tiny House"],"picked":"Empty Cage"}],"items_purged_floors":[36,53],"is_endless":false,"potions_floor_spawned":[2,5,16,19,24,27,28,42,46,47,54],"killed_by":"The Heart","ascension_level":1}}