{"host":"0ntunplbxyg40l63","time":1614176481,"event":{"mods":["BaseMod","Colored Powertips","Minty Spire (QoL Compilation)","StSLib"],"gold_per_floor":[117,117,140,38,54,84,84,95,95,107,107,125,139,0,0,97,97,114,114,114,137,160,160,180,212,212,33,46,46,66,17,17,17,17],"floor_reached":33,"language":"ENG","playtime":909,"items_purged":[],"score":315,"play_id":"6b29c2c2-be7d-4d53-9b61-93dc86b3b4f2","local_time":"20210224142120","is_ascension_mode":false,"campfire_choices":[{"data":"Darkness","floor":7,"key":"SMITH"},{"data":"Go for the Eyes","floor":15,"key":"SMITH"},{"data":"Rip and Tear","floor":23,"key":"SMITH"},{"floor":29,"key":"REST"},{"floor":32,"key":"REST"}],"circlet_count":0,"master_deck":["Strike_B","Strike_B","Strike_B","Strike_B","Defend_B","Defend_B","Defend_B","Defend_B","Zap","Dualcast","Defragment+1","Ball Lightning","Darkness+1","Ball Lightning","Barrage","Melter","Go for the Eyes+1","BootSequence","Skim","Doom and Gloom","Rip and Tear+1","Consume","Shame","Beam Cell","Barrage+1","Cold Snap+1","Cold Snap+1","Machine Learning","Consume","Barrage+1","Conserve Battery","Cold Snap+1","Darkness+1","Ball Lightning+1","Skim"],"relics":["Cracked Core","NeowsBlessing","Bag of Marbles","PreservedInsect","Sundial","Ancient Tea Set","Philosopher\u0027s Stone","Centennial Puzzle","Bronze Scales","Dream Catcher","Molten Egg 2","White Beast Statue","Orrery"],"acts_visited":["Exordium","TheCity"],"potions_floor_usage":[13,16,24,33,33],"damage_taken":[{"damage":0,"enemies":"Cultist","floor":1,"turns":1},{"damage":0,"enemies":"Jaw Worm","floor":5,"turns":1},{"damage":0,"enemies":"Gremlin Nob","floor":6,"turns":1},{"damage":0,"enemies":"Small Slimes","floor":8,"turns":2},{"damage":8,"enemies":"Red Slaver","floor":10,"turns":2},{"damage":9,"enemies":"2 Fungi Beasts","floor":12,"turns":2},{"damage":0,"enemies":"Blue Slaver","floor":13,"turns":2},{"damage":21,"enemies":"Slime Boss","floor":16,"turns":7},{"damage":11,"enemies":"Spheric Guardian","floor":18,"turns":3},{"damage":10,"enemies":"3 Byrds","floor":24,"turns":2},{"damage":22,"enemies":"Book of Stabbing","floor":25,"turns":3},{"damage":6,"enemies":"3 Cultists","floor":28,"turns":3},{"damage":9,"enemies":"Centurion and Healer","floor":30,"turns":4},{"damage":83,"enemies":"Automaton","floor":33,"turns":8}],"seed_played":"7402005558067225068","potions_obtained":[{"floor":1,"key":"BlessingOfTheForge"},{"floor":13,"key":"Fruit Juice"},{"floor":16,"key":"PowerPotion"},{"floor":24,"key":"Ancient Potion"},{"floor":28,"key":"Explosive Potion"},{"floor":30,"key":"Energy Potion"}],"is_trial":false,"path_per_floor":["M","T","T","$","M","E","R","M","T","M","?","M","M","$","R","B",null,"M","?","?","T","T","R","M","E","T","$","M","R","M","$","R","B"],"character_chosen":"DEFECT","items_purchased":["Ball Lightning","Darkness","Doom and Gloom","Rip and Tear","Cold Snap+1","Orrery","Ball Lightning+1"],"campfire_rested":2,"item_purchase_floors":[4,4,14,14,27,27,31],"current_hp_per_floor":[75,75,75,75,75,75,75,75,75,67,67,58,63,63,63,42,80,69,69,69,69,69,69,59,37,37,37,31,55,46,46,70,0,0],"gold":17,"neow_bonus":"THREE_ENEMY_KILL","is_daily":false,"chose_seed":false,"campfire_upgraded":3,"win_rate":0.0,"timestamp":1614176480,"path_taken":["M","?","?","$","M","E","R","?","T","M","?","M","?","?","R","BOSS","M","?","?","?","?","R","M","E","T","?","M","R","M","$","R","BOSS"],"items_purchased_type":["Card","Card","Card","Card","Card","Relic","Card"],"build_version":"2020-12-22","purchased_purges":0,"victory":false,"max_hp_per_floor":[75,75,75,75,75,75,75,75,75,75,75,75,80,80,80,80,80,80,80,80,80,80,80,80,80,80,80,80,80,80,80,80,80,80],"card_choices":[{"not_picked":["Rebound","Tempest"],"picked":"Defragment","floor":1},{"not_picked":["Conserve Battery","White Noise"],"picked":"Ball Lightning","floor":5},{"not_picked":["Sweeping Beam","Cold Snap"],"picked":"Barrage","floor":6},{"not_picked":["Reboot","Conserve Battery"],"picked":"Melter","floor":8},{"not_picked":["Sweeping Beam","Beam Cell"],"picked":"Go for the Eyes","floor":10},{"not_picked":["Reinforced Body","Streamline"],"picked":"BootSequence","floor":12},{"not_picked":["Hello World","Redo"],"picked":"Skim","floor":13},{"not_picked":["Storm","BootSequence"],"picked":"Consume","floor":18},{"not_picked":["Streamline","Coolheaded"],"picked":"Beam Cell","floor":24},{"not_picked":["Blizzard+1","Leap"],"picked":"Barrage+1","floor":25},{"not_picked":["Seek","Rebound+1"],"picked":"Cold Snap+1","floor":27},{"not_picked":["Multi-Cast","Go for the Eyes+1"],"picked":"Machine Learning","floor":27},{"not_picked":["Streamline+1","Steam Power"],"picked":"Consume","floor":27},{"not_picked":["Cold Snap+1","Conserve Battery"],"picked":"Barrage+1","floor":27},{"not_picked":["Buffer","Double Energy"],"picked":"Conserve Battery","floor":28},{"not_picked":["BootSequence","Streamline+1"],"picked":"Cold Snap+1","floor":29},{"not_picked":["Rebound+1","Gash+1"],"picked":"Darkness+1","floor":30},{"not_picked":["Stack","Coolheaded"],"picked":"Skim","floor":32}],"player_experience":19024,"relics_obtained":[{"floor":2,"key":"Bag of Marbles"},{"floor":3,"key":"PreservedInsect"},{"floor":6,"key":"Sundial"},{"floor":9,"key":"Ancient Tea Set"},{"floor":21,"key":"Bronze Scales"},{"floor":22,"key":"Dream Catcher"},{"floor":25,"key":"Molten Egg 2"},{"floor":26,"key":"White Beast Statue"}],"event_choices":[{"damage_healed":0,"gold_gain":0,"player_choice":"Upgraded","damage_taken":0,"max_hp_gain":0,"max_hp_loss":0,"event_name":"Upgrade Shrine","floor":11,"gold_loss":0,"cards_upgraded":["Defragment"]},{"damage_healed":0,"gold_gain":0,"player_choice":"Ignored","damage_taken":0,"max_hp_gain":0,"max_hp_loss":0,"event_name":"Vampires","floor":19,"gold_loss":0},{"damage_healed":0,"gold_gain":0,"player_choice":"Stole Relic","damage_taken":0,"relics_obtained":["Centennial Puzzle"],"max_hp_gain":0,"max_hp_loss":0,"event_name":"Addict","floor":20,"gold_loss":0,"cards_obtained":["Shame"]}],"is_beta":false,"boss_relics":[{"not_picked":["Snecko Eye","FrozenCore"],"picked":"Philosopher\u0027s Stone"}],"items_purged_floors":[],"is_endless":false,"potions_floor_spawned":[1,8,13,16,24,28,30],"killed_by":"Automaton","ascension_level":0}}