{"host":"clf2hd4adhiiw0zf","time":1614140041,"event":{"mods":["AchievementEnabler","BaseMod","Beaked The Cultist","Bestiary","Dark Map","Downfall","Gremlin Mod","Hermit","Jorbs\u0027s Wanderer Trilogy","Marisa????????","Minty Spire (QoL Compilation)","Quick Restart","Replay The Spire","Shop Mod","Spire Arcade","StSLib","The Construct","The Cursed","Wide Potions"],"gold_per_floor":[99,197,372,372,372,372,450,450,450,450,350,20,30,59,70,70,70,70],"floor_reached":16,"language":"ENG","playtime":507,"items_purged":["Doubt"],"score":127,"play_id":"fad3954b-27e7-4b6b-b357-850625b8938c","local_time":"20210223211401","is_ascension_mode":true,"campfire_choices":[{"floor":1,"key":"RECALL"},{"data":"Guardian:PrismaticBarrier","floor":11,"key":"SMITH"}],"circlet_count":0,"master_deck":["Guardian:Strike_Guardian","Guardian:Strike_Guardian","Guardian:Strike_Guardian","Guardian:Strike_Guardian","Guardian:Defend_Guardian","Guardian:Defend_Guardian","Guardian:Defend_Guardian","Guardian:Defend_Guardian","Guardian:CurlUp","Guardian:TwinSlam","Guardian:PiercingHide","Guardian:PiercingHide","Guardian:PrismaticBarrier+1","Guardian:CurlUp","Guardian:ArmoredProtocol","Replay:SS_fish_1","Guardian:PrimingBeam","Guardian:GuardianWhirl","Guardian:Gem_Green"],"relics":["Guardian:ModeShifter","downfall:HeartsMalice","Blue Candle","Ring of Panic","Ring of Searing","downfall:BrokenWingStatue","downfall:HeartBlessingRed","Omamori","beaked:ShinyBauble"],"acts_visited":["Exordium"],"potions_floor_usage":[16],"damage_taken":[{"damage":0,"enemies":"Jaw Worm","floor":4,"turns":1},{"damage":0,"enemies":"2 Louse","floor":5,"turns":1},{"damage":0,"enemies":"Small Slimes","floor":8,"turns":1},{"damage":16,"enemies":"downfall:FleeingMerchant","floor":12,"turns":4},{"damage":1,"enemies":"downfall:LooterAlt","floor":13,"turns":3},{"damage":18,"enemies":"Gremlin Nob","floor":14,"turns":5},{"damage":8,"enemies":"Blue Slaver","floor":15,"turns":3},{"damage":48,"enemies":"DF_ARCHETYPE_STREAMLINE","floor":16,"turns":9}],"seed_played":"-7403301429419656120","potions_obtained":[{"floor":13,"key":"Death Potion"},{"floor":14,"key":"Swift Potion"}],"is_trial":false,"path_per_floor":["R","?","?","M","M","?","T","M","?","?","R","$","M","E","M","B"],"character_chosen":"GUARDIAN","items_purchased":["Omamori","Replay:SS_fish_1"],"campfire_rested":0,"item_purchase_floors":[12,12],"current_hp_per_floor":[72,72,72,72,72,72,72,72,72,72,72,56,55,37,29,0,0,0],"gold":70,"neow_bonus":"THREE_ENEMY_KILL","is_daily":false,"chose_seed":false,"campfire_upgraded":1,"win_rate":0.0,"timestamp":1614140041,"path_taken":["R","?","?","M","M","?","T","?","?","?","R","?","M","E","M","BOSS"],"items_purchased_type":["Relic","Card"],"build_version":"2020-12-22","purchased_purges":1,"victory":false,"max_hp_per_floor":[80,80,80,80,80,80,80,80,80,80,80,80,80,80,80,80,80,80],"card_choices":[{"not_picked":["Guardian:CrystalBeam","Guardian:Gem_Cyan"],"picked":"Guardian:PiercingHide","floor":2},{"not_picked":["Guardian:Recover","Guardian:GuardianWhirl"],"picked":"Guardian:Gem_Lightblue","floor":2},{"not_picked":["Guardian:Suspension","Guardian:Gem_Green"],"picked":"Guardian:PiercingHide","floor":2},{"not_picked":["Guardian:ChargeUp","Guardian:TemporalShield"],"picked":"Guardian:PrismaticBarrier","floor":4},{"not_picked":["Guardian:Planning","Guardian:ChargeCore"],"picked":"Guardian:Gem_Lightblue","floor":5},{"not_picked":["Guardian:PrismaticBeam","Guardian:Emergency"],"picked":"Guardian:Gem_Lightblue","floor":8},{"not_picked":["Guardian:Preprogram","Guardian:TimeSifter"],"picked":"Guardian:ArmoredProtocol","floor":12},{"not_picked":["Guardian:Incinerate","Guardian:TimeBomb"],"picked":"Guardian:PrimingBeam","floor":13},{"not_picked":["Guardian:Orbwalk","Guardian:Repulse"],"picked":"Guardian:GuardianWhirl","floor":14},{"not_picked":["Guardian:TemporalShield","Guardian:CrystalBeam"],"picked":"Guardian:Gem_Green","floor":15}],"player_experience":388510,"relics_obtained":[{"floor":7,"key":"Blue Candle"},{"floor":9,"key":"Ring of Panic"},{"floor":9,"key":"Ring of Searing"},{"floor":14,"key":"beaked:ShinyBauble"}],"event_choices":[],"is_beta":false,"boss_relics":[],"items_purged_floors":[12],"is_endless":false,"potions_floor_spawned":[13,14],"killed_by":"DF_ARCHETYPE_STREAMLINE","ascension_level":7}}