{"host":"mg3e76uznu9x14du","time":1614210663,"event":{"mods":["BaseMod","Colored Map","Downfall","Minty Spire (QoL Compilation)","Permanent Neow","Relic Stats","Spire Arcade","StSLib","Waifu the Spire","everything is the same but u backflip on backflip"],"gold_per_floor":[99,110,120,139,139,39,64,98,98,113,132,32,57,77,92,191,191,191,191,202,202,222,239,239,6,6,6,106,6,22,22,22,22],"floor_reached":31,"language":"ENG","playtime":1386,"items_purged":["downfall:Malfunctioning"],"score":309,"play_id":"4984ce12-8aab-4ed9-8ee0-458c2c17abab","local_time":"20210224185103","is_ascension_mode":true,"campfire_choices":[{"floor":1,"key":"RECALL"},{"data":"Tantrum","floor":12,"key":"SMITH"},{"data":"sneckomod:UnknownRareAttack","floor":18,"key":"SMITH"},{"data":"sneckomod:CheapStock","floor":26,"key":"SMITH"},{"floor":29,"key":"REST"}],"circlet_count":0,"master_deck":["sneckomod:Strike","sneckomod:Strike+1","sneckomod:Strike","sneckomod:Defend+1","sneckomod:Defend","sneckomod:Defend","sneckomod:TailWhip","sneckomod:SnekBite+1","sneckomod:Unknown","sneckomod:UnknownCommonSkill","sneckomod:UnknownUncommonPower+1","sneckomod:UnknownUncommonAttack","Tantrum+1","sneckomod:SoulCleanse","sneckomod:SoulRoll","sneckomod:UnknownCommonSkill","sneckomod:QuickBite","sneckomod:UnknownDraw","sneckomod:Unknown3Cost","sneckomod:UnknownRareAttack+1","sneckomod:SnekBeam","sneckomod:QuickBite","sneckomod:DiceCrush","sneckomod:UnknownUncommonPower","sneckomod:CheapStock+1","sneckomod:UnknownVulnerable","sneckomod:SnakeSap"],"relics":["downfall:HeartBlessingRed","Vajra","HornCleat","downfall:BrokenWingStatue","downfall:HeartBlessingGreen","Bird Faced Urn","Busted Crown","Nloth\u0027s Gift","Nilry\u0027s Codex","downfall:GremlinWheel","downfall:HeartBlessingBlue"],"acts_visited":["Exordium","TheCity"],"potions_floor_usage":[11,14,16,16,25,31],"damage_taken":[{"damage":0,"enemies":"Small Slimes","floor":2,"turns":3},{"damage":3,"enemies":"2 Louse","floor":3,"turns":2},{"damage":7,"enemies":"Jaw Worm","floor":4,"turns":4},{"damage":6,"enemies":"Gremlin Nob","floor":8,"turns":3},{"damage":0,"enemies":"Exordium Wildlife","floor":10,"turns":2},{"damage":11,"enemies":"Lots of Slimes","floor":11,"turns":3},{"damage":7,"enemies":"3 Sentries","floor":13,"turns":3},{"damage":0,"enemies":"Blue Slaver","floor":14,"turns":1},{"damage":5,"enemies":"downfall:LooterAlt","floor":15,"turns":2},{"damage":40,"enemies":"SI_SHIV_ARCHETYPE","floor":16,"turns":8},{"damage":4,"enemies":"3 Byrds","floor":20,"turns":3},{"damage":26,"enemies":"Shell Parasite","floor":22,"turns":3},{"damage":4,"enemies":"Centurion and Healer","floor":23,"turns":2},{"damage":22,"enemies":"downfall:FleeingMerchant","floor":25,"turns":5},{"damage":9,"enemies":"downfall:FleeingMerchant","floor":28,"turns":4},{"damage":18,"enemies":"Shelled Parasite and Fungi","floor":30,"turns":2},{"damage":59,"enemies":"Sentry and Sphere","floor":31,"turns":3}],"seed_played":"8292078139208132590","potions_obtained":[{"floor":3,"key":"SkillPotion"},{"floor":10,"key":"Swift Potion"},{"floor":11,"key":"DistilledChaos"},{"floor":15,"key":"FearPotion"},{"floor":16,"key":"Dexterity Potion"},{"floor":20,"key":"SpeedPotion"},{"floor":30,"key":"Fire Potion"}],"is_trial":false,"path_per_floor":["R","M","M","M","?","R","T","E","?","M","M","R","E","M","M","B",null,"R","?","M","?","M","M","T","$","R","?","?","R","M","M"],"character_chosen":"THE_SNECKO","items_purchased":["sneckomod:CheapStock","sneckomod:UnknownVulnerable"],"campfire_rested":1,"item_purchase_floors":[25,25],"current_hp_per_floor":[90,90,87,80,80,80,80,74,74,74,63,63,56,56,53,15,90,90,72,70,70,44,40,40,30,30,14,11,52,38,0,0,0],"gold":22,"neow_bonus":"UPGRADE_CARD","is_daily":false,"chose_seed":false,"campfire_upgraded":3,"win_rate":0.0,"timestamp":1614210663,"path_taken":["R","M","M","M","?","R","T","E","?","M","M","R","E","M","M","BOSS","R","?","M","?","?","M","T","$","R","?","?","R","M","?"],"items_purchased_type":["Card","Card"],"build_version":"2020-12-22","purchased_purges":1,"victory":false,"max_hp_per_floor":[90,90,90,90,90,90,90,90,90,90,90,90,90,90,90,90,90,90,95,95,95,95,95,95,95,95,95,95,105,105,105,105,105],"relic_stats":{"Busted Crown":10,"counters":[17,53],"Bird Faced Urn":[24],"Nloth\u0027s Gift":0,"obtain_stats":[{"HornCleat":8,"downfall:BrokenWingStatue":9,"Busted Crown":17,"downfall:GremlinWheel":28,"downfall:HeartBlessingRed":6,"Nilry\u0027s Codex":27,"downfall:HeartBlessingBlue":29,"Bird Faced Urn":13,"Vajra":7,"downfall:HeartBlessingGreen":12,"Nloth\u0027s Gift":21,"sneckomod:SneckoSoul":0},{"HornCleat":4,"downfall:BrokenWingStatue":4,"Busted Crown":10,"downfall:GremlinWheel":15,"downfall:HeartBlessingRed":3,"Nilry\u0027s Codex":14,"downfall:HeartBlessingBlue":15,"Bird Faced Urn":7,"Vajra":3,"downfall:HeartBlessingGreen":6,"Nloth\u0027s Gift":11,"sneckomod:SneckoSoul":0},{"HornCleat":12,"downfall:BrokenWingStatue":12,"Busted Crown":31,"downfall:GremlinWheel":48,"downfall:HeartBlessingRed":9,"Nilry\u0027s Codex":44,"downfall:HeartBlessingBlue":48,"Bird Faced Urn":20,"Vajra":9,"downfall:HeartBlessingGreen":17,"Nloth\u0027s Gift":34,"sneckomod:SneckoSoul":0}]},"card_choices":[{"not_picked":["sneckomod:DefensiveFlair","sneckomod:MixItUp"],"picked":"sneckomod:UnknownCommonSkill","floor":2},{"not_picked":["sneckomod:UnknownCommonSkill","sneckomod:IronFang"],"picked":"sneckomod:UnknownUncommonPower","floor":3},{"not_picked":["sneckomod:SoulCleanse","sneckomod:DiceBlock"],"picked":"sneckomod:UnknownUncommonAttack","floor":4},{"not_picked":["sneckomod:MixItUp","sneckomod:DefensiveFlair"],"picked":"sneckomod:SoulCleanse","floor":8},{"not_picked":["sneckomod:SerpentIdol","sneckomod:UnknownCommonSkill"],"picked":"sneckomod:SoulRoll","floor":10},{"not_picked":["sneckomod:Unknown1Cost","sneckomod:SoulCleanse"],"picked":"sneckomod:UnknownCommonSkill","floor":11},{"not_picked":["sneckomod:UnknownX","sneckomod:ImprovisedGuard"],"picked":"sneckomod:QuickBite","floor":13},{"not_picked":["sneckomod:UnknownStrike","sneckomod:SoulDraw"],"picked":"sneckomod:UnknownDraw","floor":14},{"not_picked":["sneckomod:DiceBoulder","sneckomod:PureSnecko"],"picked":"sneckomod:Unknown3Cost","floor":15},{"not_picked":["sneckomod:Cheat","sneckomod:Transmogrify"],"picked":"sneckomod:UnknownRareAttack","floor":16},{"not_picked":[],"picked":"sneckomod:SnekBeam","floor":20},{"not_picked":[],"picked":"sneckomod:QuickBite","floor":22},{"not_picked":[],"picked":"sneckomod:DiceCrush","floor":23},{"not_picked":[],"picked":"sneckomod:UnknownUncommonPower","floor":25},{"not_picked":[],"picked":"sneckomod:SnakeSap","floor":30}],"player_experience":526580,"relics_obtained":[{"floor":7,"key":"Vajra"},{"floor":8,"key":"HornCleat"},{"floor":13,"key":"Bird Faced Urn"},{"floor":27,"key":"Nilry\u0027s Codex"},{"floor":28,"key":"downfall:GremlinWheel"}],"event_choices":[],"is_beta":false,"boss_relics":[{"not_picked":["Runic Pyramid","Fusion Hammer"],"picked":"Busted Crown"}],"items_purged_floors":[25],"is_endless":false,"potions_floor_spawned":[3,10,11,15,16,20,30],"killed_by":"Sentry and Sphere","ascension_level":3}}