{"host":"wbn3xdfsa5pc2kse","time":1614182850,"event":{"mods":["AchievementEnabler","BaseMod","Bestiary","Colored Map","Colored Powertips","Curses Come First","Highlight Path","Minty Spire (QoL Compilation)","Permanent Neow","Rare Cards Sparkle","Relic Stats","StSLib"],"gold_per_floor":[111,111,123,137,102,135,146,181,208,227,227,253,195,218,218,290,290,308,308,308,308,321,321,321,321],"floor_reached":24,"language":"ZHT","playtime":701,"items_purged":[],"score":385,"play_id":"4ac2e2ee-5976-4e68-bf37-8cba170794d2","local_time":"20210225000730","is_ascension_mode":true,"campfire_choices":[{"data":"Die Die Die","floor":11,"key":"SMITH"},{"floor":15,"key":"REST"},{"data":"Finisher","floor":23,"key":"SMITH"}],"circlet_count":0,"master_deck":["AscendersBane","Strike_G","Strike_G","Strike_G","Strike_G","Strike_G","Defend_G","Defend_G","Defend_G","Defend_G","Defend_G","Survivor","Neutralize","Phantasmal Killer","Riddle With Holes","Cloak And Dagger","Acrobatics","Die Die Die+1","Flechettes","PiercingWail","Blade Dance","Bullet Time","Footwork","Finisher+1"],"relics":["Ring of the Snake","StoneCalendar","Nunchaku","Boot","Orichalcum","Smiling Mask","Odd Mushroom","Philosopher\u0027s Stone","MutagenicStrength"],"acts_visited":["Exordium","TheCity"],"potions_floor_usage":[12,22,24],"damage_taken":[{"damage":2,"enemies":"Jaw Worm","floor":1,"turns":2},{"damage":1,"enemies":"Small Slimes","floor":3,"turns":5},{"damage":0,"enemies":"2 Louse","floor":4,"turns":2},{"damage":29,"enemies":"Gremlin Nob","floor":6,"turns":5},{"damage":1,"enemies":"Blue Slaver","floor":7,"turns":5},{"damage":5,"enemies":"3 Sentries","floor":8,"turns":5},{"damage":0,"enemies":"3 Louse","floor":10,"turns":3},{"damage":24,"enemies":"Lagavulin","floor":12,"turns":5},{"damage":7,"enemies":"The Mushroom Lair","floor":14,"turns":4},{"damage":11,"enemies":"Hexaghost","floor":16,"turns":9},{"damage":7,"enemies":"Spheric Guardian","floor":18,"turns":3},{"damage":22,"enemies":"Shell Parasite","floor":22,"turns":7},{"damage":27,"enemies":"Gremlin Leader","floor":24,"turns":6}],"seed_played":"-6794503662359718759","potions_obtained":[{"floor":7,"key":"FairyPotion"},{"floor":8,"key":"Swift Potion"},{"floor":10,"key":"AttackPotion"},{"floor":14,"key":"ColorlessPotion"},{"floor":22,"key":"Block Potion"}],"is_trial":false,"path_per_floor":["M","?","M","M","?","E","M","E","T","M","R","E","?","?","R","B",null,"M","?","?","?","M","R","E"],"character_chosen":"THE_SILENT","items_purchased":[],"campfire_rested":1,"item_purchase_floors":[],"current_hp_per_floor":[57,22,21,21,37,8,7,2,2,2,2,9,9,2,21,10,52,45,45,45,45,23,23,0,0],"gold":321,"neow_bonus":"ONE_RANDOM_RARE_CARD","is_daily":false,"chose_seed":false,"campfire_upgraded":2,"win_rate":0.0,"timestamp":1614182850,"path_taken":["M","?","M","M","?","E","M","E","T","M","R","E","?","?","R","BOSS","M","?","?","?","M","R","E"],"items_purchased_type":[],"build_version":"2020-12-22","purchased_purges":0,"victory":false,"max_hp_per_floor":[66,66,66,66,66,66,66,66,66,66,66,66,66,66,66,66,66,66,66,66,66,66,66,66,66],"relic_stats":{"Nunchaku":[10],"counters":[13,61],"StoneCalendar":[52],"Orichalcum":[42],"Boot":[102],"Smiling Mask":0,"obtain_stats":[{"Nunchaku":6,"MutagenicStrength":20,"StoneCalendar":2,"Philosopher\u0027s Stone":17,"Orichalcum":9,"Odd Mushroom":14,"Boot":8,"Smiling Mask":12,"Ring of the Snake":0},{"Nunchaku":4,"MutagenicStrength":11,"StoneCalendar":1,"Philosopher\u0027s Stone":10,"Orichalcum":6,"Odd Mushroom":9,"Boot":6,"Smiling Mask":8,"Ring of the Snake":0},{"Nunchaku":14,"MutagenicStrength":48,"StoneCalendar":2,"Philosopher\u0027s Stone":45,"Orichalcum":24,"Odd Mushroom":36,"Boot":24,"Smiling Mask":32,"Ring of the Snake":0}],"Ring of the Snake":[26]},"card_choices":[{"not_picked":["Outmaneuver","Dodge and Roll"],"picked":"Riddle With Holes","floor":1},{"not_picked":["Slice","Deadly Poison"],"picked":"Cloak And Dagger","floor":3},{"not_picked":["Deadly Poison","Distraction","Dodge and Roll"],"picked":"SKIP","floor":4},{"not_picked":["Concentrate","Poisoned Stab"],"picked":"Acrobatics","floor":6},{"not_picked":["Acrobatics","Dodge and Roll"],"picked":"Die Die Die","floor":7},{"not_picked":["Blur","Concentrate"],"picked":"Flechettes","floor":8},{"not_picked":["Underhanded Strike","Poisoned Stab","Quick Slash"],"picked":"SKIP","floor":10},{"not_picked":["Heel Hook","Bane"],"picked":"PiercingWail","floor":12},{"not_picked":["Setup","PiercingWail"],"picked":"Blade Dance","floor":14},{"not_picked":["Envenom","Night Terror"],"picked":"Bullet Time","floor":16},{"not_picked":["Flying Knee","Distraction","Bane"],"picked":"SKIP","floor":18},{"not_picked":["Prepared","Dodge and Roll"],"picked":"Finisher","floor":22}],"player_experience":874820,"relics_obtained":[{"floor":6,"key":"Nunchaku"},{"floor":8,"key":"Boot"},{"floor":9,"key":"Orichalcum"},{"floor":12,"key":"Smiling Mask"},{"floor":14,"key":"Odd Mushroom"}],"event_choices":[{"damage_healed":0,"gold_gain":0,"player_choice":"Success","damage_taken":35,"relics_obtained":["StoneCalendar"],"max_hp_gain":0,"max_hp_loss":0,"event_name":"Scrap Ooze","floor":2,"gold_loss":0},{"damage_healed":16,"gold_gain":0,"player_choice":"Healed","damage_taken":0,"max_hp_gain":0,"max_hp_loss":0,"event_name":"The Cleric","floor":5,"gold_loss":35},{"damage_healed":0,"gold_gain":0,"player_choice":"Left Gold","damage_taken":0,"max_hp_gain":0,"max_hp_loss":0,"event_name":"World of Goop","floor":13,"gold_loss":58},{"damage_healed":0,"gold_gain":0,"player_choice":"Fought Mushrooms","damage_taken":0,"max_hp_gain":0,"max_hp_loss":0,"event_name":"Mushrooms","floor":14,"gold_loss":0},{"damage_healed":0,"gold_gain":0,"player_choice":"Ignored","damage_taken":0,"max_hp_gain":0,"max_hp_loss":0,"event_name":"Ghosts","floor":19,"gold_loss":0},{"damage_healed":0,"gold_gain":0,"player_choice":"Inject Mutagens","damage_taken":0,"relics_obtained":["MutagenicStrength"],"max_hp_gain":0,"max_hp_loss":0,"event_name":"Drug Dealer","floor":20,"gold_loss":0},{"damage_healed":0,"gold_gain":0,"player_choice":"Read","damage_taken":0,"max_hp_gain":0,"max_hp_loss":0,"event_name":"The Library","floor":21,"gold_loss":0,"cards_obtained":["Footwork"]}],"is_beta":false,"boss_relics":[{"not_picked":["Ring of the Serpent","Fusion Hammer"],"picked":"Philosopher\u0027s Stone"}],"items_purged_floors":[],"is_endless":false,"potions_floor_spawned":[7,8,10,14,22],"killed_by":"Gremlin Leader","ascension_level":16}}