{"host":"nsiiwrl41ak9l0n5","time":1614160977,"event":{"mods":["100% Spire Juice","Act Like it!","BaseMod","Better Altar","Better Match","Better Note","Better Sensory Stone","Better Skull","BetterRewards","Colored Map","Colored Powertips","Downfall","Emptier Cage","GifTheSpireLib","HexUI Lib","Highlight Path","MarisaÅiñ∂âJÅ@ñÇóùçπÅj","Minty Spire (QoL Compilation)","Permanent Neow","Quick Restart","Rare Cards Sparkle","Relic Sorter","SacredBarkPlus","StSLib","The Cursed","The Servant 0.9.4"],"gold_per_floor":[99,113,126,126,144,144,144,44,77,90,0,0,20,320,335,430,430,230,248,248,268,268,268,268,297,28,42,58,77,77,77,96,193,193,193,193,203,203,214,19,71,141,158,171,171,182,182,182,202,202,202,202,202,202],"floor_reached":52,"language":"ENG","playtime":4931,"items_purged":["downfall:Malfunctioning","Pride","downfall:Bewildered"],"score":726,"play_id":"1e623c20-d5f4-4ce5-a6ff-489e8a91c3b7","local_time":"20210224200257","is_ascension_mode":false,"campfire_choices":[{"floor":1,"key":"RECALL"},{"data":"Slimebound:RainOfGoop","floor":8,"key":"SMITH"},{"floor":12,"key":"REST"},{"data":"Slimebound:SelfFormingGoo","floor":18,"key":"SMITH"},{"data":"Slimebound:FirmFortitude","floor":35,"key":"SMITH"},{"data":"Slimebound:PrepareCrush","floor":45,"key":"SMITH"},{"floor":47,"key":"REST"}],"circlet_count":0,"master_deck":["Slimebound:Strike_Slimebound","Slimebound:Strike_Slimebound","Slimebound:Strike_Slimebound+1","Slimebound:Tackle","Slimebound:Defend_Slimebound+1","Slimebound:Defend_Slimebound","Slimebound:Defend_Slimebound+1","Slimebound:Defend_Slimebound","Slimebound:Split+1","Slimebound:CorrosiveSpit+1","Slimebound:SplitBruiser","Slimebound:SplitLeeching","Slimebound:RainOfGoop+1","Slimebound:LivingWall","Slimebound:LevelUp","Slimebound:MinionMaster","Slimebound:Schlurp","Slimebound:Prepare+1","Slimebound:SelfFormingGoo+1","Slimebound:PressTheAttack+1","Slimebound:SlimeTap","Impatience","Finesse","Slimebound:ServeAndProtect","Slimebound:SplitMire","Slimebound:PressTheAttack","Slimebound:LeechEnergy","Slimebound:SplitAcid+1","Slimebound:SlimeTap","RitualDagger","Slimebound:SlimeBarrage+1","Slimebound:FirmFortitude+1","Slimebound:ServeAndProtect","Slimebound:LivingWall+1","Slimebound:LevelUp","Slimebound:PrepareCrush+1","Slimebound:Repurpose","Slimebound:PressTheAttack","Slimebound:SplitBruiser+1","Slimebound:SplitBruiser+1","Parasite","Slimebound:SplitMire"],"relics":["Slimebound:AbsorbEndCombat","downfall:HeartBlessingBlue","White Beast Statue","Old Coin","Sozu","downfall:HeartBlessingGreen","downfall:HeartBlessingRed","CaptainsWheel","Bird Faced Urn","Orichalcum","Strawberry","sneckomod:BabySnecko","Black Star","Smiling Mask","Oddly Smooth Stone"],"acts_visited":["Exordium","TheCity","TheBeyond","TheEnding"],"potions_floor_usage":[],"damage_taken":[{"damage":1,"enemies":"2 Louse","floor":2,"turns":2},{"damage":1,"enemies":"Jaw Worm","floor":3,"turns":3},{"damage":10,"enemies":"Small Slimes","floor":5,"turns":3},{"damage":21,"enemies":"3 Sentries","floor":9,"turns":10},{"damage":0,"enemies":"Red Slaver","floor":10,"turns":3},{"damage":0,"enemies":"downfall:FleeingMerchant","floor":11,"turns":4},{"damage":5,"enemies":"3 Louse","floor":13,"turns":3},{"damage":3,"enemies":"downfall:LooterAlt","floor":15,"turns":2},{"damage":37,"enemies":"DF_ARCHETYPE_STREAMLINE","floor":16,"turns":9},{"damage":20,"enemies":"downfall:LooterAlt2","floor":19,"turns":3},{"damage":7,"enemies":"3 Byrds","floor":21,"turns":5},{"damage":23,"enemies":"Gremlin Leader","floor":25,"turns":7},{"damage":2,"enemies":"downfall:FleeingMerchant","floor":26,"turns":4},{"damage":1,"enemies":"Snake Plant","floor":27,"turns":4},{"damage":7,"enemies":"Centurion and Healer","floor":28,"turns":4},{"damage":1,"enemies":"Sentry and Sphere","floor":29,"turns":4},{"damage":9,"enemies":"Snake Plant","floor":32,"turns":3},{"damage":52,"enemies":"SI_MIRROR_ARCHETYPE","floor":33,"turns":12},{"damage":0,"enemies":"3 Shapes","floor":37,"turns":3},{"damage":1,"enemies":"3 Darklings","floor":39,"turns":3},{"damage":8,"enemies":"downfall:FleeingMerchant","floor":40,"turns":4},{"damage":0,"enemies":"downfall:FleeingMerchant","floor":42,"turns":2},{"damage":24,"enemies":"Writhing Mass","floor":43,"turns":4},{"damage":4,"enemies":"Maw","floor":44,"turns":6},{"damage":20,"enemies":"3 Darklings","floor":46,"turns":4},{"damage":25,"enemies":"Writhing Mass","floor":49,"turns":5},{"damage":24,"enemies":"WA_ARCHETYPE_DIVINITY","floor":50,"turns":9},{"damage":102,"enemies":"downfall:CharBossMerchant","floor":52,"turns":7}],"seed_played":"5516493638582281973","potions_obtained":[{"floor":10,"key":"LiquidBronze"},{"floor":11,"key":"champ:CounterPotion"},{"floor":13,"key":"Strength Potion"},{"floor":15,"key":"DuplicationPotion"}],"is_trial":false,"path_per_floor":["R","M","M","?","M","?","T","R","E","M","$","R","M","?","M","B",null,"R","M","?","M","?","?","T","E","$","M","M","M","?","?","M","B",null,"R","?","M","?","M","$","T","$","M","M","R","M","R","?","M","B",null,"E"],"character_chosen":"SLIMEBOUND","items_purchased":["Slimebound:SplitMire","Strawberry","Slimebound:PressTheAttack","Slimebound:LevelUp","Slimebound:Repurpose","Oddly Smooth Stone"],"campfire_rested":2,"item_purchase_floors":[26,26,26,40,42,42],"current_hp_per_floor":[71,71,71,71,65,65,65,75,62,64,66,81,78,75,74,45,81,81,63,63,64,64,64,64,55,68,75,82,88,88,82,75,37,88,88,88,88,80,88,86,86,88,68,76,76,66,88,88,73,63,88,0,0,0],"gold":202,"neow_bonus":"TEN_PERCENT_HP_BONUS","is_daily":false,"chose_seed":false,"campfire_upgraded":4,"win_rate":0.0,"timestamp":1614160977,"path_taken":["R","M","M","?","M","?","T","R","E","M","?","R","M","?","M","BOSS","R","M","?","M","?","?","T","E","?","M","?","M","?","?","M","BOSS","R","?","?","?","M","$","T","?","M","M","R","?","R","?","M","BOSS","E"],"items_purchased_type":["Card","Relic","Card","Card","Card","Relic"],"build_version":"2020-12-22","purchased_purges":3,"victory":false,"max_hp_per_floor":[71,71,71,71,71,71,71,81,81,81,81,81,81,81,81,81,81,81,81,81,81,81,81,81,81,88,88,88,88,88,88,88,88,88,88,88,88,88,88,88,88,88,88,88,88,88,88,88,88,88,88,88,88,88],"card_choices":[{"not_picked":["Slimebound:GoopSpray","Slimebound:Prepare"],"picked":"Slimebound:SplitBruiser","floor":2},{"not_picked":["Slimebound:SpikyOuterGoop","Slimebound:LeechEnergy"],"picked":"Slimebound:SplitLeeching","floor":3},{"not_picked":["Slimebound:RejuvenatingLick","Slimebound:ComboTackle"],"picked":"Slimebound:RainOfGoop","floor":5},{"not_picked":["Slimebound:FlameTackle","Slimebound:LeechEnergy"],"picked":"Slimebound:LivingWall","floor":9},{"not_picked":["Slimebound:ItLooksTasty","Slimebound:SplitAcid"],"picked":"Slimebound:LevelUp","floor":10},{"not_picked":["Slimebound:SplitLeeching","Slimebound:Chomp"],"picked":"Slimebound:MinionMaster","floor":11},{"not_picked":["Slimebound:SplitBruiser","Slimebound:SlimeBarrage"],"picked":"Slimebound:Schlurp","floor":13},{"not_picked":["Slimebound:GrowthPunch","Slimebound:SpikyOuterGoop"],"picked":"Slimebound:Prepare","floor":15},{"not_picked":["Slimebound:LeechLife","Slimebound:FirmFortitude"],"picked":"Slimebound:SelfFormingGoo","floor":16},{"not_picked":["Slimebound:SlimeSpikes","Slimebound:DisruptingSlam"],"picked":"Slimebound:PressTheAttack+1","floor":19},{"not_picked":["Slimebound:FinishingTackle+1","Slimebound:TongueLash"],"picked":"Slimebound:SlimeTap","floor":21},{"not_picked":["Chrysalis","Trip"],"picked":"Impatience","floor":22},{"not_picked":["Jack Of All Trades","HandOfGreed"],"picked":"Finesse","floor":22},{"not_picked":["Slimebound:SplitLeeching","Slimebound:RollThrough+1","Slimebound:HauntingLick"],"picked":"SKIP","floor":25},{"not_picked":["Slimebound:ComboTackle+1","Slimebound:RainOfGoop"],"picked":"Slimebound:ServeAndProtect","floor":26},{"not_picked":["Slimebound:SplitAcid","Slimebound:BestDefense"],"picked":"Slimebound:LeechEnergy","floor":27},{"not_picked":["Slimebound:PressTheAttack","Slimebound:Prepare"],"picked":"Slimebound:SplitAcid+1","floor":28},{"not_picked":["Slimebound:ForwardTackle","Slimebound:HauntingLick"],"picked":"Slimebound:SlimeTap","floor":29},{"not_picked":["Slimebound:SlimeSpikes","Slimebound:LeechingTouch+1"],"picked":"Slimebound:SlimeBarrage+1","floor":32},{"not_picked":["Slimebound:SlimeSlap","Slimebound:DouseInSlime"],"picked":"Slimebound:FirmFortitude","floor":33},{"not_picked":["Slimebound:GoopTackle+1","Slimebound:ComboTackle","Slimebound:FinishingTackle"],"picked":"SKIP","floor":37},{"not_picked":["Slimebound:SplitLeeching+1","Slimebound:Grow"],"picked":"Slimebound:LivingWall+1","floor":39},{"not_picked":["Slimebound:LivingWall","Slimebound:GoopTackle+1","Slimebound:RollThrough"],"picked":"SKIP","floor":40},{"not_picked":["Slimebound:RollThrough+1","Slimebound:ItLooksTasty+1"],"picked":"Slimebound:PrepareCrush","floor":42},{"not_picked":["Slimebound:ItLooksTasty","Slimebound:ComboTackle+1"],"picked":"Slimebound:PressTheAttack","floor":43},{"not_picked":["Slimebound:RejuvenatingLick+1","Slimebound:RainOfGoop+1"],"picked":"Slimebound:SplitBruiser+1","floor":44},{"not_picked":["Slimebound:RollThrough+1","Slimebound:SplitLeeching+1"],"picked":"Slimebound:SplitBruiser+1","floor":46},{"not_picked":["Slimebound:Prepare+1","Slimebound:LeechingTouch"],"picked":"Slimebound:SplitMire","floor":49}],"player_experience":206272,"relics_obtained":[{"floor":9,"key":"White Beast Statue"},{"floor":24,"key":"Bird Faced Urn"},{"floor":25,"key":"Orichalcum"},{"floor":41,"key":"Smiling Mask"}],"event_choices":[{"damage_healed":0,"gold_gain":0,"player_choice":"Grow","damage_taken":0,"max_hp_gain":0,"max_hp_loss":0,"event_name":"Living Wall","floor":6,"gold_loss":0,"cards_upgraded":["Slimebound:CorrosiveSpit"]},{"damage_healed":0,"gold_gain":0,"player_choice":"Success","damage_taken":3,"relics_obtained":["Old Coin"],"max_hp_gain":0,"max_hp_loss":0,"event_name":"Scrap Ooze","floor":14,"gold_loss":0},{"damage_healed":0,"gold_gain":0,"player_choice":"Ignored","damage_taken":0,"max_hp_gain":0,"max_hp_loss":0,"event_name":"betterNote:BetterNote","floor":20,"gold_loss":0,"cards_obtained":["TheCursedMod:Strike_TheCursed"]},{"damage_healed":0,"gold_gain":2,"player_choice":"1","damage_taken":0,"max_hp_gain":0,"max_hp_loss":0,"event_name":"betterStone:BetterStone","floor":22,"gold_loss":0},{"damage_healed":0,"gold_gain":0,"player_choice":"Stole Relic","damage_taken":0,"relics_obtained":["CaptainsWheel"],"max_hp_gain":0,"max_hp_loss":0,"event_name":"Addict","floor":23,"gold_loss":0,"cards_obtained":["Pride"]}],"is_beta":false,"boss_relics":[{"not_picked":["Busted Crown","Runic Pyramid"],"picked":"Sozu"},{"not_picked":["Velvet Choker","Tiny House"],"picked":"Black Star"}],"items_purged_floors":[11,40,42],"is_endless":false,"potions_floor_spawned":[10,11,13,15,16,19,21,25,26,27,28,29,32,33,37,39,40,42,43,44,46,49],"killed_by":"downfall:CharBossMerchant","ascension_level":0}}