{"host":"64ub6hloe4gtkym4","time":1614196997,"event":{"mods":["AchievementEnabler","BaseMod","Colored Map","Colored Powertips","Googly Eyes","Hermit","Highlight Path","Hubris","Minty Spire (QoL Compilation)","Reliquary","Shop Mod","StSLib","The Construct","The Runesmith","The Servant 0.9.4"],"gold_per_floor":[118,138,138,154,173,173,173,173,173,183,195,205,78,93,93,191,191,201,153,153,164,182,182,196,196,221,221,239,252,272,272,272,272,272],"floor_reached":33,"language":"ENG","playtime":2772,"items_purged":[],"score":245,"play_id":"c12cce98-82cb-4811-87db-926cd5948cf2","local_time":"20210224200317","is_ascension_mode":false,"campfire_choices":[{"data":"Twin Strike","floor":6,"key":"SMITH"},{"data":"Shrug It Off","floor":8,"key":"SMITH"},{"data":"Perfected Strike","floor":15,"key":"SMITH"},{"floor":23,"key":"REST"},{"floor":25,"key":"REST"},{"data":"Armaments","floor":27,"key":"SMITH"},{"floor":32,"key":"REST"}],"circlet_count":0,"master_deck":["Strike_R","Strike_R","Strike_R","Strike_R","Strike_R","Defend_R","Defend_R","Defend_R","Bash","Shrug It Off+1","Thunderclap","Hemokinesis","Twin Strike+1","Perfected Strike+1","Rage","Pommel Strike","Twin Strike","Cleave","Dramatic Entrance","Pommel Strike","Searing Blow","Armaments+1","Pommel Strike","Twin Strike+1","Entrench+1"],"relics":["Burning Blood","MealTicket","Unceasing Top","construct:RocketBooster","reliquary:KinkedSpring","Happy Flower"],"acts_visited":["Exordium","TheCity"],"potions_floor_usage":[10,16,22,33],"damage_taken":[{"damage":5,"enemies":"Small Slimes","floor":1,"turns":5},{"damage":5,"enemies":"Cultist","floor":2,"turns":4},{"damage":10,"enemies":"Jaw Worm","floor":4,"turns":4},{"damage":8,"enemies":"Red Slaver","floor":5,"turns":3},{"damage":11,"enemies":"Gremlin Gang","floor":10,"turns":3},{"damage":12,"enemies":"Exordium Thugs","floor":11,"turns":3},{"damage":7,"enemies":"Blue Slaver","floor":12,"turns":3},{"damage":5,"enemies":"Lots of Slimes","floor":14,"turns":2},{"damage":10,"enemies":"Slime Boss","floor":16,"turns":8},{"damage":0,"enemies":"3 Byrds","floor":18,"turns":4},{"damage":7,"enemies":"Shell Parasite","floor":21,"turns":3},{"damage":16,"enemies":"Snake Plant","floor":22,"turns":3},{"damage":17,"enemies":"Centurion and Healer","floor":24,"turns":4},{"damage":12,"enemies":"3 Cultists","floor":28,"turns":4},{"damage":17,"enemies":"Snake Plant","floor":29,"turns":3},{"damage":10,"enemies":"Cultist and Chosen","floor":30,"turns":4},{"damage":92,"enemies":"Collector","floor":33,"turns":6}],"seed_played":"-3104399517189276098","potions_obtained":[{"floor":1,"key":"LiquidBronze"},{"floor":2,"key":"AttackPotion"},{"floor":10,"key":"Energy Potion"},{"floor":14,"key":"DuplicationPotion"},{"floor":18,"key":"SkillPotion"},{"floor":21,"key":"Fire Potion"}],"is_trial":false,"path_per_floor":["M","M","?","M","M","R","?","R","T","M","M","M","$","M","R","B",null,"M","$","?","M","M","R","M","R","T","R","M","M","M","?","R","B"],"character_chosen":"IRONCLAD","items_purchased":["Cleave","Dramatic Entrance","Armaments"],"campfire_rested":3,"item_purchase_floors":[13,13,19],"current_hp_per_floor":[80,80,80,76,74,74,74,74,74,69,63,62,77,78,78,74,80,80,80,80,79,69,80,69,80,80,80,74,63,59,59,80,0,0],"gold":272,"neow_bonus":"RANDOM_COMMON_RELIC","is_daily":false,"chose_seed":false,"campfire_upgraded":4,"win_rate":0.0,"timestamp":1614196997,"path_taken":["M","M","?","?","?","R","?","R","T","M","?","?","?","M","R","BOSS","M","$","?","M","M","R","M","R","T","R","M","?","M","?","R","BOSS"],"items_purchased_type":["Card","Card","Card"],"build_version":"2020-12-22","purchased_purges":0,"victory":false,"max_hp_per_floor":[80,80,80,80,80,80,80,80,80,80,80,80,80,80,80,80,80,80,80,80,80,80,80,80,80,80,80,80,80,80,80,80,80,80],"card_choices":[{"not_picked":["Whirlwind","Headbutt"],"picked":"Shrug It Off","floor":1},{"not_picked":["Clash","hubris:ReadiedAction"],"picked":"Thunderclap","floor":2},{"not_picked":["Reckless Charge","Shrug It Off"],"picked":"Twin Strike","floor":4},{"not_picked":["Ghostly Armor","Brutality"],"picked":"Perfected Strike","floor":5},{"not_picked":["Flex","Ghostly Armor"],"picked":"Rage","floor":10},{"not_picked":["Dual Wield","Rage"],"picked":"Pommel Strike","floor":11},{"not_picked":["Perfected Strike","Rupture"],"picked":"Twin Strike","floor":12},{"not_picked":["Clash","Reckless Charge"],"picked":"Pommel Strike","floor":14},{"not_picked":["Wild Strike+1","Reckless Charge+1"],"picked":"Searing Blow","floor":18},{"not_picked":["Clothesline","Bloodletting"],"picked":"Pommel Strike","floor":21},{"not_picked":["Flex","Brutality"],"picked":"Twin Strike+1","floor":22},{"not_picked":["Headbutt","Flex","Seeing Red"],"picked":"SKIP","floor":24},{"not_picked":["Anger+1","Clothesline","Carnage+1"],"picked":"SKIP","floor":28},{"not_picked":["Power Through+1","hubris:ReadiedAction+1","Headbutt"],"picked":"SKIP","floor":29},{"not_picked":["Cleave+1","Offering"],"picked":"Entrench+1","floor":30}],"player_experience":60066,"relics_obtained":[{"floor":9,"key":"construct:RocketBooster"},{"floor":26,"key":"Happy Flower"}],"event_choices":[{"damage_healed":0,"gold_gain":0,"cards_transformed":["Defend_R"],"player_choice":"Transformed","damage_taken":0,"max_hp_gain":0,"max_hp_loss":0,"event_name":"Transmorgrifier","floor":3,"gold_loss":0,"cards_obtained":["Hemokinesis"]},{"damage_healed":0,"gold_gain":0,"player_choice":"Gave Potion","damage_taken":0,"relics_obtained":["Unceasing Top"],"max_hp_gain":0,"max_hp_loss":0,"event_name":"WeMeetAgain","floor":7,"gold_loss":0},{"damage_healed":0,"gold_gain":0,"player_choice":"Ignored","damage_taken":0,"max_hp_gain":0,"max_hp_loss":0,"event_name":"NoteForYourself","floor":20,"gold_loss":0},{"damage_healed":0,"gold_gain":0,"player_choice":"Ignored","damage_taken":0,"max_hp_gain":0,"max_hp_loss":0,"event_name":"The Mausoleum","floor":31,"gold_loss":0}],"is_beta":false,"boss_relics":[{"not_picked":["hubris:VirtuousBlindfold","Runic Pyramid"],"picked":"reliquary:KinkedSpring"}],"items_purged_floors":[],"is_endless":false,"potions_floor_spawned":[1,2,10,14,18,21],"killed_by":"Collector","ascension_level":0}}