{"host":"r4yhuzs0e1z69tr3","time":1614128844,"event":{"mods":["BaseMod","Minty Spire (QoL Compilation)","Rare Cards Sparkle"],"gold_per_floor":[116,116,116,127,127,127,153,153,180,180,180,193,223,233,233,332,332,343,343,443,518,518,518,518,537,537,537,549,549,549],"floor_reached":29,"language":"ENG","playtime":962,"items_purged":[],"score":252,"play_id":"f68db77d-05a7-4ed9-89ee-1c2be0919382","local_time":"20210223200724","is_ascension_mode":true,"campfire_choices":[{"data":"Bash","floor":6,"key":"SMITH"},{"data":"Clash","floor":8,"key":"SMITH"},{"data":"Berserk","floor":15,"key":"SMITH"},{"data":"Inflame","floor":23,"key":"SMITH"},{"data":"Limit Break","floor":27,"key":"SMITH"}],"circlet_count":0,"master_deck":["Strike_R","Strike_R","Strike_R","Strike_R","Strike_R","Defend_R","Defend_R","Defend_R","Bash+1","Heavy Blade+1","Clash+1","Iron Wave","Warcry","Berserk+1","Clothesline","Limit Break+1","Inflame+1","Normality","Heavy Blade","Pain","Flex"],"relics":["Burning Blood","Odd Mushroom","Juzu Bracelet","InkBottle","Cursed Key","Mummified Hand","White Beast Statue"],"acts_visited":["Exordium","TheCity"],"potions_floor_usage":[16],"damage_taken":[{"damage":4,"enemies":"Jaw Worm","floor":1,"turns":4},{"damage":11,"enemies":"Small Slimes","floor":4,"turns":4},{"damage":18,"enemies":"The Mushroom Lair","floor":7,"turns":4},{"damage":0,"enemies":"Cultist","floor":12,"turns":2},{"damage":30,"enemies":"3 Sentries","floor":13,"turns":8},{"damage":7,"enemies":"Looter","floor":14,"turns":3},{"damage":33,"enemies":"Slime Boss","floor":16,"turns":11},{"damage":20,"enemies":"Spheric Guardian","floor":18,"turns":4},{"damage":37,"enemies":"3 Byrds","floor":25,"turns":5},{"damage":31,"enemies":"Sentry and Sphere","floor":28,"turns":4},{"damage":33,"enemies":"Gremlin Leader","floor":29,"turns":2}],"seed_played":"329250936103847492","potions_obtained":[{"floor":7,"key":"FearPotion"},{"floor":13,"key":"ColorlessPotion"},{"floor":18,"key":"HeartOfIron"},{"floor":25,"key":"Swift Potion"}],"is_trial":false,"path_per_floor":["M","?","?","M","?","R","?","R","T","?","?","M","E","M","R","B",null,"M","?","?","?","T","R","?","M","T","R","M","E"],"character_chosen":"IRONCLAD","items_purchased":[],"campfire_rested":0,"item_purchase_floors":[],"current_hp_per_floor":[88,88,88,83,83,83,71,71,71,71,71,77,53,52,52,25,88,74,74,74,66,66,66,88,57,57,57,32,0,0],"gold":549,"neow_bonus":"TEN_PERCENT_HP_BONUS","is_daily":false,"chose_seed":false,"campfire_upgraded":5,"win_rate":0.0,"timestamp":1614128844,"path_taken":["M","?","?","?","?","R","?","R","T","?","?","M","E","M","R","BOSS","M","?","?","?","?","R","?","M","T","R","M","E"],"items_purchased_type":[],"build_version":"2020-12-22","purchased_purges":0,"victory":false,"max_hp_per_floor":[88,88,88,88,88,88,88,88,88,88,88,88,88,88,88,88,88,88,88,88,88,88,88,88,88,88,88,88,88,88],"card_choices":[{"not_picked":["Dual Wield","Armaments"],"picked":"Heavy Blade","floor":1},{"not_picked":["Sword Boomerang","Wild Strike"],"picked":"Clash","floor":4},{"not_picked":["Entrench","Dropkick"],"picked":"Warcry","floor":12},{"not_picked":["Rupture","Wild Strike"],"picked":"Berserk","floor":13},{"not_picked":["Twin Strike","Pommel Strike"],"picked":"Clothesline","floor":14},{"not_picked":["Barricade","Brutality"],"picked":"Limit Break","floor":16},{"not_picked":["Wild Strike","Headbutt","Evolve"],"picked":"SKIP","floor":18},{"not_picked":["Bloodletting","Spot Weakness"],"picked":"Heavy Blade","floor":25},{"not_picked":["Inflame","Body Slam"],"picked":"Flex","floor":28}],"player_experience":182111,"relics_obtained":[{"floor":7,"key":"Odd Mushroom"},{"floor":9,"key":"Juzu Bracelet"},{"floor":13,"key":"InkBottle"},{"floor":22,"key":"Mummified Hand"},{"floor":26,"key":"White Beast Statue"}],"event_choices":[{"damage_healed":0,"gold_gain":0,"player_choice":"Ignored","damage_taken":0,"max_hp_gain":0,"max_hp_loss":0,"event_name":"Golden Idol","floor":2,"gold_loss":0},{"cards_removed":["Defend_R"],"damage_healed":0,"gold_gain":0,"player_choice":"Purged","damage_taken":0,"max_hp_gain":0,"max_hp_loss":0,"event_name":"Purifier","floor":3,"gold_loss":0},{"damage_healed":0,"gold_gain":0,"player_choice":"Grow","damage_taken":0,"max_hp_gain":0,"max_hp_loss":0,"event_name":"Living Wall","floor":5,"gold_loss":0,"cards_upgraded":["Heavy Blade"]},{"damage_healed":0,"gold_gain":0,"player_choice":"Fought Mushrooms","damage_taken":0,"max_hp_gain":0,"max_hp_loss":0,"event_name":"Mushrooms","floor":7,"gold_loss":0},{"damage_healed":0,"gold_gain":0,"player_choice":"2 cards matched","damage_taken":0,"max_hp_gain":0,"max_hp_loss":0,"event_name":"Match and Keep!","floor":10,"gold_loss":0,"cards_obtained":["Iron Wave","Flash of Steel"]},{"damage_healed":0,"gold_gain":0,"player_choice":"Fled","damage_taken":0,"max_hp_gain":0,"max_hp_loss":0,"event_name":"Scrap Ooze","floor":11,"gold_loss":0},{"damage_healed":0,"gold_gain":0,"player_choice":"Read","damage_taken":0,"max_hp_gain":0,"max_hp_loss":0,"event_name":"The Library","floor":19,"gold_loss":0,"cards_obtained":["Inflame"]},{"damage_healed":0,"gold_gain":100,"player_choice":"Pray","damage_taken":0,"max_hp_gain":0,"max_hp_loss":0,"event_name":"Golden Shrine","floor":20,"gold_loss":0},{"damage_healed":0,"gold_gain":75,"player_choice":"Touch","damage_taken":8,"max_hp_gain":0,"max_hp_loss":0,"event_name":"FaceTrader","floor":21,"gold_loss":0},{"cards_removed":["Flash of Steel"],"damage_healed":22,"gold_gain":0,"player_choice":"Offered Uncommon","damage_taken":0,"max_hp_gain":0,"max_hp_loss":0,"event_name":"Bonfire Elementals","floor":24,"gold_loss":0}],"is_beta":false,"boss_relics":[{"not_picked":["Fusion Hammer","Empty Cage"],"picked":"Cursed Key"}],"items_purged_floors":[],"is_endless":false,"potions_floor_spawned":[7,13,18,25,28],"killed_by":"Gremlin Leader","ascension_level":3}}