{"host":"75labscqqrd170u0","time":1614150678,"event":{"mods":["BaseMod","Downfall","Hermit","Koishi","Marisa????????","Minty Spire (QoL Compilation)","Remilia??????","Replay The Spire","StSLib","The Cursed","The Servant 0.9.4"],"gold_per_floor":[116,116,131,339,352,372,372,372,372,404,404],"floor_reached":10,"language":"ENG","playtime":427,"items_purged":[],"score":68,"play_id":"20b8bd72-907d-4c99-9b0d-e9fef4c89c80","local_time":"20210224021118","is_ascension_mode":false,"campfire_choices":[{"data":"hermit:Brawl","floor":8,"key":"SMITH"}],"circlet_count":0,"master_deck":["hermit:Strike_Hermit","hermit:Strike_Hermit","hermit:Strike_Hermit","hermit:Strike_Hermit","hermit:Defend_Hermit","hermit:Defend_Hermit","hermit:Defend_Hermit","hermit:Defend_Hermit","hermit:Snapshot","hermit:Covet+1","hermit:Brawl+1","hermit:Horror","hermit:Headshot","hermit:Headshot"],"relics":["hermit:Momento","Oddly Smooth Stone","Replay:Bottled Flurry"],"acts_visited":["Exordium"],"potions_floor_usage":[10],"damage_taken":[{"damage":6,"enemies":"Jaw Worm","floor":1,"turns":5},{"damage":0,"enemies":"2 Louse","floor":3,"turns":2},{"damage":0,"enemies":"Cultist","floor":5,"turns":3},{"damage":33,"enemies":"Exordium Thugs","floor":6,"turns":5},{"damage":14,"enemies":"Gremlin Nob","floor":10,"turns":3}],"seed_played":"613504478242023299","potions_obtained":[{"floor":5,"key":"champ:CounterPotion"},{"floor":10,"key":"champ:CounterPotion"}],"is_trial":false,"path_per_floor":["M","?","M","?","M","M","T","R","T","E"],"character_chosen":"HERMIT","items_purchased":[],"campfire_rested":0,"item_purchase_floors":[],"current_hp_per_floor":[76,76,76,76,76,43,43,43,43,29,29],"gold":404,"neow_bonus":"TEN_PERCENT_HP_BONUS","is_daily":false,"chose_seed":false,"campfire_upgraded":1,"win_rate":0.0,"timestamp":1614150678,"path_taken":["M","?","M","?","M","M","?","R","T","E"],"items_purchased_type":[],"build_version":"2020-12-13","purchased_purges":0,"victory":false,"max_hp_per_floor":[82,82,82,82,82,82,82,82,82,82,82],"card_choices":[{"not_picked":["hermit:SprayPray","hermit:Desperado","hermit:Glare"],"picked":"SKIP","floor":1},{"not_picked":["hermit:TrackingShot","hermit:NoHoldsBarred","hermit:OverwhelmingPower"],"picked":"SKIP","floor":3},{"not_picked":["hermit:Feint","hermit:Roulette"],"picked":"hermit:Brawl","floor":4},{"not_picked":["hermit:LowProfile","hermit:HoleUp"],"picked":"hermit:Horror","floor":5},{"not_picked":["hermit:GhostlyPresence","hermit:HoleUp"],"picked":"hermit:Headshot","floor":6},{"not_picked":["hermit:TakeCover","hermit:CalledShot"],"picked":"hermit:Headshot","floor":10}],"player_experience":85708,"relics_obtained":[{"floor":9,"key":"Oddly Smooth Stone"},{"floor":10,"key":"Replay:Bottled Flurry"}],"event_choices":[{"damage_healed":0,"gold_gain":0,"player_choice":"Grow","damage_taken":0,"max_hp_gain":0,"max_hp_loss":0,"event_name":"Living Wall","floor":2,"gold_loss":0,"cards_upgraded":["hermit:Covet"]}],"is_beta":false,"boss_relics":[],"items_purged_floors":[],"is_endless":false,"potions_floor_spawned":[5,10],"killed_by":"Gremlin Nob","ascension_level":0}}