{"host":"64ub6hloe4gtkym4","time":1614198913,"event":{"mods":["AchievementEnabler","BaseMod","Colored Map","Colored Powertips","Googly Eyes","Hermit","Highlight Path","Hubris","Minty Spire (QoL Compilation)","Reliquary","Shop Mod","StSLib","The Construct","The Runesmith","The Servant 0.9.4"],"gold_per_floor":[115,115,126,142,142,142,142,142,142,159,183,197,197,298,298,310,325,424,424,440,440,453,453,500,500,513,526,451,451,451,451],"floor_reached":33,"language":"ENG","playtime":1676,"items_purged":[],"score":237,"play_id":"f8780079-124b-4684-af36-1aa245c20920","local_time":"20210224203513","is_ascension_mode":false,"campfire_choices":[{"floor":6,"key":"REST"},{"data":"Zap","floor":10,"key":"SMITH"},{"floor":15,"key":"REST"},{"data":"Rainbow","floor":23,"key":"SMITH"},{"data":"White Noise","floor":27,"key":"SMITH"},{"data":"Doom and Gloom","floor":32,"key":"SMITH"}],"circlet_count":0,"master_deck":["Strike_B","Strike_B","Strike_B","Defend_B","Defend_B","Defend_B","Defend_B","Zap+1","Dualcast+1","Rip and Tear","Leap","Stack","Cold Snap","BootSequence","White Noise+1","Rainbow+1","Self Repair+1","Doom and Gloom+1","Cold Snap+1","Redo+1","Darkness+1","Capacitor"],"relics":["Cracked Core","reliquary:Knoch","hubris:Teleporter","Eternal Feather","Odd Mushroom","hubris:ScarierMask","hubris:Icosahedron","reliquary:TatteredRug"],"acts_visited":["Exordium","TheCity"],"potions_floor_usage":[13,16,29,33,33,33],"damage_taken":[{"damage":2,"enemies":"2 Louse","floor":1,"turns":3},{"damage":7,"enemies":"Cultist","floor":3,"turns":4},{"damage":5,"enemies":"Jaw Worm","floor":5,"turns":3},{"damage":1,"enemies":"Large Slime","floor":12,"turns":4},{"damage":13,"enemies":"The Mushroom Lair","floor":13,"turns":4},{"damage":3,"enemies":"Looter","floor":14,"turns":3},{"damage":58,"enemies":"Hexaghost","floor":16,"turns":15},{"damage":0,"enemies":"Chosen","floor":18,"turns":7},{"damage":8,"enemies":"Shell Parasite","floor":19,"turns":6},{"damage":18,"enemies":"Cultist and Chosen","floor":22,"turns":6},{"damage":17,"enemies":"Snake Plant","floor":24,"turns":4},{"damage":8,"enemies":"Centurion and Healer","floor":29,"turns":5},{"damage":0,"enemies":"3 Cultists","floor":30,"turns":4},{"damage":99,"enemies":"Collector","floor":33,"turns":16}],"seed_played":"4164967955451967064","potions_obtained":[{"floor":1,"key":"Weak Potion"},{"floor":13,"key":"Fruit Juice"},{"floor":14,"key":"Weak Potion"},{"floor":22,"key":"construct:ShiftPotion"},{"floor":24,"key":"PowerPotion"},{"floor":29,"key":"Fruit Juice"},{"floor":30,"key":"Fire Potion"}],"is_trial":false,"path_per_floor":["M","?","M","M","R","?","T","R","?","M","?","M","R","B",null,"M","M","?","?","M","R","M","?","T","R","M","M","?","R","B"],"character_chosen":"DEFECT","items_purchased":[],"campfire_rested":2,"item_purchase_floors":[],"current_hp_per_floor":[73,73,66,61,75,75,75,75,75,74,66,63,80,22,80,80,80,80,80,72,80,73,73,73,80,85,85,85,85,0,0],"gold":451,"neow_bonus":"RANDOM_COMMON_RELIC","is_daily":false,"chose_seed":false,"campfire_upgraded":4,"win_rate":0.0,"timestamp":1614198913,"path_taken":["M","?","?","M","R","?","T","R","?","M","?","M","R","BOSS","M","M","?","?","M","R","M","?","T","R","M","M","?","R","BOSS"],"items_purchased_type":[],"build_version":"2020-12-22","purchased_purges":0,"victory":false,"max_hp_per_floor":[75,75,75,75,75,75,75,75,75,75,80,80,80,80,80,80,80,80,80,80,80,80,80,80,80,85,85,85,85,85,85],"card_choices":[{"not_picked":["Storm","Barrage"],"picked":"Rip and Tear","floor":1},{"not_picked":["Go for the Eyes","BootSequence"],"picked":"Leap","floor":3},{"not_picked":["Turbo","Streamline"],"picked":"Stack","floor":5},{"not_picked":["Stack","Machine Learning"],"picked":"Cold Snap","floor":12},{"not_picked":["Static Discharge","Melter"],"picked":"BootSequence","floor":13},{"not_picked":["Gash","Cold Snap"],"picked":"White Noise","floor":14},{"not_picked":["Thunder Strike","Reboot"],"picked":"Rainbow","floor":16},{"not_picked":["Scrape","Lockon"],"picked":"Self Repair+1","floor":18},{"not_picked":["Barrage+1","Sweeping Beam"],"picked":"Doom and Gloom","floor":19},{"not_picked":["hubris:PowerSurge","Turbo"],"picked":"Cold Snap+1","floor":22},{"not_picked":["Leap","Ball Lightning+1"],"picked":"Redo+1","floor":24},{"not_picked":["Blizzard","Steam Power"],"picked":"Darkness+1","floor":29},{"not_picked":["Reboot","Beam Cell"],"picked":"Capacitor","floor":30}],"player_experience":62838,"relics_obtained":[{"floor":9,"key":"Eternal Feather"},{"floor":13,"key":"Odd Mushroom"},{"floor":26,"key":"reliquary:TatteredRug"}],"event_choices":[{"damage_healed":0,"gold_gain":0,"player_choice":"Gave Potion","damage_taken":0,"relics_obtained":["hubris:Teleporter"],"max_hp_gain":0,"max_hp_loss":0,"event_name":"WeMeetAgain","floor":2,"gold_loss":0},{"damage_healed":0,"gold_gain":0,"player_choice":"Grow","damage_taken":0,"max_hp_gain":0,"max_hp_loss":0,"event_name":"Living Wall","floor":8,"gold_loss":0,"cards_upgraded":["Dualcast"]},{"damage_healed":0,"gold_gain":0,"player_choice":"Leave","damage_taken":0,"max_hp_gain":0,"max_hp_loss":0,"event_name":"The Cleric","floor":11,"gold_loss":0},{"damage_healed":0,"gold_gain":0,"player_choice":"Fought Mushrooms","damage_taken":0,"max_hp_gain":0,"max_hp_loss":0,"event_name":"Mushrooms","floor":13,"gold_loss":0},{"damage_healed":0,"gold_gain":99,"player_choice":"Stole From Cult","damage_taken":0,"max_hp_gain":0,"max_hp_loss":0,"event_name":"Nest","floor":20,"gold_loss":0},{"damage_healed":0,"gold_gain":0,"player_choice":"Ignored","damage_taken":0,"max_hp_gain":0,"max_hp_loss":0,"event_name":"Ghosts","floor":25,"gold_loss":0},{"cards_removed":["Strike_B"],"damage_healed":0,"gold_gain":0,"player_choice":"Gave Gold","damage_taken":0,"max_hp_gain":0,"max_hp_loss":0,"event_name":"Beggar","floor":31,"gold_loss":75}],"is_beta":false,"boss_relics":[{"not_picked":["construct:ClawGrip","Cursed Key"],"picked":"hubris:ScarierMask"}],"items_purged_floors":[],"is_endless":false,"potions_floor_spawned":[1,13,14,22,24,29,30],"killed_by":"Collector","ascension_level":0}}