{"host":"j1lpsl3dsviy43h8","time":1614156573,"event":{"mods":["AchievementEnabler","BaseMod","BetterRewards","Card Forge","Duelist Mod","GifTheSpireLib","Minty Spire (QoL Compilation)","Shop Mod","StSLib","The Wild Card","Unceasing Turn Reminder"],"gold_per_floor":[162,180,200,271,52,52,109,153,153,153,192,232,407,421,421,524,524,564,582,582,619,637,637,666,666,690,135,135,135,135,153,153,253,253,275,275,321,430,486,486,505,505,505,529,568,568,647,662,662,662],"floor_reached":51,"language":"ENG","playtime":2449,"items_purged":[],"score":1156,"play_id":"3e626811-47ea-43f4-9dd0-70cdb60c79be","local_time":"20210224034933","is_ascension_mode":false,"campfire_choices":[{"floor":6,"key":"REST"},{"floor":15,"key":"REST"},{"floor":23,"key":"REST"},{"floor":29,"key":"REST"},{"floor":32,"key":"REST"},{"floor":40,"key":"REST"},{"floor":42,"key":"REST"},{"floor":49,"key":"REST"}],"circlet_count":0,"master_deck":["theDuelist:AshBlossom+1","theDuelist:ArchfiendZombieSkull+1","theDuelist:ArmoredZombie+1","theDuelist:ArmoredZombie+1","theDuelist:ClownZombie+1","theDuelist:PatricianDarkness+1","theDuelist:ShallowGrave+1","theDuelist:SkullConductor+1","theDuelist:TutanMask+1","theDuelist:OboroGuruma+1","theDuelist:AshBlossom+1","theDuelist:VendreadChimera+1","HandOfGreed+1","theDuelist:GiantAxeMummy+1","theDuelist:SkullConductor+1","theDuelist:VampireVamp+1","theDuelist:MayakashiWinter+1","theDuelist:GhostrickMansion+1","theDuelist:IlBlud+1","theDuelist:VampireDragon+1","theDuelist:OverpoweringEye+1","theDuelist:GhostBelle+1","theDuelist:BrilliantFusion+1","theDuelist:FusionTag+1","theDuelist:UltraPolymerization+1","theDuelist:PainPainter+1","theDuelist:UltraPolymerization+1","theDuelist:SkullServant+1","theDuelist:AbsorbFusion+1","theDuelist:DecayedCommander+1","theDuelist:GhostrickSkeleton+1","theDuelist:YukiOnnaAbsolute+1","theDuelist:Polymerization+1","theDuelist:PainPainter+1","theDuelist:PyramidWonders+1","theDuelist:MonsterReborn+1","theDuelist:VendreadStriges+1","CurseOfTheBell","theDuelist:DimensionFusion+1","theDuelist:VendreadCore+1","theDuelist:GhostrickParade+1","theDuelist:Kasha+1","theDuelist:VendreadNightmare+1","theDuelist:TributeDoomed+1","theDuelist:SoulRelease+1","theDuelist:VendreadStriges+1","theDuelist:PrematureBurial+1"],"relics":["theDuelist:MillenniumPuzzle","theDuelist:CardPoolRelic","theDuelist:CardPoolBasicRelic","theDuelist:BoosterPackPoolRelic","theDuelist:CardPoolAddRelic","theDuelist:CardPoolMinusRelic","theDuelist:CardPoolSaveRelic","theDuelist:CardPoolOptionsRelic","Hammer of Thor","Seething Fire","Anvil of the Gods","theDuelist:ResummonerFury","Mummified Hand","Regal Pillow","Tingsha","Champion Belt","Sozu","Happy Flower","Unceasing Top","MutagenicStrength","Red Skull","Dream Catcher","Du-Vu Doll","Calling Bell","CeramicFish","theDuelist:KaibaToken","TungstenRod","theDuelist:MillenniumCoin","theDuelist:SolderToken","Self Forming Clay","theDuelist:BoosterPackHealer"],"acts_visited":["Exordium","TheCity","TheBeyond"],"potions_floor_usage":[50,50,50],"damage_taken":[{"damage":0,"enemies":"Cultist","floor":1,"turns":2},{"damage":0,"enemies":"2 Louse","floor":2,"turns":2},{"damage":0,"enemies":"Small Slimes","floor":3,"turns":3},{"damage":2,"enemies":"3 Sentries","floor":7,"turns":6},{"damage":21,"enemies":"Gremlin Gang","floor":8,"turns":4},{"damage":13,"enemies":"Red Slaver","floor":11,"turns":3},{"damage":10,"enemies":"Looter","floor":12,"turns":2},{"damage":5,"enemies":"Large Slime","floor":14,"turns":4},{"damage":5,"enemies":"The Guardian","floor":16,"turns":5},{"damage":6,"enemies":"2 Thieves","floor":18,"turns":4},{"damage":10,"enemies":"Spheric Guardian","floor":19,"turns":3},{"damage":15,"enemies":"Chosen and Byrds","floor":21,"turns":4},{"damage":0,"enemies":"Cultist and Chosen","floor":22,"turns":2},{"damage":6,"enemies":"theDuelist:KaibaA2","floor":24,"turns":4},{"damage":0,"enemies":"Centurion and Healer","floor":31,"turns":2},{"damage":0,"enemies":"Collector","floor":33,"turns":3},{"damage":0,"enemies":"Orb Walker","floor":35,"turns":2},{"damage":16,"enemies":"3 Darklings","floor":37,"turns":4},{"damage":34,"enemies":"Jaw Worm Horde","floor":39,"turns":5},{"damage":10,"enemies":"Spire Growth","floor":41,"turns":4},{"damage":0,"enemies":"Maw","floor":44,"turns":3},{"damage":0,"enemies":"Reptomancer","floor":45,"turns":4},{"damage":0,"enemies":"Giant Head","floor":47,"turns":4},{"damage":16,"enemies":"3 Darklings","floor":48,"turns":2},{"damage":72,"enemies":"Donu and Deca","floor":50,"turns":7}],"seed_played":"-8635390050890508839","potions_obtained":[{"floor":1,"key":"theDuelist:Bonebrew"},{"floor":8,"key":"theDuelist:TributeBottle"}],"is_trial":false,"path_per_floor":["M","M","M","?","$","R","E","M","T","?","M","M","?","M","R","B",null,"M","M","?","M","M","R","E","?","T","$","?","R","$","M","R","B",null,"M","?","M","?","M","R","M","R","T","M","E","?","E","M","R","B",null],"character_chosen":"THE_DUELIST","items_purchased":["theDuelist:ResummonerFury","Mummified Hand","theDuelist:OboroGuruma","theDuelist:VampireSorcerer","theDuelist:AshBlossom","theDuelist:VendreadChimera","BloodPotion","HandOfGreed","Regal Pillow","theDuelist:GhostrickMansion","Dream Catcher","theDuelist:PainPainter","theDuelist:PyramidWonders","Du-Vu Doll"],"campfire_rested":8,"item_purchase_floors":[0,0,0,0,0,0,0,0,5,5,27,27,27,27],"current_hp_per_floor":[80,80,80,80,80,80,78,57,57,77,64,54,54,49,77,72,77,77,67,79,64,64,86,80,80,80,80,80,86,86,86,86,86,86,86,86,70,70,36,76,66,86,86,86,86,86,86,70,86,31],"gold":662,"neow_bonus":"","is_daily":false,"chose_seed":false,"campfire_upgraded":0,"win_rate":0.0,"timestamp":1614156573,"path_taken":["M","?","M","?","$","R","E","M","T","?","M","M","?","M","R","BOSS","M","M","?","M","M","R","E","?","T","$","?","R","$","M","R","BOSS","M","?","M","?","M","R","M","R","T","M","E","?","E","M","R","BOSS"],"items_purchased_type":["Relic","Relic","Card","Card","Card","Card","Potion","Card","Relic","Card","Relic","Card","Card","Relic"],"build_version":"2020-12-22","purchased_purges":0,"victory":true,"max_hp_per_floor":[80,80,80,80,80,80,80,80,80,77,77,77,77,77,77,77,77,77,77,86,86,86,86,86,86,86,86,86,86,86,86,86,86,86,86,86,86,86,86,86,86,86,86,86,86,86,86,86,86,86],"card_choices":[{"not_picked":["theDuelist:VendreadRevolution","theDuelist:SpiritPharaoh"],"picked":"theDuelist:GiantAxeMummy","floor":1},{"not_picked":["theDuelist:VampireSorcerer","theDuelist:VampireGenesis","theDuelist:GhostrickJiangshi","theDuelist:GhostrickJackfrost","theDuelist:Hajun"],"picked":"SKIP","floor":1},{"not_picked":["theDuelist:GoblinZombie","theDuelist:Tengu","theDuelist:GhostrickGhoul","theDuelist:VampireRetainer"],"picked":"theDuelist:SkullConductor","floor":2},{"not_picked":["theDuelist:Pumpking","theDuelist:GhostrickSpecter"],"picked":"theDuelist:VampireVamp","floor":2},{"not_picked":["theDuelist:BookMoon","theDuelist:Skelesaurus"],"picked":"theDuelist:MayakashiWinter","floor":3},{"not_picked":["theDuelist:OvertexQoatlus","theDuelist:GoblinZombie","theDuelist:FireReaper","theDuelist:AshBlossom","theDuelist:GhostOgre"],"picked":"SKIP","floor":3},{"not_picked":["theDuelist:VendreadCore","theDuelist:GhostrickJiangshi","theDuelist:VampireDuke","theDuelist:VendreadRevenants"],"picked":"theDuelist:ShadowVampire","floor":7},{"not_picked":["theDuelist:DesLacooda","theDuelist:VampireSucker"],"picked":"theDuelist:IlBlud","floor":7},{"not_picked":["theDuelist:VampireLord","theDuelist:ShadowVampire","theDuelist:YukiOnnaIce","theDuelist:YukiOnnaAbsolute"],"picked":"theDuelist:VampireDragon","floor":8},{"not_picked":["theDuelist:MoltenZombie","theDuelist:DoubleCoston"],"picked":"theDuelist:VampireDesire","floor":8},{"not_picked":["theDuelist:Chewbone","theDuelist:MoltenZombie","theDuelist:IlBlud","theDuelist:GhostrickAlucard"],"picked":"theDuelist:RevendreadOrigin","floor":11},{"not_picked":["theDuelist:Zombina","theDuelist:MechMoleZombie"],"picked":"theDuelist:OverpoweringEye","floor":11},{"not_picked":["theDuelist:SkullServant","theDuelist:SkullConductor","theDuelist:Mezuki","theDuelist:Hajun"],"picked":"theDuelist:GhostBelle","floor":12},{"not_picked":["theDuelist:FossilSkullknight","theDuelist:CrimsonKnightVampire"],"picked":"theDuelist:BrilliantFusion","floor":12},{"not_picked":["theDuelist:FossilSkullknight","theDuelist:VampireDuke","theDuelist:GhostrickGhoul","theDuelist:WightLady"],"picked":"theDuelist:FusionTag","floor":14},{"not_picked":["theDuelist:Tengu","theDuelist:GhostrickMansion","theDuelist:MechMoleZombie"],"picked":"SKIP","floor":14},{"not_picked":["theDuelist:Scapeghost","theDuelist:FusionGuard"],"picked":"theDuelist:BookLife","floor":16},{"not_picked":["theDuelist:ZombieMaster","theDuelist:VendreadNightmare","theDuelist:MonsterReborn","theDuelist:FusionGuard"],"picked":"theDuelist:UltraPolymerization","floor":16},{"not_picked":["theDuelist:VendreadCore+1","theDuelist:AvendreadSavior+1"],"picked":"theDuelist:PainPainter","floor":18},{"not_picked":["theDuelist:VampireHunter+1","theDuelist:RevendreadExecutor+1","theDuelist:GhostrickStein+1"],"picked":"SKIP","floor":18},{"not_picked":["theDuelist:Hajun","theDuelist:Wightmare"],"picked":"theDuelist:UltraPolymerization","floor":19},{"not_picked":["theDuelist:Pumpking","theDuelist:MechMoleZombie","theDuelist:OniTankT34","theDuelist:FossilSkullknight"],"picked":"theDuelist:SkullServant","floor":19},{"not_picked":["theDuelist:Kasha+1","theDuelist:VampireDuke","theDuelist:Hajun","theDuelist:VampireLady"],"picked":"theDuelist:AbsorbFusion","floor":21},{"not_picked":["theDuelist:VampireFamiliar+1","theDuelist:GhostBelle","theDuelist:VampireDesire"],"picked":"SKIP","floor":21},{"not_picked":["theDuelist:VendreadStriges","theDuelist:RobbinZombie"],"picked":"theDuelist:DecayedCommander","floor":22},{"not_picked":["theDuelist:VampireDuke","theDuelist:OvertexQoatlus"],"picked":"theDuelist:GhostrickSkeleton","floor":22},{"not_picked":["theDuelist:VampireSorcerer","theDuelist:VampireGrace+1","theDuelist:VampireFraulein","theDuelist:Tengu+1"],"picked":"theDuelist:YukiOnnaAbsolute","floor":24},{"not_picked":["theDuelist:ImmortalRuler","theDuelist:DarkDustSpirit"],"picked":"theDuelist:Polymerization+1","floor":24},{"not_picked":["theDuelist:VampireHunter","theDuelist:OniTankT34","theDuelist:Necroface"],"picked":"SKIP","floor":31},{"not_picked":["theDuelist:NecroworldBanshee+1","theDuelist:OniTankT34","theDuelist:MoltenZombie+1"],"picked":"SKIP","floor":31},{"not_picked":["theDuelist:YukiOnnaAbsolute","theDuelist:VendreadDaybreak","theDuelist:Scapeghost","theDuelist:InstantFusion+1"],"picked":"theDuelist:MonsterReborn","floor":33},{"not_picked":["theDuelist:OverpoweringEye","theDuelist:YukiOnnaAbsolute"],"picked":"theDuelist:VendreadStriges","floor":33},{"not_picked":["theDuelist:YukiMusume+1","theDuelist:Miscellaneousaurus+1"],"picked":"theDuelist:DimensionFusion+1","floor":35},{"not_picked":["theDuelist:PhantomGhost+1","theDuelist:FossilSkullknight","theDuelist:Yasha+1","theDuelist:DarkDustSpirit","theDuelist:VampireHunter+1"],"picked":"SKIP","floor":35},{"not_picked":["theDuelist:VampireGrimson+1","theDuelist:SkullServant","theDuelist:Kasha","theDuelist:SkullConductor+1"],"picked":"theDuelist:VendreadCore+1","floor":37},{"not_picked":["theDuelist:GhostrickMuseum","theDuelist:SkullConductor"],"picked":"theDuelist:GhostrickParade","floor":37},{"not_picked":["theDuelist:GhostrickSpecter","theDuelist:VampireGrimson"],"picked":"theDuelist:Kasha+1","floor":39},{"not_picked":["theDuelist:VampireDomain","theDuelist:OniGamiCombo+1","theDuelist:EndlessDecay","theDuelist:AntiFusionDevice+1"],"picked":"SKIP","floor":39},{"not_picked":["theDuelist:GhostrickWarwolf","theDuelist:Scapeghost+1","theDuelist:SoulAbsorbingBone+1","theDuelist:VendreadRevenants"],"picked":"theDuelist:VendreadNightmare+1","floor":41},{"not_picked":["theDuelist:GhostrickGhoul+1","theDuelist:FossilSkullKing+1","theDuelist:SkullServant"],"picked":"SKIP","floor":41},{"not_picked":["theDuelist:GhostReaper","theDuelist:Polymerization+1"],"picked":"theDuelist:TributeDoomed+1","floor":44},{"not_picked":["theDuelist:VampireLord","theDuelist:VendreadRevenants+1","theDuelist:RevendreadExecutor+1","theDuelist:GhostrickYeti+1","theDuelist:GhostrickStein"],"picked":"SKIP","floor":44},{"not_picked":["theDuelist:ZombieMaster","theDuelist:OverpoweringEye+1","theDuelist:MayakashiWinter","theDuelist:BookEclipse+1"],"picked":"theDuelist:SoulRelease+1","floor":45},{"not_picked":["theDuelist:GhostrickMummy","theDuelist:GhostrickSpecter","theDuelist:GhostrickMuseum"],"picked":"SKIP","floor":45},{"not_picked":["theDuelist:VampireDuke","theDuelist:VendreadHoundhorde+1","theDuelist:GhostrickSkeleton","theDuelist:GhostrickGhoul"],"picked":"theDuelist:VendreadStriges","floor":47},{"not_picked":["theDuelist:DecayedCommander","theDuelist:AvendreadSavior"],"picked":"theDuelist:PrematureBurial+1","floor":47},{"not_picked":["theDuelist:VendreadNights","theDuelist:VendreadCharge","theDuelist:VendreadNightmare","theDuelist:TyrantDinoFusion+1","theDuelist:OverpoweringEye"],"picked":"SKIP","floor":48},{"not_picked":["theDuelist:GhostrickJiangshi","theDuelist:ShadowVampire+1","theDuelist:Wightmare+1"],"picked":"SKIP","floor":48}],"player_experience":362902,"relics_obtained":[{"floor":7,"key":"Tingsha"},{"floor":9,"key":"Champion Belt"},{"floor":24,"key":"Unceasing Top"},{"floor":26,"key":"Red Skull"},{"floor":34,"key":"CeramicFish"},{"floor":34,"key":"theDuelist:KaibaToken"},{"floor":34,"key":"TungstenRod"},{"floor":43,"key":"theDuelist:SolderToken"},{"floor":45,"key":"Self Forming Clay"},{"floor":47,"key":"theDuelist:BoosterPackHealer"}],"event_choices":[{"damage_healed":0,"gold_gain":71,"player_choice":"Gained Gold","damage_taken":0,"max_hp_gain":0,"max_hp_loss":0,"event_name":"Golden Wing","floor":4,"gold_loss":0},{"damage_healed":20,"gold_gain":0,"player_choice":"Healed and dodged fight","damage_taken":0,"max_hp_gain":0,"max_hp_loss":0,"event_name":"Mushrooms","floor":10,"gold_loss":0,"cards_obtained":["Parasite"]},{"damage_healed":0,"gold_gain":175,"player_choice":"AGREE","damage_taken":0,"max_hp_gain":0,"max_hp_loss":0,"event_name":"Liars Game","floor":13,"gold_loss":0,"cards_obtained":["Doubt"]},{"damage_healed":0,"gold_gain":0,"player_choice":"Break - +12 Max HP","duelist":true,"damage_taken":0,"max_hp_gain":0,"max_hp_loss":0,"event_name":"Tomb of the Nameless","floor":20,"gold_loss":0},{"damage_healed":0,"gold_gain":0,"player_choice":"Inject Mutagens","damage_taken":0,"relics_obtained":["MutagenicStrength"],"max_hp_gain":0,"max_hp_loss":0,"event_name":"Drug Dealer","floor":25,"gold_loss":0},{"damage_healed":0,"gold_gain":0,"player_choice":"Ignored","damage_taken":0,"max_hp_gain":0,"max_hp_loss":0,"event_name":"Ghosts","floor":28,"gold_loss":0},{"damage_healed":0,"gold_gain":0,"player_choice":"Traded Shadow Vampire+ for Ash Blossom","duelist":true,"damage_taken":0,"max_hp_gain":0,"max_hp_loss":0,"event_name":"Card Trader","floor":36,"gold_loss":0},{"damage_healed":0,"gold_gain":0,"player_choice":"Took item - Received: Millennium Coin","duelist":true,"damage_taken":0,"max_hp_gain":0,"max_hp_loss":0,"event_name":"Millennium Items","floor":38,"gold_loss":0},{"damage_healed":0,"gold_gain":0,"player_choice":"Leave","duelist":true,"damage_taken":0,"max_hp_gain":0,"max_hp_loss":0,"event_name":"Egyptian Village","floor":46,"gold_loss":0}],"is_beta":false,"boss_relics":[{"not_picked":["Runic Cube","Snecko Eye"],"picked":"Sozu"},{"not_picked":["Velvet Choker","Tiny House"],"picked":"Calling Bell"}],"items_purged_floors":[],"is_endless":false,"potions_floor_spawned":[1,8,14,18,19,31,33,37,45,47],"ascension_level":0}}