{"host":"jt67skv49snb75sm","time":1614159008,"event":{"mods":["BaseMod","Bestiary","Minty Spire (QoL Compilation)","Relic Stats"],"gold_per_floor":[12,12,12,26,41,41,116,116,116,134,134,134],"floor_reached":11,"language":"ENG","playtime":290,"items_purged":[],"score":126,"play_id":"c7c9b192-1efc-45ca-9f48-3dd156dd357d","local_time":"20210224103008","is_ascension_mode":true,"campfire_choices":[{"data":"Calculated Gamble","floor":6.0,"key":"SMITH"},{"data":"Predator","floor":8.0,"key":"SMITH"}],"circlet_count":0,"master_deck":["AscendersBane","Strike_G","Strike_G","Strike_G","Strike_G","Strike_G","Defend_G","Defend_G","Defend_G","Defend_G","Defend_G","Survivor","Neutralize","Calculated Gamble+1","Predator+1","Caltrops","Masterful Stab"],"relics":["Ring of the Snake","Tough Bandages","Golden Idol","Shovel"],"acts_visited":["Exordium"],"potions_floor_usage":[11],"damage_taken":[{"damage":1.0,"enemies":"Jaw Worm","floor":1.0,"turns":5.0},{"damage":1.0,"enemies":"Small Slimes","floor":4.0,"turns":4.0},{"damage":0.0,"enemies":"2 Louse","floor":5.0,"turns":3.0},{"damage":12,"enemies":"Exordium Thugs","floor":10,"turns":6},{"damage":49,"enemies":"Gremlin Nob","floor":11,"turns":4}],"seed_played":"-1316660156893804622","potions_obtained":[{"floor":1.0,"key":"DuplicationPotion"},{"floor":10,"key":"LiquidBronze"}],"is_trial":false,"path_per_floor":["M","?","?","M","M","R","?","R","T","M","E"],"character_chosen":"THE_SILENT","items_purchased":[],"campfire_rested":0,"item_purchase_floors":[],"current_hp_per_floor":[58,58,58,57,57,57,46,46,46,34,0,0],"gold":134,"neow_bonus":"ONE_RARE_RELIC","is_daily":false,"chose_seed":false,"campfire_upgraded":2,"win_rate":0.0,"timestamp":1614159008,"path_taken":["M","?","?","M","M","R","?","R","T","M","E"],"items_purchased_type":[],"build_version":"2020-12-22","purchased_purges":0,"victory":false,"max_hp_per_floor":[66,60,60,60,60,60,60,60,60,60,60,60],"relic_stats":{"Tough Bandages":[57],"Shovel":0,"counters":[5,22],"Golden Idol":10,"obtain_stats":[{"Tough Bandages":0,"Shovel":9,"Golden Idol":2,"Ring of the Snake":0},{"Tough Bandages":0,"Shovel":3,"Golden Idol":1,"Ring of the Snake":0},{"Tough Bandages":0,"Shovel":12,"Golden Idol":5,"Ring of the Snake":0}],"Ring of the Snake":[10]},"card_choices":[{"not_picked":["Dodge and Roll","Deadly Poison"],"picked":"Calculated Gamble","floor":1.0},{"not_picked":["Blade Dance","Deflect"],"picked":"Predator","floor":4.0},{"not_picked":["PiercingWail","Bane"],"picked":"Caltrops","floor":5.0},{"not_picked":["Deflect","Poisoned Stab"],"picked":"Masterful Stab","floor":10}],"player_experience":891824,"relics_obtained":[{"floor":9.0,"key":"Shovel"}],"event_choices":[{"damage_healed":0.0,"max_hp_gain":0.0,"max_hp_loss":6.0,"gold_gain":0.0,"event_name":"Golden Idol","player_choice":"Lose Max HP","floor":2.0,"gold_loss":0.0,"damage_taken":0.0,"relics_obtained":["Golden Idol"]},{"damage_healed":0.0,"max_hp_gain":0.0,"max_hp_loss":0.0,"gold_gain":0.0,"event_name":"Liars Game","player_choice":"Ignored","floor":3.0,"gold_loss":0.0,"damage_taken":0.0},{"damage_healed":0.0,"max_hp_gain":0.0,"max_hp_loss":0.0,"gold_gain":75.0,"event_name":"World of Goop","player_choice":"Gather Gold","floor":7.0,"gold_loss":0.0,"damage_taken":11.0}],"is_beta":false,"boss_relics":[],"items_purged_floors":[],"is_endless":false,"potions_floor_spawned":[1,10],"killed_by":"Gremlin Nob","ascension_level":20}}