{"host":"1a8lb11wemezctea","time":1614141044,"event":{"mods":["BaseMod","Colored Powertips","Highlight Path","Minty Spire (QoL Compilation)"],"gold_per_floor":[112,126,139,139,139,139,155,183,183,183,183,199,532,547,547,651,651,662,587,587,184,184,217,232,245,297,308,407,407,437,447,447,545,545,563,563,563,260,271,271,283,315,315,334,334,348,144,159,159,159,159,159,33,62,62],"floor_reached":56,"language":"ENG","playtime":3326,"items_purged":["Strike_B","Strike_B"],"score":1591,"play_id":"28d4c944-b9d2-43d5-b7b9-642ddce7060a","local_time":"20210223233044","is_ascension_mode":true,"campfire_choices":[{"data":"Ball Lightning","floor":6,"key":"SMITH"},{"data":"Cold Snap","floor":11,"key":"SMITH"},{"data":"Go for the Eyes","floor":15,"key":"SMITH"},{"data":"Defragment","floor":29,"key":"SMITH"},{"floor":32,"key":"REST"},{"data":"Consume","floor":40,"key":"SMITH"},{"floor":45,"key":"RECALL"},{"floor":49,"key":"REST"},{"data":"Defragment","floor":52,"key":"SMITH"}],"circlet_count":0,"master_deck":["Defend_B","Defend_B","Zap+1","Dualcast","Ball Lightning+1","Go for the Eyes+1","Leap","Leap","Sweeping Beam","Self Repair","Core Surge","Ball Lightning","Defragment+1","Melter","Good Instincts","Capacitor","Hologram+1","Ball Lightning","Cold Snap+1","Glacier","Doom and Gloom","Echo Form","Aggregate+1","Defragment+1","Rainbow","Consume+1","Static Discharge+1","Echo Form","BootSequence+1","Biased Cognition+1"],"relics":["Cracked Core","Emotion Chip","StrikeDummy","Bird Faced Urn","Old Coin","Empty Cage","Matryoshka","White Beast Statue","Bag of Preparation","Prayer Wheel","Inserter","Lee\u0027s Waffle","Pantograph","Frozen Egg 2","Molten Egg 2","Orichalcum"],"acts_visited":["Exordium","TheCity","TheBeyond","TheEnding"],"potions_floor_usage":[8,8,13,16,23,25,27,30,30,33,33,35,41,42,46,46,47,48,50,54,54,55,55],"damage_taken":[{"damage":7,"enemies":"Jaw Worm","floor":1,"turns":2},{"damage":0,"enemies":"2 Louse","floor":2,"turns":2},{"damage":0,"enemies":"Cultist","floor":3,"turns":3},{"damage":0,"enemies":"3 Louse","floor":7,"turns":3},{"damage":7,"enemies":"Gremlin Nob","floor":8,"turns":3},{"damage":8,"enemies":"Red Slaver","floor":12,"turns":2},{"damage":8,"enemies":"3 Sentries","floor":13,"turns":5},{"damage":0,"enemies":"Exordium Wildlife","floor":14,"turns":3},{"damage":23,"enemies":"The Guardian","floor":16,"turns":9},{"damage":14,"enemies":"3 Byrds","floor":18,"turns":4},{"damage":45,"enemies":"Slavers","floor":23,"turns":5},{"damage":3,"enemies":"Chosen","floor":24,"turns":5},{"damage":8,"enemies":"Centurion and Healer","floor":25,"turns":5},{"damage":5,"enemies":"Shelled Parasite and Fungi","floor":27,"turns":5},{"damage":38,"enemies":"Gremlin Leader","floor":30,"turns":6},{"damage":5,"enemies":"Chosen and Byrds","floor":31,"turns":5},{"damage":32,"enemies":"Collector","floor":33,"turns":7},{"damage":62,"enemies":"3 Darklings","floor":35,"turns":8},{"damage":3,"enemies":"3 Shapes","floor":39,"turns":7},{"damage":17,"enemies":"Jaw Worm Horde","floor":41,"turns":4},{"damage":36,"enemies":"Giant Head","floor":42,"turns":8},{"damage":51,"enemies":"Writhing Mass","floor":44,"turns":7},{"damage":25,"enemies":"4 Shapes","floor":46,"turns":6},{"damage":48,"enemies":"Spire Growth","floor":48,"turns":5},{"damage":52,"enemies":"Time Eater","floor":50,"turns":8},{"damage":95,"enemies":"Shield and Spear","floor":54,"turns":10},{"damage":21,"enemies":"The Heart","floor":55,"turns":11}],"seed_played":"-3948612897058955774","potions_obtained":[{"floor":2,"key":"Explosive Potion"},{"floor":3,"key":"GamblersBrew"},{"floor":8,"key":"CultistPotion"},{"floor":14,"key":"LiquidMemories"},{"floor":18,"key":"FearPotion"},{"floor":23,"key":"AttackPotion"},{"floor":24,"key":"DistilledChaos"},{"floor":25,"key":"DistilledChaos"},{"floor":27,"key":"EssenceOfSteel"},{"floor":30,"key":"FocusPotion"},{"floor":31,"key":"ColorlessPotion"},{"floor":33,"key":"Regen Potion"},{"floor":35,"key":"Swift Potion"},{"floor":39,"key":"Explosive Potion"},{"floor":41,"key":"Block Potion"},{"floor":42,"key":"Strength Potion"},{"floor":44,"key":"SkillPotion"},{"floor":46,"key":"Fire Potion"},{"floor":48,"key":"Ancient Potion"},{"floor":54,"key":"FocusPotion"}],"is_trial":false,"path_per_floor":["M","M","M","?","?","R","M","E","T","?","R","M","E","M","R","B",null,"M","?","?","$","?","E","M","M","T","M","?","R","E","M","R","B",null,"M","?","?","$","M","R","M","E","T","M","R","M","$","M","R","B",null,"R","$","E","B",null],"character_chosen":"DEFECT","items_purchased":["Defragment","Matryoshka","Melter","Defragment","Lee\u0027s Waffle","Fruit Juice","FocusPotion","Ancient Potion"],"campfire_rested":2,"item_purchase_floors":[21,21,21,38,38,47,53,53],"current_hp_per_floor":[43,43,43,48,48,48,48,41,41,41,41,33,25,25,25,11,63,58,58,58,58,58,24,34,39,39,47,47,47,13,19,43,28,67,46,46,46,87,87,87,87,77,77,62,62,73,78,58,85,54,83,83,83,18,38],"gold":62,"neow_bonus":"ONE_RARE_RELIC","is_daily":false,"chose_seed":false,"campfire_upgraded":6,"win_rate":0.0,"timestamp":1614141044,"path_taken":["M","M","M","?","?","R","?","E","T","?","R","?","E","M","R","BOSS","M","?","?","$","?","E","M","M","T","?","?","R","E","M","R","BOSS","M","?","?","?","M","R","M","E","T","M","R","M","$","?","R","BOSS","R","$","E","BOSS"],"items_purchased_type":["Card","Relic","Card","Card","Relic","Potion","Potion","Potion"],"build_version":"2020-12-22","purchased_purges":2,"victory":true,"max_hp_per_floor":[75,75,75,80,80,80,80,80,80,80,80,80,80,80,80,80,80,80,80,80,80,80,80,80,80,80,80,80,80,80,80,80,80,80,80,80,80,87,87,87,87,87,87,87,87,87,92,92,92,92,92,92,92,92,92],"card_choices":[{"not_picked":["Stack","Reinforced Body"],"picked":"Ball Lightning","floor":1},{"not_picked":["Beam Cell","Barrage"],"picked":"Go for the Eyes","floor":2},{"not_picked":["Hologram","Double Energy"],"picked":"Leap","floor":3},{"not_picked":["Beam Cell","Sweeping Beam"],"picked":"Cold Snap","floor":7},{"not_picked":["Stack","Barrage","Go for the Eyes"],"picked":"SKIP","floor":8},{"not_picked":["FTL","Coolheaded"],"picked":"Leap","floor":12},{"not_picked":["Meteor Strike","Stack"],"picked":"Sweeping Beam","floor":13},{"not_picked":["Redo","Sweeping Beam"],"picked":"Self Repair","floor":14},{"not_picked":["Meteor Strike","Creative AI"],"picked":"Core Surge","floor":16},{"not_picked":["Blizzard","Leap","Stack"],"picked":"SKIP","floor":18},{"not_picked":["White Noise+1","Gash"],"picked":"Capacitor","floor":23},{"not_picked":["Cold Snap","Compile Driver+1"],"picked":"Hologram+1","floor":24},{"not_picked":["Streamline","Auto Shields"],"picked":"Ball Lightning","floor":25},{"not_picked":["Reprogram","Barrage"],"picked":"Cold Snap+1","floor":27},{"not_picked":["Genetic Algorithm+1","Darkness+1"],"picked":"Glacier","floor":30},{"not_picked":["Fission","Scrape"],"picked":"Doom and Gloom","floor":31},{"not_picked":["Self Repair","Turbo","Rebound"],"picked":"SKIP","floor":31},{"not_picked":["Multi-Cast","Reboot"],"picked":"Echo Form","floor":33},{"not_picked":["Hologram","Redo"],"picked":"Aggregate+1","floor":35},{"not_picked":["Turbo","Redo","Beam Cell+1"],"picked":"SKIP","floor":35},{"not_picked":["Ball Lightning+1","Sweeping Beam"],"picked":"Rainbow","floor":39},{"not_picked":["Self Repair","Rebound+1"],"picked":"Consume","floor":39},{"not_picked":["Turbo+1","Conserve Battery"],"picked":"Static Discharge+1","floor":41},{"not_picked":["Coolheaded+1","Compile Driver"],"picked":"Echo Form","floor":41},{"not_picked":["Conserve Battery+1","Steam","Chill"],"picked":"SKIP","floor":42},{"not_picked":["Conserve Battery+1","Steam","Chill"],"picked":"SKIP","floor":42},{"not_picked":["Force Field","Compile Driver+1","Steam Power+1"],"picked":"SKIP","floor":44},{"not_picked":["Stack+1","Beam Cell+1","Streamline+1"],"picked":"SKIP","floor":44},{"not_picked":["Ball Lightning+1","Streamline+1"],"picked":"BootSequence+1","floor":46},{"not_picked":["Gash+1","Fusion+1","White Noise"],"picked":"SKIP","floor":46},{"not_picked":["Darkness","Aggregate","Rebound+1"],"picked":"SKIP","floor":48},{"not_picked":["Cold Snap+1","Compile Driver+1","Coolheaded+1"],"picked":"SKIP","floor":48},{"not_picked":["Go for the Eyes+1","Melter+1"],"picked":"Biased Cognition+1","floor":54}],"player_experience":325542,"relics_obtained":[{"floor":8,"key":"StrikeDummy"},{"floor":9,"key":"Bird Faced Urn"},{"floor":13,"key":"Old Coin"},{"floor":23,"key":"White Beast Statue"},{"floor":26,"key":"Bag of Preparation"},{"floor":30,"key":"Prayer Wheel"},{"floor":42,"key":"Pantograph"},{"floor":43,"key":"Frozen Egg 2"},{"floor":43,"key":"Molten Egg 2"},{"floor":54,"key":"Orichalcum"}],"event_choices":[{"damage_healed":0,"gold_gain":0,"player_choice":"Donut","damage_taken":0,"max_hp_gain":5,"max_hp_loss":0,"event_name":"Big Fish","floor":4,"gold_loss":0},{"damage_healed":0,"gold_gain":0,"player_choice":"Forge","damage_taken":0,"max_hp_gain":0,"max_hp_loss":0,"event_name":"Accursed Blacksmith","floor":5,"gold_loss":0,"cards_upgraded":["Zap"]},{"cards_removed":["Strike_B"],"damage_healed":0,"gold_gain":0,"player_choice":"Offered Basic","damage_taken":0,"max_hp_gain":0,"max_hp_loss":0,"event_name":"Bonfire Elementals","floor":10,"gold_loss":0},{"cards_removed":["Defend_B"],"damage_healed":0,"gold_gain":0,"player_choice":"Gave Gold","damage_taken":0,"max_hp_gain":0,"max_hp_loss":0,"event_name":"Beggar","floor":19,"gold_loss":75},{"damage_healed":0,"gold_gain":0,"player_choice":"Read","damage_taken":0,"max_hp_gain":0,"max_hp_loss":0,"event_name":"The Library","floor":20,"gold_loss":0,"cards_obtained":["Ball Lightning"]},{"damage_healed":0,"gold_gain":0,"player_choice":"1 cards matched","damage_taken":0,"max_hp_gain":0,"max_hp_loss":0,"event_name":"Match and Keep!","floor":22,"gold_loss":0,"cards_obtained":["Good Instincts"]},{"damage_healed":0,"gold_gain":99,"player_choice":"Stole From Cult","damage_taken":0,"max_hp_gain":0,"max_hp_loss":0,"event_name":"Nest","floor":28,"gold_loss":0},{"cards_removed":["Cold Snap"],"damage_healed":0,"gold_gain":0,"player_choice":"Removed Attack","damage_taken":0,"max_hp_gain":0,"max_hp_loss":0,"event_name":"Falling","floor":36,"gold_loss":0},{"damage_healed":0,"gold_gain":0,"player_choice":"Ignored","damage_taken":0,"max_hp_gain":0,"max_hp_loss":0,"event_name":"Mysterious Sphere","floor":37,"gold_loss":0}],"is_beta":false,"boss_relics":[{"not_picked":["Tiny House","Cursed Key"],"picked":"Empty Cage"},{"not_picked":["Astrolabe","Coffee Dripper"],"picked":"Inserter"}],"items_purged_floors":[38,47],"is_endless":false,"potions_floor_spawned":[2,3,8,14,18,23,24,25,27,30,31,33,35,39,41,42,44,46,48,54],"ascension_level":8}}