{"host":"8so2ajx8h59tj2mr","time":1614169941,"event":{"mods":["Act Like it!","BaseMod","Better Note","Better Sensory Stone","Colored Map","Curses Come First","Minty Spire (QoL Compilation)","Relic Stats","Reliquary","Ruina","Spire Arcade","StSLib","The Blue Laboratory","The Hierophant"],"gold_per_floor":[118,8,30,58,78,78,201,279,279,275,275],"floor_reached":10,"language":"ENG","playtime":750,"items_purged":[],"score":70,"play_id":"9d572029-61ba-4930-82aa-05d47591097d","local_time":"20210224143221","is_ascension_mode":false,"campfire_choices":[{"data":"hierophant:BulkyChest","floor":6,"key":"SMITH"}],"circlet_count":0,"master_deck":["hierophant:Strike_Hierophant","hierophant:Strike_Hierophant","hierophant:Strike_Hierophant","hierophant:Strike_Hierophant","hierophant:Punish","hierophant:Defend_Hierophant","hierophant:Defend_Hierophant","hierophant:Defend_Hierophant","hierophant:Defend_Hierophant","hierophant:ChurchCoffers","hierophant:Embezzle","hierophant:Martyrdom","hierophant:ConvertCurrency","hierophant:Doubloon","hierophant:Doubloon","hierophant:Charity","hierophant:BulkyChest+1","hierophant:Mercenaries","hierophant:MorningPrayer","hierophant:Doubloon","hierophant:CoinFling"],"relics":["hierophant:PropheticMaskRelic","NeowsBlessing","Du-Vu Doll","reliquary:PurpleTingedLeaf"],"acts_visited":["Exordium"],"potions_floor_usage":[7],"damage_taken":[{"damage":0,"enemies":"Cultist","floor":1,"turns":1},{"damage":0,"enemies":"2 Louse","floor":3,"turns":1},{"damage":0,"enemies":"Jaw Worm","floor":4,"turns":1},{"damage":12,"enemies":"Looter","floor":5,"turns":5},{"damage":12,"enemies":"3 Sentries","floor":7,"turns":6},{"damage":12,"enemies":"Large Slime","floor":8,"turns":6},{"damage":41,"enemies":"Lagavulin","floor":10,"turns":7}],"seed_played":"-5649742310356157961","potions_obtained":[{"floor":4,"key":"blueLaboratory:EnragingPotion"},{"floor":5,"key":"Swift Potion"}],"is_trial":false,"path_per_floor":["M","$","M","M","M","R","E","M","T","E"],"character_chosen":"HIEROPHANT","items_purchased":["hierophant:Martyrdom","hierophant:ConvertCurrency"],"campfire_rested":0,"item_purchase_floors":[2,2],"current_hp_per_floor":[75,75,75,75,63,63,51,39,39,0,0],"gold":275,"neow_bonus":"THREE_ENEMY_KILL","is_daily":false,"chose_seed":false,"campfire_upgraded":1,"win_rate":0.0,"timestamp":1614169941,"path_taken":["M","?","?","M","?","R","E","M","T","E"],"items_purchased_type":["Card","Card"],"build_version":"2020-12-22","purchased_purges":0,"victory":false,"max_hp_per_floor":[75,75,75,75,75,75,75,75,75,75,75],"relic_stats":{"counters":[7,27],"obtain_stats":[{"Du-Vu Doll":7,"NeowsBlessing":0,"hierophant:PropheticMaskRelic":0,"reliquary:PurpleTingedLeaf":9},{"Du-Vu Doll":5,"NeowsBlessing":0,"hierophant:PropheticMaskRelic":0,"reliquary:PurpleTingedLeaf":6},{"Du-Vu Doll":14,"NeowsBlessing":0,"hierophant:PropheticMaskRelic":0,"reliquary:PurpleTingedLeaf":20}]},"card_choices":[{"not_picked":["hierophant:FieryStrike","hierophant:MorningPrayer"],"picked":"hierophant:Embezzle","floor":1},{"not_picked":["hierophant:Purify","hierophant:FlamingChariot"],"picked":"hierophant:Charity","floor":3},{"not_picked":["hierophant:Encroach","hierophant:Doubloon"],"picked":"hierophant:BulkyChest","floor":4},{"not_picked":["hierophant:HolyVerse","hierophant:Sermon"],"picked":"hierophant:Mercenaries","floor":5},{"not_picked":["hierophant:Smite","hierophant:DisplayOfPower"],"picked":"hierophant:MorningPrayer","floor":7},{"not_picked":["hierophant:FieryStrike","hierophant:OrnateBuckler"],"picked":"hierophant:CoinFling","floor":8}],"player_experience":71043,"relics_obtained":[{"floor":7,"key":"Du-Vu Doll"},{"floor":9,"key":"reliquary:PurpleTingedLeaf"}],"event_choices":[],"is_beta":false,"boss_relics":[],"items_purged_floors":[],"is_endless":false,"potions_floor_spawned":[4,5],"killed_by":"Lagavulin","ascension_level":0}}