{"host":"wbn3xdfsa5pc2kse","time":1614167069,"event":{"mods":["AchievementEnabler","BaseMod","Bestiary","Colored Map","Colored Powertips","Curses Come First","Highlight Path","Minty Spire (QoL Compilation)","Permanent Neow","Rare Cards Sparkle","Relic Stats","StSLib"],"gold_per_floor":[12,24,34,34,53,85,100,135,162,174,174,174,174,217,217,310,310,325,338,338,338,351,351,394,417,470,508,544,544,544,153,153,252,252,289,315,385,428,465,518,530,578,590,645,657,669,714,745,757,769,781,793,17,53,53],"floor_reached":56,"language":"ZHT","playtime":2788,"items_purged":["Defend_G","Endless Agony"],"score":2531,"play_id":"1d07509c-ebdd-4375-b12f-b1eb35434198","local_time":"20210224194429","is_ascension_mode":true,"campfire_choices":[{"data":"Poisoned Stab","floor":11,"key":"SMITH"},{"data":"Deadly Poison","floor":15,"key":"SMITH"},{"data":"Catalyst","floor":23,"key":"SMITH"},{"data":"Wraith Form v2","floor":30,"key":"SMITH"},{"data":"Burst","floor":32,"key":"SMITH"},{"data":"Adrenaline","floor":41,"key":"SMITH"},{"floor":45,"key":"RECALL"},{"data":"Doppelganger","floor":49,"key":"SMITH"},{"data":"Leg Sweep","floor":52,"key":"SMITH"}],"circlet_count":0,"master_deck":["AscendersBane","Defend_G","Defend_G","Defend_G","Survivor","Neutralize","Adrenaline+1","Deadly Poison+1","Dash+1","Poisoned Stab+1","Deadly Poison","Venomology","Wraith Form v2+1","Acrobatics","Necronomicurse","Bite","Bite","Bite","Bite","Bite","Catalyst+1","Burst+1","Calculated Gamble+1","Backflip","Doppelganger+1","CurseOfTheBell","Dodge and Roll+1","Leg Sweep+1","Skewer+1","Bouncing Flask+1","Distraction","Underhanded Strike+1"],"relics":["Ring of the Snake","Lantern","Pocketwatch","Orichalcum","Golden Idol","Toy Ornithopter","Coffee Dripper","Necronomicon","Art of War","Smiling Mask","Shuriken","Red Mask","Mercury Hourglass","Happy Flower","TheAbacus","Calling Bell","MawBank","Molten Egg 2","WingedGreaves","Du-Vu Doll","CaptainsWheel","Letter Opener","Bag of Marbles","Bronze Scales","Potion Belt","Oddly Smooth Stone","Gambling Chip","Medical Kit","Pear"],"acts_visited":["Exordium","TheCity","TheBeyond","TheEnding"],"potions_floor_usage":[6,16,18,18,22,24,24,27,27,28,33,37,38,38,40,40,42,42,42,42,44,44,44,47,50,54,54,55],"damage_taken":[{"damage":0,"enemies":"Cultist","floor":1,"turns":5},{"damage":0,"enemies":"Jaw Worm","floor":2,"turns":4},{"damage":0,"enemies":"Small Slimes","floor":3,"turns":3},{"damage":4,"enemies":"3 Louse","floor":5,"turns":3},{"damage":17,"enemies":"3 Sentries","floor":6,"turns":9},{"damage":1,"enemies":"Looter","floor":7,"turns":3},{"damage":5,"enemies":"Gremlin Nob","floor":8,"turns":4},{"damage":0,"enemies":"2 Fungi Beasts","floor":10,"turns":3},{"damage":7,"enemies":"3 Sentries","floor":14,"turns":7},{"damage":6,"enemies":"Hexaghost","floor":16,"turns":8},{"damage":0,"enemies":"Chosen","floor":18,"turns":4},{"damage":4,"enemies":"Spheric Guardian","floor":19,"turns":5},{"damage":13,"enemies":"Snecko","floor":22,"turns":4},{"damage":7,"enemies":"Slavers","floor":24,"turns":6},{"damage":30,"enemies":"Snake Plant","floor":25,"turns":4},{"damage":0,"enemies":"Gremlin Leader","floor":27,"turns":5},{"damage":17,"enemies":"Masked Bandits","floor":28,"turns":5},{"damage":0,"enemies":"Automaton","floor":33,"turns":8},{"damage":0,"enemies":"Orb Walker","floor":35,"turns":3},{"damage":0,"enemies":"3 Shapes","floor":36,"turns":4},{"damage":20,"enemies":"2 Orb Walkers","floor":37,"turns":6},{"damage":0,"enemies":"Mind Bloom Boss Battle","floor":38,"turns":5},{"damage":0,"enemies":"Jaw Worm Horde","floor":39,"turns":4},{"damage":0,"enemies":"Nemesis","floor":40,"turns":5},{"damage":0,"enemies":"Giant Head","floor":42,"turns":5},{"damage":1,"enemies":"Reptomancer","floor":44,"turns":4},{"damage":0,"enemies":"Giant Head","floor":47,"turns":4},{"damage":0,"enemies":"4 Shapes","floor":48,"turns":4},{"damage":17,"enemies":"Donu and Deca","floor":50,"turns":6},{"damage":0,"enemies":"Shield and Spear","floor":54,"turns":4},{"damage":23,"enemies":"The Heart","floor":55,"turns":5}],"seed_played":"694911758294250801","potions_obtained":[{"floor":2,"key":"Swift Potion"},{"floor":5,"key":"DuplicationPotion"},{"floor":6,"key":"Poison Potion"},{"floor":8,"key":"Energy Potion"},{"floor":19,"key":"Poison Potion"},{"floor":25,"key":"CunningPotion"},{"floor":27,"key":"Poison Potion"},{"floor":33,"key":"ColorlessPotion"},{"floor":35,"key":"Dexterity Potion"},{"floor":42,"key":"Ancient Potion"},{"floor":44,"key":"Ancient Potion"},{"floor":47,"key":"FearPotion"},{"floor":54,"key":"Swift Potion"}],"is_trial":false,"path_per_floor":["M","M","M","?","M","E","M","E","T","M","R","?","?","E","R","B",null,"M","M","?","?","M","R","E","M","T","E","?","T","R","$","R","B",null,"M","M","?","?","M","E","R","E","T","E","R","?","E","M","R","B",null,"R","$","E","B",null],"character_chosen":"THE_SILENT","items_purchased":["Happy Flower","TheAbacus","Oddly Smooth Stone","Gambling Chip","Medical Kit","Swift Potion","Underhanded Strike+1"],"campfire_rested":0,"item_purchase_floors":[31,31,53,53,53,53,53],"current_hp_per_floor":[59,59,59,59,55,38,37,32,32,32,32,32,32,25,25,24,51,60,56,35,35,31,31,42,18,18,40,38,38,38,38,38,42,42,42,42,28,42,42,42,42,42,42,41,41,41,42,42,42,29,39,39,39,52,39],"gold":53,"neow_bonus":"THREE_RARE_CARDS","is_daily":false,"chose_seed":false,"campfire_upgraded":8,"win_rate":0.0,"timestamp":1614167069,"path_taken":["M","M","M","?","M","E","M","E","T","M","R","?","?","E","R","BOSS","M","M","?","?","M","R","E","M","T","E","?","?","R","?","R","BOSS","M","M","?","?","M","E","R","E","T","E","R","?","E","?","R","BOSS","R","$","E","BOSS"],"items_purchased_type":["Relic","Relic","Relic","Relic","Relic","Potion","Card"],"build_version":"2020-12-22","purchased_purges":2,"victory":true,"max_hp_per_floor":[66,66,66,66,66,66,66,66,66,66,66,60,60,60,60,60,60,60,60,60,42,42,42,42,42,42,42,42,42,42,42,42,42,42,42,42,42,42,42,42,42,42,42,42,42,42,42,42,42,42,42,42,42,52,52],"relic_stats":{"Happy Flower":[22],"counters":[31,149],"Golden Idol":197,"Letter Opener":[129],"Orichalcum":[180],"Smiling Mask":75,"MawBank":228,"Medical Kit":[1],"Mercury Hourglass":[251],"TheAbacus":[90],"Shuriken":[25],"Bronze Scales":[81],"Gambling Chip":[8],"Necronomicon":[31],"Art of War":[9],"obtain_stats":[{"Lantern":6,"Smiling Mask":26,"TheAbacus":31,"Gambling Chip":53,"WingedGreaves":34,"Necronomicon":20,"Red Mask":28,"Ring of the Snake":0,"Potion Belt":47,"Pear":54,"Happy Flower":31,"Golden Idol":12,"Oddly Smooth Stone":53,"Letter Opener":40,"Orichalcum":9,"MawBank":34,"Medical Kit":53,"Mercury Hourglass":29,"Calling Bell":34,"Du-Vu Doll":37,"CaptainsWheel":38,"Shuriken":27,"Bronze Scales":44,"Molten Egg 2":34,"Coffee Dripper":17,"Art of War":24,"Bag of Marbles":42,"Toy Ornithopter":14,"Pocketwatch":8},{"Lantern":5,"Smiling Mask":15,"TheAbacus":17,"Gambling Chip":29,"WingedGreaves":18,"Necronomicon":12,"Red Mask":17,"Ring of the Snake":0,"Potion Belt":27,"Pear":30,"Happy Flower":17,"Golden Idol":8,"Oddly Smooth Stone":29,"Letter Opener":24,"Orichalcum":7,"MawBank":18,"Medical Kit":29,"Mercury Hourglass":17,"Calling Bell":18,"Du-Vu Doll":21,"CaptainsWheel":22,"Shuriken":16,"Bronze Scales":26,"Molten Egg 2":18,"Coffee Dripper":10,"Art of War":14,"Bag of Marbles":25,"Toy Ornithopter":9,"Pocketwatch":7},{"Lantern":24,"Smiling Mask":72,"TheAbacus":82,"Gambling Chip":140,"WingedGreaves":90,"Necronomicon":58,"Red Mask":82,"Ring of the Snake":0,"Potion Belt":130,"Pear":144,"Happy Flower":82,"Golden Idol":34,"Oddly Smooth Stone":140,"Letter Opener":117,"Orichalcum":31,"MawBank":90,"Medical Kit":140,"Mercury Hourglass":82,"Calling Bell":90,"Du-Vu Doll":103,"CaptainsWheel":108,"Shuriken":77,"Bronze Scales":126,"Molten Egg 2":90,"Coffee Dripper":49,"Art of War":68,"Bag of Marbles":122,"Toy Ornithopter":41,"Pocketwatch":31}],"Toy Ornithopter":56,"Ring of the Snake":[65],"Pocketwatch":[119]},"card_choices":[{"not_picked":["Tools of the Trade","Bullet Time"],"picked":"Adrenaline","floor":0},{"not_picked":["Acrobatics","PiercingWail"],"picked":"Endless Agony","floor":1},{"not_picked":["Escape Plan","Crippling Poison"],"picked":"Deadly Poison","floor":2},{"not_picked":["Backflip","Underhanded Strike"],"picked":"Dash","floor":3},{"not_picked":["Acrobatics","Cloak And Dagger"],"picked":"Poisoned Stab","floor":5},{"not_picked":["Prepared","Choke","Dagger Spray"],"picked":"SKIP","floor":6},{"not_picked":["Heel Hook","Finisher"],"picked":"Deadly Poison","floor":7},{"not_picked":["Phantasmal Killer","Prepared","Poisoned Stab"],"picked":"SKIP","floor":8},{"not_picked":["Backstab","Flechettes","Blade Dance"],"picked":"SKIP","floor":10},{"not_picked":["Escape Plan","Predator"],"picked":"Venomology","floor":14},{"not_picked":["Bullet Time","Unload"],"picked":"Wraith Form v2","floor":16},{"not_picked":["Underhanded Strike+1","Flying Knee"],"picked":"Acrobatics","floor":18},{"not_picked":["Blade Dance","Dodge and Roll","Infinite Blades"],"picked":"SKIP","floor":19},{"not_picked":["Reflex","Quick Slash"],"picked":"Catalyst","floor":22},{"not_picked":["Deadly Poison","Quick Slash"],"picked":"Burst","floor":24},{"not_picked":["Concentrate","Accuracy","Reflex"],"picked":"SKIP","floor":25},{"not_picked":["Poisoned Stab+1","Dodge and Roll"],"picked":"Calculated Gamble+1","floor":27},{"not_picked":["Reflex","PiercingWail"],"picked":"Backflip","floor":28},{"not_picked":["Grand Finale","Unload"],"picked":"Doppelganger","floor":33},{"not_picked":["Poisoned Stab+1","Deadly Poison","Cloak And Dagger"],"picked":"SKIP","floor":35},{"not_picked":["Distraction+1","Heel Hook+1","Flying Knee+1"],"picked":"SKIP","floor":36},{"not_picked":["Caltrops","Poisoned Stab+1"],"picked":"Dodge and Roll+1","floor":37},{"not_picked":["Caltrops","Bane+1"],"picked":"Leg Sweep","floor":39},{"not_picked":["Terror","Caltrops"],"picked":"Skewer+1","floor":40},{"not_picked":["Deadly Poison","Backflip"],"picked":"Bouncing Flask+1","floor":42},{"not_picked":["Leg Sweep","Expertise","Backflip"],"picked":"SKIP","floor":44},{"not_picked":["Blade Dance","Poisoned Stab+1","Sucker Punch+1"],"picked":"SKIP","floor":47},{"not_picked":["Choke+1","Infinite Blades","Prepared"],"picked":"SKIP","floor":48},{"not_picked":["Setup","Die Die Die+1","Slice+1"],"picked":"SKIP","floor":54}],"player_experience":869800,"relics_obtained":[{"floor":6,"key":"Lantern"},{"floor":8,"key":"Pocketwatch"},{"floor":9,"key":"Orichalcum"},{"floor":14,"key":"Toy Ornithopter"},{"floor":20,"key":"Necronomicon"},{"floor":24,"key":"Art of War"},{"floor":26,"key":"Smiling Mask"},{"floor":27,"key":"Shuriken"},{"floor":28,"key":"Red Mask"},{"floor":29,"key":"Mercury Hourglass"},{"floor":34,"key":"MawBank"},{"floor":34,"key":"Molten Egg 2"},{"floor":34,"key":"WingedGreaves"},{"floor":37,"key":"Du-Vu Doll"},{"floor":38,"key":"CaptainsWheel"},{"floor":40,"key":"Letter Opener"},{"floor":42,"key":"Bag of Marbles"},{"floor":44,"key":"Bronze Scales"},{"floor":47,"key":"Potion Belt"},{"floor":54,"key":"Pear"}],"event_choices":[{"damage_healed":0,"gold_gain":0,"player_choice":"Grow","damage_taken":0,"max_hp_gain":0,"max_hp_loss":0,"event_name":"Living Wall","floor":4,"gold_loss":0,"cards_upgraded":["Dash"]},{"damage_healed":0,"gold_gain":0,"player_choice":"Lose Max HP","damage_taken":0,"relics_obtained":["Golden Idol"],"max_hp_gain":0,"max_hp_loss":6,"event_name":"Golden Idol","floor":12,"gold_loss":0},{"damage_healed":0,"gold_gain":0,"player_choice":"Ignored","damage_taken":0,"max_hp_gain":0,"max_hp_loss":0,"event_name":"Liars Game","floor":13,"gold_loss":0},{"damage_healed":0,"gold_gain":0,"player_choice":"Obtained Book","damage_taken":21,"max_hp_gain":0,"max_hp_loss":0,"event_name":"Cursed Tome","floor":20,"gold_loss":0},{"damage_healed":0,"gold_gain":0,"player_choice":"Became a vampire","damage_taken":0,"max_hp_gain":0,"max_hp_loss":18,"event_name":"Vampires","floor":21,"gold_loss":0,"cards_obtained":["Bite","Bite","Bite","Bite","Bite"]},{"damage_healed":0,"gold_gain":0,"player_choice":"Fought Bandits","damage_taken":0,"max_hp_gain":0,"max_hp_loss":0,"event_name":"Masked Bandits","floor":28,"gold_loss":0},{"damage_healed":0,"gold_gain":0,"player_choice":"Fight","damage_taken":0,"max_hp_gain":0,"max_hp_loss":0,"event_name":"Mysterious Sphere","floor":37,"gold_loss":0},{"damage_healed":0,"gold_gain":0,"player_choice":"Fight","damage_taken":0,"max_hp_gain":0,"max_hp_loss":0,"event_name":"MindBloom","floor":38,"gold_loss":0},{"damage_healed":0,"gold_gain":0,"cards_transformed":["Defend_G"],"player_choice":"Transformed","damage_taken":0,"max_hp_gain":0,"max_hp_loss":0,"event_name":"Transmorgrifier","floor":46,"gold_loss":0,"cards_obtained":["Distraction"]}],"is_beta":false,"boss_relics":[{"not_picked":["Sozu","Snecko Eye"],"picked":"Coffee Dripper"},{"not_picked":["Tiny House","HoveringKite"],"picked":"Calling Bell"}],"items_purged_floors":[31,53],"is_endless":false,"potions_floor_spawned":[2,5,6,7,8,19,25,27,33,35,36,42,44,47,54],"ascension_level":16}}