{"host":"ox77rn1xcurm2t5a","time":1614205192,"event":{"mods":["2.2 Compatiblity","AchievementEnabler","Act Like it!","Aspiration","BaseMod","Best Route Mod","Better Match","Better Note","Better Sensory Stone","Block Reminder","Colored Map","Colored Powertips","Conjunction","Conspire","Custom Start","Energized Spire","GifTheSpireLib","Gold Saver","Gremlin Skip","Halation","Highlight Path","Hubris","Infinite Spire","Minty Spire (QoL Compilation)","Pale of the Ancients","Quick Restart","Reliquary","Replay The Spire","Reworked Bosses","ShortenTheSpire","Spire Exporter","StSLib","Stuff the Spire","Wandering Minibosses"],"gold_per_floor":[335,1,1,1,13,45,45,62,62,62,89,5652,5672,5684,5684,5780,5780,5800,5783,5145,5145,5145],"floor_reached":21,"language":"ENG","playtime":527,"items_purged":["Defend_R","Pain","Strike_R"],"score":370,"play_id":"4a8a34a0-8ff5-4922-a81d-ab54c96e29c4","local_time":"20210225001952","is_ascension_mode":true,"campfire_choices":[{"data":"Spot Weakness","floor":7.0,"key":"SMITH"},{"floor":10.0,"key":"RECALL"},{"data":"Conjunction:Offense","floor":15.0,"key":"SMITH"}],"circlet_count":0,"master_deck":["Strike_R","Strike_R","Strike_R","Strike_R","Defend_R","Defend_R","Defend_R","Bash+1","Spot Weakness+1","Conjunction:Offense+1","Conjunction:Defense","Anger","Dropkick","Clash","Cleave","Limit Break","Sword Boomerang"],"relics":["Burning Blood","Shuriken","Conjunction:SoulLantern","Mummified Hand","ReplayFunnel","Lantern","ReplayTheSpireMod:Shallot"],"acts_visited":["Exordium","TheCity"],"potions_floor_usage":[21,21],"damage_taken":[{"damage":19.0,"enemies":"Small Slimes","floor":1.0,"turns":4.0},{"damage":12.0,"enemies":"Cultist","floor":5.0,"turns":3.0},{"damage":13.0,"enemies":"3 Sentries","floor":6.0,"turns":9.0},{"damage":10.0,"enemies":"Jaw Worm","floor":8.0,"turns":3.0},{"damage":38.0,"enemies":"Lagavulin","floor":11.0,"turns":5.0},{"damage":0.0,"enemies":"Looter","floor":13.0,"turns":1.0},{"damage":0.0,"enemies":"3 Louse","floor":14.0,"turns":1.0},{"damage":0.0,"enemies":"Slime Boss","floor":16.0,"turns":6.0},{"damage":34.0,"enemies":"Shell Parasite","floor":18.0,"turns":6.0},{"damage":19.0,"enemies":"2 Thieves","floor":19.0,"turns":4.0},{"damage":32,"enemies":"Chosen and Byrds","floor":21,"turns":4}],"seed_played":"-6198267158954671431","potions_obtained":[{"floor":1.0,"key":"HeartOfIron"},{"floor":6.0,"key":"PowerPotion"},{"floor":13.0,"key":"DuplicationPotion"},{"floor":14.0,"key":"FearPotion"},{"floor":18.0,"key":"Elixir"}],"is_trial":false,"path_per_floor":["M","$","?","?","M","E","R","M","T","R","E","$","M","M","R","B",null,"M","M","$","M"],"character_chosen":"IRONCLAD","items_purchased":["Shuriken","Clash","ReplayFunnel","Fire Potion","Explosive Potion","Lantern","ReplayTheSpireMod:Shallot","SkillPotion","SkillPotion"],"campfire_rested":0,"item_purchase_floors":[2,12,12,12,12,20,20,20,20],"current_hp_per_floor":[59,59,59,59,53,46,46,42,42,42,10,10,16,22,22,28,67,39,26,26,0,0],"gold":5145,"neow_bonus":"RANDOM_EVENT","is_daily":false,"chose_seed":false,"campfire_upgraded":2,"win_rate":0.0,"timestamp":1614205192,"path_taken":["M","$","?","?","?","E","R","M","T","R","E","$","M","M","R","BOSS","M","M","$","M"],"items_purchased_type":["Relic","Card","Relic","Potion","Potion","Relic","Relic","Potion","Potion"],"build_version":"2020-12-22","purchased_purges":3,"victory":false,"max_hp_per_floor":[80,80,80,80,80,80,80,80,80,80,80,80,80,80,80,80,80,80,80,80,80,80],"card_choices":[{"not_picked":["Shrug It Off","Whirlwind","Twin Strike"],"picked":"SKIP","floor":1.0},{"not_picked":["StuffTheSpire:Slingshot","Anger"],"picked":"Spot Weakness","floor":5.0},{"not_picked":["Life Link","Iron Wave","StuffTheSpire:Pyroclast"],"picked":"SKIP","floor":6.0},{"not_picked":["Life Link","Wild Strike"],"picked":"Anger","floor":8.0},{"not_picked":["Evolve","StuffTheSpire:Pyroclast"],"picked":"Dropkick","floor":11.0},{"not_picked":["ReplayReversal","conspire:ExplosiveBarrier","Havoc"],"picked":"SKIP","floor":13.0},{"not_picked":["Second Wind","Anger"],"picked":"Cleave","floor":14.0},{"not_picked":["Immolate","Demonic Infusion"],"picked":"Limit Break","floor":16.0},{"not_picked":["Run Through+1","StuffTheSpire:Slingshot","ReplayTheSpireMod:Stacked+1"],"picked":"SKIP","floor":18.0},{"not_picked":["Infernal Blade+1","Replay:Undeath\u0027s Touch"],"picked":"Sword Boomerang","floor":19.0}],"player_experience":3240418,"relics_obtained":[{"floor":6.0,"key":"Conjunction:SoulLantern"},{"floor":11.0,"key":"Mummified Hand"}],"event_choices":[{"damage_healed":0.0,"max_hp_gain":0.0,"max_hp_loss":0.0,"gold_gain":0.0,"event_name":"FaceTrader","player_choice":"Leave","floor":4.0,"gold_loss":0.0,"damage_taken":0.0}],"is_beta":false,"boss_relics":[{"not_picked":["energizedSpire:EnergizedDie","halation:HeavySnake","hubris:BlackHole"]}],"items_purged_floors":[2,12,20],"is_endless":false,"potions_floor_spawned":[1,6,13,14,18],"killed_by":"Chosen and Byrds","ascension_level":11}}