{"host":"rykcscnxwcosqdkz","time":1614125632,"event":{"mods":["100% Spire Juice","BaseMod","Conspire","DeckTracker","GifTheSpireLib","Hubris","Infinite Spire","JesterMod","Minty Spire (QoL Compilation)","Reliquary","Shade Mod","StSLib","Stuff the Spire","The Alterego","The Servant 0.9.4"],"gold_per_floor":[109,109,109,129,129,159,159,169,169,169,22,37,66,83,83,187,187,206,305,105,122,122,122,186,186,213,260,260],"floor_reached":27,"language":"ENG","playtime":1032,"items_purged":[],"score":314,"play_id":"c4819623-fa72-4954-965c-613b78314082","local_time":"20210224011352","is_ascension_mode":false,"campfire_choices":[{"data":"Shade:AnimateDead","floor":7,"key":"SMITH"},{"data":"Shade:SpontaneousRitual","floor":10,"key":"SMITH"},{"data":"Shade:CallOfTheGrave","floor":15,"key":"SMITH"},{"data":"infinitespire:DeathsTouch","floor":23,"key":"SMITH"},{"floor":25,"key":"REST"}],"circlet_count":0,"master_deck":["Shade:Strike_Shade","Shade:Strike_Shade","Shade:Strike_Shade","Shade:Defend_Shade","Shade:Defend_Shade","Shade:Defend_Shade","Shade:Defend_Shade+1","Shade:AnimateDead+1","Shade:CarefulCut+1","Shade:Premonition","Shade:Premonition","Shade:RitualOffering","Shade:SpontaneousRitual+1","Shade:SensePrey+1","Shade:CallOfTheGrave+1","Shade:FeralStrike","Shade:OfferingToTheBeyond","Shade:SkeletonHug+1","conspire:SpireCoStock","conspire:SpireCoStock","conspire:SpireCoStock+1","conspire:SpireCoStock","Shade:Brains","infinitespire:DeathsTouch+1","Shade:SensePrey+1"],"relics":["Shade:YorickSkull","NeowsBlessing","Ornamental Fan","hubris:ToyBattleship","reliquary:SharkskinSheath","Oddly Smooth Stone","hubris:TerracottaHorce","reliquary:Buckler","Orichalcum"],"acts_visited":["Exordium","TheCity"],"potions_floor_usage":[14,14],"damage_taken":[{"damage":0,"enemies":"Small Slimes","floor":1,"turns":1},{"damage":0,"enemies":"Jaw Worm","floor":4,"turns":1},{"damage":0,"enemies":"Gremlin Nob","floor":6,"turns":1},{"damage":0,"enemies":"Cultist","floor":8,"turns":3},{"damage":0,"enemies":"Exordium Wildlife","floor":12,"turns":4},{"damage":0,"enemies":"3 Sentries","floor":13,"turns":7},{"damage":0,"enemies":"Exordium Thugs","floor":14,"turns":5},{"damage":13,"enemies":"Slime Boss","floor":16,"turns":8},{"damage":0,"enemies":"2 Thieves","floor":18,"turns":4},{"damage":0,"enemies":"3 Byrds","floor":21,"turns":4},{"damage":41,"enemies":"conspire:SneckoGhost","floor":24,"turns":8},{"damage":41,"enemies":"Book of Stabbing","floor":27,"turns":5}],"seed_played":"-5092525877342819526","potions_obtained":[{"floor":1,"key":"Dexterity Potion"},{"floor":4,"key":"Fire Potion"},{"floor":5,"key":"Regen Potion"},{"floor":5,"key":"DistilledChaos"},{"floor":12,"key":"PowerPotion"},{"floor":16,"key":"SteroidPotion"},{"floor":24,"key":"Ancient Potion"}],"is_trial":false,"path_per_floor":["M","?","?","M","?","E","R","M","T","R","$","M","E","M","R","B",null,"M","?","?","M","AVR","R","E","R","T","E"],"character_chosen":"SHADE","items_purchased":["reliquary:SharkskinSheath"],"campfire_rested":1,"item_purchase_floors":[11],"current_hp_per_floor":[65,52,52,52,52,52,52,52,52,52,52,52,52,52,52,39,59,59,59,59,59,59,59,18,37,37,0,0],"gold":260,"neow_bonus":"THREE_ENEMY_KILL","is_daily":false,"chose_seed":false,"campfire_upgraded":4,"win_rate":0.0,"timestamp":1614125632,"path_taken":["M","?","?","?","?","E","R","M","T","R","$","M","E","M","R","BOSS","M","?","?","M","AVR","R","E","R","T","E"],"items_purchased_type":["Relic"],"build_version":"2020-12-22","purchased_purges":0,"victory":false,"max_hp_per_floor":[65,65,65,65,65,65,65,65,65,65,65,65,65,65,65,65,65,65,65,65,65,65,65,65,65,65,65,65],"card_choices":[{"not_picked":["Shade:FuneraryArmor","Shade:FingerOfDeath"],"picked":"Shade:Premonition","floor":1},{"not_picked":["Shade:ClawBack","Shade:Haruspicy"],"picked":"Shade:Premonition","floor":4},{"not_picked":["Shade:CoffinDance","Shade:CallOfTheGrave"],"picked":"Shade:RitualOffering","floor":6},{"not_picked":["Shade:Carnophage","Shade:DangerousRitual"],"picked":"Shade:SpontaneousRitual","floor":8},{"not_picked":["Shade:FeralStrike","Shade:SpectralStrikes"],"picked":"Shade:SensePrey","floor":12},{"not_picked":["Shade:SpectralStrikes","Shade:OpenGraves"],"picked":"Shade:CallOfTheGrave","floor":13},{"not_picked":["Shade:CallWraith","Shade:Bonestorm"],"picked":"Shade:FeralStrike","floor":14},{"not_picked":["Shade:OneIsEnough","Shade:SelfBurial"],"picked":"Shade:OfferingToTheBeyond","floor":16},{"not_picked":["Shade:Frenzy","Shade:Haruspicy"],"picked":"Shade:SkeletonHug+1","floor":18},{"not_picked":["Shade:PressTheAttack","Shade:SoulToxin"],"picked":"Shade:Brains","floor":21},{"not_picked":["Shade:CommandSoldier","Shade:GraveStillness"],"picked":"Shade:SensePrey+1","floor":24}],"player_experience":71951,"relics_obtained":[{"floor":6,"key":"Ornamental Fan"},{"floor":9,"key":"hubris:ToyBattleship"},{"floor":13,"key":"Oddly Smooth Stone"},{"floor":24,"key":"reliquary:Buckler"},{"floor":26,"key":"Orichalcum"}],"event_choices":[{"damage_healed":0,"gold_gain":0,"player_choice":"Entered Light","damage_taken":13,"max_hp_gain":0,"max_hp_loss":0,"event_name":"Shining Light","floor":2,"gold_loss":0,"cards_upgraded":["Shade:Defend_Shade","Shade:CarefulCut"]},{"cards_removed":["Shade:Strike_Shade"],"damage_healed":0,"gold_gain":0,"player_choice":"Offered Basic","damage_taken":0,"max_hp_gain":0,"max_hp_loss":0,"event_name":"Bonfire Elementals","floor":3,"gold_loss":0},{"damage_healed":0,"gold_gain":0,"player_choice":"Got Potions","damage_taken":0,"max_hp_gain":0,"max_hp_loss":0,"event_name":"Lab","floor":5,"gold_loss":0},{"damage_healed":0,"gold_gain":99,"player_choice":"Stole From Cult","damage_taken":0,"max_hp_gain":0,"max_hp_loss":0,"event_name":"Nest","floor":19,"gold_loss":0},{"damage_healed":0,"gold_gain":0,"player_choice":"Invest 4","damage_taken":0,"max_hp_gain":0,"max_hp_loss":0,"event_name":"conspire:Investor","floor":20,"gold_loss":0}],"is_beta":false,"boss_relics":[{"not_picked":["jesterMod:MachoBrace","hubris:VirtuousBlindfold"],"picked":"hubris:TerracottaHorce"}],"items_purged_floors":[],"is_endless":false,"potions_floor_spawned":[1,4,12,16,24],"killed_by":"Book of Stabbing","ascension_level":0}}