{"host":"qiddgr1lyn3b7c88","time":1614203766,"event":{"mods":["Aspiration","BaseMod","Colored Map","Highlight Path","Minty Spire (QoL Compilation)","Replay The Spire","Shop Mod","StSLib","Synergy Search","The Alterego","egg"],"gold_per_floor":[118,134,147,160,180,180,209,209,209,226,259,32,59,74,74,175,175,190,204,204,216,231,231,262,262,262,6,18,18,52,52,52,153,153,170,170,188,208,301,336,336,370,370,396,448,15,30,64,64,64],"floor_reached":51,"language":"ENG","playtime":3205,"items_purged":["Strike_B","Defend_B","Defend_B"],"score":1202,"play_id":"a1620928-1da4-4910-8b14-6b9ef2d578d8","local_time":"20210224165606","is_ascension_mode":true,"campfire_choices":[{"data":"Defragment","floor":6.0,"key":"SMITH"},{"data":"Consume","floor":15,"key":"SMITH"},{"data":"Barrage","floor":23,"key":"SMITH"},{"data":"Loop","floor":25,"key":"SMITH"},{"floor":29,"key":"REST"},{"data":"Capacitor","floor":32,"key":"SMITH"},{"data":"Fusion","floor":41,"key":"SMITH"},{"data":"1","floor":49,"key":"LIFT"}],"circlet_count":0,"master_deck":["Defend_B","Defend_B","Zap","Dualcast","Go for the Eyes","Defragment+1","Self Repair","Cold Snap","Steam","Seek","Reboot","Ball Lightning","Consume+1","Coolheaded","Rainbow","Genetic Algorithm+1","Capacitor+1","Shame","FIFO Queue","Loop+1","Chill+1","Ghostly","Ghostly","Ghostly","Ghostly","Ghostly","Creative AI","Hologram+1","Redo+1","Fusion+1","Barrage+1","Coolheaded+1","Storm","ReplayTheSpireMod:Calculation Training+1","Doom and Gloom+1"],"relics":["Cracked Core","aspiration:ChemicalBlood","Blue Candle","Strawberry","Strange Spoon","Calipers","Empty Cage","Pantograph","Blood Vial","Oddly Smooth Stone","TungstenRod","Inserter","Bronze Scales","aspiration:HiddenCompartment","aspiration:StickyExplosives_weak","Shovel","Girya","InkBottle","Geode"],"acts_visited":["Exordium","TheCity","TheBeyond"],"potions_floor_usage":[11,11,14,16,16,21,21,21,24,24,24,30,30,37,40,42,50,50,50],"damage_taken":[{"damage":0.0,"enemies":"Small Slimes","floor":1.0,"turns":3.0},{"damage":0.0,"enemies":"Jaw Worm","floor":2.0,"turns":3.0},{"damage":7.0,"enemies":"2 Louse","floor":3.0,"turns":2.0},{"damage":14.0,"enemies":"2 Fungi Beasts","floor":4.0,"turns":4.0},{"damage":4.0,"enemies":"Looter","floor":5.0,"turns":4.0},{"damage":11,"enemies":"Lagavulin","floor":7,"turns":7},{"damage":10,"enemies":"Red Slaver","floor":10,"turns":3},{"damage":14,"enemies":"Replay:BlueRogue","floor":11,"turns":5},{"damage":31,"enemies":"Lagavulin","floor":13,"turns":6},{"damage":8,"enemies":"Large Slime","floor":14,"turns":4},{"damage":0,"enemies":"Hexaghost","floor":16,"turns":11},{"damage":32,"enemies":"3 Byrds","floor":18,"turns":6},{"damage":0,"enemies":"Chosen","floor":19,"turns":4},{"damage":15,"enemies":"3 Cultists","floor":21,"turns":5},{"damage":9,"enemies":"Centurion and Healer","floor":22,"turns":6},{"damage":7,"enemies":"Replay:Snechameleon","floor":24,"turns":7},{"damage":23,"enemies":"Sentry and Sphere","floor":28,"turns":7},{"damage":23,"enemies":"Book of Stabbing","floor":30,"turns":5},{"damage":0,"enemies":"Champ","floor":33,"turns":15},{"damage":0,"enemies":"Orb Walker","floor":35,"turns":6},{"damage":0,"enemies":"3 Shapes","floor":37,"turns":7},{"damage":0,"enemies":"3 Darklings","floor":38,"turns":11},{"damage":9,"enemies":"Nemesis","floor":40,"turns":11},{"damage":0,"enemies":"Reptomancer","floor":42,"turns":9},{"damage":6,"enemies":"Giant Head","floor":44,"turns":9},{"damage":1,"enemies":"2 Orb Walkers","floor":45,"turns":8},{"damage":0,"enemies":"Maw","floor":47,"turns":9},{"damage":0,"enemies":"Reptomancer","floor":48,"turns":8},{"damage":0,"enemies":"Replay:Hell Engine","floor":50,"turns":15}],"seed_played":"-106885518027114460","potions_obtained":[{"floor":3.0,"key":"SteroidPotion"},{"floor":7,"key":"BlessingOfTheForge"},{"floor":10,"key":"Explosive Potion"},{"floor":14,"key":"Weak Potion"},{"floor":14,"key":"Block Potion"},{"floor":16,"key":"GamblersBrew"},{"floor":18,"key":"SkillPotion"},{"floor":21,"key":"PotionOfCapacity"},{"floor":28,"key":"BlessingOfTheForge"},{"floor":33,"key":"LifebloodPotion"},{"floor":35,"key":"Dexterity Potion"},{"floor":40,"key":"Fire Potion"},{"floor":44,"key":"Milkshake"},{"floor":48,"key":"Ancient Potion"}],"is_trial":false,"path_per_floor":["M","M","M","M","M","R","E","?","T","M","E","$","E","M","R","B",null,"M","M","?","M","M","R","E","R","T","$","M","R","E","?","R","B",null,"M","?","M","M","?","E","R","E","T","E","?","$","M","E","R_BF","B",null],"character_chosen":"DEFECT","items_purchased":["Strange Spoon","Oddly Smooth Stone","Storm","InkBottle"],"campfire_rested":1,"item_purchase_floors":[12,27,46,46],"current_hp_per_floor":[68,68,68,61,64,64,60,60,60,57,60,60,36,35,35,42,72,47,47,47,32,30,30,30,30,30,30,16,40,19,19,19,41,41,41,41,41,41,32,32,32,34,34,37,41,41,41,41,41,41],"gold":64,"neow_bonus":"THREE_CARDS","is_daily":false,"chose_seed":false,"campfire_upgraded":6,"win_rate":0.0,"timestamp":1614203766,"path_taken":["M","M","M","M","M","R","E","?","T","M","E","$","E","M","R","BOSS","M","M","?","M","M","R","E","R","T","$","M","R","E","?","R","BOSS","M","?","M","M","?","E","R","E","T","E","?","$","M","E","R_BF","BOSS"],"items_purchased_type":["Relic","Relic","Card","Relic"],"build_version":"2020-12-22","purchased_purges":3,"victory":true,"max_hp_per_floor":[75,75,75,75,75,75,75,75,75,75,82,82,82,82,82,82,82,82,82,82,82,82,82,82,82,82,82,82,82,82,41,41,41,41,41,41,41,41,41,41,41,41,41,41,41,41,41,41,41,41],"card_choices":[{"not_picked":["Hologram","Compile Driver"],"picked":"Go for the Eyes","floor":0.0},{"not_picked":["Redo","Gash"],"picked":"Defragment","floor":1.0},{"not_picked":["Genetic Algorithm","Conserve Battery"],"picked":"Self Repair","floor":2.0},{"not_picked":["Gash","Rebound"],"picked":"Barrage","floor":3.0},{"not_picked":["Leap","Redo"],"picked":"Cold Snap","floor":4.0},{"not_picked":["Compile Driver","Rebound"],"picked":"Steam","floor":5.0},{"not_picked":["Redo","Beam Cell"],"picked":"Seek","floor":7},{"not_picked":["Barrage","Hello World"],"picked":"Ball Lightning","floor":10},{"not_picked":["Time Bomb","Rebound"],"picked":"Consume","floor":11},{"not_picked":["Rebound","ReplayTheSpireMod:Repulse","Blizzard"],"picked":"SKIP","floor":13},{"not_picked":["Redo","ReplayGash"],"picked":"Coolheaded","floor":14},{"not_picked":["Meteor Strike","All For One"],"picked":"Rainbow","floor":16},{"not_picked":["Coolheaded","Auto Shields+1"],"picked":"Genetic Algorithm+1","floor":18},{"not_picked":["Compile Driver+1","Rebound"],"picked":"Capacitor","floor":19},{"not_picked":["Undo","Turbo+1","Reprogram"],"picked":"SKIP","floor":21},{"not_picked":["Darkness","ReplayTheSpireMod:System Scan+1"],"picked":"FIFO Queue","floor":22},{"not_picked":["Hologram","Conserve Battery"],"picked":"Loop","floor":24},{"not_picked":["Hologram","Time Bomb","Turbo+1"],"picked":"SKIP","floor":28},{"not_picked":["Mirror Shield","Streamline"],"picked":"Chill+1","floor":30},{"not_picked":["ReplayRNGCard","All For One"],"picked":"Creative AI","floor":33},{"not_picked":["Gash+1","Time Bomb+1"],"picked":"Hologram+1","floor":35},{"not_picked":["Ball Lightning+1","Rebound"],"picked":"Redo+1","floor":37},{"not_picked":["Beam Cell","Ball Lightning","Fission"],"picked":"SKIP","floor":38},{"not_picked":["Sweeping Beam","Leap"],"picked":"Fusion","floor":39},{"not_picked":["Rebound+1","BasicCrystalCard+1"],"picked":"Barrage+1","floor":39},{"not_picked":["Turbo","Doom and Gloom+1","Heatsinks"],"picked":"SKIP","floor":40},{"not_picked":["Darkness","Coolheaded","Stack+1"],"picked":"SKIP","floor":42},{"not_picked":["Hologram+1","Beam Cell+1"],"picked":"Coolheaded+1","floor":44},{"not_picked":["Go for the Eyes+1","BasicCrystalCard+1"],"picked":"ReplayTheSpireMod:Calculation Training+1","floor":47},{"not_picked":["ReplayGash","BasicCrystalCard"],"picked":"Doom and Gloom+1","floor":48}],"player_experience":1070447,"relics_obtained":[{"floor":7,"key":"aspiration:ChemicalBlood"},{"floor":9,"key":"Blue Candle"},{"floor":11,"key":"Strawberry"},{"floor":13,"key":"Calipers"},{"floor":24,"key":"Blood Vial"},{"floor":30,"key":"TungstenRod"},{"floor":40,"key":"Bronze Scales"},{"floor":42,"key":"aspiration:HiddenCompartment"},{"floor":43,"key":"aspiration:StickyExplosives_weak"},{"floor":44,"key":"Shovel"},{"floor":45,"key":"Girya"},{"floor":48,"key":"Geode"}],"event_choices":[{"damage_healed":0,"gold_gain":0,"cards_transformed":["Strike_B"],"player_choice":"Change","damage_taken":0,"max_hp_gain":0,"max_hp_loss":0,"event_name":"Living Wall","floor":8,"gold_loss":0,"cards_obtained":["Reboot"]},{"damage_healed":0,"gold_gain":0,"player_choice":"Stole Relic","damage_taken":0,"relics_obtained":["Pantograph"],"max_hp_gain":0,"max_hp_loss":0,"event_name":"Addict","floor":20,"gold_loss":0,"cards_obtained":["Shame"]},{"damage_healed":0,"gold_gain":0,"player_choice":"Became a Ghost","damage_taken":0,"max_hp_gain":0,"max_hp_loss":41,"event_name":"Ghosts","floor":31,"gold_loss":0,"cards_obtained":["Ghostly","Ghostly","Ghostly","Ghostly","Ghostly"]},{"cards_removed":["Barrage"],"damage_healed":0,"gold_gain":0,"player_choice":"Removed Attack","damage_taken":0,"max_hp_gain":0,"max_hp_loss":0,"event_name":"Falling","floor":36,"gold_loss":0},{"damage_healed":0,"gold_gain":0,"player_choice":"Fight","damage_taken":0,"max_hp_gain":0,"max_hp_loss":0,"event_name":"Mysterious Sphere","floor":45,"gold_loss":0}],"is_beta":false,"boss_relics":[{"not_picked":["Abe\u0027s Treasure","Snecko Heart"],"picked":"Empty Cage"},{"not_picked":["aspiration:SilentSkillbook","SlaversCollar"],"picked":"Inserter"}],"items_purged_floors":[12,27,46],"is_endless":false,"potions_floor_spawned":[3,7,10,14,16,18,21,28,33,35,40,44,48],"ascension_level":9}}