{"host":"hpdezpg731xgox4e","time":1614133738,"event":{"mods":["2.2 Compatiblity","Aspiration","BaseMod","Downfall","GifTheSpireLib","Minty Spire (QoL Compilation)","Shop Mod","StSLib"],"gold_per_floor":[99,99,158,158,63,79,79,105,105,118,135,135,152,252,269,372,372,372,388,388,388,447,447,447,447,297,297,347,404,404,460,514,657,657,657,657,657,714,714,192,246,261,261,277,277,277,277,277,289,289],"floor_reached":51,"language":"ENG","playtime":3615,"items_purged":["Parasite"],"score":670,"play_id":"607fb4c1-2d38-4289-a7a1-425a9630cdc4","local_time":"20210223212858","is_ascension_mode":false,"campfire_choices":[{"data":"Guardian:CurlUp","floor":1,"key":"SMITH"},{"data":"Guardian:BodySlam","floor":9,"key":"SMITH"},{"floor":12,"key":"REST"},{"data":"Guardian:BaubleBeam","floor":18,"key":"SMITH"},{"data":"Guardian:SentryBeam","floor":23,"key":"SMITH"},{"data":"Guardian:BronzeOrb","floor":27,"key":"SMITH"},{"data":"Guardian:SphericShield","floor":35,"key":"SMITH"},{"data":"Guardian:EvasiveProtocol","floor":43,"key":"SMITH"},{"data":"Guardian:AncientConstruct","floor":45,"key":"SMITH"},{"data":"Guardian:PiercingHide","floor":47,"key":"SMITH"},{"data":"Guardian:DonusPower","floor":48,"key":"SMITH"}],"circlet_count":0,"master_deck":["Guardian:Strike_Guardian","Guardian:Strike_Guardian","Guardian:Strike_Guardian","Guardian:CurlUp+1","Guardian:TwinSlam","Guardian:CurlUp+1","Guardian:PiercingHide+1","Guardian:SphericShield+1","Guardian:BronzeOrb+1","Guardian:BodySlam+1","Guardian:Emergency","Guardian:SentryBeam+1","Guardian:BaubleBeam+1","Guardian:ArmoredProtocol","Guardian:BodySlam+1","expansioncontent:LastStand","Guardian:DonusPower+1","Guardian:EvasiveProtocol+1","Guardian:PiercingHide+1","Guardian:AncientConstruct+1","Guardian:PiercingHide+1"],"relics":["Guardian:ModeShifter","aspiration:SeaSaltIceCream","DollysMirror","Juzu Bracelet","Eternal Feather","Guardian:StasisSlotReductionRelic","downfall:KnowingSkull","Ornamental Fan","aspiration:HummingbirdHeart","SlaversCollar","aspiration:FrozenJewel","Medical Kit","Sundial","Happy Flower"],"acts_visited":["Exordium","TheCity","TheBeyond"],"potions_floor_usage":[33,50,50],"damage_taken":[{"damage":40,"enemies":"Gremlin Nob","floor":3,"turns":6},{"damage":5,"enemies":"downfall:FleeingMerchant","floor":5,"turns":4},{"damage":0,"enemies":"Jaw Worm","floor":6,"turns":4},{"damage":0,"enemies":"Lagavulin","floor":8,"turns":5},{"damage":0,"enemies":"Small Slimes","floor":10,"turns":3},{"damage":0,"enemies":"Cultist","floor":11,"turns":3},{"damage":0,"enemies":"Gremlin Gang","floor":13,"turns":4},{"damage":9,"enemies":"Large Slime","floor":15,"turns":3},{"damage":11,"enemies":"IC_STATUS_ARCHETYPE","floor":16,"turns":9},{"damage":7,"enemies":"Shell Parasite","floor":19,"turns":3},{"damage":3,"enemies":"3 Byrds","floor":22,"turns":2},{"damage":3,"enemies":"Snake Plant","floor":28,"turns":3},{"damage":3,"enemies":"Centurion and Healer","floor":29,"turns":4},{"damage":3,"enemies":"Shelled Parasite and Fungi","floor":31,"turns":4},{"damage":3,"enemies":"Snake Plant","floor":32,"turns":3},{"damage":17,"enemies":"DF_ARCHETYPE_CLAW","floor":33,"turns":8},{"damage":3,"enemies":"3 Darklings","floor":38,"turns":3},{"damage":3,"enemies":"downfall:FleeingMerchant","floor":40,"turns":4},{"damage":5,"enemies":"Orb Walker","floor":42,"turns":3},{"damage":0,"enemies":"4 Shapes","floor":44,"turns":4},{"damage":0,"enemies":"3 Darklings","floor":49,"turns":4},{"damage":21,"enemies":"WA_ARCHETYPE_DIVINITY","floor":50,"turns":11}],"seed_played":"3464610368724927811","potions_obtained":[{"floor":6,"key":"Weak Potion"},{"floor":10,"key":"Energy Potion"},{"floor":15,"key":"Dexterity Potion"}],"is_trial":false,"path_per_floor":["R","?","?","?","$","M","T","E","R","M","M","R","M","?","M","B",null,"R","M","?","?","M","R","T","?","?","R","M","M","?","M","M","B",null,"R","?","?","M","?","$","T","M","R","M","R","?","R","R","M","B",null],"character_chosen":"GUARDIAN","items_purchased":["Guardian:BronzeOrb","Guardian:DonusPower","aspiration:FrozenJewel","Guardian:EvasiveProtocol","Medical Kit","Sundial"],"campfire_rested":1,"item_purchase_floors":[5,40,40,40,40,40],"current_hp_per_floor":[80,80,40,40,35,35,35,35,41,41,41,71,71,71,62,51,80,80,73,65,65,62,71,71,71,90,90,87,84,84,81,78,61,90,90,90,90,87,87,84,84,79,87,87,87,87,87,87,87,66],"gold":289,"neow_bonus":"REMOVE_CARD","is_daily":false,"chose_seed":false,"campfire_upgraded":10,"win_rate":0.0,"timestamp":1614133738,"path_taken":["R","?","?","?","$","?","T","E","R","M","M","R","M","?","M","BOSS","R","M","?","?","M","R","T","?","?","R","M","M","?","M","M","BOSS","R","?","?","M","?","$","T","M","R","M","R","?","R","R","M","BOSS"],"items_purchased_type":["Card","Card","Relic","Card","Relic","Relic"],"build_version":"2020-12-22","purchased_purges":1,"victory":true,"max_hp_per_floor":[80,80,80,80,80,80,80,80,80,80,80,80,80,80,80,80,80,80,80,80,80,80,80,80,80,90,90,90,90,90,90,90,90,90,90,90,90,90,90,87,87,87,87,87,87,87,87,87,87,87],"card_choices":[{"not_picked":["Guardian:TemporalStrike","Guardian:Gem_Green"],"picked":"Guardian:PiercingHide","floor":3},{"not_picked":["Guardian:PiercingHide","Guardian:RollAttack"],"picked":"Guardian:SphericShield","floor":5},{"not_picked":["Guardian:PrismaticBeam","Guardian:Preprogram"],"picked":"Guardian:BodySlam","floor":6},{"not_picked":["Guardian:Suspension","Guardian:Gem_Cyan"],"picked":"Guardian:Emergency","floor":8},{"not_picked":["Guardian:Gem_White","Guardian:Gem_Lightblue"],"picked":"Guardian:Gem_Purple","floor":10},{"not_picked":["Guardian:TimeCapacitor","Guardian:TemporalShield","Guardian:VentSteam"],"picked":"SKIP","floor":11},{"not_picked":["Guardian:Gem_Cyan","Guardian:GuardianWhirl"],"picked":"Guardian:Gem_Orange","floor":13},{"not_picked":["Guardian:VentSteam","Guardian:Recover"],"picked":"Guardian:SentryBeam","floor":15},{"not_picked":["Guardian:TimeSifter","Guardian:ExploitGems"],"picked":"Guardian:BaubleBeam","floor":16},{"not_picked":["Guardian:Gem_Red","Guardian:Incinerate","Guardian:Planning"],"picked":"SKIP","floor":19},{"not_picked":["Guardian:Recover","Guardian:Gem_Fragmented"],"picked":"Guardian:Gem_White","floor":22},{"not_picked":["Guardian:RollAttack","Guardian:Incinerate+1"],"picked":"Guardian:ArmoredProtocol","floor":28},{"not_picked":["Guardian:PrimingBeam","Guardian:WalkerClaw","Guardian:PrismaticBarrier"],"picked":"SKIP","floor":29},{"not_picked":["Guardian:MultiBeam+1","Guardian:Gem_Yellow","Guardian:TimeSifter"],"picked":"SKIP","floor":31},{"not_picked":["Guardian:TemporalShield+1","Guardian:ShieldCharger+1","Guardian:Gem_Green"],"picked":"SKIP","floor":32},{"not_picked":["Guardian:FastForward","Guardian:StasisStrike"],"picked":"Guardian:ExploitGems","floor":33},{"not_picked":["Guardian:ArmoredProtocol","Guardian:Planning"],"picked":"Guardian:BodySlam+1","floor":38},{"not_picked":["expansioncontent:Hexaburn","expansioncontent:InvincibleStrength"],"picked":"expansioncontent:LastStand","floor":39},{"not_picked":["Guardian:PrimingBeam+1","Guardian:TemporalStrike+1"],"picked":"Guardian:Gem_Blue","floor":40},{"not_picked":["Guardian:Gem_Red","Guardian:TemporalShield"],"picked":"Guardian:PiercingHide+1","floor":42},{"not_picked":["Guardian:Incinerate+1","Guardian:Gem_Red"],"picked":"Guardian:AncientConstruct","floor":44},{"not_picked":["Guardian:GuardianWhirl+1","Guardian:Reroute"],"picked":"Guardian:PiercingHide+1","floor":49}],"player_experience":115193,"relics_obtained":[{"floor":3,"key":"aspiration:SeaSaltIceCream"},{"floor":7,"key":"Juzu Bracelet"},{"floor":8,"key":"Eternal Feather"},{"floor":24,"key":"aspiration:HummingbirdHeart"},{"floor":41,"key":"Happy Flower"}],"event_choices":[{"cards_removed":["Guardian:Defend_Guardian"],"damage_healed":0,"gold_gain":0,"player_choice":"Card Removal","damage_taken":0,"max_hp_gain":0,"max_hp_loss":0,"event_name":"The Cleric","floor":2,"gold_loss":0},{"damage_healed":0,"gold_gain":100,"player_choice":"Gold","damage_taken":0,"max_hp_gain":0,"max_hp_loss":0,"event_name":"Wheel of Change","floor":14,"gold_loss":0},{"damage_healed":0,"gold_gain":0,"player_choice":"Stole Relic","damage_taken":0,"relics_obtained":["Ornamental Fan"],"max_hp_gain":0,"max_hp_loss":0,"event_name":"Addict","floor":21,"gold_loss":0,"cards_obtained":["Pride"]},{"cards_removed":["Guardian:ExploitGems"],"damage_healed":0,"gold_gain":0,"player_choice":"Removed Skill","damage_taken":0,"max_hp_gain":0,"max_hp_loss":0,"event_name":"Falling","floor":37,"gold_loss":0}],"is_beta":false,"boss_relics":[{"not_picked":["aspiration:PoetsPen_weak","aspiration:DefectSkillbook"],"picked":"Guardian:StasisSlotReductionRelic"},{"not_picked":["aspiration:FutureDiary","Busted Crown"],"picked":"SlaversCollar"}],"items_purged_floors":[40],"is_endless":false,"potions_floor_spawned":[6,10,15,16,19,28,31,44,49],"ascension_level":0}}