{"host":"zwfzlkwql9nyrw94","time":1614138964,"event":{"mods":["AchievementEnabler","BaseMod","Colored Map","Filter the Spire","Grow up Mod","Highlight Path","Minty Spire (QoL Compilation)","Remove Card Discount Mod"],"gold_per_floor":[219,219,294,60,60,89,89,44,44,44,60,87,97,112,112,214,214,232,232,21,0,20,46,46,46,46],"floor_reached":25,"language":"ENG","playtime":1323,"items_purged":["Defend_B","Strike_B","Strike_B","Defend_B","Defend_B","Defend_B","Zap","Dualcast","Shame"],"score":315,"play_id":"52d5d42a-ca0d-4438-8625-a2cef1d789aa","local_time":"20210223215604","is_ascension_mode":true,"campfire_choices":[{"data":"Fusion","floor":7.0,"key":"SMITH"},{"data":"White Noise","floor":15.0,"key":"SMITH"},{"data":"Hello World","floor":24,"key":"SMITH"}],"circlet_count":0,"master_deck":["Strike_B+1","Strike_B+1","Fusion+1","Heatsinks+1","White Noise+1","Capacitor","Beam Cell","Rebound","Redo","Meteor Strike","Defragment","Self Repair","Sadistic Nature","Hologram","Hello World+1"],"relics":["Cracked Core","Incense Burner","Bronze Scales","Whetstone","Happy Flower","Oddly Smooth Stone","Snecko Eye","PreservedInsect","Pen Nib"],"acts_visited":["Exordium","TheCity"],"potions_floor_usage":[25],"damage_taken":[{"damage":0.0,"enemies":"Small Slimes","floor":1.0,"turns":2.0},{"damage":31.0,"enemies":"Lagavulin","floor":6.0,"turns":8.0},{"damage":11.0,"enemies":"Jaw Worm","floor":11.0,"turns":2.0},{"damage":25.0,"enemies":"Gremlin Nob","floor":12.0,"turns":4.0},{"damage":6.0,"enemies":"2 Louse","floor":13.0,"turns":2.0},{"damage":12.0,"enemies":"2 Fungi Beasts","floor":14.0,"turns":3.0},{"damage":102.0,"enemies":"Hexaghost","floor":16.0,"turns":7.0},{"damage":30,"enemies":"2 Thieves","floor":18,"turns":4},{"damage":18,"enemies":"3 Byrds","floor":22,"turns":3},{"damage":0,"enemies":"Gremlin Leader","floor":23,"turns":2},{"damage":114,"enemies":"Book of Stabbing","floor":25,"turns":7}],"seed_played":"8752470164541698039","potions_obtained":[{"floor":1.0,"key":"PotionOfCapacity"},{"floor":12.0,"key":"Strength Potion"},{"floor":13.0,"key":"FocusPotion"}],"is_trial":false,"path_per_floor":["M","?","?","$","?","E","R","$","T","?","M","E","M","M","R","B",null,"M","?","$","?","M","E","R","E"],"character_chosen":"DEFECT","items_purchased":["Bronze Scales","Heatsinks","Capacitor","Self Repair","Sadistic Nature"],"campfire_rested":0,"item_purchase_floors":[4,4,8,20,20],"current_hp_per_floor":[95,87,86,96,106,85,95,105,115,125,124,109,113,111,121,29,255,235,245,255,265,264,281,291,177,177],"gold":46,"neow_bonus":"HUNDRED_GOLD","is_daily":false,"chose_seed":false,"campfire_upgraded":3,"win_rate":0.0,"timestamp":1614138964,"path_taken":["M","?","?","$","?","E","R","?","T","?","?","E","M","M","R","BOSS","M","?","$","?","M","E","R","E"],"items_purchased_type":["Relic","Card","Card","Card","Card"],"build_version":"2020-12-22","purchased_purges":9,"victory":false,"max_hp_per_floor":[95,105,115,125,135,145,155,165,175,185,195,205,215,225,235,245,255,265,275,285,295,305,315,325,325,325],"card_choices":[{"not_picked":["Go for the Eyes","Static Discharge"],"picked":"Fusion","floor":1.0},{"not_picked":["Redo","Sweeping Beam"],"picked":"White Noise","floor":6.0},{"not_picked":["Aggregate","Consume"],"picked":"Beam Cell","floor":11.0},{"not_picked":["Rip and Tear","Cold Snap"],"picked":"Rebound","floor":12.0},{"not_picked":["Streamline","Compile Driver"],"picked":"Redo","floor":13.0},{"not_picked":["Stack","Compile Driver","Sweeping Beam"],"picked":"SKIP","floor":14.0},{"not_picked":["Electrodynamics","Biased Cognition"],"picked":"Meteor Strike","floor":16.0},{"not_picked":["Compile Driver","Sweeping Beam"],"picked":"Defragment","floor":18},{"not_picked":["Beam Cell+1","Chill"],"picked":"Hologram","floor":22},{"not_picked":["Go for the Eyes","Steam Power"],"picked":"Hello World","floor":23}],"player_experience":237793,"relics_obtained":[{"floor":6.0,"key":"Whetstone"},{"floor":9.0,"key":"Happy Flower"},{"floor":12.0,"key":"Oddly Smooth Stone"},{"floor":23,"key":"Pen Nib"}],"event_choices":[{"damage_healed":0.0,"max_hp_gain":0.0,"max_hp_loss":0.0,"gold_gain":0.0,"event_name":"Scrap Ooze","player_choice":"Success","floor":2.0,"gold_loss":0.0,"damage_taken":18.0,"relics_obtained":["Incense Burner"]},{"damage_healed":0.0,"max_hp_gain":0.0,"max_hp_loss":0.0,"gold_gain":75.0,"event_name":"World of Goop","player_choice":"Gather Gold","floor":3.0,"gold_loss":0.0,"damage_taken":11.0},{"damage_healed":0.0,"max_hp_gain":0.0,"max_hp_loss":0.0,"gold_gain":0.0,"event_name":"The Cleric","player_choice":"Leave","floor":5.0,"gold_loss":0.0,"damage_taken":0.0},{"damage_healed":0.0,"max_hp_gain":0.0,"max_hp_loss":0.0,"gold_gain":0.0,"event_name":"Living Wall","player_choice":"Grow","floor":10.0,"gold_loss":0.0,"damage_taken":0.0,"cards_upgraded":["Heatsinks"]},{"damage_healed":0,"gold_gain":0,"player_choice":"Stole Relic","damage_taken":0,"relics_obtained":["PreservedInsect"],"max_hp_gain":0,"max_hp_loss":0,"event_name":"Addict","floor":19,"gold_loss":0,"cards_obtained":["Shame"]},{"damage_healed":0,"gold_gain":0,"player_choice":"Paid Fearfully","damage_taken":0,"max_hp_gain":0,"max_hp_loss":0,"event_name":"Masked Bandits","floor":21,"gold_loss":21}],"is_beta":false,"boss_relics":[{"not_picked":["Empty Cage","Pandora\u0027s Box"],"picked":"Snecko Eye"}],"items_purged_floors":[4,4,8,8,8,8,20,20,20],"is_endless":false,"potions_floor_spawned":[1,12,13,23],"killed_by":"Book of Stabbing","ascension_level":1}}