{"host":"rkc66x5lvwcew90n","time":1614127563,"event":{"mods":["BaseMod","Hermit","Koishi","Marisa????????","Minty Spire (QoL Compilation)","StSLib","SuperFastMode","The Servant 0.9.4"],"gold_per_floor":[110,127,127,127,127,160,4,4,4,4,4,4,4,16,16,121,121,140,140,65,0,14,14,85,85,153,153,171,183,183,183,183],"floor_reached":31,"language":"ENG","playtime":1097,"items_purged":["Strike_R"],"score":299,"play_id":"ea390c75-5156-400d-916b-722db1c8630d","local_time":"20210223164603","is_ascension_mode":true,"campfire_choices":[{"floor":8,"key":"RECALL"},{"floor":12,"key":"REST"},{"data":"Bash","floor":15,"key":"SMITH"},{"floor":23,"key":"REST"},{"floor":25,"key":"REST"},{"floor":27,"key":"REST"}],"circlet_count":0,"master_deck":["Strike_R","Strike_R+1","Strike_R","Strike_R","Defend_R","Defend_R","Defend_R","Defend_R+1","Bash+1","Thunderclap","Armaments+1","Feed","Headbutt+1","Iron Wave+1","Headbutt","Inflame","Iron Wave"],"relics":["Burning Blood","Juzu Bracelet","Anchor","TheAbacus","Black Star","Strawberry","Bag of Marbles","InkBottle","Shovel"],"acts_visited":["Exordium","TheCity"],"potions_floor_usage":[6,16,22,24,24,24],"damage_taken":[{"damage":9,"enemies":"2 Louse","floor":1,"turns":3},{"damage":1,"enemies":"Cultist","floor":2,"turns":3},{"damage":14,"enemies":"Gremlin Nob","floor":6,"turns":3},{"damage":0,"enemies":"Small Slimes","floor":14,"turns":4},{"damage":59,"enemies":"The Guardian","floor":16,"turns":12},{"damage":60,"enemies":"Shell Parasite","floor":18,"turns":11},{"damage":37,"enemies":"Spheric Guardian","floor":22,"turns":6},{"damage":17,"enemies":"Slavers","floor":24,"turns":9},{"damage":33,"enemies":"Snake Plant","floor":28,"turns":3},{"damage":48,"enemies":"Centurion and Healer","floor":29,"turns":7},{"damage":0,"enemies":"Cultist and Chosen","floor":31,"turns":1}],"seed_played":"-1622159041534947588","potions_obtained":[{"floor":0,"key":"AttackPotion"},{"floor":0,"key":"Fire Potion"},{"floor":0,"key":"Regen Potion"},{"floor":4,"key":"LiquidMemories"},{"floor":6,"key":"HeartOfIron"},{"floor":16,"key":"ColorlessPotion"},{"floor":22,"key":"Fire Potion"}],"is_trial":false,"path_per_floor":["M","M","?","?","?","E","$","R","T","?","?","R","?","M","R","B",null,"M","?","$","?","M","R","E","R","T","R","M","M","?","M"],"character_chosen":"IRONCLAD","items_purchased":["TheAbacus"],"campfire_rested":4,"item_purchase_floors":[7],"current_hp_per_floor":[77,80,68,68,68,60,60,60,60,44,44,68,73,79,79,26,85,31,31,31,31,15,40,39,67,67,95,72,34,34,34,34],"gold":183,"neow_bonus":"THREE_SMALL_POTIONS","is_daily":false,"chose_seed":false,"campfire_upgraded":1,"win_rate":0.0,"timestamp":1614127563,"path_taken":["M","M","?","?","?","E","?","R","T","?","?","R","?","M","R","BOSS","M","?","$","?","M","R","E","R","T","R","M","M","?","M"],"items_purchased_type":["Relic"],"build_version":"2020-12-22","purchased_purges":1,"victory":false,"max_hp_per_floor":[80,80,80,80,80,80,80,80,80,80,80,80,85,85,85,85,85,85,85,85,85,85,85,95,95,95,95,99,103,103,103,103],"card_choices":[{"not_picked":["Spot Weakness","Heavy Blade"],"picked":"Thunderclap","floor":1},{"not_picked":["Bloodletting","Anger","Fiend Fire"],"picked":"SKIP","floor":2},{"not_picked":["Warcry","Fire Breathing"],"picked":"Armaments","floor":6},{"not_picked":["Anger","Bloodletting","True Grit"],"picked":"SKIP","floor":14},{"not_picked":["Offering","Exhume"],"picked":"Feed","floor":16},{"not_picked":["Pummel","Flex"],"picked":"Headbutt+1","floor":18},{"not_picked":["Second Wind","Twin Strike"],"picked":"Iron Wave+1","floor":22},{"not_picked":["Thunderclap","Immolate"],"picked":"Headbutt","floor":24},{"not_picked":["Thunderclap","Combust"],"picked":"Inflame","floor":28},{"not_picked":["Clothesline","Headbutt"],"picked":"Iron Wave","floor":29}],"player_experience":290297,"relics_obtained":[{"floor":6,"key":"Anchor"},{"floor":24,"key":"Strawberry"},{"floor":24,"key":"Bag of Marbles"},{"floor":26,"key":"InkBottle"}],"event_choices":[{"damage_healed":0,"gold_gain":0,"player_choice":"Success","damage_taken":12,"relics_obtained":["Juzu Bracelet"],"max_hp_gain":0,"max_hp_loss":0,"event_name":"Scrap Ooze","floor":3,"gold_loss":0},{"damage_healed":0,"gold_gain":0,"player_choice":"Got Potions","damage_taken":0,"max_hp_gain":0,"max_hp_loss":0,"event_name":"Lab","floor":4,"gold_loss":0},{"damage_healed":0,"gold_gain":0,"player_choice":"Bought 0 Potions","damage_taken":0,"max_hp_gain":0,"max_hp_loss":0,"event_name":"The Woman in Blue","floor":5,"gold_loss":0},{"damage_healed":0,"gold_gain":0,"player_choice":"Entered Light","damage_taken":16,"max_hp_gain":0,"max_hp_loss":0,"event_name":"Shining Light","floor":10,"gold_loss":0,"cards_upgraded":["Strike_R","Defend_R"]},{"damage_healed":0,"gold_gain":0,"player_choice":"Grow","damage_taken":0,"max_hp_gain":0,"max_hp_loss":0,"event_name":"Living Wall","floor":11,"gold_loss":0,"cards_upgraded":["Armaments"]},{"damage_healed":0,"gold_gain":0,"player_choice":"Donut","damage_taken":0,"max_hp_gain":5,"max_hp_loss":0,"event_name":"Big Fish","floor":13,"gold_loss":0},{"damage_healed":0,"gold_gain":0,"player_choice":"Ignored","damage_taken":0,"max_hp_gain":0,"max_hp_loss":0,"event_name":"Cursed Tome","floor":19,"gold_loss":0},{"damage_healed":0,"gold_gain":0,"player_choice":"Paid Fearfully","damage_taken":0,"max_hp_gain":0,"max_hp_loss":0,"event_name":"Masked Bandits","floor":21,"gold_loss":65},{"damage_healed":0,"gold_gain":0,"player_choice":"Opened","damage_taken":0,"relics_obtained":["Shovel"],"max_hp_gain":0,"max_hp_loss":0,"event_name":"The Mausoleum","floor":30,"gold_loss":0}],"is_beta":false,"boss_relics":[{"not_picked":["Runic Cube","SlaversCollar"],"picked":"Black Star"}],"items_purged_floors":[20],"is_endless":false,"potions_floor_spawned":[6,16,18,22],"killed_by":"Cultist and Chosen","ascension_level":2}}