{"host":"fortuna","time":1614183858,"event":{"mods":["100% Spire Juice","Act Like it!","BaseMod","CapriCore","Gensokyo","Hallownest","Koishi","Minty Spire (QoL Compilation)","MostiFishMod","Reimu£®≤©¿ˆ¡È√Œ£©","Relic Stats","StSLib","The Alterego","The Animator","The Bug Knight","The Immortal","The Senshi","Waifu the Spire","Yakumo Yukari mod"],"gold_per_floor":[120,100,118,136,148,180,196,271,294,314,347,365,394,410,410,514,514,530,445,445,445,370,401,401,434,511,511,528,560,572,600,612,728,740,771,796,808,820,832,872,904,949,961,993,1005,1036,1076,1099,1111,1123,1135,1147,419,447,447],"floor_reached":56,"language":"ZHS","playtime":2140,"items_purged":["alterego_mod:Strike"],"score":1873,"play_id":"348e50c0-0b65-4eeb-951c-a45f0c5569b5","local_time":"20210225002418","is_ascension_mode":true,"campfire_choices":[{"data":"alterego_mod:IndependentAction","floor":15,"key":"SMITH"},{"data":"alterego_mod:Weigh","floor":24,"key":"SMITH"},{"data":"MostiFishMod:Kaleido","floor":30,"key":"SMITH"},{"data":"alterego_mod:TrickOrTreatment","floor":32,"key":"SMITH"},{"data":"MostiFishMod:WinterMarkForm","floor":45,"key":"SMITH"},{"floor":49,"key":"RECALL"},{"data":"alterego_mod:ClassAdvantage","floor":52,"key":"SMITH"}],"circlet_count":0,"master_deck":["alterego_mod:Strike","alterego_mod:Defend","alterego_mod:Defend+1","alterego_mod:Defend","alterego_mod:Defend+1","alterego_mod:Impale","alterego_mod:BigMeatyClaws","alterego_mod:BrynhildrsRune","MostiFishMod:FrostNova","MostiFishMod:WinterMarkForm+1","MostiFishMod:Kaleido+1","alterego_mod:GoddessCore","alterego_mod:Tantrum","alterego_mod:Collar","alterego_mod:Rip","alterego_mod:BiFurious","alterego_mod:Rake","alterego_mod:IndependentAction+1","alterego_mod:RocketPunch","alterego_mod:DiscoLights","alterego_mod:Mirror","alterego_mod:PerceptionDisorder","alterego_mod:Weigh+1","alterego_mod:Pet","alterego_mod:TrickOrTreatment+1","alterego_mod:Bounce+1","alterego_mod:Cycle+1","alterego_mod:IndependentAction+1","alterego_mod:Cushion+1","alterego_mod:ClassAdvantage+1","alterego_mod:Exercise+1","alterego_mod:Birthday+1","alterego_mod:Collar+1","alterego_mod:GachaTicket+1","alterego_mod:ClassAdvantage","Apotheosis+1"],"relics":["alterego_mod:MasochisticConstitution","DaveBox","FrostBlade","SynthV:TestCard","Happy Flower","Pen Nib","Orichalcum","xbg","War Paint","Girya","ImprovedEquipment","Lizard Tail","Toxic Egg 2","MawBank","OneHitWonderSystem","PreservedInsect","Bag of Preparation","Bag of Marbles","Bottled Flame","Kunai","Sundial","Oddly Smooth Stone","Pocketwatch"],"acts_visited":["Exordium","TheCity","TheBeyond","TheEnding"],"potions_floor_usage":[6,12,13,13],"damage_taken":[{"damage":13,"enemies":"2 Louse","floor":1,"turns":2},{"damage":0,"enemies":"Cultist","floor":3,"turns":4},{"damage":6,"enemies":"Small Slimes","floor":4,"turns":4},{"damage":10,"enemies":"2 Fungi Beasts","floor":5,"turns":5},{"damage":45,"enemies":"Gremlin Nob","floor":6,"turns":6},{"damage":0,"enemies":"3 Louse","floor":7,"turns":1},{"damage":0,"enemies":"Lots of Slimes","floor":10,"turns":1},{"damage":0,"enemies":"Lagavulin","floor":11,"turns":3},{"damage":11,"enemies":"Blue Slaver","floor":12,"turns":4},{"damage":15,"enemies":"Gremlin Nob","floor":13,"turns":4},{"damage":0,"enemies":"Exordium Wildlife","floor":14,"turns":3},{"damage":9,"enemies":"The Guardian","floor":16,"turns":8},{"damage":6,"enemies":"2 Thieves","floor":18,"turns":3},{"damage":15,"enemies":"Slavers","floor":23,"turns":4},{"damage":10,"enemies":"Gremlin Leader","floor":25,"turns":3},{"damage":8,"enemies":"Chosen","floor":28,"turns":3},{"damage":19,"enemies":"Slavers","floor":29,"turns":4},{"damage":27,"enemies":"Shelled Parasite and Fungi","floor":31,"turns":6},{"damage":10,"enemies":"Automaton","floor":33,"turns":8},{"damage":0,"enemies":"Orb Walker","floor":35,"turns":2},{"damage":0,"enemies":"3 Darklings","floor":36,"turns":3},{"damage":0,"enemies":"Nemesis","floor":40,"turns":4},{"damage":0,"enemies":"Jaw Worm Horde","floor":41,"turns":2},{"damage":0,"enemies":"Reptomancer","floor":42,"turns":3},{"damage":0,"enemies":"Transient","floor":44,"turns":5},{"damage":0,"enemies":"3 Darklings","floor":46,"turns":3},{"damage":0,"enemies":"Nemesis","floor":47,"turns":3},{"damage":0,"enemies":"Jaw Worm Horde","floor":48,"turns":3},{"damage":0,"enemies":"Awakened One","floor":50,"turns":7},{"damage":0,"enemies":"Shield and Spear","floor":54,"turns":5},{"damage":0,"enemies":"The Heart","floor":55,"turns":5}],"seed_played":"-1445660500019484642","potions_obtained":[{"floor":2,"key":"LiquidBronze"},{"floor":4,"key":"Block Potion"},{"floor":5,"key":"ZuzhouPotion:ReiMu"},{"floor":7,"key":"BlessingOfTheForge"},{"floor":12,"key":"Regen Potion"},{"floor":13,"key":"Explosive Potion"},{"floor":23,"key":"ColorlessPotion"},{"floor":42,"key":"Fire Potion"}],"is_trial":false,"path_per_floor":["M","?","M","M","M","E","M","?","T","M","E","M","E","M","R","B",null,"M","?","?","?","?","E","R","E","T","?","M","E","R","M","R","B",null,"M","M","?","?","?","E","M","E","T","M","R","M","E","M","R","B",null,"R","$","E","B",null],"character_chosen":"The_Alterego","items_purchased":["Apotheosis+1","alterego_mod:Belle","Sundial","Oddly Smooth Stone"],"campfire_rested":0,"item_purchase_floors":[53,53,53,53],"current_hp_per_floor":[51,51,58,67,72,35,35,24,24,24,24,21,26,33,33,32,77,72,72,72,72,72,58,58,49,49,49,42,54,54,45,45,36,1,1,1,1,1,1,1,1,1,1,1,1,1,1,1,1,1,1,1,1,1,1],"gold":447,"neow_bonus":"RANDOM_COLORLESS_2","is_daily":false,"chose_seed":false,"campfire_upgraded":6,"win_rate":0.0,"timestamp":1614183858,"path_taken":["M","?","?","M","M","E","M","?","T","M","E","M","E","M","R","BOSS","M","?","?","?","?","E","R","E","T","?","?","E","R","M","R","BOSS","M","M","?","?","?","E","M","E","T","M","R","?","E","?","R","BOSS","R","$","E","BOSS"],"items_purchased_type":["Card","Card","Relic","Relic"],"build_version":"2020-12-18","purchased_purges":1,"victory":true,"max_hp_per_floor":[71,71,71,72,73,74,74,74,74,74,74,75,76,76,76,77,77,78,78,78,78,78,79,79,80,80,80,81,82,82,83,83,84,1,1,1,1,1,1,1,1,1,1,1,1,1,1,1,1,1,1,1,1,1,1],"relic_stats":{"Happy Flower":[33],"counters":[31,121],"Pen Nib":[30],"PreservedInsect":221,"Bag of Preparation":[18],"Orichalcum":[150],"War Paint":["alterego_mod:Defend","alterego_mod:Defend"],"MawBank":288,"Lizard Tail":0,"Sundial":[0],"Kunai":[26],"obtain_stats":[{"Girya":21,"alterego_mod:MasochisticConstitution":0,"DaveBox":0,"Happy Flower":6,"ImprovedEquipment":23,"Oddly Smooth Stone":53,"Pen Nib":11,"PreservedInsect":39,"Bag of Preparation":40,"Orichalcum":13,"War Paint":19,"MawBank":29,"FrostBlade":0,"Lizard Tail":25,"Bottled Flame":43,"SynthV:TestCard":1,"Sundial":53,"Bag of Marbles":42,"OneHitWonderSystem":34,"Kunai":47,"xbg":17,"Toxic Egg 2":26,"Pocketwatch":54},{"Girya":13,"alterego_mod:MasochisticConstitution":0,"DaveBox":0,"Happy Flower":5,"ImprovedEquipment":14,"Oddly Smooth Stone":29,"Pen Nib":8,"PreservedInsect":21,"Bag of Preparation":22,"Orichalcum":10,"War Paint":13,"MawBank":17,"FrostBlade":0,"Lizard Tail":15,"Bottled Flame":24,"SynthV:TestCard":1,"Sundial":29,"Bag of Marbles":24,"OneHitWonderSystem":19,"Kunai":27,"xbg":12,"Toxic Egg 2":15,"Pocketwatch":30},{"Girya":48,"alterego_mod:MasochisticConstitution":0,"DaveBox":0,"Happy Flower":21,"ImprovedEquipment":52,"Oddly Smooth Stone":111,"Pen Nib":26,"PreservedInsect":81,"Bag of Preparation":85,"Orichalcum":34,"War Paint":48,"MawBank":62,"FrostBlade":0,"Lizard Tail":55,"Bottled Flame":90,"SynthV:TestCard":2,"Sundial":111,"Bag of Marbles":90,"OneHitWonderSystem":76,"Kunai":101,"xbg":45,"Toxic Egg 2":55,"Pocketwatch":116}],"Pocketwatch":[0]},"card_choices":[{"not_picked":["Mayhem","Metamorphosis"],"picked":"MostiFishMod:Kaleido","floor":0},{"not_picked":["alterego_mod:Complex","alterego_mod:Jiggle"],"picked":"alterego_mod:GoddessCore","floor":1},{"not_picked":["alterego_mod:Punishment","alterego_mod:SakuraFive","alterego_mod:Pet","alterego_mod:DustData"],"picked":"alterego_mod:Tantrum","floor":3},{"not_picked":["alterego_mod:Cooking","alterego_mod:HighServant","alterego_mod:Jiggle","alterego_mod:Skirt"],"picked":"alterego_mod:Collar","floor":4},{"not_picked":["alterego_mod:PurpleHair","alterego_mod:Schoolgirl","alterego_mod:HighServant","alterego_mod:Bunnysuit"],"picked":"alterego_mod:Rip","floor":5},{"not_picked":["alterego_mod:DiscoLights","alterego_mod:Table","alterego_mod:BoobPocket","alterego_mod:PerceptionDisorder"],"picked":"alterego_mod:BiFurious","floor":6},{"not_picked":["alterego_mod:Punishment","alterego_mod:PerceptionDisorder","alterego_mod:BiFurious","alterego_mod:Skirt"],"picked":"alterego_mod:Rake","floor":7},{"not_picked":["alterego_mod:Clones","alterego_mod:Punishment","alterego_mod:DeftHands","alterego_mod:SakuraPetals"],"picked":"alterego_mod:IndependentAction","floor":10},{"not_picked":["alterego_mod:GoddessCore","alterego_mod:Complex","alterego_mod:Clones","alterego_mod:Santa"],"picked":"alterego_mod:RocketPunch","floor":11},{"not_picked":["alterego_mod:SuperDuperMasochism","alterego_mod:Cushion","alterego_mod:MagicResistance","alterego_mod:Jiggle"],"picked":"alterego_mod:DiscoLights","floor":12},{"not_picked":["alterego_mod:PerceptionDisorder","alterego_mod:BoobPocket","alterego_mod:Pet","alterego_mod:DeftHands"],"picked":"alterego_mod:Mirror","floor":13},{"not_picked":["alterego_mod:Skirt","alterego_mod:Cycle","alterego_mod:Mirror","alterego_mod:Collar"],"picked":"alterego_mod:PerceptionDisorder","floor":14},{"not_picked":["alterego_mod:VirginLaserPalladion","alterego_mod:TrickOrTreatment","alterego_mod:Tantrum","alterego_mod:RingBreak"],"picked":"alterego_mod:Weigh","floor":16},{"not_picked":["alterego_mod:Rip","alterego_mod:Santa+1","alterego_mod:Clones+1","alterego_mod:DeftHands"],"picked":"alterego_mod:Pet","floor":18},{"not_picked":["alterego_mod:Mirror","alterego_mod:Valentines","alterego_mod:SuperDuperMasochism","alterego_mod:SideboobHour"],"picked":"alterego_mod:TrickOrTreatment","floor":23},{"not_picked":["alterego_mod:Maid","alterego_mod:Jiggle","alterego_mod:DiscoLights","alterego_mod:1TonWallop"],"picked":"alterego_mod:Bounce+1","floor":25},{"not_picked":["alterego_mod:Cushion+1","alterego_mod:Stockings","alterego_mod:Maid","alterego_mod:1TonWallop+1"],"picked":"alterego_mod:Cycle+1","floor":28},{"not_picked":["alterego_mod:Tantrum+1","alterego_mod:Rip","alterego_mod:HighServant+1","alterego_mod:DeftHands"],"picked":"alterego_mod:IndependentAction+1","floor":29},{"not_picked":["alterego_mod:Jiggle+1","alterego_mod:Lingerie","alterego_mod:GachaTicket","alterego_mod:Smother"],"picked":"alterego_mod:Cushion+1","floor":31},{"not_picked":["alterego_mod:RingBreak","alterego_mod:Lift","alterego_mod:Rake","alterego_mod:SideboobHour"],"picked":"alterego_mod:ClassAdvantage","floor":33},{"not_picked":["alterego_mod:TrashNCrash+1","alterego_mod:1TonWallop+1","alterego_mod:Jiggle+1","alterego_mod:Pet+1"],"picked":"alterego_mod:Exercise+1","floor":35},{"not_picked":["alterego_mod:DustData+1","alterego_mod:Belts+1","alterego_mod:Undulate+1","alterego_mod:Cooking+1"],"picked":"alterego_mod:Birthday+1","floor":36},{"not_picked":["alterego_mod:PresenceConcealment","alterego_mod:Mirror+1","alterego_mod:DiscoLights+1","alterego_mod:BustOut","alterego_mod:ClassAdvantage"],"picked":"SKIP","floor":40},{"not_picked":["alterego_mod:Mirror+1","alterego_mod:Undulate+1","alterego_mod:Bunnysuit+1","alterego_mod:HighServant+1"],"picked":"alterego_mod:Collar+1","floor":41},{"not_picked":["alterego_mod:1TonWallop+1","alterego_mod:GoddessCore+1","alterego_mod:Cushion+1","alterego_mod:Table+1","alterego_mod:Undulate+1"],"picked":"SKIP","floor":42},{"not_picked":["alterego_mod:BiFurious","alterego_mod:Swimsuit+1","alterego_mod:Cycle+1","alterego_mod:Clones+1"],"picked":"alterego_mod:GachaTicket+1","floor":44},{"not_picked":["alterego_mod:GoddessCore","alterego_mod:Mirror+1","alterego_mod:HighServant+1","alterego_mod:Undulate+1","alterego_mod:Complex+1"],"picked":"SKIP","floor":46},{"not_picked":["alterego_mod:Jiggle+1","alterego_mod:TrashNCrash+1","alterego_mod:Cooking+1","alterego_mod:SakuraLabyrinth+1","alterego_mod:Mirror+1"],"picked":"SKIP","floor":47},{"not_picked":["alterego_mod:GoddessCore+1","alterego_mod:Lingerie","alterego_mod:Swimsuit","alterego_mod:Undulate+1"],"picked":"alterego_mod:ClassAdvantage","floor":48},{"not_picked":["alterego_mod:Collar","alterego_mod:Smother","alterego_mod:DiscoLights","alterego_mod:Cooking+1","alterego_mod:PerceptionDisorder+1"],"picked":"SKIP","floor":54}],"player_experience":426383,"relics_obtained":[{"floor":1,"key":"SynthV:TestCard"},{"floor":6,"key":"Happy Flower"},{"floor":11,"key":"Pen Nib"},{"floor":13,"key":"Orichalcum"},{"floor":23,"key":"ImprovedEquipment"},{"floor":25,"key":"Lizard Tail"},{"floor":26,"key":"Toxic Egg 2"},{"floor":29,"key":"MawBank"},{"floor":40,"key":"Bag of Preparation"},{"floor":42,"key":"Bag of Marbles"},{"floor":43,"key":"Bottled Flame"},{"floor":47,"key":"Kunai"},{"floor":54,"key":"Pocketwatch"}],"event_choices":[{"damage_healed":0,"gold_gain":0,"player_choice":"Bought 1 Potion","damage_taken":0,"max_hp_gain":0,"max_hp_loss":0,"event_name":"The Woman in Blue","floor":2,"gold_loss":0},{"damage_healed":0,"gold_gain":75,"player_choice":"Gather Gold","damage_taken":11,"max_hp_gain":0,"max_hp_loss":0,"event_name":"World of Goop","floor":8,"gold_loss":0},{"damage_healed":0,"gold_gain":0,"player_choice":"Obtained Relic","damage_taken":0,"relics_obtained":["War Paint"],"max_hp_gain":0,"max_hp_loss":0,"event_name":"Addict","floor":19,"gold_loss":85},{"damage_healed":0,"gold_gain":0,"player_choice":"Ignored","damage_taken":0,"max_hp_gain":0,"max_hp_loss":0,"event_name":"Ghosts","floor":20,"gold_loss":0},{"damage_healed":0,"gold_gain":0,"player_choice":"Opened","damage_taken":0,"relics_obtained":["Girya"],"max_hp_gain":0,"max_hp_loss":0,"event_name":"The Mausoleum","floor":21,"gold_loss":0},{"cards_removed":["alterego_mod:Strike"],"damage_healed":0,"gold_gain":0,"player_choice":"Gave Gold","damage_taken":0,"max_hp_gain":0,"max_hp_loss":0,"event_name":"Beggar","floor":22,"gold_loss":75},{"damage_healed":0,"gold_gain":0,"player_choice":"0 cards matched","damage_taken":0,"max_hp_gain":0,"max_hp_loss":0,"event_name":"Match and Keep!","floor":27,"gold_loss":0,"cards_obtained":[]},{"cards_removed":["alterego_mod:Strike"],"damage_healed":0,"gold_gain":0,"player_choice":"Removed Attack","damage_taken":0,"max_hp_gain":0,"max_hp_loss":0,"event_name":"Falling","floor":37,"gold_loss":0},{"damage_healed":0,"gold_gain":0,"player_choice":"Ignored","damage_taken":0,"max_hp_gain":0,"max_hp_loss":0,"event_name":"Tomb of Lord Red Mask","floor":38,"gold_loss":0},{"damage_healed":0,"gold_gain":0,"player_choice":"Gave Potion","damage_taken":0,"relics_obtained":["PreservedInsect"],"max_hp_gain":0,"max_hp_loss":0,"event_name":"WeMeetAgain","floor":39,"gold_loss":0}],"is_beta":true,"boss_relics":[{"not_picked":["Ectoplasm","RedLine:ReiMu"],"picked":"xbg"},{"not_picked":["Empty Cage","RhineCircuit"],"picked":"OneHitWonderSystem"}],"items_purged_floors":[53],"is_endless":false,"potions_floor_spawned":[4,5,7,12,13,23,25,36,42,46,48],"ascension_level":4}}