{"host":"ju1b3c4x8n2jtjm7","time":1614175262,"event":{"mods":["AchievementEnabler","BaseMod","Colored Map","Colored Powertips","Highlight Path","Minty Spire (QoL Compilation)","Quick Restart","Rare Cards Sparkle","Relic Stats","StSLib"],"gold_per_floor":[112,125,71,71,71,114,135,135,182,206,5,5,36,49,49,178,178,202,202,223,244,244,244,259,295,319,354,354,368,368,388,388,518,518,538,2,20,353,353,353,385,385,385,385,395,423,91,111,111,111,111,111,15,15,15],"floor_reached":54,"language":"ENG","playtime":3797,"items_purged":["Strike_R","Strike_R"],"score":1417,"play_id":"a65dc188-4f0a-4eac-a29c-a4ea40199f27","local_time":"20210224150102","is_ascension_mode":true,"campfire_choices":[{"floor":8.0,"key":"REST"},{"data":"Barricade","floor":12.0,"key":"SMITH"},{"data":"Body Slam","floor":15.0,"key":"SMITH"},{"floor":23.0,"key":"REST"},{"floor":28.0,"key":"REST"},{"floor":30.0,"key":"REST"},{"data":"1","floor":32.0,"key":"LIFT"},{"data":"2","floor":40.0,"key":"LIFT"},{"data":"3","floor":42.0,"key":"LIFT"},{"floor":44.0,"key":"RECALL"},{"floor":49,"key":"REST"},{"floor":52,"key":"REST"}],"circlet_count":0,"master_deck":["AscendersBane","Strike_R","Defend_R","Defend_R","Defend_R","Defend_R+1","Bash","Evolve+1","Infernal Blade","Clothesline","Second Wind","Pommel Strike+1","Power Through","Warcry","Barricade+1","Body Slam+1","Bloodletting","Shrug It Off","Dual Wield","True Grit","Impervious+1","Armaments","Reaper","Body Slam+1","Blind","Feel No Pain","Dark Shackles"],"relics":["Burning Blood","Nunchaku","Orichalcum","Mercury Hourglass","Fusion Hammer","Nilry\u0027s Codex","Girya","War Paint","Boot","Velvet Choker","OrangePellets","TungstenRod","The Courier","FossilizedHelix","Torii"],"acts_visited":["Exordium","TheCity","TheBeyond","TheEnding"],"potions_floor_usage":[46,50],"damage_taken":[{"damage":5.0,"enemies":"2 Louse","floor":1.0,"turns":4.0},{"damage":16.0,"enemies":"Small Slimes","floor":2.0,"turns":5.0},{"damage":47.0,"enemies":"Lagavulin","floor":6.0,"turns":8.0},{"damage":0.0,"enemies":"Jaw Worm","floor":7.0,"turns":4.0},{"damage":3.0,"enemies":"Red Slaver","floor":10.0,"turns":6.0},{"damage":20.0,"enemies":"3 Sentries","floor":13.0,"turns":8.0},{"damage":8.0,"enemies":"Blue Slaver","floor":14.0,"turns":3.0},{"damage":0.0,"enemies":"The Guardian","floor":16.0,"turns":7.0},{"damage":14.0,"enemies":"2 Thieves","floor":18.0,"turns":4.0},{"damage":7.0,"enemies":"3 Byrds","floor":20.0,"turns":4.0},{"damage":10.0,"enemies":"3 Cultists","floor":21.0,"turns":4.0},{"damage":0.0,"enemies":"Shelled Parasite and Fungi","floor":24.0,"turns":5.0},{"damage":25.0,"enemies":"Book of Stabbing","floor":25.0,"turns":6.0},{"damage":25.0,"enemies":"Slavers","floor":27.0,"turns":6.0},{"damage":14.0,"enemies":"Chosen and Byrds","floor":29.0,"turns":7.0},{"damage":3.0,"enemies":"Centurion and Healer","floor":31.0,"turns":9.0},{"damage":21.0,"enemies":"Champ","floor":33.0,"turns":7.0},{"damage":0.0,"enemies":"Orb Walker","floor":35.0,"turns":4.0},{"damage":0.0,"enemies":"3 Shapes","floor":37.0,"turns":5.0},{"damage":0.0,"enemies":"Giant Head","floor":41.0,"turns":7.0},{"damage":6.0,"enemies":"Writhing Mass","floor":45.0,"turns":7.0},{"damage":19,"enemies":"Reptomancer","floor":46,"turns":7},{"damage":24,"enemies":"Spire Growth","floor":48,"turns":6},{"damage":0,"enemies":"Time Eater","floor":50,"turns":11},{"damage":79,"enemies":"Shield and Spear","floor":54,"turns":6}],"seed_played":"6200246907089295389","potions_obtained":[{"floor":6.0,"key":"EntropicBrew"},{"floor":7.0,"key":"Fruit Juice"},{"floor":16.0,"key":"ElixirPotion"},{"floor":18.0,"key":"ColorlessPotion"},{"floor":25.0,"key":"Energy Potion"},{"floor":29.0,"key":"BlessingOfTheForge"},{"floor":31.0,"key":"SpeedPotion"},{"floor":37.0,"key":"Explosive Potion"},{"floor":46,"key":"Weak Potion"}],"is_trial":false,"path_per_floor":["M","M","$","?","?","E","M","R","T","M","$","R","E","M","R","B",null,"M","?","M","M","?","R","M","E","T","E","R","M","R","M","R","B",null,"M","$","M","?","?","R","E","R","T","R","M","E","$","M","R","B",null,"R","$","E"],"character_chosen":"IRONCLAD","items_purchased":["Pommel Strike","Body Slam","LiquidBronze","OrangePellets","TungstenRod","Blind","Torii","Feel No Pain","Dark Shackles"],"campfire_rested":6,"item_purchase_floors":[3,11,11,36,36,36,47,53,53],"current_hp_per_floor":[72,62,62,62,49,8,14,34,34,37,42,42,28,26,26,32,62,54,38,37,33,21,42,48,29,29,10,31,23,44,47,47,32,62,72,72,72,72,68,68,68,68,68,68,68,55,55,44,64,68,68,68,68,0,0],"gold":15,"neow_bonus":"TRANSFORM_TWO_CARDS","is_daily":false,"chose_seed":false,"campfire_upgraded":2,"win_rate":0.0,"timestamp":1614175262,"path_taken":["M","M","$","?","?","E","M","R","T","M","?","R","E","?","R","BOSS","M","?","M","M","?","R","M","E","T","E","R","M","R","?","R","BOSS","M","$","M","?","?","R","E","R","T","R","M","E","?","M","R","BOSS","R","$","E"],"items_purchased_type":["Card","Card","Potion","Relic","Relic","Card","Relic","Card","Card"],"build_version":"2020-12-22","purchased_purges":2,"victory":false,"max_hp_per_floor":[72,72,72,67,67,67,67,67,67,67,72,72,72,72,72,72,72,72,72,72,72,72,72,72,72,72,72,72,72,72,72,72,72,72,72,72,72,72,68,68,68,68,68,68,68,68,68,68,68,68,68,68,68,68,68],"relic_stats":{"OrangePellets":[6],"Nunchaku":[18],"Torii":0,"counters":[25,150],"Orichalcum":[36],"War Paint":["Defend_R","Impervious"],"Boot":[20],"obtain_stats":[{"Girya":25,"Torii":47,"Golden Idol":4,"Nilry\u0027s Codex":19,"Velvet Choker":34,"The Courier":41,"Orichalcum":9,"War Paint":26,"Boot":27,"Burning Blood":0,"Mercury Hourglass":13,"OrangePellets":36,"Nunchaku":6,"Fusion Hammer":17,"TungstenRod":36,"FossilizedHelix":46},{"Girya":13,"Torii":22,"Golden Idol":2,"Nilry\u0027s Codex":9,"Velvet Choker":17,"The Courier":20,"Orichalcum":4,"War Paint":13,"Boot":14,"Burning Blood":0,"Mercury Hourglass":6,"OrangePellets":18,"Nunchaku":3,"Fusion Hammer":8,"TungstenRod":18,"FossilizedHelix":22},{"Girya":68,"Torii":127,"Golden Idol":9,"Nilry\u0027s Codex":49,"Velvet Choker":97,"The Courier":113,"Orichalcum":21,"War Paint":68,"Boot":74,"Burning Blood":0,"Mercury Hourglass":35,"OrangePellets":101,"Nunchaku":17,"Fusion Hammer":45,"TungstenRod":101,"FossilizedHelix":127}],"Burning Blood":128,"TungstenRod":13,"Mercury Hourglass":[432]},"card_choices":[{"not_picked":["Body Slam","Sword Boomerang"],"picked":"Clothesline","floor":1.0},{"not_picked":["Headbutt","Clash"],"picked":"Second Wind","floor":2.0},{"not_picked":["Clash","Dropkick"],"picked":"Power Through","floor":6.0},{"not_picked":["Hemokinesis","Rupture"],"picked":"Warcry","floor":7.0},{"not_picked":["Rampage","Spot Weakness"],"picked":"Barricade","floor":10.0},{"not_picked":["Sever Soul","Spot Weakness"],"picked":"Bloodletting","floor":13.0},{"not_picked":["Perfected Strike","Twin Strike"],"picked":"Shrug It Off","floor":14.0},{"not_picked":["Pommel Strike","Perfected Strike","Carnage"],"picked":"SKIP","floor":18.0},{"not_picked":["Havoc+1","Wild Strike"],"picked":"Dual Wield","floor":20.0},{"not_picked":["Wild Strike","Thunderclap"],"picked":"True Grit","floor":21.0},{"not_picked":["Headbutt","Armaments"],"picked":"Impervious","floor":24.0},{"not_picked":["Heavy Blade+1","True Grit","Flex"],"picked":"SKIP","floor":25.0},{"not_picked":["Seeing Red","Cleave","Sword Boomerang+1"],"picked":"SKIP","floor":27.0},{"not_picked":["Searing Blow","Heavy Blade"],"picked":"Armaments","floor":29.0},{"not_picked":["Clothesline","Fire Breathing","Pummel"],"picked":"SKIP","floor":31.0},{"not_picked":["Double Tap","Demon Form"],"picked":"Reaper","floor":33.0},{"not_picked":["Warcry","True Grit"],"picked":"Body Slam+1","floor":35.0},{"not_picked":["Carnage","Flex+1","Anger+1"],"picked":"SKIP","floor":37.0},{"not_picked":["Warcry+1","Pummel","Anger"],"picked":"SKIP","floor":41.0},{"not_picked":["Armaments","Anger+1","Burning Pact"],"picked":"SKIP","floor":45.0},{"not_picked":["Infernal Blade","Anger","Clash+1"],"picked":"SKIP","floor":46},{"not_picked":["Headbutt","Berserk","Spot Weakness+1"],"picked":"SKIP","floor":48}],"player_experience":520904,"relics_obtained":[{"floor":6.0,"key":"Nunchaku"},{"floor":9.0,"key":"Orichalcum"},{"floor":13.0,"key":"Mercury Hourglass"},{"floor":19.0,"key":"Nilry\u0027s Codex"},{"floor":25.0,"key":"Girya"},{"floor":26.0,"key":"War Paint"},{"floor":27.0,"key":"Boot"},{"floor":41.0,"key":"The Courier"},{"floor":46,"key":"FossilizedHelix"}],"event_choices":[{"damage_healed":0.0,"max_hp_gain":0.0,"max_hp_loss":5.0,"gold_gain":0.0,"event_name":"Golden Idol","player_choice":"Lose Max HP","floor":4.0,"gold_loss":0.0,"damage_taken":0.0,"relics_obtained":["Golden Idol"]},{"damage_healed":0.0,"max_hp_gain":0.0,"max_hp_loss":0.0,"gold_gain":0.0,"event_name":"Shining Light","player_choice":"Entered Light","floor":5.0,"gold_loss":0.0,"damage_taken":13.0,"cards_upgraded":["Pommel Strike","Evolve"]},{"damage_healed":0.0,"max_hp_gain":0.0,"max_hp_loss":0.0,"gold_gain":0.0,"event_name":"Cursed Tome","player_choice":"Obtained Book","floor":19.0,"gold_loss":0.0,"damage_taken":16.0},{"damage_healed":0.0,"max_hp_gain":0.0,"max_hp_loss":0.0,"gold_gain":0.0,"event_name":"Knowing Skull","player_choice":"POTION ","floor":22.0,"potions_obtained":["DuplicationPotion"],"gold_loss":0.0,"damage_taken":12.0,"cards_obtained":[]},{"damage_healed":0.0,"max_hp_gain":0.0,"max_hp_loss":0.0,"gold_gain":333.0,"event_name":"The Moai Head","player_choice":"Gave Idol","floor":38.0,"relics_lost":["Golden Idol"],"gold_loss":0.0,"damage_taken":0.0},{"damage_healed":0.0,"max_hp_gain":0.0,"max_hp_loss":4.0,"gold_gain":0.0,"event_name":"Winding Halls","player_choice":"Max HP","floor":39.0,"gold_loss":0.0,"damage_taken":0.0}],"is_beta":false,"boss_relics":[{"not_picked":["Cursed Key","Calling Bell"],"picked":"Fusion Hammer"},{"not_picked":["Runic Pyramid","Busted Crown"],"picked":"Velvet Choker"}],"items_purged_floors":[11,47],"is_endless":false,"potions_floor_spawned":[6,7,13,16,18,25,29,31,37,46,48],"killed_by":"Shield and Spear","ascension_level":12}}