{"host":"za9ilm1uiwmpmin1","time":1614161894,"event":{"mods":["AchievementEnabler","Act Like it!","BaseMod","Downfall","Friendly Minions","Gensokyo","KomeijiMod","Library of Ruina","Library of Ruina Extra","Minty Spire (QoL Compilation)","MostiFishMod","StSLib","TestMod","Waifu the Spire"],"gold_per_floor":[111,129,143,153,253,315,315,315,315,315,345,345,403,0,0,138,138,499,499,276,536,536,920,920,1004,1054,1054,1088,1088,1118,1182,1182,1332,1332,1431,967,967,1032,807,886,886,1157,1203,1243,1243,1301,1369,1436,1436,1447,1469,1469,1469,821,939,1005],"floor_reached":57,"language":"ZHS","playtime":4276,"items_purged":["Writhe","LightAttack"],"score":1977,"play_id":"86e6a36a-ac72-49db-a1cb-94b4d47ccd0a","local_time":"20210224181814","is_ascension_mode":true,"campfire_choices":[{"data":"GutHarvesting","floor":7,"key":"SMITH"},{"data":"CrackOfDawn","floor":10,"key":"SMITH"},{"floor":15,"key":"RECALL"},{"data":"FocusedStrikes","floor":24,"key":"SMITH"},{"data":"ChargeAndCover","floor":27,"key":"SMITH"},{"data":"Night Terror","floor":32,"key":"SMITH"},{"data":"UnforgettableMelody","floor":41,"key":"SMITH"},{"data":"Dodge","floor":49,"key":"SMITH"},{"data":"LightDefense","floor":53,"key":"SMITH"}],"circlet_count":0,"master_deck":["Dodge+1","LightDefense","LightDefense+1","LightDefense+1","ChargeAndCover+1","FocusedStrikes+1","Parry2","GutHarvesting+1","CrackOfDawn+1","Night Terror+1","Fence+1","ForTheFamily+1","UnforgettableMelody+1","UnavoidableGaze+1","HandleRequest+1","Quickness+1","ExtractFuel+1"],"relics":["PageOfLibrarian","DaveBox","testmod-TestBox","testmod-RandomTest","Eternal Feather","testmod-Alchemist","SynthV:TestCard","testmod-IntensifyImprint","PageOfBigBird","Singing Bowl","Gensokyo:Justice","SynthV:MejaisSoulstealer","testmod-DeterminationOfClimber","Sling","Vajra","PageOfTheQueenOfHatred","testmod-HeartOfStrike","PageOfTheKnightOfDespair","PageOfGreed","PageOfWrath","PageOfNihil","testmod-SaigiyounoYou","TheAbacus","ClockworkSouvenir","PageOfPorccubus","Lantern","hexamod:BolsterEngine","Pantograph","Pocketwatch","Molten Egg 2","Civilization","HornCleat","Toy Ornithopter"],"acts_visited":["Exordium","Gensokyo:Gensokyo","Gensokyo:Gensokyoer","TheEnding"],"potions_floor_usage":[54,56,56,56,56,56,56,56,56,56,56],"damage_taken":[{"damage":0.0,"enemies":"Gensokyo:2_Kodama","floor":1.0,"turns":5.0},{"damage":4.0,"enemies":"Gensokyo:Gryphon","floor":2.0,"turns":3.0},{"damage":5.0,"enemies":"Gensokyo:3_Fairies","floor":3.0,"turns":5.0},{"damage":2.0,"enemies":"Gensokyo:Gryphon_and_Rabbit","floor":4.0,"turns":4.0},{"damage":22.0,"enemies":"Gensokyo:Aya","floor":6.0,"turns":8.0},{"damage":0,"enemies":"Gensokyo:Cirno","floor":11,"turns":8},{"damage":0,"enemies":"Gensokyo:VengefulSpirit","floor":13,"turns":2},{"damage":1,"enemies":"Gensokyo:Yukari","floor":16,"turns":9},{"damage":0,"enemies":"Gensokyo:AngelMirror","floor":18,"turns":4},{"damage":0,"enemies":"Gensokyo:2_Gloops","floor":21,"turns":2},{"damage":8,"enemies":"Gensokyo:Tenshi","floor":23,"turns":4},{"damage":13,"enemies":"Gensokyo:Reisen","floor":25,"turns":6},{"damage":0,"enemies":"Gensokyo:Koishi","floor":28,"turns":4},{"damage":1,"enemies":"Gensokyo:Reisen","floor":30,"turns":2},{"damage":0,"enemies":"Gensokyo:Chomper_and_Gloop","floor":31,"turns":3},{"damage":0,"enemies":"Gensokyo:Eiki","floor":33,"turns":4},{"damage":0,"enemies":"Gensokyo:3_Bats","floor":35,"turns":3},{"damage":0,"enemies":"Gensokyo:3_Boulders","floor":38,"turns":3},{"damage":0,"enemies":"Gensokyo:Kasen","floor":40,"turns":3},{"damage":0,"enemies":"Gensokyo:Marisa","floor":42,"turns":4},{"damage":0,"enemies":"Gensokyo:Doremy","floor":44,"turns":2},{"damage":0,"enemies":"Gensokyo:4_Bats","floor":46,"turns":1},{"damage":0,"enemies":"Gensokyo:Dusk_and_Dawn","floor":47,"turns":1},{"damage":0,"enemies":"Gensokyo:AtlasGolem","floor":48,"turns":2},{"damage":0,"enemies":"Gensokyo:Yuyuko","floor":50,"turns":1},{"damage":0,"enemies":"Shield and Spear","floor":55,"turns":2},{"damage":0,"enemies":"The Heart","floor":56,"turns":2}],"seed_played":"7025652193319438404","potions_obtained":[{"floor":3.0,"key":"PowerPotion"},{"floor":6,"key":"testmod-SpacePotion"},{"floor":13,"key":"BlessingOfTheForge"},{"floor":16,"key":"Energy Potion"},{"floor":18,"key":"SteroidPotion"},{"floor":21,"key":"SteroidPotion"},{"floor":30,"key":"Guardian:BlockOnCardUsePotion"},{"floor":38,"key":"PowerPotion"},{"floor":44,"key":"Energy Potion"}],"is_trial":false,"path_per_floor":["M","M","M","M","?","E","R","?","T","R","E","?","M","COS","R","B",null,"M","?","COS","M","?","E","R","E","T","R","E","?","E","M","R","B",null,"M","COS","?","M","$","E","R","E","T","E","?","M","M","M","R","B",null,null,"R","$","E","B",null],"character_chosen":"Librarian","items_purchased":["PageOfPorccubus","Civilization","testmod-SpacePotion","Ancient Potion","HornCleat"],"campfire_rested":0,"item_purchase_floors":[39,54,54,54,54],"current_hp_per_floor":[54,50,45,43,43,21,27,33,33,39,41,41,43,43,52,53,81,83,83,83,85,77,82,87,84,84,87,87,87,89,91,91,93,93,95,95,95,97,97,97,97,97,97,97,97,99,101,101,101,101,101,101,101,101,103,106],"gold":1005,"neow_bonus":"ONE_RARE_RELIC","is_daily":false,"chose_seed":false,"campfire_upgraded":8,"win_rate":0.0,"timestamp":1614161894,"path_taken":["M","M","M","M","?","E","R","?","T","R","E","?","M","COS","R","BOSS","M","?","COS","M","?","E","R","E","T","R","E","?","E","M","R","BOSS","M","COS","?","?","?","E","R","E","T","E","?","M","?","M","R","BOSS","R","$","E","BOSS"],"items_purchased_type":["Relic","Relic","Potion","Potion","Relic"],"build_version":"2020-12-22","purchased_purges":2,"victory":true,"max_hp_per_floor":[57,57,74,60,60,60,69,75,75,75,77,77,79,79,79,81,81,83,83,83,85,85,87,87,87,87,87,87,87,89,91,91,93,93,95,95,95,97,97,97,97,97,97,97,97,99,101,101,101,101,101,101,101,101,103,106],"card_choices":[{"not_picked":["FleetFootsteps","ShockRound","Multislash","StructuralAnalysis","QuickSuppression","SweepTheBackstreets","FeelinGood","Feast","BulkyImpact"],"picked":"SKIP","floor":1.0},{"not_picked":["Rewind","Tailoring","Wallop_lor","EnergyCycle","Unlock1","Outburst","ViolentFlame","GuardingStance","FrontalAssault","PinpointShot"],"picked":"Parry2","floor":2.0},{"not_picked":["DesperateStruggle","Marionette","Rampage_lor","Rewind","Diversion","Decapitation","EnergyShield","StructuralAnalysis","MultiBlock","SerpentSwordTechnique"],"picked":"GuidanceOfTheGears","floor":3.0},{"not_picked":["Wallop_lor","FleetFootsteps","Multislash","WrathOfTorment","CoordinatedAssault","SkyClearingCut","Unlock1","SteelKnuckles","Thrust","EnergyStrike"],"picked":"GutHarvesting","floor":4.0},{"not_picked":["SkitterAway","Laceration","Standoff","Rewind","Ripple","Creak","Multislash","ButterflySlash","Pound","Parry2"],"picked":"CrackOfDawn","floor":6},{"not_picked":["AbsorbImpact","Reload","Wallop_lor","Outburst","StrongStrike","UpbeatPerformance","TendonChords","IronWall","SinglePointStab","EnergyStrike","QuickSuppression"],"picked":"Singing Bowl","floor":11},{"not_picked":["Faith","PreemptiveStrike","Parry2","BladeWhirl","BayonetCombat","FeelinGood","GreatSerpentsImpact","BiAn","Transpierce","HighKick","SnakesPrey"],"picked":"Singing Bowl","floor":13},{"not_picked":["Disposal","ScratchThat","DaringDecision","FlamingDragonFist","BlazingStrike"],"picked":"Singing Bowl","floor":16},{"not_picked":["IdentifyWeakpoint","GrazeTheGrass","ShockRound","Pound","Laceration","AutonomousRush","YoureTooSlow","Unlock1+1","PinpointShot","Duel_lor","Parry2"],"picked":"Singing Bowl","floor":18},{"not_picked":["ShockRound","FierceCharge","SparkingSpear","QuickSuppression","ShrineToMusic","Mutilate","YoureAHindrance","Cruelty","ReadyUp+1","Pound","Multislash"],"picked":"Singing Bowl","floor":21},{"not_picked":["BiAn","SavageMode","Execute_lor+1","ViolentFlame","DefenseOrder","Guardian_lor+1","SuppressingShot","StayCalm","DaringDecision","StructuralAnalysis","RipSpace"],"picked":"Singing Bowl","floor":23},{"not_picked":["FlashOfSunup","Marionette","InhaleSmoke","MindCrush","FleetEdge+1","CookingPrep","EnergyStrike+1","Outburst","Brawl","DesperateStruggle"],"picked":"Fence+1","floor":25},{"not_picked":["ExtremeEdge+1","CoordinatedAssault+1","Faith","DriedUp","TasteMyFlamingBat","FierceCharge","StrikeDown","ButterflySlash","StayCalm","StrongStrike"],"picked":"ForTheFamily+1","floor":28},{"not_picked":["AsThePrescriptOrders","ScatteringSlash","Leap_lor+1","PreemptiveStrike","FlamingDragonFist","BiXi","GuidanceOfTheGears","Marionette+1","ViolentFlame","Parry+1","Reload+1"],"picked":"Singing Bowl","floor":30},{"not_picked":["FieryDragonSlash","ShockingBlow","SilentNight","FleetFootsteps","PreemptiveStrike","SmokingPipe","Rampage_lor","Diversion","GuardingStance+1","SinglePointStab","QuickSuppression"],"picked":"Singing Bowl","floor":31},{"not_picked":["SilentNight","Decapitation","Suppress","Deflect_lor","RagingStormLove"],"picked":"Singing Bowl","floor":33},{"not_picked":["SnakeSlit+1","Creak+1","DefenseOrder","SinglePointStab+1","PinpointShot","ClassAndRespect","LoosenUp","FleetFootsteps","SmokingPipe","Wallop_lor+1","StructuralAnalysis"],"picked":"Singing Bowl","floor":35},{"not_picked":["Castigation","PreemptiveStrike+1","LawAndOrder","Riposte+1","InhaleSmoke+1","Concentration","FlashOfSunup","Unlock1","DarkCloud","StructuralAnalysis","GreatSerpentsImpact+1"],"picked":"Singing Bowl","floor":38},{"not_picked":["HiddenBlade+1","AsThePrescriptOrders+1","DarkCloud+1","HighKick+1","UpbeatPerformance+1","Outburst","BackAttack+1","Diversion+1","Faith","Parry2"],"picked":"UnforgettableMelody","floor":40},{"not_picked":["SerpentSwordTechnique+1","QuickAttack+1","Parry+1","SharpSwipe","Crush","Outburst","Eliminate+1","LawAndOrder+1","TrashDisposal","FocusFire"],"picked":"UnavoidableGaze+1","floor":42},{"not_picked":["GuardingStance+1","HighKick+1","Laceration+1","FaintMemories+1","Slice_lor+1","LossOfSenses+1","IronWall+1","Pound+1","EndlessBattle+1","TasteMyFlamingBat+1"],"picked":"HandleRequest+1","floor":44},{"not_picked":["BiAn+1","Reload+1","OpportunitySpotted+1","BindingChains+1","FeelinGood+1","FleetEdge+1","Thirst+1","EnergyStrike+1","Rewind+1","PinpointShot+1","SpearedSweep+1"],"picked":"Singing Bowl","floor":46},{"not_picked":["PinpointShot+1","ForTheFamily","Unlock1+1","PreparedMind","Standoff+1","EnergyStrike+1","Juggling+1","FlashOfSunup+1","EnergyCycle+1","CoordinatedAssault+1","Leap_lor+1"],"picked":"Singing Bowl","floor":47},{"not_picked":["UnavoidableGaze","ClassAndRespect+1","BindingArms+1","RhinoRam+1","Disposal+1","PreemptiveStrike+1","NightInTheBackstreets+1","Fence","StayCalm","Reload"],"picked":"Quickness+1","floor":48},{"not_picked":["Juggling+1","FrontalAssault+1","UnavoidableGaze+1","GutHarvesting+1","ClassAndRespect+1","Transpierce+1","WildCard+1","Marionette+1","TieShanKao+1","SuppressingShot+1"],"picked":"ExtractFuel+1","floor":55}],"player_experience":1035915,"relics_obtained":[{"floor":1.0,"key":"SynthV:TestCard"},{"floor":6,"key":"testmod-IntensifyImprint"},{"floor":9,"key":"PageOfBigBird"},{"floor":11,"key":"Singing Bowl"},{"floor":23,"key":"PageOfTheQueenOfHatred"},{"floor":25,"key":"PageOfTheKnightOfDespair"},{"floor":26,"key":"PageOfGreed"},{"floor":28,"key":"PageOfWrath"},{"floor":30,"key":"PageOfNihil"},{"floor":40,"key":"Lantern"},{"floor":42,"key":"Pantograph"},{"floor":44,"key":"Molten Egg 2"},{"floor":55,"key":"Toy Ornithopter"}],"event_choices":[{"damage_healed":0,"gold_gain":0,"player_choice":"Swap Relic","damage_taken":0,"relics_obtained":["Technique"],"max_hp_gain":0,"max_hp_loss":0,"event_name":"给自己的盒子","floor":29,"relics_lost":["Technique"],"gold_loss":0}],"is_beta":false,"boss_relics":[{"not_picked":["Empty Cage","Philosopher\u0027s Stone"],"picked":"testmod-DeterminationOfClimber"},{"not_picked":["testmod-StringDisintegrator","BloodWine"],"picked":"testmod-SaigiyounoYou"}],"items_purged_floors":[39,54],"is_endless":false,"potions_floor_spawned":[3,6,13,16,18,21,28,30,38,42,44,48],"ascension_level":2}}