{"host":"u7lm8z2rvb4dg2oo","time":1614150228,"event":{"mods":["AchievementEnabler","BaseMod","Bestiary","Block Reminder","Colored Map","Colored Powertips","Curses Come First","DeckTracker","Googly Eyes","Highlight Path","Minty Spire (QoL Compilation)","Quick Restart","StSLib"],"gold_per_floor":[109,109,34,47,57,57,90,90,117,151,169,200,200,217,217,293,293,312,312,46,60,60,60,79,113,113,144,144,36,36,48,48,48,48],"floor_reached":33,"language":"ENG","playtime":1184,"items_purged":["Injury","Writhe"],"score":806,"play_id":"ddc4ebac-ffdc-4e32-99bf-f80580cf0b54","local_time":"20210224020348","is_ascension_mode":true,"campfire_choices":[{"data":"Bouncing Flask","floor":6,"key":"SMITH"},{"floor":8,"key":"REST"},{"floor":13,"key":"REST"},{"floor":15,"key":"REST"},{"data":"Envenom","floor":23,"key":"SMITH"},{"data":"Burst","floor":28,"key":"SMITH"},{"floor":32,"key":"REST"}],"circlet_count":0,"master_deck":["AscendersBane","Strike_G","Strike_G","Strike_G","Strike_G","Strike_G","Defend_G","Defend_G+1","Defend_G","Defend_G","Defend_G","Survivor","Neutralize","Dagger Spray","Bouncing Flask+1","PiercingWail","Adrenaline","Deadly Poison","Envenom+1","Bullet Time+1","Bane","Dagger Spray+1","Deadly Poison","Burst+1","Bandage Up"],"relics":["Ring of the Snake","Pocketwatch","PreservedInsect","Snake Skull","Nunchaku","Vajra","Snecko Eye","Anchor","Bag of Marbles","MutagenicStrength","War Paint","Ornamental Fan","Juzu Bracelet"],"acts_visited":["Exordium","TheCity"],"potions_floor_usage":[12,27],"damage_taken":[{"damage":1,"enemies":"2 Louse","floor":1,"turns":3},{"damage":0,"enemies":"Cultist","floor":4,"turns":3},{"damage":1,"enemies":"Jaw Worm","floor":5,"turns":3},{"damage":42,"enemies":"Gremlin Nob","floor":7,"turns":4},{"damage":1,"enemies":"Lagavulin","floor":10,"turns":5},{"damage":0,"enemies":"2 Fungi Beasts","floor":11,"turns":2},{"damage":19,"enemies":"3 Sentries","floor":12,"turns":5},{"damage":0,"enemies":"Looter","floor":14,"turns":2},{"damage":0,"enemies":"Slime Boss","floor":16,"turns":5},{"damage":3,"enemies":"2 Thieves","floor":18,"turns":3},{"damage":0,"enemies":"3 Byrds","floor":21,"turns":4},{"damage":7,"enemies":"Snecko","floor":24,"turns":4},{"damage":0,"enemies":"Gremlin Leader","floor":25,"turns":2},{"damage":0,"enemies":"Slavers","floor":27,"turns":1},{"damage":13,"enemies":"Sentry and Sphere","floor":31,"turns":4},{"damage":48,"enemies":"Champ","floor":33,"turns":7}],"seed_played":"-7337244543567179141","potions_obtained":[{"floor":10,"key":"GamblersBrew"},{"floor":12,"key":"FearPotion"},{"floor":16,"key":"GamblersBrew"},{"floor":31,"key":"Strength Potion"}],"is_trial":false,"path_per_floor":["M","?","$","M","M","R","E","R","T","E","M","E","R","M","R","B",null,"M","?","$","M","?","R","M","E","T","E","R","$","?","M","R","B"],"character_chosen":"THE_SILENT","items_purchased":["Bag of Marbles","Bandage Up"],"campfire_rested":4,"item_purchase_floors":[20,29],"current_hp_per_floor":[58,49,49,49,48,48,6,25,25,24,24,5,24,24,43,43,60,57,57,57,57,57,57,50,50,50,50,50,50,32,23,44,0,0],"gold":48,"neow_bonus":"ONE_RARE_RELIC","is_daily":false,"chose_seed":false,"campfire_upgraded":3,"win_rate":0.0,"timestamp":1614150228,"path_taken":["M","?","$","M","M","R","E","R","T","E","?","E","R","M","R","BOSS","M","?","$","M","?","R","M","E","T","E","R","$","?","M","R","BOSS"],"items_purchased_type":["Relic","Card"],"build_version":"2020-12-22","purchased_purges":2,"victory":false,"max_hp_per_floor":[66,66,66,66,66,66,66,66,66,66,66,66,66,66,66,66,66,66,66,66,66,66,66,66,66,66,66,66,66,71,71,71,71,71],"card_choices":[{"not_picked":["PiercingWail","Blade Dance"],"picked":"Dagger Spray","floor":1},{"not_picked":["Deadly Poison","Deflect"],"picked":"Bouncing Flask","floor":4},{"not_picked":["Setup","Blade Dance","Backflip"],"picked":"SKIP","floor":5},{"not_picked":["Masterful Stab","Bane"],"picked":"PiercingWail","floor":7},{"not_picked":["Noxious Fumes","Dagger Throw"],"picked":"Adrenaline","floor":10},{"not_picked":["Concentrate","Blade Dance"],"picked":"Deadly Poison","floor":11},{"not_picked":["Deadly Poison","Night Terror"],"picked":"Envenom","floor":12},{"not_picked":["Prepared","Slice","Quick Slash"],"picked":"SKIP","floor":14},{"not_picked":["Corpse Explosion","Malaise"],"picked":"Bullet Time","floor":16},{"not_picked":["Accuracy","Heel Hook"],"picked":"Bane","floor":18},{"not_picked":["Cloak And Dagger","Accuracy","Skewer"],"picked":"SKIP","floor":21},{"not_picked":["Eviscerate+1","Prepared"],"picked":"Dagger Spray+1","floor":24},{"not_picked":["Outmaneuver","Slice"],"picked":"Deadly Poison","floor":25},{"not_picked":["Terror","Distraction"],"picked":"Burst","floor":27},{"not_picked":["Poisoned Stab","Outmaneuver+1","Backflip"],"picked":"SKIP","floor":31}],"player_experience":2059846,"relics_obtained":[{"floor":7,"key":"PreservedInsect"},{"floor":9,"key":"Snake Skull"},{"floor":10,"key":"Nunchaku"},{"floor":12,"key":"Vajra"},{"floor":25,"key":"War Paint"},{"floor":26,"key":"Ornamental Fan"},{"floor":27,"key":"Juzu Bracelet"}],"event_choices":[{"damage_healed":0,"gold_gain":0,"player_choice":"Damaged","damage_taken":9,"max_hp_gain":0,"max_hp_loss":0,"event_name":"Wheel of Change","floor":2,"gold_loss":0},{"damage_healed":0,"gold_gain":0,"player_choice":"Opened","damage_taken":0,"relics_obtained":["Anchor"],"max_hp_gain":0,"max_hp_loss":0,"event_name":"The Mausoleum","floor":19,"gold_loss":0,"cards_obtained":["Writhe"]},{"damage_healed":0,"gold_gain":0,"player_choice":"Inject Mutagens","damage_taken":0,"relics_obtained":["MutagenicStrength"],"max_hp_gain":0,"max_hp_loss":0,"event_name":"Drug Dealer","floor":22,"gold_loss":0},{"damage_healed":0,"gold_gain":0,"player_choice":"Shed Blood","damage_taken":23,"max_hp_gain":5,"max_hp_loss":0,"event_name":"Forgotten Altar","floor":30,"gold_loss":0}],"is_beta":false,"boss_relics":[{"not_picked":["Ring of the Serpent","HoveringKite"],"picked":"Snecko Eye"}],"items_purged_floors":[3,20],"is_endless":false,"potions_floor_spawned":[10,12,16,21,25,31],"killed_by":"Champ","ascension_level":20}}