{"host":"5bsc0nab6whpyrbj","time":1614196571,"event":{"mods":["AchievementEnabler","BaseMod","Colored Map","Dark Map","Highlight Path","Minty Spire (QoL Compilation)"],"gold_per_floor":[110,110,128,203,203,203,221,221,221,249,96,111,111,121,121,226,226,245,170,170,184,184,184,184,201,225,252,264,276,276],"floor_reached":29,"language":"ENG","playtime":684,"items_purged":[],"score":248,"play_id":"1eb3d563-681a-4bbe-9610-0d30eb97cb33","local_time":"20210224145611","is_ascension_mode":false,"campfire_choices":[{"data":"Gash","floor":6.0,"key":"SMITH"},{"floor":8.0,"key":"RECALL"},{"floor":15.0,"key":"REST"},{"data":"Gash","floor":23.0,"key":"SMITH"}],"circlet_count":0,"master_deck":["Strike_B","Strike_B","Strike_B","Strike_B","Defend_B+1","Defend_B","Defend_B","Defend_B","Zap","Dualcast+1","Gash+1","Sweeping Beam","Streamline","Gash+1","All For One","Stack"],"relics":["Cracked Core","Bronze Scales","Shuriken","Nloth\u0027s Gift","MawBank"],"acts_visited":["Exordium","TheCity"],"potions_floor_usage":[29,29],"damage_taken":[{"damage":2.0,"enemies":"Small Slimes","floor":1.0,"turns":3.0},{"damage":0.0,"enemies":"2 Louse","floor":3.0,"turns":1.0},{"damage":0.0,"enemies":"Cultist","floor":7.0,"turns":3.0},{"damage":31.0,"enemies":"Lagavulin","floor":10.0,"turns":5.0},{"damage":7.0,"enemies":"Exordium Wildlife","floor":12.0,"turns":3.0},{"damage":4.0,"enemies":"2 Fungi Beasts","floor":14.0,"turns":1.0},{"damage":60.0,"enemies":"Hexaghost","floor":16.0,"turns":7.0},{"damage":10.0,"enemies":"3 Byrds","floor":18.0,"turns":2.0},{"damage":10.0,"enemies":"Spheric Guardian","floor":21.0,"turns":3.0},{"damage":29.0,"enemies":"Snake Plant","floor":25.0,"turns":4.0},{"damage":10.0,"enemies":"Sentry and Sphere","floor":27.0,"turns":3.0},{"damage":49,"enemies":"Snecko","floor":29,"turns":5}],"seed_played":"-8570723583643314451","potions_obtained":[{"floor":1.0,"key":"Strength Potion"},{"floor":12.0,"key":"Explosive Potion"},{"floor":14.0,"key":"Dexterity Potion"},{"floor":16.0,"key":"LiquidMemories"},{"floor":18.0,"key":"GamblersBrew"},{"floor":21.0,"key":"BlessingOfTheForge"}],"is_trial":false,"path_per_floor":["M","?","M","?","?","R","M","R","T","E","$","M","T","M","R","B",null,"M","?","?","M","?","R","?","M","T","M","$","M"],"character_chosen":"DEFECT","items_purchased":["Bronze Scales"],"campfire_rested":1,"item_purchase_floors":[11],"current_hp_per_floor":[66,48,48,37,89,89,89,89,89,58,58,51,51,47,73,13,89,79,79,62,52,83,83,83,54,54,44,44,0,0],"gold":276,"neow_bonus":"TWENTY_PERCENT_HP_BONUS","is_daily":false,"chose_seed":false,"campfire_upgraded":2,"win_rate":0.0,"timestamp":1614196571,"path_taken":["M","?","M","?","?","R","?","R","T","E","$","M","?","M","R","BOSS","M","?","?","M","?","R","?","M","T","M","$","?"],"items_purchased_type":["Relic"],"build_version":"2020-12-22","purchased_purges":0,"victory":false,"max_hp_per_floor":[89,89,89,89,89,89,89,89,89,89,89,89,89,89,89,89,89,89,89,94,94,94,94,94,94,94,94,94,94,94],"card_choices":[{"not_picked":["Force Field","Cold Snap"],"picked":"Self Repair","floor":1.0},{"not_picked":["Steam","Hello World"],"picked":"Gash","floor":3.0},{"not_picked":["Genetic Algorithm","Reprogram"],"picked":"Sweeping Beam","floor":7.0},{"not_picked":["Compile Driver","Hologram"],"picked":"Streamline","floor":10.0},{"not_picked":["Conserve Battery","Hello World"],"picked":"Gash","floor":12.0},{"not_picked":["Leap","Sunder","Chaos"],"picked":"SKIP","floor":14.0},{"not_picked":["Reboot","Rainbow"],"picked":"All For One","floor":16.0},{"not_picked":["Force Field","Static Discharge"],"picked":"Lockon","floor":18.0},{"not_picked":["Steam Power","Genetic Algorithm"],"picked":"Stack","floor":21.0},{"not_picked":["Turbo","Compile Driver","Ball Lightning+1"],"picked":"SKIP","floor":25.0},{"not_picked":["Creative AI","Hello World","Steam Power"],"picked":"SKIP","floor":27.0}],"player_experience":117473,"relics_obtained":[{"floor":10.0,"key":"White Beast Statue"},{"floor":13.0,"key":"Shuriken"},{"floor":26.0,"key":"MawBank"}],"event_choices":[{"damage_healed":0.0,"max_hp_gain":0.0,"max_hp_loss":0.0,"gold_gain":0.0,"event_name":"Shining Light","player_choice":"Entered Light","floor":2.0,"gold_loss":0.0,"damage_taken":18.0,"cards_upgraded":["Dualcast","Defend_B"]},{"damage_healed":0.0,"max_hp_gain":0.0,"max_hp_loss":0.0,"gold_gain":75.0,"event_name":"World of Goop","player_choice":"Gather Gold","floor":4.0,"gold_loss":0.0,"damage_taken":11.0},{"cards_removed":["Self Repair"],"damage_healed":52.0,"max_hp_gain":0.0,"max_hp_loss":0.0,"gold_gain":0.0,"event_name":"Bonfire Elementals","player_choice":"Offered Uncommon","floor":5.0,"gold_loss":0.0,"damage_taken":0.0},{"cards_removed":["Lockon"],"damage_healed":0.0,"max_hp_gain":0.0,"max_hp_loss":0.0,"gold_gain":0.0,"event_name":"Beggar","player_choice":"Gave Gold","floor":19.0,"gold_loss":75.0,"damage_taken":0.0},{"damage_healed":0.0,"max_hp_gain":5.0,"max_hp_loss":0.0,"gold_gain":0.0,"event_name":"Forgotten Altar","player_choice":"Shed Blood","floor":20.0,"gold_loss":0.0,"damage_taken":22.0},{"damage_healed":31.0,"max_hp_gain":0.0,"max_hp_loss":0.0,"gold_gain":0.0,"event_name":"The Library","player_choice":"Heal","floor":22.0,"gold_loss":0.0,"damage_taken":0.0},{"damage_healed":0.0,"max_hp_gain":0.0,"max_hp_loss":0.0,"gold_gain":0.0,"event_name":"N\u0027loth","player_choice":"Traded Relic","floor":24.0,"relics_lost":["White Beast Statue"],"gold_loss":0.0,"damage_taken":0.0,"relics_obtained":["Nloth\u0027s Gift"]}],"is_beta":false,"boss_relics":[{"not_picked":["Ectoplasm","Snecko Eye","Runic Dome"]}],"items_purged_floors":[],"is_endless":false,"potions_floor_spawned":[1,12,14,16,18,21],"killed_by":"Snecko","ascension_level":0}}