{"host":"ep8i7b8n5hbu63rl","time":1614183634,"event":{"mods":["AchievementEnabler","BaseMod","Colored Map","DeckTracker","Keyboard Shortcuts","Minty Spire (QoL Compilation)","Permanent Neow","Quick Restart","SuperFastMode"],"gold_per_floor":[109,3,3,21,35,61,61,91,91,104,104,104,122,0,0,101,101,119,119,131,143,15,15,49,49,72,84,0,28,40,40,40,140,140,152,152,34,54,54,84,84,113,113,113,138,138,188,188,188,188],"floor_reached":51,"language":"KOR","playtime":3407,"items_purged":[],"score":1075,"play_id":"bc52494c-d9e6-418e-8a76-5644ee35b2f0","local_time":"20210225012034","is_ascension_mode":true,"campfire_choices":[{"floor":7.0,"key":"REST"},{"data":"Chill","floor":11.0,"key":"SMITH"},{"data":"Zap","floor":15.0,"key":"SMITH"},{"data":"Creative AI","floor":23,"key":"SMITH"},{"floor":25,"key":"DIG"},{"floor":32,"key":"DIG"},{"floor":41,"key":"DIG"},{"floor":44,"key":"DIG"},{"floor":49,"key":"DIG"}],"circlet_count":0,"master_deck":["Strike_B+1","Strike_B","Defend_B","Defend_B","Defend_B","Zap+1","Dualcast+1","Echo Form","Leap","Self Repair","Force Field","Chill+1","Force Field","Streamline","Machine Learning","Storm","Creative AI+1","Hologram","Genetic Algorithm","Capacitor","Apotheosis","Defragment","Electrodynamics","Self Repair+1","Thunder Strike","Defragment+1"],"relics":["Cracked Core","Kunai","Bottled Flame","Question Card","Mummified Hand","Inserter","Bird Faced Urn","MawBank","Strawberry","Shovel","Pear","Orichalcum","Ancient Tea Set","Blood Vial","The Courier","SlaversCollar","Whetstone","Symbiotic Virus","Oddly Smooth Stone","Juzu Bracelet","Blue Candle","Art of War","Sundial","Du-Vu Doll","Bronze Scales"],"acts_visited":["Exordium","TheCity","TheBeyond"],"potions_floor_usage":[24,33,33],"damage_taken":[{"damage":5.0,"enemies":"Small Slimes","floor":1.0,"turns":3.0},{"damage":0.0,"enemies":"Cultist","floor":4.0,"turns":4.0},{"damage":0.0,"enemies":"2 Louse","floor":5.0,"turns":3.0},{"damage":42.0,"enemies":"Gremlin Nob","floor":6.0,"turns":5.0},{"damage":10.0,"enemies":"3 Sentries","floor":8.0,"turns":10.0},{"damage":11.0,"enemies":"Blue Slaver","floor":10.0,"turns":4.0},{"damage":2.0,"enemies":"2 Fungi Beasts","floor":13.0,"turns":4.0},{"damage":14.0,"enemies":"Hexaghost","floor":16.0,"turns":9.0},{"damage":16.0,"enemies":"Chosen","floor":18.0,"turns":6.0},{"damage":60,"enemies":"Slavers","floor":24,"turns":5},{"damage":29,"enemies":"Spheric Guardian","floor":27,"turns":6},{"damage":19,"enemies":"Book of Stabbing","floor":29,"turns":5},{"damage":42,"enemies":"Cultist and Chosen","floor":30,"turns":9},{"damage":54,"enemies":"Collector","floor":33,"turns":8},{"damage":38,"enemies":"3 Darklings","floor":35,"turns":5},{"damage":25,"enemies":"Orb Walker","floor":38,"turns":5},{"damage":57,"enemies":"Nemesis","floor":40,"turns":7},{"damage":64,"enemies":"Giant Head","floor":42,"turns":8},{"damage":0,"enemies":"Nemesis","floor":45,"turns":5},{"damage":27,"enemies":"Mind Bloom Boss Battle","floor":47,"turns":5},{"damage":26,"enemies":"Donu and Deca","floor":50,"turns":6}],"seed_played":"2924173728683119032","potions_obtained":[{"floor":4.0,"key":"FairyPotion"},{"floor":6.0,"key":"Regen Potion"},{"floor":10.0,"key":"PotionOfCapacity"},{"floor":30,"key":"AttackPotion"},{"floor":40,"key":"FearPotion"},{"floor":45,"key":"DuplicationPotion"},{"floor":47,"key":"Energy Potion"}],"is_trial":false,"path_per_floor":["M","$","?","M","M","E","R","E","T","M","R","?","M","$","R","B",null,"M","?","?","T","$","R","E","R","T","M","$","E","M","?","R","B",null,"M","?","$","M","$","E","R","E","T","R","E","?","?","?","R","B",null],"character_chosen":"DEFECT","items_purchased":["Self Repair","Force Field","Mummified Hand","Hyperbeam","Apotheosis","Whetstone"],"campfire_rested":1,"item_purchase_floors":[2,2,14,22,28,37],"current_hp_per_floor":[63,63,63,68,68,26,46,50,50,46,46,46,51,51,51,51,64,68,68,52,59,59,59,37,37,37,27,27,78,77,61,61,46,79,67,67,67,68,68,87,87,69,69,69,90,90,90,90,90,90],"gold":188,"neow_bonus":"THREE_RARE_CARDS","is_daily":false,"chose_seed":false,"campfire_upgraded":3,"win_rate":0.0,"timestamp":1614183634,"path_taken":["M","$","?","?","M","E","R","E","T","M","R","?","?","$","R","BOSS","M","?","?","?","$","R","E","R","T","M","?","E","M","?","R","BOSS","M","?","$","M","?","E","R","E","T","R","E","?","?","?","R","BOSS"],"items_purchased_type":["Card","Card","Relic","Card","Card","Relic"],"build_version":"2020-12-22","purchased_purges":0,"victory":true,"max_hp_per_floor":[68,68,68,68,68,68,68,68,68,68,68,68,68,68,68,68,68,68,68,68,75,75,75,85,85,85,85,85,85,85,90,90,90,90,90,90,90,90,90,90,90,90,90,90,90,90,90,90,90,90],"card_choices":[{"not_picked":["Biased Cognition","Core Surge"],"picked":"Echo Form","floor":0.0},{"not_picked":["Cold Snap","Coolheaded"],"picked":"Leap","floor":1.0},{"not_picked":["Hologram","Reinforced Body"],"picked":"Chill","floor":4.0},{"not_picked":["Chaos","Ball Lightning"],"picked":"Force Field","floor":5.0},{"not_picked":["Steam","Beam Cell"],"picked":"Streamline","floor":6.0},{"not_picked":["Aggregate","Sweeping Beam"],"picked":"Machine Learning","floor":8.0},{"not_picked":["Gash","Go for the Eyes","Redo","Barrage"],"picked":"SKIP","floor":10.0},{"not_picked":["Conserve Battery","Compile Driver","Glacier"],"picked":"Storm","floor":13.0},{"not_picked":["Capacitor+1","Fusion+1","Compile Driver"],"picked":"Hologram","floor":18.0},{"not_picked":["Fusion","Biased Cognition","Stack"],"picked":"Genetic Algorithm","floor":24},{"not_picked":["Turbo","Darkness","Steam Power"],"picked":"Capacitor","floor":27},{"not_picked":["Ball Lightning","Scrape","Fission","Coolheaded+1"],"picked":"SKIP","floor":29},{"not_picked":["Barrage","Aggregate+1","Gash"],"picked":"Defragment","floor":30},{"not_picked":["Buffer","All For One","Meteor Strike"],"picked":"Electrodynamics","floor":33},{"not_picked":["Sweeping Beam+1","Cold Snap+1","Beam Cell","Ball Lightning"],"picked":"SKIP","floor":35},{"not_picked":["Stack","Cold Snap+1","Steam+1"],"picked":"Self Repair+1","floor":38},{"not_picked":["Streamline+1","Go for the Eyes","Force Field+1","Undo+1"],"picked":"SKIP","floor":40},{"not_picked":["Leap+1","Tempest+1","Steam","Aggregate"],"picked":"SKIP","floor":42},{"not_picked":["Steam+1","Conserve Battery","Coolheaded"],"picked":"Thunder Strike","floor":45},{"not_picked":["Coolheaded+1","Turbo+1","Barrage"],"picked":"Defragment+1","floor":47}],"player_experience":179100,"relics_obtained":[{"floor":6.0,"key":"Kunai"},{"floor":8.0,"key":"Bottled Flame"},{"floor":9.0,"key":"Question Card"},{"floor":21.0,"key":"Strawberry"},{"floor":24,"key":"Pear"},{"floor":25,"key":"Orichalcum"},{"floor":26,"key":"Ancient Tea Set"},{"floor":29,"key":"Blood Vial"},{"floor":32,"key":"The Courier"},{"floor":40,"key":"Symbiotic Virus"},{"floor":41,"key":"Oddly Smooth Stone"},{"floor":42,"key":"Juzu Bracelet"},{"floor":43,"key":"Blue Candle"},{"floor":44,"key":"Art of War"},{"floor":45,"key":"Sundial"},{"floor":47,"key":"Du-Vu Doll"},{"floor":49,"key":"Bronze Scales"}],"event_choices":[{"damage_healed":0.0,"max_hp_gain":0.0,"max_hp_loss":0.0,"gold_gain":0.0,"event_name":"Upgrade Shrine","player_choice":"Upgraded","floor":3.0,"gold_loss":0.0,"damage_taken":0.0,"cards_upgraded":["Dualcast"]},{"damage_healed":0.0,"max_hp_gain":0.0,"max_hp_loss":0.0,"gold_gain":0.0,"event_name":"FaceTrader","player_choice":"Trade","floor":12.0,"gold_loss":0.0,"damage_taken":0.0,"relics_obtained":["GremlinMask"]},{"damage_healed":0.0,"max_hp_gain":0.0,"max_hp_loss":0.0,"gold_gain":0.0,"event_name":"The Mausoleum","player_choice":"Opened","floor":19.0,"gold_loss":0.0,"damage_taken":0.0,"relics_obtained":["MawBank"],"cards_obtained":["Writhe"]},{"damage_healed":0.0,"max_hp_gain":0.0,"max_hp_loss":0.0,"gold_gain":0.0,"event_name":"Cursed Tome","player_choice":"Obtained Book","floor":20.0,"gold_loss":0.0,"damage_taken":16.0},{"damage_healed":0,"gold_gain":0,"player_choice":"Shed Blood","damage_taken":21,"max_hp_gain":5,"max_hp_loss":0,"event_name":"Forgotten Altar","floor":31,"gold_loss":0},{"cards_removed":["Strike_B"],"damage_healed":0,"gold_gain":0,"player_choice":"Offered Basic","damage_taken":0,"max_hp_gain":0,"max_hp_loss":0,"event_name":"Bonfire Elementals","floor":36,"gold_loss":0},{"cards_removed":["Defend_B"],"damage_healed":0,"gold_gain":0,"player_choice":"Purged","damage_taken":0,"max_hp_gain":0,"max_hp_loss":0,"event_name":"Purifier","floor":46,"gold_loss":0},{"damage_healed":0,"gold_gain":0,"player_choice":"Fight","damage_taken":0,"max_hp_gain":0,"max_hp_loss":0,"event_name":"MindBloom","floor":47,"gold_loss":0},{"cards_removed":["Strike_B"],"damage_healed":0,"gold_gain":0,"player_choice":"Removed Attack","damage_taken":0,"max_hp_gain":0,"max_hp_loss":0,"event_name":"Falling","floor":48,"gold_loss":0}],"is_beta":false,"boss_relics":[{"not_picked":["Runic Dome","Empty Cage"],"picked":"Inserter"},{"not_picked":["Velvet Choker","Pandora\u0027s Box"],"picked":"SlaversCollar"}],"items_purged_floors":[],"is_endless":false,"potions_floor_spawned":[4,6,10,16,30,40,45,47],"ascension_level":6}}