{"host":"ydg0vn0pu4pubmdt","time":1614165306,"event":{"mods":["AchievementEnabler","BaseMod","Colored Map","Minty Spire (QoL Compilation)","Quick Restart","SuperFastMode"],"gold_per_floor":[112,127,145,145,145,179,179,179,204,220,64,64,80,95,95,95,95],"floor_reached":16,"language":"KOR","playtime":263,"items_purged":["Strike_P"],"score":254,"play_id":"b1593ffc-7f93-473c-8ad8-e6d7a1f25206","local_time":"20210224201506","is_ascension_mode":true,"campfire_choices":[{"data":"Eruption","floor":7.0,"key":"SMITH"},{"data":"Adaptation","floor":12,"key":"SMITH"},{"data":"InnerPeace","floor":15,"key":"SMITH"}],"circlet_count":0,"master_deck":["AscendersBane","Strike_P+1","Strike_P+1","Defend_P","Defend_P","Defend_P","Defend_P+1","Eruption+1","Vigilance","InnerPeace+1","CarveReality+1","Adaptation+1","SandsOfTime"],"relics":["PureWater","NeowsBlessing","Whetstone"],"acts_visited":["Exordium"],"potions_floor_usage":[],"damage_taken":[{"damage":0.0,"enemies":"Cultist","floor":1.0,"turns":1.0},{"damage":0.0,"enemies":"Jaw Worm","floor":2.0,"turns":1.0},{"damage":0.0,"enemies":"Small Slimes","floor":3.0,"turns":2.0},{"damage":0.0,"enemies":"Gremlin Nob","floor":6.0,"turns":2.0},{"damage":1,"enemies":"2 Fungi Beasts","floor":10,"turns":2},{"damage":0,"enemies":"Blue Slaver","floor":13,"turns":2},{"damage":0,"enemies":"Large Slime","floor":14,"turns":2},{"damage":24,"enemies":"Hexaghost","floor":16,"turns":9}],"seed_played":"3333450296312979581","potions_obtained":[{"floor":1.0,"key":"Swift Potion"},{"floor":2.0,"key":"FearPotion"}],"is_trial":false,"path_per_floor":["M","M","M","?","?","E","R","?","T","M","$","R","M","M","R","B"],"character_chosen":"WATCHER","items_purchased":["Adaptation"],"campfire_rested":0,"item_purchase_floors":[11],"current_hp_per_floor":[61,61,61,54,54,54,54,34,34,33,33,33,33,33,33,9,9],"gold":95,"neow_bonus":"THREE_ENEMY_KILL","is_daily":false,"chose_seed":false,"campfire_upgraded":3,"win_rate":0.0,"timestamp":1614165306,"path_taken":["M","?","M","?","?","E","R","?","T","M","?","R","M","M","R","BOSS"],"items_purchased_type":["Card"],"build_version":"2020-12-22","purchased_purges":1,"victory":false,"max_hp_per_floor":[68,68,68,68,68,68,68,68,68,68,68,68,68,68,68,68,68],"card_choices":[{"not_picked":["Evaluate","Wallop"],"picked":"InnerPeace","floor":1.0},{"not_picked":["JustLucky","Wireheading","Prostrate"],"picked":"SKIP","floor":2.0},{"not_picked":["SashWhip","Swivel"],"picked":"CarveReality","floor":3.0},{"not_picked":["CutThroughFate","Study","Meditate"],"picked":"SKIP","floor":6.0},{"not_picked":["Crescendo","JustLucky","PathToVictory"],"picked":"SKIP","floor":10},{"not_picked":["FlyingSleeves","BowlingBash"],"picked":"SandsOfTime","floor":13},{"not_picked":["Crescendo","Consecrate","Weave"],"picked":"SKIP","floor":14}],"player_experience":631388,"relics_obtained":[{"floor":6.0,"key":"Whetstone"}],"event_choices":[{"cards_removed":["Strike_P"],"damage_healed":0.0,"max_hp_gain":0.0,"max_hp_loss":0.0,"gold_gain":0.0,"event_name":"Golden Wing","player_choice":"Card Removal","floor":4.0,"gold_loss":0.0,"damage_taken":7.0},{"damage_healed":0.0,"max_hp_gain":0.0,"max_hp_loss":0.0,"gold_gain":0.0,"event_name":"Liars Game","player_choice":"Ignored","floor":5.0,"gold_loss":0.0,"damage_taken":0.0},{"damage_healed":0.0,"max_hp_gain":0.0,"max_hp_loss":0.0,"gold_gain":0.0,"event_name":"Shining Light","player_choice":"Entered Light","floor":8.0,"gold_loss":0.0,"damage_taken":20.0,"cards_upgraded":["Defend_P","CarveReality"]}],"is_beta":false,"boss_relics":[],"items_purged_floors":[11],"is_endless":false,"potions_floor_spawned":[1,2],"killed_by":"Hexaghost","ascension_level":20}}