{"host":"6pic12dj9p7186mz","time":1614149564,"event":{"mods":["BaseMod","Minty Spire (QoL Compilation)","Permanent Neow","Relic Stats","StSLib"],"gold_per_floor":[369,386,402,30,50,80,97,132,132,166,177,225,254,354,354,354,354],"floor_reached":16,"language":"ENG","playtime":703,"items_purged":["Strike_R"],"score":158,"play_id":"9613475b-0389-4815-8a16-ae6a0a9bd79a","local_time":"20210224005244","is_ascension_mode":true,"campfire_choices":[{"data":"Immolate","floor":15,"key":"SMITH"}],"circlet_count":0,"master_deck":["Strike_R","Strike_R","Strike_R","Strike_R","Defend_R","Defend_R","Defend_R","Defend_R","Bash","Thunderclap","Clothesline","Whirlwind","Immolate+1","Inflame","Ghostly Armor","Impervious","Flame Barrier","Second Wind","Uppercut"],"relics":["Burning Blood","Bronze Scales","Bag of Preparation","Bag of Marbles","Blood Vial","Strawberry","Matryoshka"],"acts_visited":["Exordium"],"potions_floor_usage":[6,6,8,10,13,16],"damage_taken":[{"damage":10,"enemies":"Cultist","floor":1,"turns":5},{"damage":9,"enemies":"Jaw Worm","floor":2,"turns":3},{"damage":3,"enemies":"2 Louse","floor":3,"turns":3},{"damage":10,"enemies":"2 Fungi Beasts","floor":5,"turns":3},{"damage":22,"enemies":"3 Sentries","floor":6,"turns":6},{"damage":0,"enemies":"Lots of Slimes","floor":7,"turns":1},{"damage":39,"enemies":"Lagavulin","floor":8,"turns":9},{"damage":10,"enemies":"3 Sentries","floor":10,"turns":4},{"damage":3,"enemies":"Blue Slaver","floor":11,"turns":4},{"damage":15,"enemies":"Lagavulin","floor":13,"turns":7},{"damage":23,"enemies":"Hexaghost","floor":16,"turns":9}],"seed_played":"-7745491867571500770","potions_obtained":[{"floor":5,"key":"DistilledChaos"},{"floor":7,"key":"Weak Potion"},{"floor":8,"key":"ColorlessPotion"},{"floor":10,"key":"ElixirPotion"},{"floor":11,"key":"Block Potion"}],"is_trial":false,"path_per_floor":["M","M","M","$","M","E","M","E","T","E","M","T","E","?","R","B"],"character_chosen":"IRONCLAD","items_purchased":["Immolate","Regen Potion","Inflame"],"campfire_rested":0,"item_purchase_floors":[4,4,4],"current_hp_per_floor":[52,49,52,52,48,47,53,20,20,16,21,28,21,21,21,0,0],"gold":354,"neow_bonus":"TWO_FIFTY_GOLD","is_daily":false,"chose_seed":false,"campfire_upgraded":1,"win_rate":0.0,"timestamp":1614149564,"path_taken":["M","M","M","$","M","E","M","E","T","E","M","?","E","?","R","BOSS"],"items_purchased_type":["Card","Potion","Card"],"build_version":"2020-12-22","purchased_purges":1,"victory":false,"max_hp_per_floor":[80,80,80,80,80,80,80,80,80,80,80,87,87,87,87,87,87],"relic_stats":{"Blood Vial":6,"counters":[11,54],"Bronze Scales":[90],"Bag of Preparation":[8],"obtain_stats":[{"Blood Vial":10,"Matryoshka":13,"Bronze Scales":6,"Strawberry":12,"Bag of Preparation":8,"Bag of Marbles":9,"Burning Blood":0},{"Blood Vial":8,"Matryoshka":10,"Bronze Scales":5,"Strawberry":9,"Bag of Preparation":7,"Bag of Marbles":7,"Burning Blood":0},{"Blood Vial":34,"Matryoshka":45,"Bronze Scales":20,"Strawberry":38,"Bag of Preparation":30,"Bag of Marbles":30,"Burning Blood":0}],"Burning Blood":60},"card_choices":[{"not_picked":["Body Slam","True Grit"],"picked":"Thunderclap","floor":1},{"not_picked":["Havoc","Headbutt"],"picked":"Clothesline","floor":2},{"not_picked":["Intimidate","Havoc"],"picked":"Whirlwind","floor":3},{"not_picked":["Rupture","Headbutt"],"picked":"Ghostly Armor","floor":5},{"not_picked":["Berserk","Demon Form"],"picked":"Impervious","floor":6},{"not_picked":["Thunderclap","Blood for Blood"],"picked":"Flame Barrier","floor":7},{"not_picked":["Combust","Rupture"],"picked":"Second Wind","floor":8},{"not_picked":["Clothesline","Thunderclap","Clash"],"picked":"SKIP","floor":10},{"not_picked":["Twin Strike","Thunderclap","Flex"],"picked":"SKIP","floor":11},{"not_picked":["Flex","Ghostly Armor"],"picked":"Uppercut","floor":13}],"player_experience":57001,"relics_obtained":[{"floor":6,"key":"Bronze Scales"},{"floor":8,"key":"Bag of Preparation"},{"floor":9,"key":"Bag of Marbles"},{"floor":10,"key":"Blood Vial"},{"floor":12,"key":"Strawberry"},{"floor":13,"key":"Matryoshka"}],"event_choices":[{"damage_healed":0,"gold_gain":100,"player_choice":"Gold","damage_taken":0,"max_hp_gain":0,"max_hp_loss":0,"event_name":"Wheel of Change","floor":14,"gold_loss":0}],"is_beta":false,"boss_relics":[],"items_purged_floors":[4],"is_endless":false,"potions_floor_spawned":[5,7,8,10,11],"killed_by":"Hexaghost","ascension_level":4}}