{"host":"b1k9tvirjqaexfiq","time":1614134080,"event":{"mods":["AchievementEnabler","BaseMod","Bestiary","Better Third Choice","BetterRewards","Bossed Relics","CapriCore","Colored Powertips","Conspire","Curses Come First","Energized Spire","Highlight Path","Hubris","Infinite Spire","Marked Mod","Minty Spire (QoL Compilation)","Permanent Neow","Quick Restart","Rare Cards Sparkle","Reliquary","Replay The Spire","Shop Mod","StSLib","The Animator","Together in Spire","Waifu the Spire","??????REMEMod"],"gold_per_floor":[117,87,100,118,135,167,167,185,185,220,220,239,239,250,250,348,348,362,373,25,45,63,96,195,228,254,288,288,306,76,476,476,579,579,593,606,606,606,606,606,633,644,667,702,719,748,748,775,787,799,811,823,884,918,918],"floor_reached":56,"language":"ENG","playtime":3117,"items_purged":[],"score":2007,"play_id":"cc0f894e-3789-4e47-a773-67d4c1d5c766","local_time":"20210223203440","is_ascension_mode":true,"campfire_choices":[{"data":"Apotheosis","floor":7,"key":"SMITH"},{"floor":11,"key":"DIG"},{"floor":15,"key":"DIG"},{"floor":28,"key":"RECALL"},{"data":"REME_Flogging","floor":32,"key":"SMITH"},{"floor":40,"key":"DIG"},{"floor":47,"key":"DIG"},{"data":"REME_Flogging","floor":49,"key":"SMITH"},{"floor":52,"key":"DIG"}],"circlet_count":1,"master_deck":["Specialist+1","Specialist+1","Specialist+1","Specialist+1","Specialist+1","Specialist+1","REME_Flogging+1","REME_Flogging","REME_Flogging+1","Enlightenment","Enlightenment","Enlightenment","Enlightenment","Enlightenment","Enlightenment","Enlightenment","Enlightenment","Enlightenment","Enlightenment","Enlightenment","Enlightenment","Enlightenment","Enlightenment","Enlightenment","Bandage Up","Bandage Up","Bandage Up","Bandage Up","Bandage Up","Exhume","Exhume","Exhume","Demonic Infusion","Combust","Enlightenment","Enlightenment","Enlightenment","Enlightenment","Enlightenment","Enlightenment","Enlightenment","Enlightenment","Enlightenment","Enlightenment","Apotheosis+1","Caltrops","Caltrops","Feel No Pain","Feel No Pain","Feel No Pain","Exhume","Exhume+1","Exhume","Exhume","Life Link","Offering","REME_TwoStrings","Feel No Pain","ReplayTheSpireMod:Private Reserves","Demonic Infusion","Havoc+1","Disarm","Seeing Red+1","Disarm+1","REME_FearOfPain","ReplayTheSpireMod:Necrogeddon+1"],"relics":["REME_ComplimentaryCards","Anchor","Bottled Tornado","Replay:Bottled Flurry","Circlet","Ring of the Serpent","Letter Opener","Torii","REME_DuelDisc","infinitespire:CheckeredPen","TungstenRod","ReplayTheSpireMod:Lightbulb","reliquary:PorcupineQuills","reliquary:Knoch","Replay:Bottled Eggs","Pantograph","reliquary:PartyBalloon","MerchantsRug","hubris:ChampionShield"],"acts_visited":["Exordium","TheCity","TheBeyond","TheEnding"],"potions_floor_usage":[21,33,33,41,44,50,50],"damage_taken":[{"damage":13,"enemies":"2 Louse","floor":1,"turns":2},{"damage":6,"enemies":"Cultist","floor":3,"turns":3},{"damage":0,"enemies":"Small Slimes","floor":4,"turns":2},{"damage":1,"enemies":"Looter","floor":5,"turns":2},{"damage":19,"enemies":"Gremlin Nob","floor":6,"turns":3},{"damage":6,"enemies":"3 Louse","floor":8,"turns":2},{"damage":20,"enemies":"3 Sentries","floor":10,"turns":3},{"damage":2,"enemies":"Exordium Wildlife","floor":12,"turns":2},{"damage":2,"enemies":"Red Slaver","floor":14,"turns":2},{"damage":0,"enemies":"Slime Boss","floor":16,"turns":4},{"damage":0,"enemies":"conspire:FuzzyDice","floor":18,"turns":1},{"damage":0,"enemies":"3 Byrds","floor":19,"turns":2},{"damage":45,"enemies":"conspire:HollyBat","floor":21,"turns":9},{"damage":0,"enemies":"Shelled Parasite and Fungi","floor":22,"turns":1},{"damage":0,"enemies":"Book of Stabbing","floor":23,"turns":1},{"damage":18,"enemies":"REME_1_Revenger","floor":25,"turns":3},{"damage":10,"enemies":"conspire:Head Lice","floor":27,"turns":1},{"damage":5,"enemies":"Snake Plant","floor":29,"turns":1},{"damage":0,"enemies":"Colosseum Slavers","floor":31,"turns":1},{"damage":15,"enemies":"Colosseum Nobs","floor":31,"turns":2},{"damage":14,"enemies":"Automaton","floor":33,"turns":3},{"damage":0,"enemies":"3 Darklings","floor":35,"turns":1},{"damage":0,"enemies":"Orb Walker","floor":36,"turns":2},{"damage":17,"enemies":"Reptomancer","floor":41,"turns":3},{"damage":0,"enemies":"Spire Growth","floor":42,"turns":2},{"damage":12,"enemies":"Nemesis","floor":44,"turns":3},{"damage":0,"enemies":"Writhing Mass","floor":45,"turns":1},{"damage":0,"enemies":"Giant Head","floor":46,"turns":3},{"damage":0,"enemies":"Transient","floor":48,"turns":4},{"damage":13,"enemies":"hubris:GrandSnecko","floor":50,"turns":4},{"damage":0,"enemies":"Shield and Spear","floor":54,"turns":1},{"damage":67,"enemies":"The Heart","floor":55,"turns":3}],"seed_played":"-7920223246549788432","potions_obtained":[{"floor":1,"key":"EssenceOfSteel"},{"floor":2,"key":"infinitespire:BlackPotion"},{"floor":2,"key":"BlessingOfTheForge"},{"floor":12,"key":"Block Potion"},{"floor":22,"key":"Fire Potion"},{"floor":33,"key":"SteroidPotion"},{"floor":36,"key":"Swift Potion"},{"floor":42,"key":"Block Potion"},{"floor":45,"key":"LifebloodPotion"}],"is_trial":false,"path_per_floor":["M","?","M","M","M","E","R","M","T","E","R","M","?","M","R","B",null,"M","M","$","M","M","E","?","E","T","E","R","M","$","?","R","B",null,"M","M","?","?","?","R","E","M","T","E","M","E","R","M","R","B",null,"R","$","E","B",null],"character_chosen":"IRONCLAD","items_purchased":["infinitespire:CheckeredPen","REME_TwoStrings","reliquary:PorcupineQuills","ReplayTheSpireMod:Private Reserves","reliquary:PartyBalloon","REME_FearOfPain","ReplayTheSpireMod:Necrogeddon+1","Block Potion","Toxic Potion","MerchantsRug"],"campfire_rested":0,"item_purchase_floors":[20,20,30,30,53,53,53,53,53,53],"current_hp_per_floor":[77,77,74,74,77,61,61,67,67,60,60,58,58,56,56,66,77,80,80,80,47,47,55,55,53,53,49,49,52,52,37,37,47,72,76,76,76,76,76,76,67,80,80,68,68,76,76,80,80,71,78,78,78,78,13],"gold":918,"neow_bonus":"ONE_RANDOM_RARE_CARD","is_daily":false,"chose_seed":false,"campfire_upgraded":3,"win_rate":0.0,"timestamp":1614134080,"path_taken":["M","?","M","?","M","E","R","M","T","E","R","M","?","M","R","BOSS","M","M","$","M","M","E","?","E","T","E","R","M","$","?","R","BOSS","M","M","?","?","?","R","E","M","T","E","M","E","R","?","R","BOSS","R","$","E","BOSS"],"items_purchased_type":["Relic","Card","Relic","Card","Relic","Card","Card","Potion","Potion","Relic"],"build_version":"2020-12-22","purchased_purges":0,"victory":true,"max_hp_per_floor":[80,80,80,80,80,80,80,80,80,80,80,80,80,80,80,80,80,80,80,80,80,80,80,80,80,80,80,80,80,80,80,80,80,80,80,80,80,80,80,80,80,80,80,80,80,80,80,80,80,80,80,80,80,80,80],"card_choices":[{"not_picked":["Iron Wave","Combust","Cleave"],"picked":"SKIP","floor":1},{"not_picked":["Iron Wave","Cleave"],"picked":"Combust","floor":1},{"not_picked":["Replay:Undeath\u0027s Touch","ReplayTheSpireMod:Stacked","ReplayTheSpireMod:Strike From Hell"],"picked":"SKIP","floor":3},{"not_picked":["Replay:Undeath\u0027s Touch","REME_Cut","ReplayReversal"],"picked":"SKIP","floor":4},{"not_picked":["ReplayTheSpireMod:LeadingStrike","Cleave"],"picked":"Feel No Pain","floor":5},{"not_picked":["ReplayTheSpireMod:Corrosion Curse","Twin Strike","Shrug It Off"],"picked":"SKIP","floor":6},{"not_picked":["Body Slam","Iron Wave"],"picked":"Life Link","floor":8},{"not_picked":["Twin Strike","Impervious","Rampage"],"picked":"SKIP","floor":10},{"not_picked":["Flex","Anger","Body Slam"],"picked":"SKIP","floor":12},{"not_picked":["Sword Boomerang","Wild Strike","Massacre"],"picked":"SKIP","floor":14},{"not_picked":["Limit Break","Hemogenesis"],"picked":"Offering","floor":16},{"not_picked":["Cleave","Replay:Undeath\u0027s Touch","Iron Wave+1"],"picked":"SKIP","floor":18},{"not_picked":["Sword Boomerang","Clash","Rampage+1"],"picked":"SKIP","floor":19},{"not_picked":["Warcry+1","True Grit","Shockwave"],"picked":"SKIP","floor":21},{"not_picked":["Clash","Rage","Wild Strike"],"picked":"SKIP","floor":22},{"not_picked":["Headbutt","Iron Wave","Battle Trance"],"picked":"SKIP","floor":23},{"not_picked":["Eclipse","Heavy Blade","Body Slam"],"picked":"SKIP","floor":25},{"not_picked":["ReplayTheSpireMod:LeadingStrike","Evolve"],"picked":"Feel No Pain","floor":27},{"not_picked":["True Grit+1","Twin Strike","Fire Breathing+1"],"picked":"SKIP","floor":29},{"not_picked":["Juggernaut","Bludgeon"],"picked":"Demonic Infusion","floor":33},{"not_picked":["Shrug It Off+1","Pommel Strike+1","Headbutt"],"picked":"SKIP","floor":35},{"not_picked":["Cleave","Flex+1"],"picked":"Havoc+1","floor":36},{"not_picked":["Heavy Blade+1","Sword Boomerang"],"picked":"Sentinel+1","floor":41},{"not_picked":["Armaments+1","Warcry+1"],"picked":"Seeing Red+1","floor":42},{"not_picked":["Replay:Many Hands+1","Heavy Blade","Replay:Undeath\u0027s Touch"],"picked":"SKIP","floor":44},{"not_picked":["Wild Strike","Armaments+1"],"picked":"Disarm+1","floor":45},{"not_picked":["Shrug It Off+1","Anger","True Grit+1"],"picked":"SKIP","floor":46},{"not_picked":["Armaments+1","Sever Soul+1","Heavy Blade+1"],"picked":"SKIP","floor":48},{"not_picked":["Pommel Strike","True Grit+1","Body Slam"],"picked":"SKIP","floor":54}],"player_experience":90702,"relics_obtained":[{"floor":6,"key":"Replay:Bottled Flurry"},{"floor":9,"key":"Shovel"},{"floor":10,"key":"Letter Opener"},{"floor":11,"key":"Torii"},{"floor":23,"key":"reliquary:Firecrackers"},{"floor":25,"key":"TungstenRod"},{"floor":26,"key":"Blue Doll"},{"floor":27,"key":"ReplayTheSpireMod:Lightbulb"},{"floor":31,"key":"Old Coin"},{"floor":31,"key":"infinitespire:EmpoweringShard"},{"floor":40,"key":"Toxic Egg 2"},{"floor":41,"key":"PreservedInsect"},{"floor":41,"key":"StoneCalendar"},{"floor":44,"key":"reliquary:TatteredRug"},{"floor":44,"key":"reliquary:Knoch"},{"floor":46,"key":"Replay:Bottled Eggs"},{"floor":46,"key":"Pantograph"},{"floor":47,"key":"MawBank"},{"floor":52,"key":"infinitespire:WardingShard"},{"floor":54,"key":"hubris:ChampionShield"}],"event_choices":[{"damage_healed":0,"gold_gain":0,"player_choice":"Bought 2 Potions","damage_taken":0,"max_hp_gain":0,"max_hp_loss":0,"event_name":"The Woman in Blue","floor":2,"gold_loss":0},{"damage_healed":0,"gold_gain":99,"player_choice":"Steal","damage_taken":0,"max_hp_gain":0,"max_hp_loss":0,"event_name":"betterThird:BetterNest","floor":24,"gold_loss":0},{"damage_healed":0,"gold_gain":0,"player_choice":"Fight","damage_taken":0,"max_hp_gain":0,"max_hp_loss":0,"event_name":"Colosseum","floor":31,"gold_loss":0},{"damage_healed":0,"gold_gain":0,"player_choice":"Fought Nobs","damage_taken":0,"max_hp_gain":0,"max_hp_loss":0,"event_name":"Colosseum","floor":31,"gold_loss":0},{"damage_healed":0,"gold_gain":0,"player_choice":"Memory 1","damage_taken":0,"max_hp_gain":0,"max_hp_loss":0,"event_name":"SensoryStone","floor":37,"gold_loss":0}],"is_beta":false,"boss_relics":[{"not_picked":["Snecko Eye","reliquary:Ember"],"picked":"REME_DuelDisc"},{"not_picked":["Cursed Key","energizedSpire:TabascoSauce"],"picked":"Black Star"}],"items_purged_floors":[],"is_endless":false,"potions_floor_spawned":[1,8,10,12,16,19,22,23,27,31,33,36,42,45,46],"ascension_level":6}}