{"host":"dlyy4wv9zatha4f7","time":1614192175,"event":{"mods":["Act Like it!","BaseMod","Colored Map","Curses Come First","GifTheSpireLib","Minty Spire (QoL Compilation)","Spicy Shops","StSLib","SuperFastMode","Unceasing Turn Reminder"],"gold_per_floor":[213,31,44,44,44,44,79,96,123,159,10,29,49,49,49,157,157,183,192,212,240,240,240],"floor_reached":22,"language":"ENG","playtime":845,"items_purged":[],"score":284,"play_id":"9a81fbb8-840f-41a7-bf15-dded2818d937","local_time":"20210224204255","is_ascension_mode":true,"campfire_choices":[{"data":"Zap","floor":6,"key":"SMITH"},{"data":"Loop","floor":15,"key":"SMITH"}],"circlet_count":0,"master_deck":["Strike_B","Strike_B","Strike_B","Strike_B","Defend_B","Defend_B","Defend_B","Defend_B","Zap+1","Dualcast+1","Ball Lightning","Ball Lightning","Undo","Ball Lightning","Chaos+1","Loop+1","Sweeping Beam","Machine Learning","White Noise","Normality","Leap+1","Compile Driver"],"relics":["Cracked Core","Nunchaku","Lantern","CeramicFish","Kunai","Runic Capacitor","Cursed Key","Toxic Egg 2"],"acts_visited":["Exordium","TheCity"],"potions_floor_usage":[7,18,18,21],"damage_taken":[{"damage":2,"enemies":"2 Louse","floor":1,"turns":3},{"damage":0,"enemies":"Small Slimes","floor":3,"turns":2},{"damage":2,"enemies":"Lagavulin","floor":7,"turns":5},{"damage":0,"enemies":"Cultist","floor":8,"turns":2},{"damage":5,"enemies":"3 Sentries","floor":10,"turns":4},{"damage":0,"enemies":"Large Slime","floor":12,"turns":3},{"damage":7,"enemies":"Gremlin Gang","floor":13,"turns":5},{"damage":14,"enemies":"Hexaghost","floor":16,"turns":8},{"damage":0,"enemies":"2 Thieves","floor":18,"turns":3},{"damage":13,"enemies":"3 Byrds","floor":20,"turns":4},{"damage":25,"enemies":"Snake Plant","floor":21,"turns":5},{"damage":30,"enemies":"Shelled Parasite and Fungi","floor":22,"turns":5}],"seed_played":"-2538660843182550127","potions_obtained":[{"floor":1,"key":"Weak Potion"},{"floor":7,"key":"SteroidPotion"},{"floor":13,"key":"AttackPotion"},{"floor":16,"key":"SneckoOil"},{"floor":18,"key":"EssenceOfDarkness"}],"is_trial":false,"path_per_floor":["M","$","M","?","?","R","E","M","T","E","$","M","M","?","R","B",null,"M","T","M","M","M"],"character_chosen":"DEFECT","items_purchased":["Nunchaku","Ball Lightning","Runic Capacitor"],"campfire_rested":0,"item_purchase_floors":[2,2,11],"current_hp_per_floor":[66,66,66,66,66,66,64,64,64,59,59,59,52,52,52,38,66,66,66,53,28,0,0],"gold":240,"neow_bonus":"HUNDRED_GOLD","is_daily":false,"chose_seed":false,"campfire_upgraded":2,"win_rate":0.0,"timestamp":1614192175,"path_taken":["M","$","M","?","?","R","E","M","T","E","$","M","M","?","R","BOSS","M","?","M","M","M"],"items_purchased_type":["Relic","Card","Relic"],"build_version":"2020-12-22","purchased_purges":0,"victory":false,"max_hp_per_floor":[75,75,75,75,75,75,75,75,75,75,75,75,75,75,75,75,75,75,75,75,75,75,75],"card_choices":[{"not_picked":["BootSequence","Auto Shields"],"picked":"Ball Lightning","floor":1},{"not_picked":["Tempest","Aggregate"],"picked":"Undo","floor":3},{"not_picked":["Stack","Storm"],"picked":"Ball Lightning","floor":7},{"not_picked":["Turbo","Rebound"],"picked":"Chaos","floor":8},{"not_picked":["Barrage","Consume"],"picked":"Loop","floor":10},{"not_picked":["Conserve Battery","Go for the Eyes","Compile Driver"],"picked":"SKIP","floor":12},{"not_picked":["Blizzard","Rip and Tear"],"picked":"Sweeping Beam","floor":13},{"not_picked":["All For One","Meteor Strike"],"picked":"Machine Learning","floor":16},{"not_picked":["Cold Snap","Rebound+1"],"picked":"White Noise","floor":18},{"not_picked":["Recycle+1","Beam Cell"],"picked":"Leap+1","floor":20},{"not_picked":["Rebound","Redo+1"],"picked":"Compile Driver","floor":21}],"player_experience":2313674,"relics_obtained":[{"floor":7,"key":"Lantern"},{"floor":9,"key":"CeramicFish"},{"floor":10,"key":"Kunai"},{"floor":19,"key":"Toxic Egg 2"}],"event_choices":[{"damage_healed":0,"gold_gain":0,"player_choice":"Leave","damage_taken":0,"max_hp_gain":0,"max_hp_loss":0,"event_name":"The Cleric","floor":4,"gold_loss":0},{"damage_healed":0,"gold_gain":0,"player_choice":"Grow","damage_taken":0,"max_hp_gain":0,"max_hp_loss":0,"event_name":"Living Wall","floor":5,"gold_loss":0,"cards_upgraded":["Dualcast"]},{"damage_healed":0,"gold_gain":0,"player_choice":"Upgraded","damage_taken":0,"max_hp_gain":0,"max_hp_loss":0,"event_name":"Upgrade Shrine","floor":14,"gold_loss":0,"cards_upgraded":["Chaos"]}],"is_beta":false,"boss_relics":[{"not_picked":["Empty Cage","Calling Bell"],"picked":"Cursed Key"}],"items_purged_floors":[],"is_endless":false,"potions_floor_spawned":[1,7,13,16,18],"killed_by":"Shelled Parasite and Fungi","ascension_level":9}}