{"host":"t9zjxed0utvsfjwc","time":1614154993,"event":{"mods":["2.2 Compatiblity","A Penny For Your Troubles","Act Like it!","Aspiration","BaseMod","Bestiary","Better Altar","Better Match","Better Note","Better Sensory Stone","Better Skull","Better Synergies","Better Third Choice","Better Vampires","BetterRewards","Block Reminder","Bossed Relics","Colored Map","Colored Powertips","Conspire","Defuse TimeMaze Blight","Downfall","Energized Spire","Friendly Minions","GifTheSpireLib","Hermit","Highlight Path","Hubris","Infinite Spire","Minty Spire (QoL Compilation)","Quick Restart","Rare Cards Sparkle","Relic Sorter","Relic Stats","Reliquary","Replay The Spire","StS++","StSLib","Stuff the Spire","The Hierophant","Unceasing Turn Reminder","Wandering Minibosses","everything is the same but u backflip on backflip"],"gold_per_floor":[118,7,7,7,21,21,56,68,148,148,182,200,230,249,249,346,346,361,361,375,392,404,432,466,466,466],"floor_reached":25,"language":"ENG","playtime":1956,"items_purged":["Strike_R"],"score":352,"play_id":"36e4b4ec-6cf8-43f4-b972-a68001279cb0","local_time":"20210224082313","is_ascension_mode":true,"campfire_choices":[{"data":"Pommel Strike","floor":6,"key":"SMITH"},{"data":"Rampage","floor":10,"key":"SMITH"},{"data":"Inflame","floor":15,"key":"SMITH"}],"circlet_count":0,"master_deck":["conspire:GhostlyStrike","conspire:GhostlyStrike","conspire:GhostlyStrike","conspire:GhostlyStrike","conspire:GhostlyDefend","conspire:GhostlyDefend","conspire:GhostlyDefend","conspire:GhostlyDefend","Bash","Pommel Strike+1","Clash","Clash","StSpp:Succumb","Rampage+1","Flame Barrier","StSpp:Succumb","Inflame+1","ReplayTheSpireMod:Limb From Limb+1","CurseOfTheBell","Iron Wave","Offering"],"relics":["Burning Blood","NeowsBlessing","Replay:Wax Seal","Mango","conspire:DeflatedDodgeball","conspire:Dentures","Ancient Tea Set","Calling Bell","infinitespire:ShieldingShard","WingedGreaves","reliquary:Aerogel","wanderingMiniBosses:Inkheart","Replay:Rubber Ducky"],"acts_visited":["Exordium","TheCity"],"potions_floor_usage":[8,11,13,21,23,23],"damage_taken":[{"damage":0,"enemies":"Cultist","floor":1,"turns":1},{"damage":0,"enemies":"Jaw Worm","floor":5,"turns":1},{"damage":0,"enemies":"Gremlin Nob","floor":7,"turns":1},{"damage":6,"enemies":"2 Louse","floor":8,"turns":2},{"damage":27,"enemies":"3 Sentries","floor":11,"turns":5},{"damage":6,"enemies":"Large Slime","floor":12,"turns":6},{"damage":24,"enemies":"Lagavulin","floor":13,"turns":4},{"damage":2,"enemies":"2 Fungi Beasts","floor":14,"turns":2},{"damage":55,"enemies":"Slime Boss","floor":16,"turns":8},{"damage":9,"enemies":"Chosen","floor":18,"turns":5},{"damage":13,"enemies":"Spheric Guardian","floor":20,"turns":8},{"damage":0,"enemies":"Chosen and Byrds","floor":21,"turns":3},{"damage":9,"enemies":"Centurion and Healer","floor":22,"turns":5},{"damage":20,"enemies":"Slavers","floor":23,"turns":5},{"damage":63,"enemies":"conspire:SneckoGhost","floor":24,"turns":7},{"damage":17,"enemies":"conspire:Head Lice","floor":25,"turns":2}],"seed_played":"7656352464699674253","potions_obtained":[{"floor":1,"key":"ColorlessPotion"},{"floor":7,"key":"DuplicationPotion"},{"floor":12,"key":"BloodPotion"},{"floor":20,"key":"SneckoOil"},{"floor":21,"key":"ElixirPotion"},{"floor":22,"key":"EssenceOfSteel"}],"is_trial":false,"path_per_floor":["M","$","?","?","M","R","E","M","T","R","E","M","E","M","R","B",null,"M","AVR","M","M","M","E","E","E"],"character_chosen":"IRONCLAD","items_purchased":["Clash"],"campfire_rested":0,"item_purchase_floors":[2],"current_hp_per_floor":[80,80,80,68,74,74,94,94,94,94,73,73,73,77,77,28,94,91,91,84,90,87,73,16,0,0],"gold":466,"neow_bonus":"THREE_ENEMY_KILL","is_daily":false,"chose_seed":false,"campfire_upgraded":3,"win_rate":0.0,"timestamp":1614154993,"path_taken":["M","?","?","?","M","R","E","M","T","R","E","M","E","M","R","BOSS","M","AVR","M","M","M","E","E","E"],"items_purchased_type":["Card"],"build_version":"2020-12-22","purchased_purges":1,"victory":false,"max_hp_per_floor":[80,80,80,80,80,80,94,94,94,94,94,94,94,94,94,94,94,94,94,94,94,94,94,94,94,94],"relic_stats":{"counters":[16,65],"obtain_stats":[{"conspire:Dentures":11,"NeowsBlessing":0,"reliquary:Aerogel":19,"Mango":7,"Ancient Tea Set":0,"Burning Blood":0,"Replay:Rubber Ducky":24,"Calling Bell":19,"infinitespire:ShieldingShard":19,"WingedGreaves":19,"Replay:Wax Seal":4,"conspire:DeflatedDodgeball":9,"wanderingMiniBosses:Inkheart":20},{"conspire:Dentures":5,"NeowsBlessing":0,"reliquary:Aerogel":10,"Mango":3,"Ancient Tea Set":0,"Burning Blood":0,"Replay:Rubber Ducky":15,"Calling Bell":10,"infinitespire:ShieldingShard":10,"WingedGreaves":10,"Replay:Wax Seal":1,"conspire:DeflatedDodgeball":4,"wanderingMiniBosses:Inkheart":11},{"conspire:Dentures":10,"NeowsBlessing":0,"reliquary:Aerogel":35,"Mango":3,"Ancient Tea Set":0,"Burning Blood":0,"Replay:Rubber Ducky":63,"Calling Bell":35,"infinitespire:ShieldingShard":35,"WingedGreaves":35,"Replay:Wax Seal":1,"conspire:DeflatedDodgeball":5,"wanderingMiniBosses:Inkheart":43}],"Burning Blood":84},"card_choices":[{"not_picked":["Body Slam","Metallicize"],"picked":"Pommel Strike","floor":1},{"not_picked":["StSpp:Sprint","Seeing Red","Second Wind"],"picked":"SKIP","floor":5},{"not_picked":["conspire:ExplosiveBarrier","StuffTheSpire:RockThrow"],"picked":"StSpp:Succumb","floor":7},{"not_picked":["Life Link","Warcry"],"picked":"Rampage","floor":8},{"not_picked":["Seeing Red","Heavy Blade","Searing Blow"],"picked":"SKIP","floor":11},{"not_picked":["Seeing Red","Heavy Blade","Searing Blow"],"picked":"SKIP","floor":11},{"not_picked":["Barricade","Heavy Blade"],"picked":"Flame Barrier","floor":12},{"not_picked":["StuffTheSpire:Incineration","Armaments"],"picked":"StSpp:Succumb","floor":13},{"not_picked":["StuffTheSpire:RockThrow","Armaments"],"picked":"Inflame","floor":14},{"not_picked":["StSpp:Succumb","Uppercut"],"picked":"ReplayTheSpireMod:Limb From Limb+1","floor":18},{"not_picked":["Havoc","StSpp:Succumb"],"picked":"Iron Wave","floor":20},{"not_picked":["Body Slam","Clothesline","Power Through+1"],"picked":"SKIP","floor":21},{"not_picked":["Warcry","Heavy Blade","ReplayTheSpireMod:Stacked"],"picked":"SKIP","floor":22},{"not_picked":["Clothesline+1","Power Through","StSpp:BladeOfBlood"],"picked":"SKIP","floor":23},{"not_picked":["ReplayTheSpireMod:Strike From Hell+1","Havoc"],"picked":"Offering","floor":24}],"player_experience":551086,"relics_obtained":[{"floor":7,"key":"Mango"},{"floor":9,"key":"conspire:DeflatedDodgeball"},{"floor":11,"key":"conspire:Dentures"},{"floor":13,"key":"Ancient Tea Set"},{"floor":19,"key":"infinitespire:ShieldingShard"},{"floor":19,"key":"WingedGreaves"},{"floor":19,"key":"reliquary:Aerogel"},{"floor":20,"key":"wanderingMiniBosses:Inkheart"},{"floor":24,"key":"Replay:Rubber Ducky"}],"event_choices":[{"damage_healed":0,"gold_gain":0,"player_choice":"Agree","damage_taken":0,"max_hp_gain":0,"max_hp_loss":0,"event_name":"conspire:LoneGhost","floor":3,"gold_loss":0},{"damage_healed":0,"gold_gain":0,"player_choice":"Relic ","damage_taken":12,"max_hp_gain":0,"max_hp_loss":0,"event_name":"betterThird:BetterScrap","floor":4,"gold_loss":0,"cards_obtained":["StuffTheSpire:Shiver"]}],"is_beta":false,"boss_relics":[{"not_picked":["hubris:VirtuousBlindfold","energizedSpire:OgreHead","Replay:Bronze Core"]}],"items_purged_floors":[2],"is_endless":false,"potions_floor_spawned":[1,7,12,20,21,22],"killed_by":"conspire:Head Lice","ascension_level":1}}