{"host":"r3islh0l1a1ykxfu","time":1614180243,"event":{"mods":["BaseMod","Bestiary","Colored Map","Colored Powertips","Highlight Path","Minty Spire (QoL Compilation)","Relic Stats","Slay-I","StSLib","Weighted Paths"],"gold_per_floor":[365,365,114,129,143,170,182,182,182,182,12,12,39,39,39,143,143,162,162,172,33,33,62,62,62,85,105,123,123,123,138,138,138,138],"floor_reached":33,"language":"ENG","playtime":2782,"items_purged":["Defend_B","Strike_B","Strike_B"],"score":388,"play_id":"767340d4-ee91-4608-84d5-f6fa220be259","local_time":"20210224092403","is_ascension_mode":true,"campfire_choices":[{"floor":8.0,"key":"REST"},{"floor":10.0,"key":"REST"},{"data":"Gash","floor":12.0,"key":"SMITH"},{"floor":15.0,"key":"REST"},{"floor":24,"key":"REST"},{"floor":29,"key":"REST"},{"data":"Zap","floor":32,"key":"SMITH"}],"circlet_count":0,"master_deck":["Zap+1","Dualcast","Gash+1","Leap","Loop","Ball Lightning+1","All For One+1","Recycle+1","Tempest+1","White Noise+1","Streamline+1","Static Discharge","Gash","Thunder Strike"],"relics":["Cracked Core","Mummified Hand","Membership Card","Symbiotic Virus","Letter Opener","Singing Bowl","Bag of Preparation","DataDisk","Nloth\u0027s Gift","Whetstone","Art of War"],"acts_visited":["Exordium","TheCity"],"potions_floor_usage":[33,33,33],"damage_taken":[{"damage":0.0,"enemies":"Small Slimes","floor":1.0,"turns":3.0},{"damage":0.0,"enemies":"2 Louse","floor":4.0,"turns":2.0},{"damage":0.0,"enemies":"Cultist","floor":5.0,"turns":2.0},{"damage":46.0,"enemies":"Lagavulin","floor":6.0,"turns":8.0},{"damage":11.0,"enemies":"2 Fungi Beasts","floor":7.0,"turns":3.0},{"damage":18.0,"enemies":"Gremlin Nob","floor":13.0,"turns":3.0},{"damage":0.0,"enemies":"Slime Boss","floor":16.0,"turns":5.0},{"damage":0.0,"enemies":"Spheric Guardian","floor":18.0,"turns":2.0},{"damage":11,"enemies":"2 Thieves","floor":20,"turns":2},{"damage":40,"enemies":"Gremlin Leader","floor":23,"turns":4},{"damage":0,"enemies":"Snecko","floor":27,"turns":3},{"damage":1,"enemies":"3 Cultists","floor":28,"turns":3},{"damage":12,"enemies":"Chosen and Byrds","floor":31,"turns":2},{"damage":55,"enemies":"Champ","floor":33,"turns":3}],"seed_played":"-4862727630778623627","potions_obtained":[{"floor":4.0,"key":"ColorlessPotion"},{"floor":5.0,"key":"ColorlessPotion"},{"floor":7.0,"key":"SpeedPotion"},{"floor":18.0,"key":"EssenceOfDarkness"}],"is_trial":false,"path_per_floor":["M","?","$","M","M","E","M","R","T","R","$","R","E","?","R","B",null,"M","?","M","$","?","E","R","$","T","M","M","R","?","M","R","B"],"character_chosen":"DEFECT","items_purchased":["Membership Card","Leap","Singing Bowl","DataDisk"],"campfire_rested":5,"item_purchase_floors":[3,3,11,21],"current_hp_per_floor":[68,65,65,65,65,19,8,28,28,48,48,48,32,25,46,46,70,70,70,59,59,59,21,42,42,42,42,43,65,65,53,53,0,0],"gold":138,"neow_bonus":"TWO_FIFTY_GOLD","is_daily":false,"chose_seed":false,"campfire_upgraded":2,"win_rate":0.0,"timestamp":1614180243,"path_taken":["M","?","$","M","M","E","M","R","T","R","$","R","E","?","R","BOSS","M","?","M","$","?","E","R","$","T","?","M","R","?","M","R","BOSS"],"items_purchased_type":["Relic","Card","Relic","Relic"],"build_version":"2020-12-22","purchased_purges":3,"victory":false,"max_hp_per_floor":[68,68,68,68,68,68,68,68,68,68,68,68,70,70,70,70,70,70,70,70,70,70,72,72,72,72,72,74,74,74,74,74,74,74],"relic_stats":{"Singing Bowl":6,"counters":[14,44],"Mummified Hand":[31],"Bag of Preparation":[16],"Nloth\u0027s Gift":1,"Art of War":[0],"Letter Opener":[40],"Whetstone":["All For One","Ball Lightning"],"obtain_stats":[{"DataDisk":21,"Singing Bowl":11,"Mummified Hand":2,"Astrolabe":17,"Bag of Preparation":13,"Nloth\u0027s Gift":22,"Art of War":26,"Membership Card":3,"Letter Opener":9,"Whetstone":23,"Cracked Core":0,"Symbiotic Virus":6},{"DataDisk":9,"Singing Bowl":5,"Mummified Hand":1,"Astrolabe":7,"Bag of Preparation":6,"Nloth\u0027s Gift":9,"Art of War":10,"Membership Card":1,"Letter Opener":5,"Whetstone":10,"Cracked Core":0,"Symbiotic Virus":4},{"DataDisk":30,"Singing Bowl":18,"Mummified Hand":3,"Astrolabe":26,"Bag of Preparation":21,"Nloth\u0027s Gift":30,"Art of War":34,"Membership Card":3,"Letter Opener":18,"Whetstone":34,"Cracked Core":0,"Symbiotic Virus":15}]},"card_choices":[{"not_picked":["Compile Driver","Turbo"],"picked":"Gash","floor":1.0},{"not_picked":["Turbo","Sweeping Beam"],"picked":"Loop","floor":4.0},{"not_picked":["Cold Snap","Redo","Glacier"],"picked":"SKIP","floor":5.0},{"not_picked":["Conserve Battery","Melter","Creative AI"],"picked":"SKIP","floor":6.0},{"not_picked":["Aggregate","Compile Driver"],"picked":"Ball Lightning","floor":7.0},{"not_picked":["Lockon","Beam Cell","Barrage"],"picked":"Singing Bowl","floor":13.0},{"not_picked":["Core Surge","Creative AI"],"picked":"All For One","floor":16.0},{"not_picked":["Chaos","Barrage"],"picked":"Streamline+1","floor":18.0},{"not_picked":["Coolheaded","Turbo+1"],"picked":"Static Discharge","floor":20},{"not_picked":["Scrape+1","Streamline+1","Aggregate"],"picked":"Singing Bowl","floor":23},{"not_picked":["Streamline","Melter+1"],"picked":"Gash","floor":27},{"not_picked":["Lockon","Double Energy+1","FTL+1"],"picked":"Singing Bowl","floor":28},{"not_picked":["Recycle","Coolheaded"],"picked":"Thunder Strike","floor":31}],"player_experience":1407276,"relics_obtained":[{"floor":6.0,"key":"Symbiotic Virus"},{"floor":9.0,"key":"Letter Opener"},{"floor":13.0,"key":"Bag of Preparation"},{"floor":23,"key":"Whetstone"},{"floor":26,"key":"Art of War"}],"event_choices":[{"damage_healed":0.0,"max_hp_gain":0.0,"max_hp_loss":0.0,"gold_gain":0.0,"event_name":"Scrap Ooze","player_choice":"Success","floor":2.0,"gold_loss":0.0,"damage_taken":3.0,"relics_obtained":["Mummified Hand"]},{"cards_removed":["Defend_B"],"damage_healed":0.0,"max_hp_gain":0.0,"max_hp_loss":0.0,"gold_gain":0.0,"event_name":"Golden Wing","player_choice":"Card Removal","floor":14.0,"gold_loss":0.0,"damage_taken":7.0},{"damage_healed":0.0,"max_hp_gain":0.0,"max_hp_loss":0.0,"gold_gain":0.0,"event_name":"Vampires","player_choice":"Ignored","floor":19.0,"gold_loss":0.0,"damage_taken":0.0},{"damage_healed":0,"gold_gain":0,"player_choice":"Traded Relic","damage_taken":0,"relics_obtained":["Nloth\u0027s Gift"],"max_hp_gain":0,"max_hp_loss":0,"event_name":"N\u0027loth","floor":22,"relics_lost":["Astrolabe"],"gold_loss":0},{"cards_removed":["Defend_B"],"damage_healed":0,"gold_gain":0,"player_choice":"Elegance","damage_taken":0,"max_hp_gain":0,"max_hp_loss":0,"event_name":"Back to Basics","floor":30,"gold_loss":0}],"is_beta":false,"boss_relics":[{"not_picked":["Inserter","Velvet Choker"],"picked":"Astrolabe"}],"items_purged_floors":[3,11,21],"is_endless":false,"potions_floor_spawned":[4,5,7,18,20],"killed_by":"Champ","ascension_level":4}}