{"host":"6ahom0dz06olb67e","time":1614145203,"event":{"mods":["BaseMod","Colored Map","Colored Powertips","Minty Spire (QoL Compilation)","Random Character Button","StSLib","The Hierophant"],"gold_per_floor":[113,126,201,212,228,253,253,278,278,136,146,0,75,75,75,75,75],"floor_reached":16,"language":"ENG","playtime":1092,"items_purged":["Strike_R","Strike_R"],"score":110,"play_id":"f9ede298-9818-4e0f-aa5d-44c5522b9f2f","local_time":"20210224004003","is_ascension_mode":false,"campfire_choices":[{"floor":15,"key":"REST"}],"circlet_count":0,"master_deck":["Strike_R","Strike_R","Strike_R","Defend_R+1","Defend_R","Defend_R","Defend_R+1","Bash","Pommel Strike","Cleave","Carnage","Shrug It Off","Clothesline","Uppercut","Shrug It Off","Iron Wave"],"relics":["Burning Blood","Eternal Feather","Gremlin Horn","InkBottle"],"acts_visited":["Exordium"],"potions_floor_usage":[16,16],"damage_taken":[{"damage":4,"enemies":"Small Slimes","floor":1,"turns":4},{"damage":1,"enemies":"Cultist","floor":2,"turns":3},{"damage":0,"enemies":"2 Louse","floor":4,"turns":3},{"damage":24,"enemies":"Exordium Wildlife","floor":5,"turns":6},{"damage":6,"enemies":"Gremlin Nob","floor":6,"turns":3},{"damage":32,"enemies":"3 Sentries","floor":8,"turns":6},{"damage":10,"enemies":"Looter","floor":11,"turns":3},{"damage":53,"enemies":"Hexaghost","floor":16,"turns":14}],"seed_played":"6834919221296317911","potions_obtained":[{"floor":4,"key":"GamblersBrew"},{"floor":8,"key":"DuplicationPotion"}],"is_trial":false,"path_per_floor":["M","M","?","M","M","E","?","E","T","$","M","$","?","?","R","B"],"character_chosen":"IRONCLAD","items_purchased":["Uppercut","Iron Wave"],"campfire_rested":1,"item_purchase_floors":[10,12],"current_hp_per_floor":[88,88,80,86,68,68,73,47,47,47,43,43,32,13,49,0,0],"gold":75,"neow_bonus":"TEN_PERCENT_HP_BONUS","is_daily":false,"chose_seed":false,"campfire_upgraded":0,"win_rate":0.0,"timestamp":1614145203,"path_taken":["M","M","?","?","M","E","?","E","T","?","M","$","?","?","R","BOSS"],"items_purchased_type":["Card","Card"],"build_version":"2020-12-22","purchased_purges":2,"victory":false,"max_hp_per_floor":[88,88,88,88,88,88,93,93,93,93,93,93,93,93,93,93,93],"card_choices":[{"not_picked":["True Grit","Sentinel"],"picked":"Pommel Strike","floor":1},{"not_picked":["Thunderclap","Warcry"],"picked":"Cleave","floor":2},{"not_picked":["Headbutt","Clash"],"picked":"Carnage","floor":4},{"not_picked":["Fire Breathing","Clash"],"picked":"Shrug It Off","floor":5},{"not_picked":["Metallicize","Battle Trance","Dropkick"],"picked":"SKIP","floor":6},{"not_picked":["Perfected Strike","Feel No Pain"],"picked":"Clothesline","floor":8},{"not_picked":["Brutality","Sword Boomerang"],"picked":"Shrug It Off","floor":11}],"player_experience":54401,"relics_obtained":[{"floor":6,"key":"Eternal Feather"},{"floor":8,"key":"Gremlin Horn"},{"floor":9,"key":"InkBottle"}],"event_choices":[{"damage_healed":0,"gold_gain":75,"player_choice":"Touch","damage_taken":8,"max_hp_gain":0,"max_hp_loss":0,"event_name":"FaceTrader","floor":3,"gold_loss":0},{"damage_healed":0,"gold_gain":0,"player_choice":"Donut","damage_taken":0,"max_hp_gain":5,"max_hp_loss":0,"event_name":"Big Fish","floor":7,"gold_loss":0},{"damage_healed":0,"gold_gain":75,"player_choice":"Gather Gold","damage_taken":11,"max_hp_gain":0,"max_hp_loss":0,"event_name":"World of Goop","floor":13,"gold_loss":0},{"damage_healed":0,"gold_gain":0,"player_choice":"Entered Light","damage_taken":19,"max_hp_gain":0,"max_hp_loss":0,"event_name":"Shining Light","floor":14,"gold_loss":0,"cards_upgraded":["Defend_R","Defend_R"]}],"is_beta":false,"boss_relics":[],"items_purged_floors":[10,12],"is_endless":false,"potions_floor_spawned":[4,8],"killed_by":"Hexaghost","ascension_level":0}}