{"host":"7xwe9tmiyvwn0fou","time":1614136782,"event":{"mods":["2.2 Compatiblity","AchievementEnabler","Act Like it!","Aspiration","BaseMod","Better Altar","Better Match","Better Note","Better Sensory Stone","Better Skull","Better Third Choice","BetterRewards","CapriCore","Colored Map","Colored Powertips","Conspire","Downfall","Elementarium","Energized Spire","Friendly Minions","Gensokyo","GifTheSpireLib","Halation","Hallownest","Hero for Fun","Highlight Path","Hubris","Infinite Spire","LagranYue(???·?)","Lobotomy","Minty Spire (QoL Compilation)","MostiFishMod","Rare Cards Sparkle","Reliquary","Ruina","Shop Mod","Spikes Relics","Spire Arcade","StSLib","Stuff the Spire","Td1madao Mod","The Bug Knight","The Jungle","Waifu the Spire","everything is the same but u backflip on backflip","slay the spire mod where everything is the same but ironclad has a cowboy hat"],"gold_per_floor":[118,132,132,146,71,71,71,96,170,203,223,223,238,263,263,263,263],"floor_reached":16,"language":"ENG","playtime":3782,"items_purged":["HollowMod:QuickDashStart"],"score":120,"play_id":"5f5e0cc2-49e1-4f49-92e5-09cd27c19a75","local_time":"20210223221942","is_ascension_mode":false,"campfire_choices":[{"data":"HollowMod:HuntersJournal","floor":6,"key":"SMITH"}],"circlet_count":0,"master_deck":["HollowMod:NailStrikeStart","HollowMod:NailStrikeStart","HollowMod:NailStrikeStart","HollowMod:NailStrikeStart","HollowMod:QuickDashStart","HollowMod:QuickDashStart","HollowMod:QuickDashStart","HollowMod:FocusHealStart","HollowMod:PogoStrike","HollowMod:DashSlash","HollowMod:MonarchWings+1","HollowMod:HuntersJournal+1","HollowMod:BaldurShell"],"relics":["HollowMod:VesselMask","DaveBox","LagranYue:RandomDrawCardRelic","WingedGreaves","SynthV:TestCard","halation:EternalFortune","Art of War","HornCleat","StuffTheSpire:OldFever","Ginger"],"acts_visited":["Gensokyo:Gensokyo"],"potions_floor_usage":[4,16,16],"damage_taken":[{"damage":4,"enemies":"Gensokyo:Python","floor":1,"turns":4},{"damage":0,"enemies":"Gensokyo:3_Fairies","floor":2,"turns":2},{"damage":2,"enemies":"Gensokyo:Gryphon","floor":4,"turns":3},{"damage":32,"enemies":"Gensokyo:Cirno","floor":8,"turns":7},{"damage":49,"enemies":"Gensokyo:Aya","floor":10,"turns":9},{"damage":0,"enemies":"Gensokyo:Python_and_Kodama","floor":11,"turns":4},{"damage":2,"enemies":"Gensokyo:2_Rabbits","floor":13,"turns":5},{"damage":17,"enemies":"Gensokyo:Cirno","floor":14,"turns":7},{"damage":17,"enemies":"Gensokyo:Reimu","floor":16,"turns":12}],"seed_played":"-4582341802680877908","potions_obtained":[{"floor":2,"key":"BlessingOfTheForge"},{"floor":4,"key":"Fruit Juice"},{"floor":13,"key":"Guardian:BlockOnCardUsePotion"}],"is_trial":false,"path_per_floor":["M","M","?","M","$","R","?","E","T","E","M","?","M","E","R","B"],"character_chosen":"THE_BUGKNIGHT","items_purchased":[],"campfire_rested":0,"item_purchase_floors":[],"current_hp_per_floor":[68,68,68,71,71,71,74,42,42,5,8,8,16,9,9,4,4],"gold":263,"neow_bonus":"ONE_RARE_RELIC","is_daily":false,"chose_seed":false,"campfire_upgraded":1,"win_rate":0.0,"timestamp":1614136782,"path_taken":["M","M","?","M","$","R","?","E","T","E","M","?","M","E","R","BOSS"],"items_purchased_type":[],"build_version":"2020-12-22","purchased_purges":1,"victory":false,"max_hp_per_floor":[68,68,68,73,73,73,76,76,76,76,79,79,79,79,79,79,79],"card_choices":[{"not_picked":["HollowMod:DoubleDash","HollowMod:HowlingWraiths"],"picked":"HollowMod:DashSlash","floor":1},{"not_picked":["HollowMod:CoiledNail","HollowMod:InfectedCysts","HollowMod:MantisMark","HollowMod:VengefulSpirit"],"picked":"HollowMod:MonarchWings","floor":2},{"not_picked":["HollowMod:InfectionAssault","HollowMod:VengefulVoid","HollowMod:VengefulSpirit","HollowMod:SharpenedNail"],"picked":"HollowMod:HuntersJournal","floor":4},{"not_picked":["HollowMod:SharpenedShadows","HollowMod:CornifersMapStart","HollowMod:HeavyBlow","HollowMod:DreamGate","HollowMod:DesolateDive"],"picked":"SKIP","floor":8},{"not_picked":["HollowMod:NewLittleFool","HollowMod:ShadowDash","HollowMod:CycloneSlash","HollowMod:VoidDash","HollowMod:RecoilStrike"],"picked":"SKIP","floor":10},{"not_picked":["HollowMod:SharpenedNail","HollowMod:VengefulVoid","HollowMod:ChannelNail","HollowMod:DescendingDark","HollowMod:NewJinnsSoul"],"picked":"SKIP","floor":11},{"not_picked":["HollowMod:SoulStrike","HollowMod:VengefulSpirit","HollowMod:CrystalDash","HollowMod:SharpenedNail"],"picked":"HollowMod:BaldurShell","floor":13},{"not_picked":["HollowMod:CycloneSlash","HollowMod:DoubleDash","HollowMod:DashSlash","HollowMod:SiblingsShadow","HollowMod:InfectionAssault"],"picked":"SKIP","floor":14}],"player_experience":47424,"relics_obtained":[{"floor":1,"key":"SynthV:TestCard"},{"floor":8,"key":"Art of War"},{"floor":9,"key":"HornCleat"},{"floor":10,"key":"StuffTheSpire:OldFever"},{"floor":11,"key":"halation:EternalFortune"},{"floor":14,"key":"Ginger"}],"event_choices":[{"damage_healed":0,"gold_gain":0,"player_choice":"Leave","damage_taken":0,"max_hp_gain":0,"max_hp_loss":0,"event_name":"conspire:Investor","floor":3,"gold_loss":0}],"is_beta":false,"boss_relics":[],"items_purged_floors":[5],"is_endless":false,"potions_floor_spawned":[2,4,13],"killed_by":"Gensokyo:Reimu","ascension_level":0}}