{"host":"xb2tau8pgi8aflss","time":1614170944,"event":{"mods":["AchievementEnabler","BaseMod","Hermit","Minty Spire (QoL Compilation)","StSLib","SuperFastMode"],"gold_per_floor":[20,40,60,60,60,60,80,80,80,80,80,103,123,138,138,138,138],"floor_reached":16,"language":"KOR","playtime":403,"items_purged":[],"score":132,"play_id":"93d89b34-9bd8-43e0-850d-610807636893","local_time":"20210224214904","is_ascension_mode":true,"campfire_choices":[{"data":"FearNoEvil","floor":6,"key":"SMITH"},{"floor":8,"key":"REST"},{"data":"Adaptation","floor":10,"key":"SMITH"},{"floor":15,"key":"REST"}],"circlet_count":0,"master_deck":["Strike_P","Strike_P","Defend_P","Defend_P","Defend_P","Eruption","Vigilance","Adaptation+1","BowlingBash","FearNoEvil+1"],"relics":["PureWater","Golden Idol","Singing Bowl"],"acts_visited":["Exordium"],"potions_floor_usage":[7,16],"damage_taken":[{"damage":7,"enemies":"Small Slimes","floor":1,"turns":5},{"damage":19,"enemies":"Cultist","floor":2,"turns":6},{"damage":4,"enemies":"Jaw Worm","floor":3,"turns":3},{"damage":19,"enemies":"Gremlin Gang","floor":7,"turns":4},{"damage":6,"enemies":"Lots of Slimes","floor":12,"turns":3},{"damage":2,"enemies":"2 Fungi Beasts","floor":13,"turns":3},{"damage":0,"enemies":"Blue Slaver","floor":14,"turns":2},{"damage":50,"enemies":"Hexaghost","floor":16,"turns":9}],"seed_played":"-4685373054406918747","potions_obtained":[{"floor":1,"key":"Block Potion"},{"floor":12,"key":"FearPotion"},{"floor":14,"key":"LiquidMemories"}],"is_trial":false,"path_per_floor":["M","M","M","?","?","R","M","R","T","R","?","M","M","M","R","B"],"character_chosen":"WATCHER","items_purchased":[],"campfire_rested":2,"item_purchase_floors":[],"current_hp_per_floor":[58,39,35,40,21,21,2,25,25,25,25,21,21,23,47,0,0],"gold":138,"neow_bonus":"REMOVE_TWO","is_daily":false,"chose_seed":false,"campfire_upgraded":2,"win_rate":0.0,"timestamp":1614170944,"path_taken":["M","M","M","?","?","R","M","R","T","R","?","M","M","?","R","BOSS"],"items_purchased_type":[],"build_version":"2020-12-22","purchased_purges":0,"victory":false,"max_hp_per_floor":[72,72,72,77,77,77,77,77,77,77,77,79,81,83,83,83,83],"card_choices":[{"not_picked":["LikeWater","JustLucky"],"picked":"Adaptation","floor":1},{"not_picked":["JustLucky","Nirvana"],"picked":"BowlingBash","floor":2},{"not_picked":["Nirvana","FlurryOfBlows"],"picked":"FearNoEvil","floor":3},{"not_picked":["JustLucky","BattleHymn","DeceiveReality"],"picked":"SKIP","floor":7},{"not_picked":["EmptyBody","Indignation","Devotion"],"picked":"Singing Bowl","floor":12},{"not_picked":["WheelKick","ForeignInfluence","Perseverance"],"picked":"Singing Bowl","floor":13},{"not_picked":["Evaluate","Indignation","EmptyMind"],"picked":"Singing Bowl","floor":14}],"player_experience":855501,"relics_obtained":[{"floor":9,"key":"Singing Bowl"}],"event_choices":[{"damage_healed":0,"gold_gain":0,"player_choice":"Donut","damage_taken":0,"max_hp_gain":5,"max_hp_loss":0,"event_name":"Big Fish","floor":4,"gold_loss":0},{"damage_healed":0,"gold_gain":0,"player_choice":"Take Damage","damage_taken":19,"relics_obtained":["Golden Idol"],"max_hp_gain":0,"max_hp_loss":0,"event_name":"Golden Idol","floor":5,"gold_loss":0},{"cards_removed":["Strike_P"],"damage_healed":0,"gold_gain":0,"player_choice":"Purged","damage_taken":0,"max_hp_gain":0,"max_hp_loss":0,"event_name":"Purifier","floor":11,"gold_loss":0}],"is_beta":false,"boss_relics":[],"items_purged_floors":[],"is_endless":false,"potions_floor_spawned":[1,12,14],"killed_by":"Hexaghost","ascension_level":8}}