{"host":"8vqkh0x3c7vpgzzm","time":1614204028,"event":{"mods":["AchievementEnabler","BaseMod","Colored Map","Colored Powertips","Curses Come First","DeckTracker","Highlight Path","Minty Spire (QoL Compilation)","Permanent Neow","Quick Restart","Random Character Mod","Rare Cards Sparkle","Relic Sorter","Relic Stats","StSLib","SuperFastMode","Unceasing Turn Reminder","egg","everything is the same but u backflip on backflip"],"gold_per_floor":[109,123,123,123,142,142,171,20,20,31,47,67,67,84,84,155,155,155,155,55,55,55,55,55,55,55,55,13,13,13,13,13,13,13],"floor_reached":33,"language":"ENG","playtime":1107,"items_purged":["Strike_B"],"score":555,"play_id":"b04e4da5-1e39-4b36-a918-35580473a923","local_time":"20210224230028","is_ascension_mode":true,"campfire_choices":[{"data":"Coolheaded","floor":6,"key":"SMITH"},{"data":"Skim","floor":13,"key":"SMITH"},{"data":"Zap","floor":15,"key":"SMITH"},{"floor":23,"key":"REST"},{"data":"Reboot","floor":25,"key":"SMITH"},{"floor":27,"key":"REST"},{"data":"FTL","floor":32,"key":"SMITH"}],"circlet_count":0,"master_deck":["AscendersBane","Strike_B","Strike_B","Defend_B+1","Defend_B+1","Defend_B","Defend_B","Zap+1","Dualcast","Apotheosis+1","Coolheaded+1","Streamline","Skim+1","Self Repair","Gash","Go for the Eyes","Scrape","All For One","Reboot+1","Steam","Gash","Turbo+1","FTL+1","Rebound+1","RitualDagger"],"relics":["Cracked Core","Question Card","War Paint","Ectoplasm","Red Mask","Blue Candle","White Beast Statue"],"acts_visited":["Exordium","TheCity"],"potions_floor_usage":[16,22,22],"damage_taken":[{"damage":0,"enemies":"Cultist","floor":1,"turns":3},{"damage":18,"enemies":"Small Slimes","floor":2,"turns":3},{"damage":5,"enemies":"Jaw Worm","floor":5,"turns":4},{"damage":2,"enemies":"Lagavulin","floor":7,"turns":7},{"damage":14,"enemies":"Lots of Slimes","floor":10,"turns":5},{"damage":16,"enemies":"3 Louse","floor":11,"turns":3},{"damage":15,"enemies":"Exordium Thugs","floor":12,"turns":4},{"damage":9,"enemies":"Looter","floor":14,"turns":3},{"damage":8,"enemies":"Hexaghost","floor":16,"turns":9},{"damage":15,"enemies":"Shell Parasite","floor":18,"turns":2},{"damage":26,"enemies":"2 Thieves","floor":20,"turns":4},{"damage":23,"enemies":"Masked Bandits","floor":22,"turns":3},{"damage":0,"enemies":"Cultist and Chosen","floor":24,"turns":3},{"damage":0,"enemies":"Snake Plant","floor":29,"turns":2},{"damage":15,"enemies":"Book of Stabbing","floor":30,"turns":4},{"damage":97,"enemies":"Automaton","floor":33,"turns":6}],"seed_played":"-7855189855060693453","potions_obtained":[{"floor":2,"key":"ColorlessPotion"},{"floor":5,"key":"PotionOfCapacity"},{"floor":12,"key":"FearPotion"},{"floor":14,"key":"Dexterity Potion"},{"floor":18,"key":"DistilledChaos"}],"is_trial":false,"path_per_floor":["M","M","?","?","M","R","E","$","T","M","M","M","R","M","R","B",null,"M","?","M","$","?","R","M","R","T","R","$","M","E","?","R","B"],"character_chosen":"DEFECT","items_purchased":["Self Repair","FTL"],"campfire_rested":2,"item_purchase_floors":[8,28],"current_hp_per_floor":[64,46,46,46,41,41,39,39,39,35,29,24,24,25,25,27,55,50,50,34,34,18,37,47,47,47,64,64,64,59,53,53,0,0],"gold":13,"neow_bonus":"RANDOM_COLORLESS_2","is_daily":false,"chose_seed":false,"campfire_upgraded":5,"win_rate":0.0,"timestamp":1614204028,"path_taken":["M","M","?","?","M","R","E","$","T","M","M","?","R","M","R","BOSS","M","?","?","$","?","R","M","R","T","R","?","M","E","?","R","BOSS"],"items_purchased_type":["Card","Card"],"build_version":"2020-12-22","purchased_purges":1,"victory":false,"max_hp_per_floor":[64,64,64,64,64,64,64,64,64,64,64,64,64,64,64,64,64,64,64,64,64,64,64,64,64,64,64,64,64,64,64,64,64,64],"relic_stats":{"counters":[16,65],"Blue Candle":[0],"Ectoplasm":226,"War Paint":["Defend_B","Defend_B"],"Question Card":11,"obtain_stats":[{"Blue Candle":26,"Ectoplasm":17,"Red Mask":22,"War Paint":9,"Cracked Core":0,"Question Card":7,"White Beast Statue":30},{"Blue Candle":13,"Ectoplasm":9,"Red Mask":12,"War Paint":4,"Cracked Core":0,"Question Card":4,"White Beast Statue":15},{"Blue Candle":53,"Ectoplasm":41,"Red Mask":50,"War Paint":17,"Cracked Core":0,"Question Card":17,"White Beast Statue":59}]},"card_choices":[{"not_picked":["Secret Weapon","Sadistic Nature"],"picked":"Apotheosis","floor":0},{"not_picked":["Loop","Chaos"],"picked":"Coolheaded","floor":1},{"not_picked":["Genetic Algorithm","Conserve Battery"],"picked":"Streamline","floor":2},{"not_picked":["Rip and Tear","Beam Cell"],"picked":"Skim","floor":5},{"not_picked":["Storm","Streamline","Redo"],"picked":"SKIP","floor":7},{"not_picked":["Conserve Battery","Rebound","Lockon"],"picked":"Gash","floor":10},{"not_picked":["Cold Snap","Aggregate","Compile Driver"],"picked":"Go for the Eyes","floor":11},{"not_picked":["Storm","Ball Lightning","Capacitor"],"picked":"Scrape","floor":12},{"not_picked":["Hologram","Coolheaded","Redo"],"picked":"All For One","floor":14},{"not_picked":["Rainbow","Amplify","Machine Learning"],"picked":"Reboot","floor":16},{"not_picked":["Rebound","Stack","Undo"],"picked":"Steam","floor":18},{"not_picked":["Barrage","Multi-Cast","Aggregate"],"picked":"Gash","floor":20},{"not_picked":["Lockon","Blizzard","Go for the Eyes"],"picked":"Turbo+1","floor":22},{"not_picked":["Gash","Compile Driver","Ball Lightning","Melter"],"picked":"SKIP","floor":24},{"not_picked":["Defragment","Go for the Eyes","Turbo"],"picked":"Rebound+1","floor":29},{"not_picked":["Sunder","Rainbow","Rip and Tear","Turbo"],"picked":"SKIP","floor":30}],"player_experience":654893,"relics_obtained":[{"floor":7,"key":"Question Card"},{"floor":9,"key":"War Paint"},{"floor":22,"key":"Red Mask"},{"floor":26,"key":"Blue Candle"},{"floor":30,"key":"White Beast Statue"}],"event_choices":[{"damage_healed":0,"gold_gain":0,"player_choice":"Ignored","damage_taken":0,"max_hp_gain":0,"max_hp_loss":0,"event_name":"Shining Light","floor":3,"gold_loss":0},{"damage_healed":0,"gold_gain":0,"player_choice":"Forge","damage_taken":0,"max_hp_gain":0,"max_hp_loss":0,"event_name":"Accursed Blacksmith","floor":4,"gold_loss":0,"cards_upgraded":["Apotheosis"]},{"cards_removed":["Strike_B"],"damage_healed":0,"gold_gain":0,"player_choice":"Offered Basic","damage_taken":0,"max_hp_gain":0,"max_hp_loss":0,"event_name":"Bonfire Elementals","floor":19,"gold_loss":0},{"damage_healed":0,"gold_gain":0,"player_choice":"Fought Bandits","damage_taken":0,"max_hp_gain":0,"max_hp_loss":0,"event_name":"Masked Bandits","floor":22,"gold_loss":0},{"damage_healed":0,"gold_gain":0,"player_choice":"Joined the Cult","damage_taken":6,"max_hp_gain":0,"max_hp_loss":0,"event_name":"Nest","floor":31,"gold_loss":0,"cards_obtained":["RitualDagger"]}],"is_beta":false,"boss_relics":[{"not_picked":["Inserter","Velvet Choker"],"picked":"Ectoplasm"}],"items_purged_floors":[8],"is_endless":false,"potions_floor_spawned":[2,5,12,14,18,20],"killed_by":"Automaton","ascension_level":18}}