{"host":"x039aayur7qovk2d","time":1614203557,"event":{"mods":["AchievementEnabler","BaseMod","Block Reminder","Colored Map","Colored Powertips","DeckTracker","Googly Eyes","Highlight Path","Minty Spire (QoL Compilation)","Permanent Neow","Quick Restart","Rare Cards Sparkle","Relic Sorter","Relic Stats"],"gold_per_floor":[109,126,301,315,326,326,359,359,359,386,386,415,432,99,99,99,99],"floor_reached":16,"language":"ENG","playtime":925,"items_purged":["Doubt"],"score":110,"play_id":"1259eb6a-0ee2-4e50-a45f-92cb0d6f43bf","local_time":"20210224135237","is_ascension_mode":false,"campfire_choices":[{"floor":6,"key":"RECALL"},{"floor":8,"key":"REST"},{"data":"Dramatic Entrance","floor":15,"key":"SMITH"}],"circlet_count":0,"master_deck":["Strike_R","Strike_R","Strike_R","Strike_R","Strike_R","Defend_R","Defend_R","Defend_R","Defend_R","Bash","Dramatic Entrance+1","Anger","Flex","Shrug It Off","Flame Barrier","Iron Wave","Carnage"],"relics":["Burning Blood","Letter Opener","Odd Mushroom","MealTicket","Pantograph"],"acts_visited":["Exordium"],"potions_floor_usage":[7,12,16],"damage_taken":[{"damage":1,"enemies":"Jaw Worm","floor":1,"turns":3},{"damage":5,"enemies":"Small Slimes","floor":2,"turns":2},{"damage":0,"enemies":"2 Louse","floor":4,"turns":1},{"damage":25,"enemies":"Large Slime","floor":5,"turns":8},{"damage":29,"enemies":"Gremlin Nob","floor":7,"turns":5},{"damage":23,"enemies":"The Mushroom Lair","floor":10,"turns":5},{"damage":27,"enemies":"3 Sentries","floor":12,"turns":6},{"damage":3,"enemies":"Lots of Slimes","floor":13,"turns":3},{"damage":87,"enemies":"Hexaghost","floor":16,"turns":14}],"seed_played":"-6562479316622050841","potions_obtained":[{"floor":5,"key":"SkillPotion"},{"floor":10,"key":"LiquidBronze"},{"floor":12,"key":"Block Potion"}],"is_trial":false,"path_per_floor":["M","M","?","M","M","R","E","R","T","?","?","E","M","$","R","B"],"character_chosen":"IRONCLAD","items_purchased":["Pantograph"],"campfire_rested":1,"item_purchase_floors":[14],"current_hp_per_floor":[80,80,80,80,61,61,38,62,62,45,71,50,53,68,68,0,0],"gold":99,"neow_bonus":"RANDOM_COLORLESS","is_daily":false,"chose_seed":false,"campfire_upgraded":1,"win_rate":0.0,"timestamp":1614203557,"path_taken":["M","M","?","M","M","R","E","R","T","?","?","E","M","$","R","BOSS"],"items_purchased_type":["Relic"],"build_version":"2020-12-22","purchased_purges":1,"victory":false,"max_hp_per_floor":[80,80,80,80,80,80,80,80,80,80,80,80,80,80,80,80,80],"relic_stats":{"counters":[9,47],"Pantograph":12,"MealTicket":15,"Letter Opener":[20],"obtain_stats":[{"Pantograph":14,"MealTicket":12,"Letter Opener":7,"Odd Mushroom":10,"Burning Blood":0},{"Pantograph":8,"MealTicket":7,"Letter Opener":5,"Odd Mushroom":6,"Burning Blood":0},{"Pantograph":33,"MealTicket":30,"Letter Opener":19,"Odd Mushroom":24,"Burning Blood":0}],"Burning Blood":36},"card_choices":[{"not_picked":["Impatience","Bandage Up"],"picked":"Dramatic Entrance","floor":0},{"not_picked":["Perfected Strike","Heavy Blade","True Grit"],"picked":"SKIP","floor":1},{"not_picked":["Clothesline","Perfected Strike"],"picked":"Anger","floor":2},{"not_picked":["Shockwave","Armaments","Burning Pact"],"picked":"SKIP","floor":4},{"not_picked":["Thunderclap","Cleave"],"picked":"Flex","floor":5},{"not_picked":["Barricade","Reckless Charge"],"picked":"Shrug It Off","floor":7},{"not_picked":["Perfected Strike","Thunderclap"],"picked":"Flame Barrier","floor":10},{"not_picked":["Reckless Charge","Second Wind"],"picked":"Iron Wave","floor":12},{"not_picked":["Perfected Strike","Body Slam"],"picked":"Carnage","floor":13}],"player_experience":119801,"relics_obtained":[{"floor":7,"key":"Letter Opener"},{"floor":10,"key":"Odd Mushroom"},{"floor":12,"key":"MealTicket"}],"event_choices":[{"damage_healed":0,"gold_gain":175,"player_choice":"AGREE","damage_taken":0,"max_hp_gain":0,"max_hp_loss":0,"event_name":"Liars Game","floor":3,"gold_loss":0,"cards_obtained":["Doubt"]},{"damage_healed":0,"gold_gain":0,"player_choice":"Fought Mushrooms","damage_taken":0,"max_hp_gain":0,"max_hp_loss":0,"event_name":"Mushrooms","floor":10,"gold_loss":0},{"damage_healed":26,"gold_gain":0,"player_choice":"Banana","damage_taken":0,"max_hp_gain":0,"max_hp_loss":0,"event_name":"Big Fish","floor":11,"gold_loss":0}],"is_beta":false,"boss_relics":[],"items_purged_floors":[14],"is_endless":false,"potions_floor_spawned":[5,10,12],"killed_by":"Hexaghost","ascension_level":0}}