{"host":"hfxahm4y1ssattqc","time":1614147799,"event":{"mods":["2.2 Compatiblity","Act Like it!","Aspiration","BaseMod","Beaked The Cultist","Better Third Choice","BetterRewards","Colored Map","Colored Powertips","Custom Start","Downfall","Googly Eyes","Halation","Hallownest","Hermit","Highlight Path","Hubris","Infinite Spire","Mimic Mod","Minty Spire (QoL Compilation)","Reorder Act Four","Replay The Spire","Shop Mod","Spikes Relics","StSLib","The Bug Knight","The IronCluck","The Jungle","Unknown Chances","slay the spire mod where everything is the same but ironclad has a cowboy hat"],"gold_per_floor":[115,125,125,50,50,50,67,82,105,140,315,334,334,47,47,145,145,162,162,9,24,24,24,39,68,68,85,99,109,109,127,127,222,222,255,255,255,255,292,292,252,303,337,337,375,411,449,498,498,498,498,144,144,186,186],"floor_reached":56,"language":"ENG","playtime":2327,"items_purged":[],"score":1783,"play_id":"9a681a63-c28a-4e3f-833f-9dcb042013b1","local_time":"20210223222319","is_ascension_mode":true,"campfire_choices":[{"data":"Defend_B","floor":6.0,"key":"SMITH"},{"data":"Conserve Battery","floor":13.0,"key":"SMITH"},{"data":"Defend_B","floor":15.0,"key":"SMITH"},{"data":"infinitespire:UltimateForm","floor":23.0,"key":"SMITH"},{"floor":30.0,"key":"RECALL"},{"data":"Hologram","floor":32.0,"key":"SMITH"},{"data":"beaked:AwakenedForm","floor":40.0,"key":"SMITH"},{"data":"Self Repair","floor":44.0,"key":"SMITH"}],"circlet_count":0,"master_deck":["Strike_B","Strike_B","Strike_B","Strike_B+1","Defend_B+1","Defend_B","Defend_B+1","Defend_B+1","Zap+1","Dualcast+1","Self Repair","Self Repair","Cold Snap","FIFO Queue","Self Repair+1","infinitespire:UltimateForm+1","Conserve Battery+1","Core Surge","beaked:AwakenedForm+1","Consume+1","CurseOfTheBell","Hologram+1","Cold Snap+1","Defragment","Machine Learning","Leap+1","infinitespire:UltimateForm","Electrodynamics","Glacier+1"],"relics":["Cracked Core","hubris:MysteriousPyramids","aspiration:EmptySkull","Peace Pipe","Replay:Baseball","aspiration:ArtOfWarUpgrade","beaked:SacredDeck","hubris:BallOfYels","Calling Bell","Replay:Wax Seal","Replay:Ringing Soul","Mango","infinitespire:EvilPickle","hubris:TerracottaHorce","AncientExoskeleton","hubris:TenFootPole","infinitespire:Lucky Rock","BargainBundle","Vajra","War Paint"],"acts_visited":["Exordium","TheCity","TheBeyond","TheEnding"],"potions_floor_usage":[55,55,55],"damage_taken":[{"damage":7.0,"enemies":"2 Louse","floor":1.0,"turns":3.0},{"damage":0.0,"enemies":"Small Slimes","floor":2.0,"turns":3.0},{"damage":7.0,"enemies":"Jaw Worm","floor":7.0,"turns":5.0},{"damage":11.0,"enemies":"Large Slime","floor":8.0,"turns":7.0},{"damage":52.0,"enemies":"Gremlin Nob","floor":10.0,"turns":6.0},{"damage":18.0,"enemies":"Lots of Slimes","floor":12.0,"turns":4.0},{"damage":25.0,"enemies":"The Guardian","floor":16.0,"turns":15.0},{"damage":30.0,"enemies":"Shell Parasite","floor":18.0,"turns":6.0},{"damage":28.0,"enemies":"2 Thieves","floor":21.0,"turns":4.0},{"damage":22.0,"enemies":"Centurion and Healer","floor":24.0,"turns":7.0},{"damage":30.0,"enemies":"Gremlin Leader","floor":25.0,"turns":10.0},{"damage":23.0,"enemies":"Snake Plant","floor":27.0,"turns":6.0},{"damage":24.0,"enemies":"Cultist and Chosen","floor":28.0,"turns":7.0},{"damage":23.0,"enemies":"3 Cultists","floor":29.0,"turns":6.0},{"damage":13.0,"enemies":"Snake Plant","floor":31.0,"turns":4.0},{"damage":41.0,"enemies":"Pondfish","floor":33.0,"turns":10.0},{"damage":32.0,"enemies":"Orb Walker","floor":35.0,"turns":5.0},{"damage":3.0,"enemies":"3 Shapes","floor":39.0,"turns":4.0},{"damage":10.0,"enemies":"R_Hoarder","floor":42.0,"turns":8.0},{"damage":0.0,"enemies":"Sphere and 2 Shapes","floor":43.0,"turns":7.0},{"damage":21.0,"enemies":"Sphere and 2 Shapes","floor":45.0,"turns":5.0},{"damage":3.0,"enemies":"Transient","floor":46.0,"turns":5.0},{"damage":14.0,"enemies":"4 Shapes","floor":47.0,"turns":5.0},{"damage":0.0,"enemies":"Sphere and 2 Shapes","floor":48.0,"turns":5.0},{"damage":29,"enemies":"Replay:Hell Engine","floor":50,"turns":12},{"damage":61,"enemies":"Shield and Spear","floor":54,"turns":6},{"damage":65,"enemies":"The Heart","floor":55,"turns":7}],"seed_played":"973833881026553656","potions_obtained":[{"floor":1.0,"key":"SpeedPotion"},{"floor":8.0,"key":"Ancient Potion"},{"floor":10.0,"key":"hexamod:SoulburnPotion"},{"floor":16.0,"key":"Energy Potion"},{"floor":31.0,"key":"champ:CounterPotion"},{"floor":42.0,"key":"FearPotion"},{"floor":46.0,"key":"Adrenaline Potion"},{"floor":48,"key":"LiquidBronze"}],"is_trial":false,"path_per_floor":["M","M","?","$","?","R","M","M","T","E","?","M","R","$","R","B",null,"M","?","$","M","AVR","R","M","E","T","M","M","M","R","M","R","B",null,"M","?","?","AVR","M","R","?","E","MIM","R","M","M","M","M","R","B",null,"$","R","E","B",null],"character_chosen":"DEFECT","items_purchased":["Self Repair","hubris:MysteriousPyramids","Self Repair","Replay:Baseball","Art of War","hubris:BallOfYels","BargainBundle","Vajra"],"campfire_rested":0,"item_purchase_floors":[0,0,4,14,14,20,52,52],"current_hp_per_floor":[75,75,75,75,57,57,71,75,75,44,44,47,47,47,47,43,75,66,66,66,59,59,59,58,63,63,61,61,62,62,73,73,56,90,82,82,92,95,109,109,109,110,110,110,113,113,113,113,113,108,112,112,112,75,34],"gold":186,"neow_bonus":"","is_daily":false,"chose_seed":false,"campfire_upgraded":7,"win_rate":0.0,"timestamp":1614147799,"path_taken":["M","M","?","$","?","R","M","M","T","E","?","M","R","?","R","BOSS","M","?","$","M","AVR","R","M","E","T","?","?","M","R","M","R","BOSS","M","?","?","AVR","?","R","?","E","MIM","R","M","M","M","?","R","BOSS","$","R","E","BOSS"],"items_purchased_type":["Card","Relic","Card","Relic","Relic","Relic","Relic","Relic"],"build_version":"2020-12-22","purchased_purges":0,"victory":true,"max_hp_per_floor":[75,75,75,75,75,75,75,75,75,75,75,75,75,75,75,75,75,75,75,75,75,75,75,75,89,89,89,92,95,95,98,98,101,101,104,104,104,107,110,110,110,110,110,110,113,113,113,113,113,113,113,113,113,113,113],"card_choices":[{"not_picked":["ReplayTheSpireMod:Repulse","Conserve Battery"],"picked":"Cold Snap","floor":1.0},{"not_picked":["hubris:Ukulele","Lockon"],"picked":"FIFO Queue","floor":2.0},{"not_picked":["infinitespire:SealOfDarkness+","Replay:Fractal Strike"],"picked":"infinitespire:UltimateForm","floor":5.0},{"not_picked":["ReplayTheSpireMod:Reroute Power","Turbo"],"picked":"Conserve Battery","floor":7.0},{"not_picked":["Redo","Compile Driver","Stack"],"picked":"SKIP","floor":8.0},{"not_picked":["Rip and Tear","Reprogram","Sweeping Beam"],"picked":"SKIP","floor":10.0},{"not_picked":["Storm","Steam Power","Cold Snap"],"picked":"SKIP","floor":12.0},{"not_picked":["Mirror Shield","Fission"],"picked":"Core Surge","floor":16.0},{"not_picked":["Rebound","Storm","Leap"],"picked":"SKIP","floor":18.0},{"not_picked":["BasicCrystalCard+1","Streamline"],"picked":"Consume+1","floor":21.0},{"not_picked":["Conserve Battery","Reboot","ReplaySolidLightProjector"],"picked":"SKIP","floor":24.0},{"not_picked":["ReplayTheSpireMod:Fabricate Wheel","Steam","Panic Button+1"],"picked":"SKIP","floor":25.0},{"not_picked":["Streamline","Time Bomb","ReplaySort"],"picked":"SKIP","floor":27.0},{"not_picked":["Beam Cell","Steam+1"],"picked":"Hologram","floor":28.0},{"not_picked":["ReplaySolidLightProjector+1","BasicCrystalCard+1"],"picked":"Cold Snap","floor":29.0},{"not_picked":["ReplayTheSpireMod:Calculation Training","Redo+1"],"picked":"Defragment","floor":31.0},{"not_picked":["Buffer","Multi-Cast"],"picked":"Machine Learning","floor":33.0},{"not_picked":["Compile Driver+1","Steam Power+1"],"picked":"Leap+1","floor":35.0},{"not_picked":["BasicCrystalCard+1","Redo+1"],"picked":"Electrodynamics","floor":39.0},{"not_picked":["BasicCrystalCard","Go for the Eyes+1","Doom and Gloom"],"picked":"SKIP","floor":42.0},{"not_picked":["Streamline","Hologram+1"],"picked":"Glacier+1","floor":45.0},{"not_picked":["Go for the Eyes","aspiration:Polymerization","Gash"],"picked":"SKIP","floor":46.0},{"not_picked":["BasicCrystalCard","Compile Driver","Cold Snap+1"],"picked":"SKIP","floor":47.0},{"not_picked":["Steam Power","Rebound+1","Ball Lightning+1"],"picked":"SKIP","floor":48},{"not_picked":["Blizzard","Gash+1","Conserve Battery+1"],"picked":"SKIP","floor":54}],"player_experience":992456,"relics_obtained":[{"floor":9.0,"key":"aspiration:EmptySkull"},{"floor":10.0,"key":"Peace Pipe"},{"floor":22.0,"key":"Replay:Wax Seal"},{"floor":22.0,"key":"Replay:Ringing Soul"},{"floor":25.0,"key":"Mango"},{"floor":42.0,"key":"hubris:TenFootPole"},{"floor":43.0,"key":"infinitespire:Lucky Rock"},{"floor":54,"key":"War Paint"}],"event_choices":[{"damage_healed":0.0,"max_hp_gain":0.0,"max_hp_loss":0.0,"gold_gain":175.0,"event_name":"betterThird:BetterSerpent","player_choice":"AGREE","floor":11.0,"gold_loss":0.0,"damage_taken":140.0},{"cards_removed":["Doubt"],"damage_healed":0.0,"max_hp_gain":0.0,"max_hp_loss":0.0,"gold_gain":0.0,"event_name":"Fountain of Cleansing","player_choice":"Removed Curses","floor":19.0,"gold_loss":0.0,"damage_taken":0.0},{"damage_healed":0.0,"max_hp_gain":0.0,"max_hp_loss":0.0,"gold_gain":0.0,"event_name":"Mysterious Sphere","player_choice":"Ignored","floor":36.0,"gold_loss":0.0,"damage_taken":0.0},{"damage_healed":0.0,"max_hp_gain":0.0,"max_hp_loss":0.0,"gold_gain":0.0,"event_name":"Designer","player_choice":"Upgraded Two","floor":41.0,"gold_loss":40.0,"damage_taken":0.0,"cards_upgraded":["Cold Snap","Strike_B"]}],"is_beta":false,"boss_relics":[{"not_picked":["Painkiller Herb","ChewingGum"],"picked":"beaked:SacredDeck"},{"not_picked":["hubris:RunicObelisk","aspiration:SilentSkillbook"],"picked":"hubris:TerracottaHorce"}],"items_purged_floors":[],"is_endless":false,"potions_floor_spawned":[1,8,10,16,21,25,31,42,46,47,48],"ascension_level":5}}