{"host":"qdazo2n9x18zu9dk","time":1614198579,"event":{"mods":["BaseMod","Colored Map","Minty Spire (QoL Compilation)","Relic Stats","StSLib"],"gold_per_floor":[109,127,137,137,150,188,188,229,304,369,72,107,132,146,146,274,274,292,313,228,228,34,34,73,73,73,46,60,83,83,108,108,237,237,255,34,77,0,0,0],"floor_reached":39,"language":"ENG","playtime":2298,"items_purged":[],"score":694,"play_id":"952b572a-3ccd-44fb-bfe2-1e05486490c8","local_time":"20210224212939","is_ascension_mode":true,"campfire_choices":[{"data":"BattleHymn","floor":7,"key":"SMITH"},{"data":"LikeWater","floor":15,"key":"SMITH"},{"data":"Vault","floor":23,"key":"SMITH"},{"data":"Judgement","floor":32,"key":"SMITH"}],"circlet_count":0,"master_deck":["AscendersBane","Defend_P","Eruption","Vigilance","LikeWater+1","FlyingSleeves","EmptyBody","BattleHymn+1","ThirdEye","Judgement+1","Consecrate","Crescendo","Vault+1","Bite","Bite","Bite","Bite","Bite","Indignation+1","BattleHymn+1","BowlingBash","Necronomicurse","Halt+1","ClearTheMind+1","CrushJoints+1","Writhe","Wish+1","FlyingSleeves+1","FlurryOfBlows+1","Wireheading+1","EmptyBody+1","Nirvana+1"],"relics":["Busted Crown","Golden Idol","Lizard Tail","Incense Burner","Pantograph","Potion Belt","Lee\u0027s Waffle","Frozen Egg 2","SlaversCollar","Toxic Egg 2","Du-Vu Doll","Necronomicon","Torii","Astrolabe","Melange","Red Mask"],"acts_visited":["Exordium","TheCity","TheBeyond"],"potions_floor_usage":[6,6,6,8,8,10,10,10,16,31,33,35],"damage_taken":[{"damage":0,"enemies":"Cultist","floor":1,"turns":2},{"damage":0,"enemies":"2 Louse","floor":2,"turns":2},{"damage":2,"enemies":"Jaw Worm","floor":3,"turns":4},{"damage":6,"enemies":"Blue Slaver","floor":5,"turns":6},{"damage":0,"enemies":"Gremlin Nob","floor":6,"turns":3},{"damage":3,"enemies":"3 Sentries","floor":8,"turns":4},{"damage":11,"enemies":"Gremlin Nob","floor":10,"turns":5},{"damage":31,"enemies":"Gremlin Nob","floor":12,"turns":4},{"damage":2,"enemies":"Large Slime","floor":13,"turns":5},{"damage":7,"enemies":"3 Louse","floor":14,"turns":3},{"damage":40,"enemies":"Hexaghost","floor":16,"turns":5},{"damage":9,"enemies":"Shell Parasite","floor":18,"turns":7},{"damage":7,"enemies":"2 Thieves","floor":19,"turns":4},{"damage":28,"enemies":"Gremlin Leader","floor":24,"turns":5},{"damage":9,"enemies":"Chosen and Byrds","floor":28,"turns":5},{"damage":12,"enemies":"Cultist and Chosen","floor":29,"turns":3},{"damage":0,"enemies":"Snecko","floor":31,"turns":4},{"damage":28,"enemies":"Collector","floor":33,"turns":6},{"damage":31,"enemies":"3 Darklings","floor":35,"turns":5},{"damage":36,"enemies":"3 Shapes","floor":37,"turns":7},{"damage":31,"enemies":"Sphere and 2 Shapes","floor":39,"turns":7}],"seed_played":"4601226472721573488","potions_obtained":[{"floor":1,"key":"FearPotion"},{"floor":2,"key":"EntropicBrew"},{"floor":5,"key":"Explosive Potion"},{"floor":14,"key":"FearPotion"},{"floor":24,"key":"FearPotion"},{"floor":29,"key":"PowerPotion"},{"floor":33,"key":"Dexterity Potion"}],"is_trial":false,"path_per_floor":["M","M","M","?","M","E","R","E","T","?","$","E","M","M","R","B",null,"M","M","?","?","$","R","E","?","T","$","M","M","?","M","R","B",null,"M","$","M","?","M"],"character_chosen":"WATCHER","items_purchased":["Lee\u0027s Waffle","Judgement","Indignation+1","BattleHymn+1","BowlingBash","Halt+1","Nirvana+1","Melange"],"campfire_rested":0,"item_purchase_floors":[11,11,22,22,22,27,36,36],"current_hp_per_floor":[65,65,63,45,39,39,39,36,36,25,79,48,46,39,39,24,65,56,49,49,49,49,49,31,15,15,15,16,8,8,14,14,19,46,21,21,20,20,0,0],"gold":0,"neow_bonus":"BOSS_RELIC","is_daily":false,"chose_seed":false,"campfire_upgraded":4,"win_rate":0.0,"timestamp":1614198579,"path_taken":["M","?","M","?","M","E","R","E","T","?","?","E","M","?","R","BOSS","M","M","?","?","$","R","E","?","T","?","M","?","?","M","R","BOSS","M","$","M","?","M"],"items_purchased_type":["Relic","Card","Card","Card","Card","Card","Card","Relic"],"build_version":"2020-12-22","purchased_purges":0,"victory":false,"max_hp_per_floor":[72,72,72,72,72,72,72,72,72,72,79,79,79,79,79,79,79,79,79,79,55,55,55,55,55,55,55,55,55,55,55,55,55,55,55,55,55,55,55,55],"relic_stats":{"Lizard Tail":27,"Lee\u0027s Waffle":54,"Busted Crown":40,"Torii":4,"counters":[21,96],"Golden Idol":129,"Pantograph":50,"Astrolabe":["FlyingSleeves","FlurryOfBlows","Wireheading"],"Melange":[0],"Necronomicon":[4],"obtain_stats":[{"Potion Belt":10,"Lee\u0027s Waffle":11,"Torii":30,"Golden Idol":4,"Astrolabe":34,"Melange":36,"Incense Burner":8,"Frozen Egg 2":12,"Du-Vu Doll":24,"SlaversCollar":17,"Lizard Tail":6,"Busted Crown":0,"Pantograph":9,"Necronomicon":25,"Red Mask":38,"PureWater":0,"Toxic Egg 2":20},{"Potion Belt":6,"Lee\u0027s Waffle":7,"Torii":16,"Golden Idol":3,"Astrolabe":18,"Melange":19,"Incense Burner":6,"Frozen Egg 2":8,"Du-Vu Doll":14,"SlaversCollar":11,"Lizard Tail":5,"Busted Crown":0,"Pantograph":6,"Necronomicon":14,"Red Mask":20,"PureWater":0,"Toxic Egg 2":13},{"Potion Belt":21,"Lee\u0027s Waffle":26,"Torii":67,"Golden Idol":8,"Astrolabe":77,"Melange":82,"Incense Burner":21,"Frozen Egg 2":30,"Du-Vu Doll":59,"SlaversCollar":43,"Lizard Tail":17,"Busted Crown":0,"Pantograph":21,"Necronomicon":59,"Red Mask":89,"PureWater":0,"Toxic Egg 2":54}]},"card_choices":[{"not_picked":[],"picked":"LikeWater","floor":1},{"not_picked":[],"picked":"FlyingSleeves","floor":2},{"not_picked":[],"picked":"EmptyBody","floor":3},{"not_picked":["EmptyBody"],"picked":"SKIP","floor":5},{"not_picked":[],"picked":"BattleHymn","floor":6},{"not_picked":["PathToVictory"],"picked":"SKIP","floor":8},{"not_picked":["PathToVictory"],"picked":"SKIP","floor":8},{"not_picked":[],"picked":"ThirdEye","floor":10},{"not_picked":[],"picked":"Consecrate","floor":12},{"not_picked":["CrushJoints"],"picked":"SKIP","floor":13},{"not_picked":[],"picked":"Crescendo","floor":14},{"not_picked":[],"picked":"Vault","floor":16},{"not_picked":["Protect"],"picked":"SKIP","floor":18},{"not_picked":["FlyingSleeves"],"picked":"SKIP","floor":19},{"not_picked":["Crescendo+1"],"picked":"SKIP","floor":24},{"not_picked":[],"picked":"ClearTheMind+1","floor":28},{"not_picked":[],"picked":"CrushJoints+1","floor":29},{"not_picked":["FlyingSleeves+1"],"picked":"SKIP","floor":31},{"not_picked":[],"picked":"Wish+1","floor":33},{"not_picked":[],"picked":"EmptyBody+1","floor":35},{"not_picked":["Consecrate+1"],"picked":"SKIP","floor":37}],"player_experience":1197800,"relics_obtained":[{"floor":6,"key":"Lizard Tail"},{"floor":8,"key":"Incense Burner"},{"floor":9,"key":"Pantograph"},{"floor":12,"key":"Frozen Egg 2"},{"floor":24,"key":"Du-Vu Doll"},{"floor":25,"key":"Necronomicon"}],"event_choices":[{"damage_healed":0,"gold_gain":0,"player_choice":"Take Damage","damage_taken":18,"relics_obtained":["Golden Idol"],"max_hp_gain":0,"max_hp_loss":0,"event_name":"Golden Idol","floor":4,"gold_loss":0},{"damage_healed":0,"gold_gain":30,"player_choice":"Searched \u00273\u0027 times","damage_taken":0,"relics_obtained":["Potion Belt"],"max_hp_gain":0,"max_hp_loss":0,"event_name":"Dead Adventurer","floor":10,"gold_loss":0},{"damage_healed":0,"gold_gain":0,"player_choice":"Obtained Relic","damage_taken":0,"relics_obtained":["Toxic Egg 2"],"max_hp_gain":0,"max_hp_loss":0,"event_name":"Addict","floor":20,"gold_loss":85},{"damage_healed":0,"gold_gain":0,"player_choice":"Became a vampire","damage_taken":0,"max_hp_gain":0,"max_hp_loss":24,"event_name":"Vampires","floor":21,"gold_loss":0,"cards_obtained":["Bite","Bite","Bite","Bite","Bite"]},{"damage_healed":0,"gold_gain":0,"player_choice":"Obtained Book","damage_taken":16,"max_hp_gain":0,"max_hp_loss":0,"event_name":"Cursed Tome","floor":25,"gold_loss":0},{"damage_healed":0,"gold_gain":0,"player_choice":"Opened","damage_taken":0,"relics_obtained":["Torii"],"max_hp_gain":0,"max_hp_loss":0,"event_name":"The Mausoleum","floor":30,"gold_loss":0,"cards_obtained":["Writhe"]},{"damage_healed":0,"gold_gain":0,"player_choice":"Paid","damage_taken":0,"relics_obtained":["Red Mask"],"max_hp_gain":0,"max_hp_loss":0,"event_name":"Tomb of Lord Red Mask","floor":38,"gold_loss":77}],"is_beta":false,"boss_relics":[{"not_picked":["Sozu","Runic Dome"],"picked":"SlaversCollar"},{"not_picked":["Runic Pyramid","Pandora\u0027s Box"],"picked":"Astrolabe"}],"items_purged_floors":[],"is_endless":false,"potions_floor_spawned":[1,2,5,8,14,24,29,33],"killed_by":"Sphere and 2 Shapes","ascension_level":10}}