{"host":"zxkjcgzis4pm3za5","time":1614187984,"event":{"mods":["2.2 Compatiblity","AchievementEnabler","BaseMod","Colored Map","Colored Powertips","Minty Spire (QoL Compilation)","Quick Restart","Random Character Button","Relic Filter Mod","Relic Sorter","Relic Stats","StSLib","ojb\u0027s Info Mod"],"gold_per_floor":[118,130,143,68,68,102,102,135,160,160,160,172,203,220,220,220,220],"floor_reached":16,"language":"ENG","playtime":618,"items_purged":["Strike_G"],"score":240,"play_id":"fe83fcbc-42ca-436c-8ab2-b3e1ce8722da","local_time":"20210224230304","is_ascension_mode":true,"campfire_choices":[{"floor":7,"key":"REST"},{"data":"Cloak And Dagger","floor":15,"key":"SMITH"}],"circlet_count":0,"master_deck":["AscendersBane","Strike_G","Strike_G","Strike_G","Defend_G","Defend_G","Defend_G","Defend_G","Defend_G","Survivor","Neutralize","Infinite Blades","Dagger Throw","Poisoned Stab","Slice","Cloak And Dagger+1","Cloak And Dagger+1","Quick Slash","Leg Sweep"],"relics":["Ring of the Snake","Happy Flower","Strawberry","Bag of Preparation","Nunchaku","MealTicket"],"acts_visited":["Exordium"],"potions_floor_usage":[8,13],"damage_taken":[{"damage":2,"enemies":"2 Louse","floor":1,"turns":4},{"damage":2,"enemies":"Small Slimes","floor":2,"turns":4},{"damage":6,"enemies":"Cultist","floor":3,"turns":5},{"damage":29,"enemies":"3 Sentries","floor":6,"turns":10},{"damage":17,"enemies":"Lagavulin","floor":8,"turns":8},{"damage":0,"enemies":"Exordium Thugs","floor":12,"turns":4},{"damage":8,"enemies":"Gremlin Nob","floor":13,"turns":4},{"damage":7,"enemies":"Large Slime","floor":14,"turns":5},{"damage":19,"enemies":"Hexaghost","floor":16,"turns":9}],"seed_played":"8734098273391414339","potions_obtained":[{"floor":6,"key":"Block Potion"},{"floor":8,"key":"GhostInAJar"},{"floor":13,"key":"Ancient Potion"}],"is_trial":false,"path_per_floor":["M","M","M","$","?","E","R","E","T","?","?","M","E","M","R","B"],"character_chosen":"THE_SILENT","items_purchased":[],"campfire_rested":1,"item_purchase_floors":[],"current_hp_per_floor":[57,55,49,49,54,32,55,38,38,31,31,31,23,16,16,0,0],"gold":220,"neow_bonus":"RANDOM_COMMON_RELIC","is_daily":false,"chose_seed":false,"campfire_upgraded":1,"win_rate":0.0,"timestamp":1614187984,"path_taken":["M","M","M","$","?","E","R","E","T","?","?","?","E","M","R","BOSS"],"items_purchased_type":[],"build_version":"2020-12-22","purchased_purges":1,"victory":false,"max_hp_per_floor":[66,66,66,66,71,78,78,78,78,78,78,78,78,78,78,78,78],"relic_stats":{"Nunchaku":[8],"Happy Flower":[17],"counters":[9,53],"MealTicket":0,"Bag of Preparation":[8],"obtain_stats":[{"Nunchaku":9,"Happy Flower":0,"Strawberry":6,"MealTicket":13,"Bag of Preparation":8,"Ring of the Snake":0},{"Nunchaku":5,"Happy Flower":0,"Strawberry":4,"MealTicket":7,"Bag of Preparation":5,"Ring of the Snake":0},{"Nunchaku":31,"Happy Flower":0,"Strawberry":23,"MealTicket":39,"Bag of Preparation":31,"Ring of the Snake":0}],"Ring of the Snake":[18]},"card_choices":[{"not_picked":["Poisoned Stab","Backflip"],"picked":"Infinite Blades","floor":1},{"not_picked":["Blur","Bane"],"picked":"Dagger Throw","floor":2},{"not_picked":["Riddle With Holes","Dagger Throw"],"picked":"Poisoned Stab","floor":3},{"not_picked":["Deflect","Calculated Gamble"],"picked":"Slice","floor":6},{"not_picked":["Night Terror","Poisoned Stab"],"picked":"Cloak And Dagger","floor":8},{"not_picked":["Backflip","Dagger Throw"],"picked":"Cloak And Dagger","floor":12},{"not_picked":["Calculated Gamble","Poisoned Stab"],"picked":"Quick Slash","floor":13},{"not_picked":["Sucker Punch","PiercingWail"],"picked":"Leg Sweep","floor":14}],"player_experience":437138,"relics_obtained":[{"floor":6,"key":"Strawberry"},{"floor":8,"key":"Bag of Preparation"},{"floor":9,"key":"Nunchaku"},{"floor":13,"key":"MealTicket"}],"event_choices":[{"damage_healed":0,"gold_gain":0,"player_choice":"Donut","damage_taken":0,"max_hp_gain":5,"max_hp_loss":0,"event_name":"Big Fish","floor":5,"gold_loss":0},{"cards_removed":["Strike_G"],"damage_healed":0,"gold_gain":0,"player_choice":"Card Removal","damage_taken":7,"max_hp_gain":0,"max_hp_loss":0,"event_name":"Golden Wing","floor":10,"gold_loss":0},{"damage_healed":0,"gold_gain":0,"player_choice":"Upgraded","damage_taken":0,"max_hp_gain":0,"max_hp_loss":0,"event_name":"Upgrade Shrine","floor":11,"gold_loss":0,"cards_upgraded":["Cloak And Dagger"]}],"is_beta":false,"boss_relics":[],"items_purged_floors":[4],"is_endless":false,"potions_floor_spawned":[6,8,13],"killed_by":"Hexaghost","ascension_level":20}}