{"host":"nbofzmb1hl9rnais","time":1614200280,"event":{"mods":["BaseMod","Colored Map","Hermit","Minty Spire (QoL Compilation)","StSLib","The Bug Knight"],"gold_per_floor":[115,115,290,300,115,147,175,187,199,271,283,147,173,191,191,291,291,311,142,142,158,187,187,187,200,269,298,173,173,207,219,219,323,323,335,335,69,84,306,306,3,32,86,121,121,49,60,86,86,86],"floor_reached":51,"language":"ENG","playtime":3967,"items_purged":["hermit:RoundhouseKick","hermit:BodyArmor","Doubt","hermit:HoleUp"],"score":867,"play_id":"066369cf-a97c-441d-b121-02d48122cb78","local_time":"20210224125800","daily_mods":["SealedDeck"],"is_ascension_mode":true,"campfire_choices":[{"data":"HollowMod:SiblingsSouls","floor":8,"key":"SMITH"},{"floor":11,"key":"REST"},{"data":"hermit:FlashPowder","floor":15,"key":"SMITH"},{"data":"HollowMod:MothsMistake","floor":23,"key":"SMITH"},{"data":"hermit:CursedWeapon","floor":29,"key":"SMITH"},{"data":"HollowMod:HuntersJournal","floor":32,"key":"SMITH"},{"data":"HollowMod:NewJinnsSoul","floor":40,"key":"SMITH"},{"data":"HollowMod:NewInfectedGuardian","floor":45,"key":"SMITH"},{"data":"HollowMod:NewGlowingWomb","floor":49,"key":"SMITH"}],"circlet_count":0,"master_deck":["hermit:FlashPowder+1","HollowMod:DashSlash","HollowMod:SiblingsSouls+1","hermit:Feint","hermit:PistolWhip","HollowMod:CloakDash","HollowMod:InfectionAssault","HollowMod:TaintedHusks","HollowMod:TaintedHusks","hermit:CursedWeapon","hermit:CursedWeapon+1","HollowMod:DreamGate","HollowMod:MothsMistake+1","hermit:LowProfile+1","hermit:GhostlyPresence","HollowMod:NewInfectedGuardian+1","HollowMod:NewJinnsSoul+1","HollowMod:CornifersMapStart+1","hermit:FlashPowder+1","HollowMod:HerrahsAnger","HollowMod:CloakDash+1","HollowMod:NewGlowingWomb+1"],"relics":["HollowMod:VesselMask","Pantograph","Orrery","MawBank","MealTicket","FossilizedHelix","Bottled Tornado","SlaversCollar","Red Mask","Centennial Puzzle","Letter Opener","Orichalcum","Thread and Needle","Philosopher\u0027s Stone","Pen Nib","Nunchaku","Strawberry","War Paint","Pocketwatch"],"acts_visited":["Exordium","TheCity","TheBeyond"],"potions_floor_usage":[10,33,44,44,48,50,50,50,50,50,50],"damage_taken":[{"damage":5,"enemies":"2 Louse","floor":1,"turns":3},{"damage":9,"enemies":"Small Slimes","floor":4,"turns":4},{"damage":27,"enemies":"Lagavulin","floor":6,"turns":7},{"damage":2,"enemies":"Jaw Worm","floor":7,"turns":2},{"damage":24,"enemies":"Gremlin Nob","floor":10,"turns":3},{"damage":34,"enemies":"3 Sentries","floor":13,"turns":7},{"damage":2,"enemies":"2 Fungi Beasts","floor":14,"turns":3},{"damage":17,"enemies":"Hexaghost","floor":16,"turns":9},{"damage":4,"enemies":"Spheric Guardian","floor":18,"turns":3},{"damage":12,"enemies":"Chosen","floor":21,"turns":5},{"damage":2,"enemies":"Masked Bandits","floor":22,"turns":4},{"damage":9,"enemies":"Snecko","floor":25,"turns":6},{"damage":13,"enemies":"HollowMod:Nosk","floor":27,"turns":5},{"damage":2,"enemies":"Slavers","floor":30,"turns":3},{"damage":3,"enemies":"Shelled Parasite and Fungi","floor":31,"turns":5},{"damage":68,"enemies":"Automaton","floor":33,"turns":7},{"damage":0,"enemies":"Orb Walker","floor":35,"turns":3},{"damage":2,"enemies":"3 Shapes","floor":38,"turns":3},{"damage":28,"enemies":"Giant Head","floor":42,"turns":6},{"damage":2,"enemies":"Reptomancer","floor":44,"turns":2},{"damage":5,"enemies":"Jaw Worm Horde","floor":47,"turns":3},{"damage":3,"enemies":"Giant Head","floor":48,"turns":6},{"damage":75,"enemies":"Awakened One","floor":50,"turns":9}],"seed_played":"-5970590556480453668","potions_obtained":[{"floor":4,"key":"SneckoOil"},{"floor":7,"key":"Explosive Potion"},{"floor":10,"key":"FearPotion"},{"floor":14,"key":"LiquidBronze"},{"floor":18,"key":"Explosive Potion"},{"floor":30,"key":"PowerPotion"},{"floor":38,"key":"EntropicBrew"},{"floor":44,"key":"ColorlessPotion"},{"floor":47,"key":"Ancient Potion"},{"floor":48,"key":"Block Potion"}],"is_trial":true,"path_per_floor":["M","?","?","M","$","E","M","R","T","?","R","$","E","M","R","B",null,"M","$","?","M","?","R","?","M","T","E","$","R","E","M","R","B",null,"M","?","$","M","?","R","$","E","T","E","R","$","M","E","R","B",null],"character_chosen":"THE_BUGKNIGHT","items_purchased":["hermit:ShadowCloak","Orrery","HollowMod:MothsMistake","hermit:GhostlyPresence","HollowMod:CornifersMapStart","hermit:FlashPowder","HollowMod:HerrahsAnger","Pen Nib","HollowMod:NewGlowingWomb"],"campfire_rested":1,"item_purchase_floors":[5,5,12,19,37,37,41,41,46],"current_hp_per_floor":[70,67,67,58,58,31,29,29,29,5,27,42,8,6,6,14,75,71,75,75,63,61,61,61,52,52,39,54,54,52,49,49,6,75,75,75,75,73,73,73,75,47,54,52,52,67,62,59,59,7],"gold":86,"neow_bonus":"","is_daily":false,"chose_seed":false,"campfire_upgraded":8,"win_rate":0.0,"timestamp":1614200280,"path_taken":["M","?","?","M","$","E","M","R","T","?","R","$","E","M","R","BOSS","M","$","?","M","?","R","?","M","T","E","$","R","E","M","R","BOSS","M","?","$","M","?","R","$","E","T","E","R","?","M","E","R","BOSS"],"items_purchased_type":["Card","Relic","Card","Card","Card","Card","Card","Relic","Card"],"build_version":"2020-12-22","purchased_purges":4,"victory":true,"max_hp_per_floor":[75,75,75,75,75,75,75,75,75,75,75,75,75,75,75,75,75,75,75,75,75,75,75,75,75,75,75,75,75,75,75,75,75,75,75,75,75,75,75,75,75,75,82,82,82,82,82,82,82,82],"card_choices":[{"not_picked":["hermit:Enervate","HollowMod:SoulStrike"],"picked":"hermit:CursedWeapon","floor":1},{"not_picked":["hermit:Snipe","hermit:Virtue","hermit:WideOpen"],"picked":"SKIP","floor":4},{"not_picked":["hermit:Snipe","HollowMod:HowlingWraiths"],"picked":"hermit:BodyArmor","floor":5},{"not_picked":["hermit:Roulette","hermit:Headshot"],"picked":"HollowMod:DreamGate","floor":5},{"not_picked":["hermit:Manifest","HollowMod:CycloneSlash"],"picked":"hermit:HoleUp","floor":5},{"not_picked":["hermit:PistolWhip","hermit:Desperado"],"picked":"hermit:RoundhouseKick","floor":5},{"not_picked":["HollowMod:RecoilStrike","HollowMod:VengefulVoid","HollowMod:ZotesMagnificence"],"picked":"SKIP","floor":6},{"not_picked":["HollowMod:VengefulSpirit","hermit:Roulette","hermit:Manifest"],"picked":"SKIP","floor":7},{"not_picked":["HollowMod:DescendingDark","hermit:Malice"],"picked":"HollowMod:HuntersJournal","floor":10},{"not_picked":["hermit:Coalescence","hermit:Showdown","HollowMod:AbyssShriek"],"picked":"SKIP","floor":13},{"not_picked":["hermit:Coalescence","hermit:Showdown","HollowMod:AbyssShriek"],"picked":"SKIP","floor":13},{"not_picked":["hermit:TakeAim","hermit:Enervate","hermit:Manifest"],"picked":"SKIP","floor":14},{"not_picked":["hermit:TrackingShot","HollowMod:GoodIntentions"],"picked":"hermit:LowProfile+1","floor":18},{"not_picked":["hermit:FinalCanter","hermit:ItchyTrigger","hermit:LowProfile"],"picked":"SKIP","floor":21},{"not_picked":["hermit:Coalescence+1","HollowMod:DescendingDark","HollowMod:SoulSplash"],"picked":"SKIP","floor":25},{"not_picked":["HollowMod:DesolateDive","HollowMod:ChannelNail","HollowMod:HerrahsAnger"],"picked":"SKIP","floor":27},{"not_picked":["hermit:Manifest+1","hermit:LowProfile","hermit:Desperado"],"picked":"SKIP","floor":30},{"not_picked":["HollowMod:SharpenedNail","hermit:HighCaliber","hermit:Combo"],"picked":"SKIP","floor":31},{"not_picked":["HollowMod:Hiveblood","hermit:HeroicBravado"],"picked":"HollowMod:NewInfectedGuardian","floor":33},{"not_picked":["HollowMod:HeavyBlow+1","hermit:Feint"],"picked":"HollowMod:NewJinnsSoul","floor":35},{"not_picked":["HollowMod:SoulStrike","hermit:Desperado+1","hermit:ItchyTrigger+1"],"picked":"SKIP","floor":38},{"not_picked":["HollowMod:PureVessel","HollowMod:SoulMaster","hermit:Spite"],"picked":"SKIP","floor":42},{"not_picked":["hermit:Desperado","HollowMod:FastStrike"],"picked":"HollowMod:CloakDash+1","floor":44},{"not_picked":["HollowMod:Grubsong","hermit:Roulette","HollowMod:CrystalDash+1"],"picked":"SKIP","floor":47},{"not_picked":["hermit:Spite+1","HollowMod:SoulShaman","hermit:Feint+1"],"picked":"SKIP","floor":48}],"player_experience":206016,"relics_obtained":[{"floor":6,"key":"MawBank"},{"floor":9,"key":"MealTicket"},{"floor":10,"key":"FossilizedHelix"},{"floor":13,"key":"Bottled Tornado"},{"floor":22,"key":"Red Mask"},{"floor":26,"key":"Letter Opener"},{"floor":27,"key":"Orichalcum"},{"floor":30,"key":"Thread and Needle"},{"floor":42,"key":"Nunchaku"},{"floor":43,"key":"Strawberry"},{"floor":44,"key":"War Paint"},{"floor":48,"key":"Pocketwatch"}],"event_choices":[{"damage_healed":0,"gold_gain":0,"player_choice":"Success","damage_taken":3,"relics_obtained":["Pantograph"],"max_hp_gain":0,"max_hp_loss":0,"event_name":"Scrap Ooze","floor":2,"gold_loss":0},{"damage_healed":0,"gold_gain":175,"player_choice":"AGREE","damage_taken":0,"max_hp_gain":0,"max_hp_loss":0,"event_name":"Liars Game","floor":3,"gold_loss":0,"cards_obtained":["Doubt"]},{"damage_healed":0,"gold_gain":0,"player_choice":"Searched \u00272\u0027 times","damage_taken":0,"max_hp_gain":0,"max_hp_loss":0,"event_name":"Dead Adventurer","floor":10,"gold_loss":0},{"cards_removed":["hermit:ShadowCloak"],"damage_healed":0,"gold_gain":0,"player_choice":"Elegance","damage_taken":0,"max_hp_gain":0,"max_hp_loss":0,"event_name":"Back to Basics","floor":20,"gold_loss":0},{"damage_healed":0,"gold_gain":0,"player_choice":"Fought Bandits","damage_taken":0,"max_hp_gain":0,"max_hp_loss":0,"event_name":"Masked Bandits","floor":22,"gold_loss":0},{"damage_healed":0,"gold_gain":0,"player_choice":"Gave Potion","damage_taken":0,"relics_obtained":["Centennial Puzzle"],"max_hp_gain":0,"max_hp_loss":0,"event_name":"WeMeetAgain","floor":24,"gold_loss":0},{"cards_removed":["HollowMod:HuntersJournal"],"damage_healed":0,"gold_gain":0,"player_choice":"Removed Skill","damage_taken":0,"max_hp_gain":0,"max_hp_loss":0,"event_name":"Falling","floor":36,"gold_loss":0},{"damage_healed":0,"gold_gain":222,"player_choice":"Wore Mask","damage_taken":0,"max_hp_gain":0,"max_hp_loss":0,"event_name":"Tomb of Lord Red Mask","floor":39,"gold_loss":0}],"is_beta":false,"boss_relics":[{"not_picked":["Black Star","HollowMod:VoidIdolRelic"],"picked":"SlaversCollar"},{"not_picked":["Cursed Key","SacredBark"],"picked":"Philosopher\u0027s Stone"}],"items_purged_floors":[12,19,28,37],"is_endless":false,"potions_floor_spawned":[4,7,10,14,18,22,30,31,38,44,47,48],"ascension_level":1}}