{"host":"6pic12dj9p7186mz","time":1614153722,"event":{"mods":["BaseMod","Minty Spire (QoL Compilation)","Permanent Neow","Relic Stats","StSLib"],"gold_per_floor":[117,117,217,234,244,271,271,301,301,301,321,321,347,27,27,129,129,147,147,147,87,87,87,98,98,152,112,144,144,164,175,175,277,277,290,290,303,353,369,369,389,389,389,6,6,6,61,73,73,73],"floor_reached":51,"language":"ENG","playtime":2277,"items_purged":["Strike_B","Strike_B"],"score":843,"play_id":"675489e8-4540-433b-b8c1-d080d4a3efee","local_time":"20210224020202","is_ascension_mode":true,"campfire_choices":[{"data":"Zap","floor":7,"key":"SMITH"},{"data":"Ball Lightning","floor":10,"key":"SMITH"},{"data":"Double Energy","floor":12,"key":"SMITH"},{"data":"Creative AI","floor":15,"key":"SMITH"},{"data":"Defragment","floor":23,"key":"SMITH"},{"data":"Echo Form","floor":25,"key":"SMITH"},{"data":"Static Discharge","floor":29,"key":"SMITH"},{"data":"Dualcast","floor":32,"key":"SMITH"},{"data":"Electrodynamics","floor":40,"key":"SMITH"},{"data":"Multi-Cast","floor":42,"key":"SMITH"},{"data":"Transmutation","floor":46,"key":"SMITH"},{"floor":49,"key":"DIG"}],"circlet_count":0,"master_deck":["Strike_B","Strike_B","Defend_B","Defend_B","Defend_B","Defend_B","Zap+1","Dualcast+1","Rip and Tear","Conserve Battery","Ball Lightning+1","Double Energy+1","Chill","Turbo","Static Discharge+1","Creative AI+1","Reinforced Body","Steam","Echo Form+1","Defragment+1","Sunder","Storm+1","Coolheaded+1","Glacier+1","Leap","Electrodynamics+1","CurseOfTheBell","Barrage+1","Force Field","Ball Lightning+1","Multi-Cast+1","Loop","Force Field","Transmutation+1"],"relics":["Cracked Core","Centennial Puzzle","CaptainsWheel","Bird Faced Urn","Incense Burner","Happy Flower","Inserter","Strawberry","Nunchaku","Calling Bell","Art of War","White Beast Statue","WingedGreaves","Shovel","Orichalcum","Blood Vial","PreservedInsect"],"acts_visited":["Exordium","TheCity","TheBeyond"],"potions_floor_usage":[6,6,6,6,28,33,33,37,37,39,50,50],"damage_taken":[{"damage":2,"enemies":"Jaw Worm","floor":1,"turns":3},{"damage":0,"enemies":"Small Slimes","floor":4,"turns":2},{"damage":0,"enemies":"Cultist","floor":5,"turns":3},{"damage":16,"enemies":"3 Sentries","floor":6,"turns":7},{"damage":5,"enemies":"Lagavulin","floor":8,"turns":5},{"damage":2,"enemies":"Looter","floor":11,"turns":2},{"damage":4,"enemies":"3 Sentries","floor":13,"turns":5},{"damage":24,"enemies":"The Guardian","floor":16,"turns":10},{"damage":7,"enemies":"Shell Parasite","floor":18,"turns":9},{"damage":12,"enemies":"2 Thieves","floor":21,"turns":4},{"damage":39,"enemies":"Snake Plant","floor":24,"turns":5},{"damage":6,"enemies":"Slavers","floor":28,"turns":5},{"damage":0,"enemies":"Snecko","floor":30,"turns":3},{"damage":0,"enemies":"3 Cultists","floor":31,"turns":4},{"damage":33,"enemies":"Collector","floor":33,"turns":8},{"damage":0,"enemies":"3 Shapes","floor":35,"turns":5},{"damage":7,"enemies":"Orb Walker","floor":37,"turns":3},{"damage":0,"enemies":"Mind Bloom Boss Battle","floor":38,"turns":7},{"damage":24,"enemies":"Transient","floor":39,"turns":5},{"damage":22,"enemies":"Writhing Mass","floor":41,"turns":6},{"damage":9,"enemies":"Giant Head","floor":47,"turns":6},{"damage":24,"enemies":"Maw","floor":48,"turns":6},{"damage":45,"enemies":"Donu and Deca","floor":50,"turns":6}],"seed_played":"-5131416257936665417","potions_obtained":[{"floor":4,"key":"SkillPotion"},{"floor":5,"key":"EntropicBrew"},{"floor":8,"key":"BlessingOfTheForge"},{"floor":13,"key":"PotionOfCapacity"},{"floor":28,"key":"Dexterity Potion"},{"floor":30,"key":"Energy Potion"},{"floor":31,"key":"Swift Potion"},{"floor":33,"key":"Weak Potion"},{"floor":35,"key":"GamblersBrew"},{"floor":37,"key":"SteroidPotion"},{"floor":38,"key":"Fruit Juice"},{"floor":39,"key":"Strength Potion"},{"floor":48,"key":"FairyPotion"}],"is_trial":false,"path_per_floor":["M","?","?","M","M","E","R","E","T","R","M","R","E","$","R","B",null,"M","?","?","M","$","R","M","R","T","?","E","R","M","M","R","B",null,"M","?","M","?","M","R","M","R","T","$","T","R","E","M","R","B",null],"character_chosen":"DEFECT","items_purchased":["Creative AI","Reinforced Body","Steam","Loop","Force Field","Transmutation"],"campfire_rested":0,"item_purchase_floors":[14,14,14,44,44,44],"current_hp_per_floor":[73,73,73,73,73,57,57,52,52,52,50,50,46,46,46,36,75,75,61,61,55,55,55,22,22,29,29,37,37,43,53,53,40,87,87,83,80,83,67,67,55,55,55,55,55,55,68,68,68,48],"gold":73,"neow_bonus":"RANDOM_COMMON_RELIC","is_daily":false,"chose_seed":false,"campfire_upgraded":11,"win_rate":0.0,"timestamp":1614153722,"path_taken":["M","?","?","M","M","E","R","E","T","R","M","R","E","$","R","BOSS","M","?","?","M","$","R","M","R","T","?","E","R","M","?","R","BOSS","M","?","M","?","M","R","M","R","T","$","?","R","E","M","R","BOSS"],"items_purchased_type":["Card","Card","Card","Card","Card","Card"],"build_version":"2020-12-22","purchased_purges":2,"victory":true,"max_hp_per_floor":[75,75,75,75,75,75,75,75,75,75,75,75,75,75,75,75,75,75,80,80,80,80,80,80,80,87,87,87,87,87,87,87,87,87,87,83,83,83,83,83,83,83,83,83,83,83,83,83,83,88],"relic_stats":{"Blood Vial":4,"Centennial Puzzle":[51],"Nunchaku":[5],"Inserter":[41],"Shovel":1,"Happy Flower":[30],"counters":[23,119],"Bird Faced Urn":[170],"PreservedInsect":0,"Art of War":[16],"Orichalcum":[18],"obtain_stats":[{"Inserter":17,"Happy Flower":13,"PreservedInsect":49,"Incense Burner":9,"Orichalcum":43,"White Beast Statue":34,"Calling Bell":34,"Blood Vial":47,"Centennial Puzzle":0,"CaptainsWheel":6,"Nunchaku":28,"Shovel":38,"Bird Faced Urn":8,"Strawberry":26,"WingedGreaves":34,"Art of War":34,"Cracked Core":0},{"Inserter":8,"Happy Flower":7,"PreservedInsect":22,"Incense Burner":5,"Orichalcum":20,"White Beast Statue":15,"Calling Bell":15,"Blood Vial":21,"Centennial Puzzle":0,"CaptainsWheel":4,"Nunchaku":12,"Shovel":18,"Bird Faced Urn":5,"Strawberry":11,"WingedGreaves":15,"Art of War":15,"Cracked Core":0},{"Inserter":37,"Happy Flower":27,"PreservedInsect":113,"Incense Burner":20,"Orichalcum":101,"White Beast Statue":75,"Calling Bell":75,"Blood Vial":107,"Centennial Puzzle":0,"CaptainsWheel":15,"Nunchaku":60,"Shovel":90,"Bird Faced Urn":20,"Strawberry":55,"WingedGreaves":75,"Art of War":75,"Cracked Core":0}]},"card_choices":[{"not_picked":["Turbo","Loop"],"picked":"Rip and Tear","floor":1},{"not_picked":["Turbo","Beam Cell"],"picked":"Conserve Battery","floor":4},{"not_picked":["Reprogram","Sweeping Beam"],"picked":"Ball Lightning","floor":5},{"not_picked":["All For One","Hello World"],"picked":"Double Energy","floor":6},{"not_picked":["Redo","Leap"],"picked":"Chill","floor":8},{"not_picked":["Beam Cell","Gash"],"picked":"Turbo","floor":11},{"not_picked":["Turbo","Hologram"],"picked":"Static Discharge","floor":13},{"not_picked":["Fission","Meteor Strike"],"picked":"Echo Form","floor":16},{"not_picked":["Stack","Go for the Eyes+1","Hello World"],"picked":"SKIP","floor":18},{"not_picked":["Turbo","Ball Lightning"],"picked":"Sunder","floor":21},{"not_picked":["Sweeping Beam","Tempest"],"picked":"Storm","floor":24},{"not_picked":["Rebound","Sunder"],"picked":"Coolheaded+1","floor":28},{"not_picked":["Coolheaded","Gash"],"picked":"Glacier+1","floor":30},{"not_picked":["Reprogram","Redo"],"picked":"Leap","floor":31},{"not_picked":["Hyperbeam","Thunder Strike"],"picked":"Electrodynamics","floor":33},{"not_picked":["Cold Snap","Steam+1"],"picked":"Barrage+1","floor":35},{"not_picked":["Ball Lightning","Recycle+1"],"picked":"Force Field","floor":37},{"not_picked":["Doom and Gloom+1","BootSequence"],"picked":"Ball Lightning+1","floor":39},{"not_picked":["Steam+1","Conserve Battery+1"],"picked":"Multi-Cast","floor":41},{"not_picked":["Chill+1","Steam+1","Reprogram+1"],"picked":"SKIP","floor":47},{"not_picked":["Auto Shields","Sweeping Beam+1","Ball Lightning+1"],"picked":"SKIP","floor":48}],"player_experience":59531,"relics_obtained":[{"floor":6,"key":"CaptainsWheel"},{"floor":8,"key":"Bird Faced Urn"},{"floor":9,"key":"Incense Burner"},{"floor":13,"key":"Happy Flower"},{"floor":26,"key":"Strawberry"},{"floor":28,"key":"Nunchaku"},{"floor":34,"key":"Art of War"},{"floor":34,"key":"White Beast Statue"},{"floor":34,"key":"WingedGreaves"},{"floor":38,"key":"Shovel"},{"floor":43,"key":"Orichalcum"},{"floor":47,"key":"Blood Vial"},{"floor":49,"key":"PreservedInsect"}],"event_choices":[{"damage_healed":0,"gold_gain":0,"player_choice":"Ignored","damage_taken":0,"max_hp_gain":0,"max_hp_loss":0,"event_name":"Liars Game","floor":2,"gold_loss":0},{"damage_healed":0,"gold_gain":100,"player_choice":"Pray","damage_taken":0,"max_hp_gain":0,"max_hp_loss":0,"event_name":"Golden Shrine","floor":3,"gold_loss":0},{"damage_healed":0,"gold_gain":0,"player_choice":"Shed Blood","damage_taken":19,"max_hp_gain":5,"max_hp_loss":0,"event_name":"Forgotten Altar","floor":19,"gold_loss":0},{"damage_healed":0,"gold_gain":0,"player_choice":"Read","damage_taken":0,"max_hp_gain":0,"max_hp_loss":0,"event_name":"The Library","floor":20,"gold_loss":0,"cards_obtained":["Defragment"]},{"damage_healed":0,"gold_gain":0,"player_choice":"Upgrade","damage_taken":0,"max_hp_gain":0,"max_hp_loss":0,"event_name":"Designer","floor":27,"gold_loss":40,"cards_upgraded":["Storm"]},{"damage_healed":0,"gold_gain":0,"player_choice":"Max HP","damage_taken":0,"max_hp_gain":0,"max_hp_loss":4,"event_name":"Winding Halls","floor":36,"gold_loss":0},{"damage_healed":0,"gold_gain":0,"player_choice":"Fight","damage_taken":0,"max_hp_gain":0,"max_hp_loss":0,"event_name":"MindBloom","floor":38,"gold_loss":0}],"is_beta":false,"boss_relics":[{"not_picked":["Tiny House","Nuclear Battery"],"picked":"Inserter"},{"not_picked":["Busted Crown","SacredBark"],"picked":"Calling Bell"}],"items_purged_floors":[14,44],"is_endless":false,"potions_floor_spawned":[4,5,8,13,18,28,30,31,33,35,37,38,39,41,47,48],"ascension_level":4}}