{"host":"xgqwa2cjscfjjyjh","time":1614202831,"event":{"mods":["BaseMod","BetterRewards","Colored Powertips","Minty Spire (QoL Compilation)","Permanent Neow"],"gold_per_floor":[116,116,82,93,93,118,118,135,135,151,186,212,237,293,293,389,389,400,448,478,478,492,520,554,554,554,571,571,671,671,684,684,787,787,806,806,824,824,837,837,862,862,862,895,895,895,592,592,592,592,592,592,528,560,560],"floor_reached":56,"language":"ENG","playtime":1960,"items_purged":["Defend_G","Defend_G","Defend_G","Defend_G","Defend_G","Strike_G","Strike_G","Strike_G","Strike_G","Strike_G","HandOfGreed","Survivor","Deadly Poison","Bane"],"score":1900,"play_id":"cd5cbffc-3b64-48f7-8212-eef47d0c8db4","local_time":"20210224154031","is_ascension_mode":true,"campfire_choices":[{"data":"1","floor":7,"key":"LIFT"},{"floor":15,"key":"RECALL"},{"data":"2","floor":30,"key":"LIFT"},{"data":"3","floor":32,"key":"LIFT"},{"data":"Catalyst","floor":40,"key":"SMITH"},{"data":"Dramatic Entrance+1","floor":42,"key":"PURGE"},{"data":"Noxious Fumes","floor":49,"key":"PURGE"},{"data":"Prepared+1","floor":52,"key":"PURGE"}],"circlet_count":2,"master_deck":["Catalyst+1","Bane+1","Apotheosis+1","Dodge and Roll+1","Backflip+1","Deadly Poison+1","Dodge and Roll+1","Impatience+1","Deadly Poison+1","Catalyst+1","Poisoned Stab","Catalyst+1","Noxious Fumes","Dodge and Roll+1","Noxious Fumes","Bouncing Flask+1","Bane","Adrenaline+1","Crippling Poison+1","Backflip+1","Acrobatics+1","Deadly Poison+1","Bane+1","Catalyst+1","Corpse Explosion+1","Infinite Blades+1","Bane+1"],"relics":["Ring of the Snake","Bird Faced Urn","Kunai","TungstenRod","Membership Card","Sundial","Du-Vu Doll","Pear","HandDrill","Toy Ornithopter","Tingsha","HornCleat","Strange Spoon","InkBottle","Dead Branch","Tiny Chest","Ancient Tea Set","Incense Burner","Boot","Medical Kit","Tough Bandages","Girya","Bag of Preparation","Paper Crane","Torii","Anchor","Potion Belt","TheAbacus","Lizard Tail","Toxic Egg 2","Matryoshka","TwistedFunnel","Mango","Ornamental Fan","Peace Pipe","WingedGreaves","The Specimen","StoneCalendar","CaptainsWheel","Letter Opener","Thread and Needle","Pen Nib","Ice Cream","Nunchaku","Unceasing Top","Gambling Chip","Lantern","FossilizedHelix","Oddly Smooth Stone","Prayer Wheel","Singing Bowl","Happy Flower","Pocketwatch","Vajra","Whetstone","Omamori","Juzu Bracelet","Centennial Puzzle","Question Card","Pantograph","Odd Mushroom","Velvet Choker","MealTicket","Red Mask","Eternal Feather","Shuriken","Nilry\u0027s Codex","Circlet","Smiling Mask","Frozen Egg 2","Runic Dome","WarpedTongs","White Beast Statue","Ninja Scroll","Orichalcum","Snake Skull","Molten Egg 2","Mummified Hand","War Paint"],"acts_visited":["Exordium","TheCity","TheBeyond","TheEnding"],"potions_floor_usage":[],"damage_taken":[{"damage":0,"enemies":"Small Slimes","floor":1,"turns":1},{"damage":0,"enemies":"Cultist","floor":4,"turns":1},{"damage":0,"enemies":"3 Sentries","floor":6,"turns":1},{"damage":0,"enemies":"Jaw Worm","floor":8,"turns":1},{"damage":0,"enemies":"2 Fungi Beasts","floor":10,"turns":1},{"damage":0,"enemies":"Gremlin Nob","floor":11,"turns":1},{"damage":0,"enemies":"Lagavulin","floor":12,"turns":2},{"damage":0,"enemies":"The Mushroom Lair","floor":13,"turns":1},{"damage":24,"enemies":"Hexaghost","floor":16,"turns":3},{"damage":0,"enemies":"Spheric Guardian","floor":18,"turns":1},{"damage":0,"enemies":"Masked Bandits","floor":20,"turns":2},{"damage":0,"enemies":"Chosen","floor":22,"turns":1},{"damage":0,"enemies":"Gremlin Leader","floor":23,"turns":2},{"damage":0,"enemies":"Slavers","floor":24,"turns":1},{"damage":0,"enemies":"Shelled Parasite and Fungi","floor":27,"turns":2},{"damage":0,"enemies":"Colosseum Slavers","floor":29,"turns":1},{"damage":0,"enemies":"Colosseum Nobs","floor":29,"turns":2},{"damage":0,"enemies":"Chosen and Byrds","floor":31,"turns":2},{"damage":0,"enemies":"Automaton","floor":33,"turns":2},{"damage":0,"enemies":"3 Shapes","floor":35,"turns":2},{"damage":0,"enemies":"3 Darklings","floor":37,"turns":2},{"damage":0,"enemies":"Transient","floor":39,"turns":2},{"damage":0,"enemies":"Nemesis","floor":41,"turns":1},{"damage":0,"enemies":"Reptomancer","floor":44,"turns":1},{"damage":0,"enemies":"Awakened One","floor":50,"turns":4},{"damage":0,"enemies":"Shield and Spear","floor":54,"turns":2},{"damage":0,"enemies":"The Heart","floor":55,"turns":4}],"seed_played":"9145512515196867712","potions_obtained":[{"floor":6,"key":"Poison Potion"},{"floor":8,"key":"BlessingOfTheForge"},{"floor":10,"key":"Poison Potion"},{"floor":12,"key":"Fire Potion"},{"floor":18,"key":"CunningPotion"}],"is_trial":false,"path_per_floor":["M","?","$","M","T","E","R","M","T","M","E","E","?","?","R","B",null,"M","T","?","?","M","E","E","?","T","M","T","?","R","M","R","B",null,"M","?","M","?","M","R","E","R","T","E","T","?","$","?","R","B",null,"R","$","E","B",null],"character_chosen":"THE_SILENT","items_purchased":["Bane","Kunai","Catalyst","Membership Card","Sundial","Pear","HandDrill","Toy Ornithopter","HornCleat","Strange Spoon","InkBottle","Tiny Chest","Ancient Tea Set","Deadly Poison","Bane","Boot","Medical Kit","Tough Bandages","Bag of Preparation","Paper Crane","Anchor","Potion Belt","TheAbacus","HandOfGreed","Toxic Egg 2","Matryoshka","TwistedFunnel","Prepared+1","Apotheosis+1","Dramatic Entrance","Ornamental Fan","Dodge and Roll+1","WingedGreaves","StoneCalendar","Violence+1","Backflip+1","Letter Opener","Poisoned Stab","Pen Nib","Deadly Poison+1","Noxious Fumes","Nunchaku","Dodge and Roll+1","Impatience+1","Lantern","Deadly Poison+1","Oddly Smooth Stone","Singing Bowl","Catalyst+1","Happy Flower","Poisoned Stab","Catalyst+1","Vajra","Noxious Fumes","Noxious Fumes","Molten Egg 2","Mummified Hand","Bane+1"],"campfire_rested":0,"item_purchase_floors":[0,0,0,0,0,0,0,0,0,0,0,0,0,0,0,0,0,0,0,0,0,0,0,0,0,0,0,0,0,0,0,0,0,0,0,0,0,0,0,0,0,0,0,0,0,0,0,0,0,0,0,0,0,0,3,47,47,53],"current_hp_per_floor":[96,96,96,98,98,98,98,98,98,102,102,102,104,104,104,82,106,110,110,110,110,110,112,114,102,102,104,104,106,116,120,120,120,120,124,124,128,128,132,132,134,134,134,136,136,136,136,136,136,136,136,136,136,138,138],"gold":560,"neow_bonus":"","is_daily":false,"chose_seed":false,"campfire_upgraded":1,"win_rate":0.0,"timestamp":1614202831,"path_taken":["M","?","?","?","?","E","R","?","T","M","E","E","?","?","R","BOSS","M","?","?","?","M","E","E","?","T","M","?","?","R","M","R","BOSS","M","?","M","?","M","R","E","R","T","E","?","?","?","?","R","BOSS","R","$","E","BOSS"],"items_purchased_type":["Card","Relic","Card","Relic","Relic","Relic","Relic","Relic","Relic","Relic","Relic","Relic","Relic","Card","Card","Relic","Relic","Relic","Relic","Relic","Relic","Relic","Relic","Card","Relic","Relic","Relic","Card","Card","Card","Relic","Card","Relic","Relic","Card","Card","Relic","Card","Relic","Card","Card","Relic","Card","Card","Relic","Card","Relic","Relic","Card","Relic","Card","Card","Relic","Card","Card","Relic","Relic","Card"],"build_version":"2020-12-22","purchased_purges":14,"victory":true,"max_hp_per_floor":[96,96,96,98,98,98,98,98,98,102,102,102,104,104,104,106,106,110,110,110,110,110,112,114,114,114,116,116,116,116,120,120,120,120,124,124,128,128,132,132,134,134,134,136,136,136,136,136,136,136,136,136,136,138,138],"card_choices":[{"not_picked":["PiercingWail+1","Dagger Throw","Backflip+1"],"picked":"Singing Bowl","floor":1},{"not_picked":["Sucker Punch","Bane"],"picked":"Dodge and Roll+1","floor":1},{"not_picked":["Underhanded Strike","Dagger Spray","Outmaneuver+1"],"picked":"Singing Bowl","floor":4},{"not_picked":["Endless Agony","Deadly Poison+1"],"picked":"Bouncing Flask+1","floor":4},{"not_picked":["Reflex+1","Expertise+1"],"picked":"Bane","floor":6},{"not_picked":["Predator","Slice"],"picked":"Adrenaline+1","floor":8},{"not_picked":["Distraction+1","Quick Slash"],"picked":"Poisoned Stab","floor":8},{"not_picked":["Noxious Fumes","Slice","Underhanded Strike"],"picked":"Singing Bowl","floor":10},{"not_picked":["Blade Dance+1","Caltrops","Dagger Throw"],"picked":"Singing Bowl","floor":10},{"not_picked":["Dodge and Roll+1","Glass Knife"],"picked":"Crippling Poison+1","floor":11},{"not_picked":["Outmaneuver+1","Deadly Poison+1","Sucker Punch"],"picked":"Backflip+1","floor":12},{"not_picked":["Footwork","Dodge and Roll+1","Bane","Envenom"],"picked":"Singing Bowl","floor":13},{"not_picked":["After Image","Unload","Die Die Die","Night Terror+1"],"picked":"Singing Bowl","floor":16},{"not_picked":["Sucker Punch","Calculated Gamble+1","Heel Hook+1","Quick Slash"],"picked":"Singing Bowl","floor":18},{"not_picked":["Eviscerate","Choke+1","Dash","Dagger Spray+1"],"picked":"Singing Bowl","floor":18},{"not_picked":["Outmaneuver+1","Dagger Throw+1","Dash"],"picked":"Acrobatics+1","floor":20},{"not_picked":["Acrobatics+1","Terror+1","Dagger Spray"],"picked":"Deadly Poison+1","floor":22},{"not_picked":["Tactician+1","All Out Attack","Sucker Punch","Deflect+1"],"picked":"SKIP","floor":22},{"not_picked":["Predator+1","Crippling Poison+1","A Thousand Cuts","Deflect+1"],"picked":"Singing Bowl","floor":23},{"not_picked":["Bouncing Flask+1","Escape Plan+1","Heel Hook+1","Flying Knee"],"picked":"Singing Bowl","floor":24},{"not_picked":["Leg Sweep+1","Acrobatics+1","Slice"],"picked":"Bane+1","floor":27},{"not_picked":["Eviscerate","Sucker Punch","Backstab","Deflect+1"],"picked":"Singing Bowl","floor":27},{"not_picked":["Deflect+1","Noxious Fumes+1","Dagger Spray"],"picked":"Catalyst+1","floor":29},{"not_picked":["Acrobatics+1","Deflect+1","Doppelganger+1","Slice"],"picked":"Singing Bowl","floor":31},{"not_picked":["Outmaneuver+1","Dagger Throw","Backflip+1","Poisoned Stab"],"picked":"Singing Bowl","floor":31},{"not_picked":["A Thousand Cuts+1","Adrenaline+1","Tools of the Trade+1"],"picked":"Corpse Explosion+1","floor":33},{"not_picked":["Bouncing Flask+1","Calculated Gamble+1","Deflect+1","Flying Knee+1"],"picked":"Singing Bowl","floor":35},{"not_picked":["Poisoned Stab+1","Dagger Spray+1","Underhanded Strike+1","Predator"],"picked":"Singing Bowl","floor":35},{"not_picked":["Deflect+1","Bullet Time+1","Poisoned Stab","Tactician+1"],"picked":"Singing Bowl","floor":37},{"not_picked":["Deadly Poison+1","Underhanded Strike","PiercingWail+1","Escape Plan+1"],"picked":"Singing Bowl","floor":37},{"not_picked":["Dagger Spray","Masterful Stab+1","Calculated Gamble+1","PiercingWail+1"],"picked":"Singing Bowl","floor":39},{"not_picked":["Slice+1","Blade Dance+1","Underhanded Strike+1","Well Laid Plans+1"],"picked":"Singing Bowl","floor":39},{"not_picked":["Dash","Dodge and Roll+1","Reflex+1","Choke+1"],"picked":"Singing Bowl","floor":41},{"not_picked":["Flying Knee","Poisoned Stab","Tactician+1","Leg Sweep+1"],"picked":"Singing Bowl","floor":44},{"not_picked":["Malaise+1","Reflex+1","Acrobatics+1","Die Die Die+1"],"picked":"Singing Bowl","floor":54}],"player_experience":53270,"relics_obtained":[{"floor":5,"key":"Whetstone"},{"floor":6,"key":"Omamori"},{"floor":9,"key":"Juzu Bracelet"},{"floor":9,"key":"Centennial Puzzle"},{"floor":11,"key":"Question Card"},{"floor":12,"key":"Pantograph"},{"floor":13,"key":"Odd Mushroom"},{"floor":19,"key":"MealTicket"},{"floor":20,"key":"Red Mask"},{"floor":23,"key":"Eternal Feather"},{"floor":24,"key":"Shuriken"},{"floor":25,"key":"Nilry\u0027s Codex"},{"floor":26,"key":"Circlet"},{"floor":28,"key":"Smiling Mask"},{"floor":29,"key":"Circlet"},{"floor":29,"key":"Frozen Egg 2"},{"floor":41,"key":"White Beast Statue"},{"floor":43,"key":"Ninja Scroll"},{"floor":44,"key":"Orichalcum"},{"floor":45,"key":"Snake Skull"},{"floor":54,"key":"War Paint"}],"event_choices":[{"cards_removed":["Violence"],"damage_healed":0,"gold_gain":0,"player_choice":"Purged","damage_taken":0,"max_hp_gain":0,"max_hp_loss":0,"event_name":"Purifier","floor":2,"gold_loss":0},{"damage_healed":0,"gold_gain":0,"player_choice":"Fought Mushrooms","damage_taken":0,"max_hp_gain":0,"max_hp_loss":0,"event_name":"Mushrooms","floor":13,"gold_loss":0},{"damage_healed":0,"gold_gain":56,"player_choice":"Gained Gold","damage_taken":0,"max_hp_gain":0,"max_hp_loss":0,"event_name":"Golden Wing","floor":14,"gold_loss":0},{"damage_healed":0,"gold_gain":0,"player_choice":"Fought Bandits","damage_taken":0,"max_hp_gain":0,"max_hp_loss":0,"event_name":"Masked Bandits","floor":20,"gold_loss":0},{"cards_removed":["Neutralize"],"damage_healed":0,"gold_gain":0,"player_choice":"Elegance","damage_taken":0,"max_hp_gain":0,"max_hp_loss":0,"event_name":"Back to Basics","floor":21,"gold_loss":0},{"damage_healed":0,"gold_gain":0,"player_choice":"Obtained Book","damage_taken":16,"max_hp_gain":0,"max_hp_loss":0,"event_name":"Cursed Tome","floor":25,"gold_loss":0},{"damage_healed":0,"gold_gain":0,"player_choice":"Fight","damage_taken":0,"max_hp_gain":0,"max_hp_loss":0,"event_name":"Colosseum","floor":29,"gold_loss":0},{"damage_healed":0,"gold_gain":0,"player_choice":"Fought Nobs","damage_taken":0,"max_hp_gain":0,"max_hp_loss":0,"event_name":"Colosseum","floor":29,"gold_loss":0},{"cards_removed":["Poisoned Stab"],"damage_healed":0,"gold_gain":0,"player_choice":"Removed Attack","damage_taken":0,"max_hp_gain":0,"max_hp_loss":0,"event_name":"Falling","floor":36,"gold_loss":0},{"damage_healed":0,"gold_gain":0,"player_choice":"Rummage","damage_taken":0,"relics_obtained":["WarpedTongs"],"max_hp_gain":0,"max_hp_loss":0,"event_name":"Accursed Blacksmith","floor":38,"gold_loss":0,"cards_obtained":["Pain"]},{"damage_healed":0,"gold_gain":0,"cards_transformed":["Poisoned Stab"],"player_choice":"Transformed","damage_taken":0,"max_hp_gain":0,"max_hp_loss":0,"event_name":"Transmorgrifier","floor":46,"gold_loss":0,"cards_obtained":["Infinite Blades"]},{"damage_healed":0,"gold_gain":0,"player_choice":"Ignored","damage_taken":0,"max_hp_gain":0,"max_hp_loss":0,"event_name":"Mysterious Sphere","floor":48,"gold_loss":0}],"is_beta":false,"boss_relics":[{"not_picked":["HoveringKite","Runic Pyramid"],"picked":"Velvet Choker"},{"not_picked":["WristBlade","Calling Bell"],"picked":"Runic Dome"}],"items_purged_floors":[0,0,0,0,0,0,0,0,0,0,0,0,47,53],"is_endless":false,"potions_floor_spawned":[6,8,10,12,18,29,29,31,33,35,37,41,44,54],"ascension_level":1}}