{"host":"n5s5ra9ho7zqf9wm","time":1614155750,"event":{"mods":["Alarm Clock","Ascension Reborn","Aspiration","BaseMod","Better Altar","Better Note","Better Sensory Stone","Better Third Choice","Better Vampires","BetterRewards","Block Reminder","Card Forge","Colored Powertips","Curses Come First","Decade(王小明)","Displayed Cursed Tome","Grow up Mod","Hubris","Infinite Spire","Jedi Mod","Marisa（F雨　魔理沙）","Minty Spire (QoL Compilation)","Nova Terra(诺娃・泰拉)","Quick Restart","Rare Cards Sparkle","Red Circlet Mod","Relic Stats","Reliquary","Remove Card Discount Mod","Replay The Spire","Ryuuou龙王","SIMod","Say the Spire","Shop Mod","Spicy Shops","StSLib","TestMod","The Alterego","The Animator","The Construct","The Cursed","The Disciple","The Marked","The Mystic","The Runesmith","The Servant 0.9.4","Waifu the Spire","[JumpMod]舞动尖塔","【功能Mod】聪明的最终Boss","【遗物卡牌】REMEMod","篝火指南"],"gold_per_floor":[118,127,157,184,210,250,84,87,87],"floor_reached":8,"language":"ZHS","playtime":455,"items_purged":[],"score":162,"play_id":"aefc7c4d-730c-4c25-848f-7296812fc78d","local_time":"20210224163550","is_ascension_mode":true,"campfire_choices":[],"circlet_count":0,"master_deck":["AscendersBane","Strike_B","Strike_B","Strike_B","Strike_B","Defend_B","Defend_B","Defend_B","Defend_B","Zap","Dualcast","DeusExMachina","Streamline","Redo","Inflame+1","ReplaySort","REME_Compress","Zap","jedi:BurstDark","Crystallizer","Coolheaded"],"relics":["Cracked Core","Hammer of Thor","Seething Fire","Anvil of the Gods","HowToJump","testmod-TestBox","REME_ComplimentaryCards","testmod-CyclicPeriapt","testmod-Acrobat","MerchantsRug","Ice Cream","reliquary:LoveEmittingDiode","reliquary:FingerTrap","infinitespire:Beetle Shell","CeramicFish","aspiration:StickyExplosives_weak","reliquary:PorcupineQuills"],"acts_visited":["Exordium"],"potions_floor_usage":[],"damage_taken":[{"damage":8,"enemies":"2 Louse","floor":1,"turns":2},{"damage":0,"enemies":"Cultist","floor":3,"turns":2},{"damage":6,"enemies":"Small Slimes","floor":5,"turns":2},{"damage":57,"enemies":"Gremlin Nob","floor":6,"turns":5},{"damage":32,"enemies":"Lagavulin","floor":8,"turns":3}],"seed_played":"6451302596036510016","potions_obtained":[{"floor":1,"key":"DuplicationPotion"}],"is_trial":false,"path_per_floor":["M","?","M","?","M","E","R","E"],"character_chosen":"DEFECT","items_purchased":["testmod-Acrobat","MerchantsRug","Streamline","Ice Cream","reliquary:LoveEmittingDiode","reliquary:FingerTrap","infinitespire:Beetle Shell","reliquary:PorcupineQuills"],"campfire_rested":0,"item_purchase_floors":[0,0,0,0,0,0,0,7],"current_hp_per_floor":[34,36,46,56,60,13,23,0,0],"gold":87,"neow_bonus":"","is_daily":false,"chose_seed":false,"campfire_upgraded":0,"win_rate":0.0,"timestamp":1614155750,"path_taken":["M","?","M","?","?","E","R","E"],"items_purchased_type":["Relic","Relic","Card","Relic","Relic","Relic","Relic","Relic"],"build_version":"2020-12-22","purchased_purges":0,"victory":false,"max_hp_per_floor":[86,96,106,116,126,136,146,146,146],"relic_stats":{"counters":[31,130],"CeramicFish":63,"obtain_stats":[{"Ice Cream":0,"CeramicFish":2,"Hammer of Thor":0,"hubris:MysteriousPyramids":32,"Replay:Rubber Ducky":10,"FrozenCore":17,"aspiration:StickyExplosives_weak":6,"TheAbacus":15,"hubris:Icosahedron":31,"jedi:firstaidkit":25,"aspiration:AnachronicSnailShell":40,"reliquary:RoseTintedGlasses":14,"reliquary:FingerTrap":0,"Cracked Core":0,"Ring of the Snake":0,"testmod-Maize":0,"Girya":3,"MerchantsRug":7,"Runesmith:Nanobots":43,"testmod-TestBox":0,"reliquary:LoveEmittingDiode":0,"HowToJump":0,"aspiration:Nostalgia":0,"testmod-Register":32,"hubris:SoftwareUpdate":47,"infinitespire:Beetle Shell":0,"Seething Fire":0,"testmod-TurbochargingSystem":42,"hubris:Towel":20,"SlaversCollar":34,"reliquary:PorcupineQuills":23,"Anvil of the Gods":0,"testmod-Acrobat":0,"Molten Egg 2":2,"ReplayTheSpireMod:TigerMarble":30,"ReplayTheSpireMod:Ring of Challenge":19,"REME_PuzzleBoxRelic":36,"Unceasing Top":6,"REME_ComplimentaryCards":0,"infinitespire:Midas Blood":26},{"Ice Cream":26,"CeramicFish":27,"Hammer of Thor":0,"hubris:MysteriousPyramids":17,"Replay:Rubber Ducky":6,"FrozenCore":10,"aspiration:StickyExplosives_weak":30,"TheAbacus":9,"hubris:Icosahedron":17,"jedi:firstaidkit":16,"aspiration:AnachronicSnailShell":22,"reliquary:RoseTintedGlasses":9,"reliquary:FingerTrap":26,"Cracked Core":0,"Ring of the Snake":0,"testmod-Maize":0,"Girya":1,"MerchantsRug":4,"Runesmith:Nanobots":22,"testmod-TestBox":0,"reliquary:LoveEmittingDiode":26,"HowToJump":0,"aspiration:Nostalgia":0,"testmod-Register":17,"hubris:SoftwareUpdate":24,"infinitespire:Beetle Shell":26,"Seething Fire":0,"testmod-TurbochargingSystem":22,"hubris:Towel":11,"SlaversCollar":18,"reliquary:PorcupineQuills":14,"Anvil of the Gods":0,"testmod-Acrobat":26,"Molten Egg 2":1,"ReplayTheSpireMod:TigerMarble":17,"ReplayTheSpireMod:Ring of Challenge":11,"REME_PuzzleBoxRelic":19,"Unceasing Top":4,"REME_ComplimentaryCards":0,"infinitespire:Midas Blood":16},{"Ice Cream":116,"CeramicFish":118,"Hammer of Thor":0,"hubris:MysteriousPyramids":71,"Replay:Rubber Ducky":36,"FrozenCore":55,"aspiration:StickyExplosives_weak":127,"TheAbacus":42,"hubris:Icosahedron":71,"jedi:firstaidkit":69,"aspiration:AnachronicSnailShell":87,"reliquary:RoseTintedGlasses":42,"reliquary:FingerTrap":116,"Cracked Core":0,"Ring of the Snake":0,"testmod-Maize":0,"Girya":5,"MerchantsRug":19,"Runesmith:Nanobots":87,"testmod-TestBox":0,"reliquary:LoveEmittingDiode":116,"HowToJump":0,"aspiration:Nostalgia":0,"testmod-Register":71,"hubris:SoftwareUpdate":95,"infinitespire:Beetle Shell":116,"Seething Fire":0,"testmod-TurbochargingSystem":87,"hubris:Towel":57,"SlaversCollar":73,"reliquary:PorcupineQuills":63,"Anvil of the Gods":0,"testmod-Acrobat":116,"Molten Egg 2":5,"ReplayTheSpireMod:TigerMarble":71,"ReplayTheSpireMod:Ring of Challenge":57,"REME_PuzzleBoxRelic":75,"Unceasing Top":19,"REME_ComplimentaryCards":0,"infinitespire:Midas Blood":69}]},"card_choices":[{"not_picked":["Barrage","jedi:BurstLightning"],"picked":"Redo","floor":1},{"not_picked":["Rebound","Beam Cell"],"picked":"ReplaySort","floor":3},{"not_picked":["jedi:blockon","Loop"],"picked":"Crystallizer","floor":5},{"not_picked":["Darkness","Panic Button"],"picked":"Coolheaded","floor":6}],"player_experience":74470,"relics_obtained":[{"floor":6,"key":"aspiration:StickyExplosives_weak"}],"event_choices":[{"damage_healed":0,"gold_gain":0,"player_choice":"3 cards matched","damage_taken":0,"max_hp_gain":0,"max_hp_loss":0,"event_name":"Match and Keep!","floor":4,"gold_loss":0,"cards_obtained":["REME_Compress","Zap","jedi:BurstDark"]}],"is_beta":false,"boss_relics":[],"items_purged_floors":[],"is_endless":false,"potions_floor_spawned":[1],"killed_by":"Lagavulin","ascension_level":20}}