{"host":"wbn3xdfsa5pc2kse","time":1614182136,"event":{"mods":["AchievementEnabler","BaseMod","Bestiary","Colored Map","Colored Powertips","Curses Come First","Highlight Path","Minty Spire (QoL Compilation)","Permanent Neow","Rare Cards Sparkle","Relic Stats","StSLib"],"gold_per_floor":[368,368,29,48,63,94,107,32,32,32,42,14,30,48,48,121,121,140,121,121,132,48,73,273,293,320,333,333,333,333],"floor_reached":29,"language":"ZHT","playtime":1193,"items_purged":["Strike_R"],"score":493,"play_id":"bb79e029-8f61-418b-af5f-43dea32c6824","local_time":"20210224235536","is_ascension_mode":true,"campfire_choices":[{"data":"Bash","floor":15.0,"key":"SMITH"},{"data":"Juggernaut","floor":28.0,"key":"SMITH"}],"circlet_count":0,"master_deck":["AscendersBane","Strike_R","Strike_R","Defend_R","Defend_R","Defend_R","Defend_R","Bash+1","Blood for Blood","Clothesline","Combust","Hemokinesis","True Grit+1","Metallicize","Havoc+1","Shrug It Off+1","Shrug It Off+1","Juggernaut+1","Disarm+1","Feel No Pain","Shrug It Off+1","Flame Barrier+1","Immolate","Bloodletting+1","Iron Wave+1"],"relics":["Burning Blood","Toxic Egg 2","Meat on the Bone","Self Forming Clay","Question Card","Black Star","Ancient Tea Set","Eternal Feather","Tiny Chest"],"acts_visited":["Exordium","TheCity"],"potions_floor_usage":[],"damage_taken":[{"damage":0.0,"enemies":"Small Slimes","floor":1.0,"turns":3.0},{"damage":11.0,"enemies":"Cultist","floor":4.0,"turns":4.0},{"damage":7.0,"enemies":"2 Louse","floor":5.0,"turns":4.0},{"damage":30.0,"enemies":"Gremlin Nob","floor":6.0,"turns":5.0},{"damage":21.0,"enemies":"Exordium Thugs","floor":7.0,"turns":6.0},{"damage":4.0,"enemies":"Large Slime","floor":11.0,"turns":6.0},{"damage":14.0,"enemies":"Lots of Slimes","floor":13.0,"turns":4.0},{"damage":2.0,"enemies":"Blue Slaver","floor":14.0,"turns":5.0},{"damage":14.0,"enemies":"Hexaghost","floor":16.0,"turns":12.0},{"damage":12.0,"enemies":"3 Byrds","floor":18.0,"turns":6.0},{"damage":17.0,"enemies":"2 Thieves","floor":19.0,"turns":4.0},{"damage":20.0,"enemies":"Sentry and Sphere","floor":21.0,"turns":6.0},{"damage":8.0,"enemies":"Book of Stabbing","floor":23.0,"turns":6.0},{"damage":15.0,"enemies":"Centurion and Healer","floor":25.0,"turns":7.0},{"damage":28.0,"enemies":"Cultist and Chosen","floor":27.0,"turns":8.0},{"damage":58,"enemies":"Gremlin Leader","floor":29,"turns":6}],"seed_played":"6064211439098536080","potions_obtained":[{"floor":1.0,"key":"Block Potion"},{"floor":4.0,"key":"Weak Potion"},{"floor":7.0,"key":"Regen Potion"},{"floor":13.0,"key":"Fire Potion"},{"floor":16.0,"key":"DistilledChaos"},{"floor":19.0,"key":"BlessingOfTheForge"},{"floor":21.0,"key":"Energy Potion"}],"is_trial":false,"path_per_floor":["M","?","$","M","M","E","M","$","T","?","M","$","M","M","R","B",null,"M","M","?","M","$","E","?","M","T","M","R","E"],"character_chosen":"IRONCLAD","items_purchased":["Toxic Egg 2","Explosive Potion","Havoc+1","Flame Barrier+1"],"campfire_rested":0,"item_purchase_floors":[3,3,12,22],"current_hp_per_floor":[56,56,56,51,50,26,23,23,23,23,37,37,53,57,57,49,69,63,52,52,50,50,48,48,51,51,41,56,0,0],"gold":333,"neow_bonus":"TWO_FIFTY_GOLD","is_daily":false,"chose_seed":false,"campfire_upgraded":2,"win_rate":0.0,"timestamp":1614182136,"path_taken":["M","?","$","M","M","E","M","?","T","?","M","$","M","M","R","BOSS","M","M","?","M","?","E","?","M","T","M","R","E"],"items_purchased_type":["Relic","Potion","Card","Card"],"build_version":"2020-12-22","purchased_purges":1,"victory":false,"max_hp_per_floor":[75,75,75,75,75,75,75,75,75,75,75,75,75,75,75,75,75,75,75,75,75,75,75,75,75,75,75,75,75,75],"relic_stats":{"counters":[16,92],"Self Forming Clay":[171],"Eternal Feather":15,"Tiny Chest":0,"Black Star":1,"Question Card":10,"obtain_stats":[{"Self Forming Clay":9,"Eternal Feather":23,"Tiny Chest":26,"Black Star":17,"Toxic Egg 2":3,"Question Card":10,"Ancient Tea Set":23,"Burning Blood":0,"Meat on the Bone":6},{"Self Forming Clay":5,"Eternal Feather":13,"Tiny Chest":14,"Black Star":9,"Toxic Egg 2":1,"Question Card":5,"Ancient Tea Set":13,"Burning Blood":0,"Meat on the Bone":4},{"Self Forming Clay":22,"Eternal Feather":71,"Tiny Chest":78,"Black Star":49,"Toxic Egg 2":3,"Question Card":22,"Ancient Tea Set":71,"Burning Blood":0,"Meat on the Bone":16}],"Burning Blood":90,"Meat on the Bone":72},"card_choices":[{"not_picked":["Havoc","Cleave"],"picked":"Blood for Blood","floor":1.0},{"not_picked":["Iron Wave","Heavy Blade"],"picked":"Clothesline","floor":4.0},{"not_picked":["Feel No Pain","Body Slam"],"picked":"Combust","floor":5.0},{"not_picked":["Evolve","Cleave"],"picked":"Hemokinesis","floor":6.0},{"not_picked":["Seeing Red+1","Twin Strike"],"picked":"True Grit+1","floor":7.0},{"not_picked":["Sword Boomerang","Clash","Dark Embrace"],"picked":"Metallicize","floor":11.0},{"not_picked":["Sentinel+1","Anger","Brutality"],"picked":"Shrug It Off+1","floor":13.0},{"not_picked":["Clothesline","Thunderclap","Ghostly Armor+1"],"picked":"Shrug It Off+1","floor":14.0},{"not_picked":["Impervious+1","Reaper","Fiend Fire"],"picked":"Juggernaut","floor":16.0},{"not_picked":["Hemokinesis","Heavy Blade","Whirlwind"],"picked":"Disarm+1","floor":18.0},{"not_picked":["Bloodletting+1","True Grit+1","Disarm+1"],"picked":"Feel No Pain","floor":19.0},{"not_picked":["Rampage","Heavy Blade","Perfected Strike+1"],"picked":"Shrug It Off+1","floor":21.0},{"not_picked":["Carnage","Cleave","Spot Weakness+1"],"picked":"Immolate","floor":23.0},{"not_picked":["Uppercut+1","Metallicize","Armaments+1"],"picked":"Bloodletting+1","floor":25.0},{"not_picked":["Clothesline+1","Anger","Armaments+1"],"picked":"Iron Wave+1","floor":27.0}],"player_experience":873627,"relics_obtained":[{"floor":6.0,"key":"Meat on the Bone"},{"floor":9.0,"key":"Self Forming Clay"},{"floor":23.0,"key":"Ancient Tea Set"},{"floor":23.0,"key":"Eternal Feather"},{"floor":26.0,"key":"Tiny Chest"}],"event_choices":[{"cards_removed":["Strike_R"],"damage_healed":0.0,"max_hp_gain":0.0,"max_hp_loss":0.0,"gold_gain":0.0,"event_name":"Purifier","player_choice":"Purged","floor":2.0,"gold_loss":0.0,"damage_taken":0.0},{"damage_healed":0.0,"max_hp_gain":0.0,"max_hp_loss":0.0,"gold_gain":0.0,"event_name":"Dead Adventurer","player_choice":"Searched \u00271\u0027 times","floor":10.0,"gold_loss":0.0,"damage_taken":0.0,"relics_obtained":["Question Card"]},{"cards_removed":["Strike_R"],"damage_healed":0.0,"max_hp_gain":0.0,"max_hp_loss":0.0,"gold_gain":0.0,"event_name":"Purifier","player_choice":"Purged","floor":20.0,"gold_loss":0.0,"damage_taken":0.0},{"damage_healed":0.0,"max_hp_gain":0.0,"max_hp_loss":0.0,"gold_gain":250.0,"event_name":"The Joust","player_choice":"Bet on Owner","floor":24.0,"gold_loss":50.0,"damage_taken":0.0}],"is_beta":false,"boss_relics":[{"not_picked":["Mark of Pain","Empty Cage"],"picked":"Black Star"}],"items_purged_floors":[8],"is_endless":false,"potions_floor_spawned":[1,4,7,13,16,19,21],"killed_by":"Gremlin Leader","ascension_level":16}}