{"host":"89iuq2p5kwriuwfq","time":1614177428,"event":{"mods":["BaseMod","Curses Come First","Custom Start","Minty Spire (QoL Compilation)","Permanent Neow","StSLib"],"gold_per_floor":[109,125,125,50,50,80,80,117,187,213,228,228,257,50,50,133,133,160,171,198,148,161,161,161],"floor_reached":23,"language":"ENG","playtime":1265,"items_purged":[],"score":365,"play_id":"1edc6214-83e7-4e44-8cd0-8029f2a223c4","local_time":"20210224143708","is_ascension_mode":true,"campfire_choices":[{"data":"Devotion","floor":7.0,"key":"SMITH"},{"data":"Worship","floor":12.0,"key":"SMITH"},{"floor":15.0,"key":"REST"}],"circlet_count":0,"master_deck":["AscendersBane","Strike_P","Strike_P","Strike_P","Defend_P","Defend_P","Eruption","Vigilance","Devotion+1","LikeWater","Worship+1","WheelKick","Pray","FlyingSleeves","Devotion+1","Prostrate","SpiritShield","CarveReality","FlurryOfBlows"],"relics":["PureWater","Lantern","CeramicFish","Letter Opener","SlaversCollar"],"acts_visited":["Exordium","TheCity"],"potions_floor_usage":[23],"damage_taken":[{"damage":9.0,"enemies":"2 Louse","floor":1.0,"turns":2.0},{"damage":0.0,"enemies":"Cultist","floor":2.0,"turns":4.0},{"damage":12.0,"enemies":"Gremlin Nob","floor":6.0,"turns":5.0},{"damage":12.0,"enemies":"Lagavulin","floor":8.0,"turns":6.0},{"damage":0.0,"enemies":"Small Slimes","floor":10.0,"turns":3.0},{"damage":0.0,"enemies":"Gremlin Gang","floor":11.0,"turns":4.0},{"damage":9.0,"enemies":"Red Slaver","floor":13.0,"turns":2.0},{"damage":7.0,"enemies":"Hexaghost","floor":16.0,"turns":7.0},{"damage":0.0,"enemies":"Shell Parasite","floor":18.0,"turns":5.0},{"damage":10.0,"enemies":"3 Byrds","floor":19.0,"turns":6.0},{"damage":20.0,"enemies":"3 Cultists","floor":20.0,"turns":4.0},{"damage":9.0,"enemies":"Cultist and Chosen","floor":22.0,"turns":5.0},{"damage":0,"enemies":"Slavers","floor":23,"turns":1}],"seed_played":"-2142356551683622556","potions_obtained":[{"floor":2.0,"key":"BlessingOfTheForge"},{"floor":6.0,"key":"Fire Potion"},{"floor":16.0,"key":"DistilledChaos"},{"floor":22.0,"key":"GamblersBrew"}],"is_trial":false,"path_per_floor":["M","M","?","?","?","E","R","E","T","M","M","R","M","$","R","B",null,"M","M","M","?","M","E"],"character_chosen":"WATCHER","items_purchased":["Devotion","Prostrate"],"campfire_rested":1,"item_purchase_floors":[14,14],"current_hp_per_floor":[52,52,52,52,52,40,40,28,28,28,28,28,19,19,39,32,59,59,49,29,29,20,20,20],"gold":161,"neow_bonus":"TRANSFORM_CARD","is_daily":false,"chose_seed":false,"campfire_upgraded":2,"win_rate":0.0,"timestamp":1614177428,"path_taken":["M","M","?","?","?","E","R","E","T","M","?","R","M","$","R","BOSS","M","M","M","?","M","E"],"items_purchased_type":["Card","Card"],"build_version":"2020-12-22","purchased_purges":0,"victory":false,"max_hp_per_floor":[68,68,68,68,68,68,68,68,68,68,68,68,68,68,68,68,68,68,68,68,68,68,68,68],"card_choices":[{"not_picked":["FlurryOfBlows","ThirdEye"],"picked":"LikeWater","floor":1.0},{"not_picked":["FlurryOfBlows","Halt","Evaluate"],"picked":"SKIP","floor":2.0},{"not_picked":["Consecrate","FlurryOfBlows"],"picked":"Worship","floor":6.0},{"not_picked":["WindmillStrike","EmptyBody"],"picked":"WheelKick","floor":8.0},{"not_picked":["Prostrate","DeceiveReality"],"picked":"Pray","floor":10.0},{"not_picked":["WreathOfFlame","SashWhip","Collect"],"picked":"SKIP","floor":11.0},{"not_picked":["InnerPeace","Halt"],"picked":"FlyingSleeves","floor":13.0},{"not_picked":["Alpha","Omniscience"],"picked":"SpiritShield","floor":16.0},{"not_picked":["EmptyFist","BowlingBash"],"picked":"CarveReality","floor":18.0},{"not_picked":["Halt","Crescendo","EmptyMind"],"picked":"SKIP","floor":19.0},{"not_picked":["FearNoEvil","Evaluate"],"picked":"FlurryOfBlows","floor":20.0},{"not_picked":["Halt+1","SashWhip","FlyingSleeves+1"],"picked":"SKIP","floor":22.0}],"player_experience":790966,"relics_obtained":[{"floor":6.0,"key":"Lantern"},{"floor":8.0,"key":"CeramicFish"},{"floor":9.0,"key":"Letter Opener"}],"event_choices":[{"damage_healed":0.0,"max_hp_gain":0.0,"max_hp_loss":0.0,"gold_gain":0.0,"event_name":"Scrap Ooze","player_choice":"Fled","floor":3.0,"gold_loss":0.0,"damage_taken":0.0},{"cards_removed":["Strike_P"],"damage_healed":0.0,"max_hp_gain":0.0,"max_hp_loss":0.0,"gold_gain":0.0,"event_name":"The Cleric","player_choice":"Card Removal","floor":4.0,"gold_loss":75.0,"damage_taken":0.0},{"cards_removed":["Defend_P"],"damage_healed":0.0,"max_hp_gain":0.0,"max_hp_loss":0.0,"gold_gain":0.0,"event_name":"Purifier","player_choice":"Purged","floor":5.0,"gold_loss":0.0,"damage_taken":0.0},{"damage_healed":0.0,"max_hp_gain":0.0,"max_hp_loss":0.0,"gold_gain":0.0,"event_name":"Designer","player_choice":"Upgrade","floor":21.0,"gold_loss":50.0,"damage_taken":0.0,"cards_upgraded":["Devotion"]}],"is_beta":false,"boss_relics":[{"not_picked":["Pandora\u0027s Box","Calling Bell"],"picked":"SlaversCollar"}],"items_purged_floors":[],"is_endless":false,"potions_floor_spawned":[2,6,16,22],"killed_by":"Slavers","ascension_level":16}}