{"host":"jsd6g3c2vo13e69c","time":1614169443,"event":{"mods":["2.2 Compatiblity","Act Like it!","BaseMod","Better Altar","Better Match","Better Note","Better Sensory Stone","Better Third Choice","BetterRewards","Colored Map","Colored Powertips","Downfall","Friendly Minions","GifTheSpireLib","Googly Eyes","Gremlin Mod","Hermit","Hubris","Infinite Spire","Melee Mod","Minty Spire (QoL Compilation)","Permanent Neow","Quick Restart","Random Character Button","Replay The Spire","Shop Mod","Spire Arcade","StSLib","The Cursed","The Disciple","The Forsaken","thorton"],"gold_per_floor":[99,113,158,158,175,195,195,195,195,209,243,43,61,61,71,170,170,70,88,100,100,113,127,177,177,189,189,189,189,208,221,221,231,244,342,342,342,342,23,34,53,53,103,103,118,118,3,3,23,32,50,50,50,77,0,0,0,0,0,0],"floor_reached":58,"language":"ENG","playtime":6242,"items_purged":["Amnesia","Slimebound:ForwardTackle","downfall:Malfunctioning"],"score":765,"play_id":"ce5c439e-ff41-4469-9d5c-0125d2e5c881","local_time":"20210224072403","is_ascension_mode":false,"campfire_choices":[{"data":"Slimebound:CorrosiveSpit","floor":1,"key":"SMITH"},{"floor":9,"key":"RECALL"},{"data":"Slimebound:MassRepurpose","floor":12,"key":"SMITH"},{"data":"Trip","floor":18,"key":"SMITH"},{"data":"Slimebound:Split","floor":25,"key":"SMITH"},{"data":"Slimebound:Prepare","floor":29,"key":"SMITH"},{"data":"Slimebound:LivingWall","floor":37,"key":"SMITH"},{"data":"Slimebound:Schlurp","floor":42,"key":"SMITH"},{"data":"Slimebound:SamplingLick","floor":46,"key":"SMITH"},{"data":"Slimebound:GoopSpray","floor":48,"key":"SMITH"},{"floor":56,"key":"REST"}],"circlet_count":0,"master_deck":["Slimebound:Split+1","Slimebound:CorrosiveSpit+1","Slimebound:MassRepurpose+1","Slimebound:Dissolve+1","Slimebound:Prepare+1","Trip+1","Slimebound:LivingWall","Slimebound:SamplingLick+1","Slimebound:MassFeed+1","Slimebound:GoopSpray+1","Slimebound:MassFeed+1","Slimebound:GoopSpray+1","Slimebound:Prepare+1","Slimebound:DuplicatedForm+1","Slimebound:DuplicatedForm+1","Slimebound:Repurpose+1","Slimebound:LivingWall+1","Slimebound:SplitAcid","Slimebound:SplitAcid","Slimebound:TongueLash","Slimebound:SamplingLick+1","Slimebound:Schlurp+1","Slimebound:SplitLeeching","Slimebound:Nibble+1","Slimebound:OozeBath+1","Slimebound:SplitMire+1","Slimebound:SlimeTap+1","Slimebound:AcidTongue+1","Slimebound:Equalize+1","Slimebound:SplitSpecialist+1","Slimebound:Darklings+1","Slimebound:PrepareCrush+1","Slimebound:Schlurp+1","Slimebound:RainOfGoop","Slimebound:RainOfGoop+1"],"relics":["Slimebound:AbsorbEndCombat","Quantum Egg","Golden Egg","infinitespire:Bottled Soul","downfall:HeartBlessingRed","downfall:HeartBlessingGreen","hubris:HollowSoul","downfall:HeartBlessingBlue","Pandora\u0027s Box","Oddly Smooth Stone","infinitespire:Satchel","Blood Vial","Guide Book","theForsaken:Kindling"],"acts_visited":["Exordium","TheCity","TheBeyond","TheEnding"],"potions_floor_usage":[5,19,22,26,47,57,58],"damage_taken":[{"damage":6,"enemies":"Cultist","floor":2,"turns":4},{"damage":0,"enemies":"Jaw Worm","floor":5,"turns":1},{"damage":0,"enemies":"Small Slimes","floor":6,"turns":3},{"damage":3,"enemies":"Exordium Thugs","floor":10,"turns":5},{"damage":35,"enemies":"3 Sentries","floor":11,"turns":10},{"damage":1,"enemies":"Gremlin Gang","floor":13,"turns":3},{"damage":0,"enemies":"Blue Slaver","floor":15,"turns":3},{"damage":21,"enemies":"WA_ARCHETYPE_RETAIN","floor":16,"turns":13},{"damage":10,"enemies":"downfall:LooterAlt2","floor":19,"turns":5},{"damage":9,"enemies":"Spheric Guardian","floor":20,"turns":5},{"damage":24,"enemies":"Shelled Parasite and Fungi","floor":22,"turns":7},{"damage":0,"enemies":"Snake Plant","floor":23,"turns":4},{"damage":31,"enemies":"Snecko","floor":26,"turns":5},{"damage":0,"enemies":"Centurion and Healer","floor":30,"turns":4},{"damage":2,"enemies":"3 Cultists","floor":31,"turns":4},{"damage":0,"enemies":"Snake Plant","floor":33,"turns":4},{"damage":2,"enemies":"Centurion and Healer","floor":34,"turns":7},{"damage":71,"enemies":"SI_MIRROR_ARCHETYPE","floor":35,"turns":11},{"damage":19,"enemies":"downfall:FleeingMerchant","floor":39,"turns":4},{"damage":2,"enemies":"Orb Walker","floor":40,"turns":4},{"damage":1,"enemies":"3 Shapes","floor":41,"turns":3},{"damage":0,"enemies":"Writhing Mass","floor":45,"turns":6},{"damage":15,"enemies":"downfall:FleeingMerchant","floor":47,"turns":4},{"damage":3,"enemies":"Maw","floor":49,"turns":5},{"damage":3,"enemies":"downfall:FleeingMerchant","floor":50,"turns":3},{"damage":26,"enemies":"Jaw Worm Horde","floor":51,"turns":4},{"damage":57,"enemies":"DF_ARCHETYPE_ORBS","floor":52,"turns":8},{"damage":74,"enemies":"downfall:CharBossMerchant","floor":54,"turns":8},{"damage":140,"enemies":"downfall:NeowBoss","floor":57,"turns":16},{"damage":39,"enemies":"downfall:NeowBossFinal","floor":58,"turns":2}],"seed_played":"-5834731478121442292","potions_obtained":[{"floor":3,"key":"infinitespire:BlackPotion"},{"floor":6,"key":"Block Potion"},{"floor":13,"key":"Weak Potion"},{"floor":15,"key":"Strength Potion"},{"floor":20,"key":"Weak Potion"},{"floor":30,"key":"SteroidPotion"},{"floor":31,"key":"Elixir"},{"floor":32,"key":"Doom Potion"},{"floor":34,"key":"Regen Potion"},{"floor":45,"key":"ColorlessPotion"},{"floor":54,"key":"hexamod:SoulburnPotion"}],"is_trial":false,"path_per_floor":["R","M","?","?","M","M","T","?","R","M","E","R","M","T","M","B",null,"R","M","M","AVR","M","M","T","R","M","PTL","PTL","R","M","M","?","M","M","B",null,"R","?","$","M","M","R","T","?","M","R","$","R","M","$","M","B",null,"E","$","R","B","B"],"character_chosen":"SLIMEBOUND","items_purchased":["Slimebound:SlimeTap","infinitespire:Satchel","Slimebound:PrepareCrush","Guide Book","Slimebound:RainOfGoop"],"campfire_rested":1,"item_purchase_floors":[39,39,50,50,55],"current_hp_per_floor":[65,62,46,46,48,52,52,52,52,57,30,30,45,45,51,36,77,87,90,85,85,75,77,77,77,69,69,69,69,83,99,99,107,115,82,135,135,135,135,139,147,147,147,147,151,151,151,151,154,158,141,119,163,95,95,150,56,0,0,0],"gold":0,"neow_bonus":"TRANSFORM_TWO_CARDS","is_daily":false,"chose_seed":false,"campfire_upgraded":9,"win_rate":0.0,"timestamp":1614169443,"path_taken":["R","M","?","?","?","?","T","?","R","M","E","R","M","?","M","BOSS","R","M","M","AVR","M","M","T","R","?","PTL","PTL","R","M","M","?","?","M","BOSS","R","?","$","M","M","R","T","?","?","R","?","R","M","$","M","BOSS","E","$","R","BOSS","BOSS"],"items_purchased_type":["Card","Relic","Card","Relic","Card"],"build_version":"2020-12-22","purchased_purges":3,"victory":false,"max_hp_per_floor":[65,65,65,65,65,65,65,65,65,65,65,65,77,77,77,77,77,87,95,95,95,103,103,103,103,107,107,107,107,115,127,127,131,135,135,135,135,135,135,139,147,147,147,147,151,151,151,151,155,159,163,163,163,167,167,172,172,172,172,172],"card_choices":[{"not_picked":["Slimebound:RollThrough","Slimebound:LeechEnergy"],"picked":"Slimebound:Dissolve","floor":2},{"not_picked":["Slimebound:HauntingLick","Slimebound:SplitLeeching"],"picked":"Slimebound:Prepare","floor":3},{"not_picked":["Good Instincts","Poisoned Strike"],"picked":"Trip","floor":4},{"not_picked":["Slimebound:DivideAndConquer","Slimebound:SplitAcid"],"picked":"Slimebound:LivingWall","floor":5},{"not_picked":["Slimebound:ComboTackle","Slimebound:GoopTackle"],"picked":"Slimebound:SamplingLick","floor":6},{"not_picked":["Slimebound:ForwardTackle","Slimebound:SlimeSpikes","Slimebound:ItLooksTasty"],"picked":"SKIP","floor":10},{"not_picked":["Slimebound:RejuvenatingLick","Slimebound:SlimeTap"],"picked":"Slimebound:MassFeed","floor":11},{"not_picked":["Slimebound:PressTheAttack","Slimebound:ComboTackle","Slimebound:FormOfPuddle"],"picked":"SKIP","floor":13},{"not_picked":["Slimebound:FinishingTackle","Slimebound:ViciousTackle"],"picked":"Slimebound:GoopSpray","floor":15},{"not_picked":["Slimebound:SelfFormingGoo","Slimebound:WasteNot"],"picked":"Slimebound:MassFeed","floor":16},{"not_picked":["Slimebound:LeechingTouch","Slimebound:SamplingLick"],"picked":"Slimebound:GoopSpray","floor":19},{"not_picked":["Slimebound:SplitBruiser+1","Slimebound:SlimeSpikes+1"],"picked":"Slimebound:Prepare","floor":20},{"not_picked":["Slimebound:ItLooksTasty","Slimebound:GoopTackle"],"picked":"Slimebound:TongueLash","floor":22},{"not_picked":["Slimebound:HauntingLick","Slimebound:Overexert"],"picked":"Slimebound:SamplingLick+1","floor":23},{"not_picked":["Slimebound:LeechingTouch","Slimebound:SlimeSpikes"],"picked":"Slimebound:Schlurp","floor":26},{"not_picked":["Slimebound:FormOfPuddle+1","Slimebound:FinishingTackle","Slimebound:DivideAndConquer"],"picked":"SKIP","floor":30},{"not_picked":["Slimebound:SlimeSpikes","Slimebound:GoopTackle","Slimebound:LivingWall"],"picked":"SKIP","floor":31},{"not_picked":["Slimebound:GoopSpray","Slimebound:SlimeSpikes"],"picked":"Slimebound:SplitLeeching","floor":33},{"not_picked":["Slimebound:SlimeBrawl","Slimebound:ComboTackle+1"],"picked":"Slimebound:Nibble+1","floor":34},{"not_picked":["Slimebound:SlimeSlap","Slimebound:FirmFortitude"],"picked":"Slimebound:OozeBath","floor":35},{"not_picked":["Slimebound:SplitLeeching","Slimebound:ServeAndProtect"],"picked":"Slimebound:SplitMire+1","floor":39},{"not_picked":["Slimebound:GoopTackle","Slimebound:SlimeSpikes+1"],"picked":"Slimebound:AcidTongue+1","floor":40},{"not_picked":["Slimebound:ComboTackle+1","Slimebound:SplitMire+1","Slimebound:SlimeSpikes"],"picked":"SKIP","floor":41},{"not_picked":["Slimebound:ViciousTackle+1","Slimebound:LivingWall+1"],"picked":"Slimebound:Equalize+1","floor":45},{"not_picked":["Slimebound:DisruptingSlam","Slimebound:SplitAcid","Slimebound:Repurpose+1"],"picked":"SKIP","floor":47},{"not_picked":["Slimebound:LeechingTouch+1","Slimebound:GoopSpray"],"picked":"Slimebound:SplitSpecialist+1","floor":49},{"not_picked":["Slimebound:SplitLeeching","Slimebound:SplitBruiser+1"],"picked":"Slimebound:Darklings","floor":50},{"not_picked":["Slimebound:PressTheAttack","Slimebound:SplitMire+1"],"picked":"Slimebound:Schlurp+1","floor":51},{"not_picked":["Slimebound:FlameTackle","Slimebound:SplitAcid+1"],"picked":"Slimebound:RainOfGoop","floor":54}],"player_experience":437862,"relics_obtained":[{"floor":3,"key":"Quantum Egg"},{"floor":7,"key":"Golden Egg"},{"floor":11,"key":"infinitespire:Bottled Soul"},{"floor":24,"key":"Oddly Smooth Stone"},{"floor":43,"key":"Blood Vial"},{"floor":54,"key":"theForsaken:Kindling"}],"event_choices":[{"damage_healed":0,"gold_gain":1,"player_choice":"1","damage_taken":0,"max_hp_gain":0,"max_hp_loss":0,"event_name":"betterStone:BetterStone","floor":4,"gold_loss":0},{"damage_healed":0,"gold_gain":0,"player_choice":"Got Potions","damage_taken":0,"max_hp_gain":0,"max_hp_loss":0,"event_name":"Lab","floor":32,"gold_loss":0},{"cards_removed":["downfall:Malfunctioning"],"damage_healed":0,"gold_gain":0,"player_choice":"Give","damage_taken":0,"max_hp_gain":0,"max_hp_loss":0,"event_name":"betterNote:BetterNote","floor":44,"gold_loss":0,"cards_obtained":["thethorton:CreditCard"]}],"is_beta":false,"boss_relics":[{"not_picked":["SacredBark","ReplayTheSpireMod:DimensionalGlitch"],"picked":"hubris:HollowSoul"},{"not_picked":["Slimebound:TarBlob","Replay:Wanted Poster","Kintsugi"]}],"items_purged_floors":[21,39,47],"is_endless":false,"potions_floor_spawned":[6,13,15,20,30,31,33,34,41,45,54],"killed_by":"downfall:NeowBossFinal","ascension_level":0}}