{"host":"hyzmf9jejtktdcwr","time":1614170895,"event":{"mods":["100% Spire Juice","ATMod(°¢èªMod)","Act Like it!","Arknights","Aspiration","BaseMod","Dota2Spire","Hermit","Luminous","Minty Spire (QoL Compilation)","MostiFishMod","Prisma Mod","Quick Restart","Reliquary","Shop Mod","StSLib","The Blackbeard","The Construct","The Poker Player","[IsaacMod]ÒÔÈö¼âËþ"],"gold_per_floor":[116,116,127,52,71,106,106,140,140,40,40,69,69,81,81,178,178,188,200,217,233,108,142,153,187,257,291,301,311,341,611,611,711,711,726,780,796,136,150,183,183,203,285,285,38,65,0,18,18,18],"floor_reached":51,"language":"ZHS","playtime":2138,"items_purged":["ats:Defend","ats:Armor Crushing Shot","ats:Strike S","ats:Very Hot Blade","ats:Strike G"],"score":1721,"play_id":"d58d6412-f396-4f47-811d-1b23e64187cb","local_time":"20210224204815","is_ascension_mode":true,"campfire_choices":[{"data":"ats:Emotion Absorption","floor":7,"key":"SMITH"},{"data":"AT_FamilyPortrait","floor":11,"key":"SMITH"},{"data":"ats:Assault Order","floor":15,"key":"SMITH"},{"data":"ats:Support Order","floor":32,"key":"SMITH"},{"data":"ats:Roar Of Ursus","floor":41,"key":"SMITH"},{"data":"ats:Sashimi Platter","floor":49,"key":"SMITH"}],"circlet_count":0,"master_deck":["AscendersBane","ats:Strike C","ats:Defend","ats:Defend+1","ats:Defend+1","ats:Emotion Absorption+1","AT_FamilyPortrait+1","ats:Support Order+1","ats:Poison Spread","ats:Absolute Focus+1","ats:Thorns","ats:Burning Ground","ats:Assault Order+1","ats:Explosion Area Strengthen","ats:Soul Rend","ats:Neurotoxin","ats:Sashimi Platter+1","ats:Soul Rend","ats:Hook Shot","ats:Very Hot Blade","ats:Mental Burst","ats:Roar Of Ursus+1","ats:Red Shift","ats:Very Hot Blade+1","ats:Thorns","ats:Composite Medical Shells","Sadistic Nature","ats:Sashimi Platter","ats:Literary Storm+1","ats:Red Shift+1","Bandage Up","Panacea","Flash of Steel","ats:Sunburst+1","ats:Assault Order+1"],"relics":["ats:Sanity","DaveBox","AT_ATBox","HushsDoor","aspiration:Nostalgia","PrismaMod:PrismaSapphire","GuppysTail","ExusiaiGun","SynthV:TestCard","ats:Originium","Dota2Spire:LotusOrb","Omamori","Dream Catcher","AT_TrinityForce","reliquary:PrincelyHelmet","reliquary:SilkGlove","ats:Military Tradition","aspiration:ChemicalBlood","War Paint","RhineCircuit","Dota2Spire:ShivaGuard","SatanicBible","Meat on the Bone","reliquary:Firecrackers","Pocketwatch","Red Mask"],"acts_visited":["Exordium","TheCity","TheBeyond"],"potions_floor_usage":[14,16,33,33,39,50,50],"damage_taken":[{"damage":0,"enemies":"Jaw Worm","floor":1,"turns":1},{"damage":1,"enemies":"2 Louse","floor":3,"turns":2},{"damage":0,"enemies":"Cultist","floor":5,"turns":1},{"damage":0,"enemies":"Lagavulin","floor":6,"turns":2},{"damage":0,"enemies":"Gremlin Nob","floor":8,"turns":1},{"damage":0,"enemies":"Lagavulin","floor":12,"turns":3},{"damage":0,"enemies":"Exordium Thugs","floor":14,"turns":2},{"damage":24,"enemies":"Hexaghost","floor":16,"turns":3},{"damage":0,"enemies":"3 Byrds","floor":18,"turns":2},{"damage":0,"enemies":"Chosen","floor":19,"turns":3},{"damage":0,"enemies":"Centurion and Healer","floor":20,"turns":1},{"damage":0,"enemies":"Snecko","floor":21,"turns":3},{"damage":0,"enemies":"Slavers","floor":23,"turns":1},{"damage":0,"enemies":"Shelled Parasite and Fungi","floor":24,"turns":1},{"damage":14,"enemies":"Book of Stabbing","floor":25,"turns":2},{"damage":0,"enemies":"Slavers","floor":27,"turns":1},{"damage":24,"enemies":"Snake Plant","floor":28,"turns":2},{"damage":0,"enemies":"3 Cultists","floor":29,"turns":2},{"damage":0,"enemies":"Gremlin Leader","floor":30,"turns":1},{"damage":48,"enemies":"Champ","floor":33,"turns":3},{"damage":0,"enemies":"Orb Walker","floor":35,"turns":1},{"damage":0,"enemies":"2 Orb Walkers","floor":36,"turns":1},{"damage":18,"enemies":"3 Shapes","floor":37,"turns":1},{"damage":0,"enemies":"Jaw Worm Horde","floor":39,"turns":1},{"damage":0,"enemies":"Giant Head","floor":40,"turns":3},{"damage":0,"enemies":"Sphere and 2 Shapes","floor":42,"turns":1},{"damage":0,"enemies":"Reptomancer","floor":46,"turns":2},{"damage":0,"enemies":"Spire Growth","floor":48,"turns":1},{"damage":4,"enemies":"Time Eater","floor":50,"turns":3}],"seed_played":"8379377728586452457","potions_obtained":[{"floor":5,"key":"ats:Burn Big Potion"},{"floor":8,"key":"Energy Potion"},{"floor":14,"key":"AttackPotion"},{"floor":16,"key":"ats:Top Emergency Sanity Potion"},{"floor":35,"key":"Dota2Spire:HealingSalve"}],"is_trial":false,"path_per_floor":["M","?","M","$","M","E","R","E","T","$","R","E","?","M","R","B",null,"M","M","M","M","$","E","M","E","T","E","M","M","E","?","R","B",null,"M","?","M","$","M","E","R","M","T","?","$","E","?","M","R","B",null],"character_chosen":"DOCTOR_CLASS","items_purchased":["ats:Composite Medical Shells","SatanicBible","Sadistic Nature","DistilledChaos"],"campfire_rested":0,"item_purchase_floors":[38,38,38,45],"current_hp_per_floor":[65,65,64,64,64,64,64,64,64,64,64,64,64,64,64,40,64,64,64,64,72,72,72,72,72,72,72,54,54,72,45,45,42,65,72,72,54,54,72,72,72,72,72,62,62,72,72,72,72,72],"gold":18,"neow_bonus":"NOSTALGIA","is_daily":false,"chose_seed":false,"campfire_upgraded":6,"win_rate":0.0,"timestamp":1614170895,"path_taken":["M","?","M","$","M","E","R","E","T","$","R","E","?","?","R","BOSS","M","M","M","M","$","E","M","E","T","E","M","M","E","?","R","BOSS","M","?","?","$","M","E","R","M","T","?","$","E","?","M","R","BOSS"],"items_purchased_type":["Card","Relic","Card","Potion"],"build_version":"2020-12-22","purchased_purges":5,"victory":true,"max_hp_per_floor":[72,72,72,72,72,72,72,72,72,72,72,72,72,72,72,72,72,72,72,72,72,72,72,72,72,72,72,72,72,72,72,72,72,72,72,72,72,72,72,72,72,72,72,72,72,72,72,72,72,72],"card_choices":[{"not_picked":["ats:Revitalization","ats:Magnetic Hammer"],"picked":"ats:Support Order","floor":1},{"not_picked":["ats:Shell Defense","ats:Very Hot Blade","ats:Closed Bolt Burst Fire","ats:Revitalization"],"picked":"ats:Poison Spread","floor":3},{"not_picked":["ats:Apocalypse","ats:Powerful Strike","ats:LN2 Cannon","ats:Spore Proliferation"],"picked":"ats:Absolute Focus","floor":5},{"not_picked":["ats:Support Order","ats:Defend Order","ats:Consecutive Shot Auto","ats:Steam Pump"],"picked":"ats:Thorns","floor":6},{"not_picked":["ats:Closed Bolt Burst Fire","ats:Cat Scratch","ats:Blood Oath","ats:Very Hot Blade"],"picked":"ats:Burning Ground","floor":8},{"not_picked":["ats:Dogmatic Field","ats:Healing Strengthening","ats:Hammer On","ats:Phantom"],"picked":"ats:Assault Order","floor":12},{"not_picked":["ats:Revitalization","ats:Guardian Obelisk","ats:Curse Doll","ats:Flexible Camouflage"],"picked":"ats:Explosion Area Strengthen","floor":14},{"not_picked":["ats:Echo Reverb","ats:Roar Of Ursus","ats:Dogmatic Field","ats:Volcano"],"picked":"ats:Soul Rend","floor":16},{"not_picked":["ats:Blood Oath","ats:Absolute Focus","ats:Curse Doll","ats:Guard Mode","ats:Demon Strength"],"picked":"SKIP","floor":18},{"not_picked":["ats:Very Hot Blade","ats:Shell Defense","ats:Flexible Camouflage","ats:Absolute Focus"],"picked":"ats:Neurotoxin","floor":19},{"not_picked":["ats:Consecutive Shot Auto","ats:Apocalypse","ats:Explosion Area Strengthen","ats:Powerful Strike"],"picked":"ats:Sashimi Platter","floor":20},{"not_picked":["ats:Explosion Area Strengthen","ats:Apocalypse","ats:Healing Strengthening","ats:Automatic Cover+1","ats:Flame Of Heaven"],"picked":"SKIP","floor":21},{"not_picked":["ats:Thermite Blade","ats:Healing Drone","ats:Poison Spread","ats:Healing Strengthening","ats:Demon Strength"],"picked":"SKIP","floor":23},{"not_picked":["ats:Beaten Up","ats:Revitalization","ats:Guard Mode","ats:Flexible Camouflage"],"picked":"ats:Soul Rend","floor":24},{"not_picked":["ats:Spore Proliferation","ats:Ignite","ats:Leaping Hammer","ats:Blood Oath"],"picked":"ats:Very Hot Blade","floor":25},{"not_picked":["ats:Literary Storm","ats:Thermite Blade","ats:Cat Scratch","ats:Shell Defense"],"picked":"ats:Hook Shot","floor":27},{"not_picked":["ats:Poison Spread","ats:Healing Drone","ats:Closed Bolt Burst Fire","ats:Blood Oath"],"picked":"ats:Very Hot Blade","floor":28},{"not_picked":["ats:Consecutive Shot Auto","ats:Hook Shot","ats:Burning Ground","ats:Magnetic Hammer"],"picked":"ats:Mental Burst","floor":29},{"not_picked":["ats:Counter Healing Mode","ats:Part Time Job","ats:Apocalypse","ats:Curse Doll","ats:Directed Diagnosis"],"picked":"SKIP","floor":30},{"not_picked":["ats:Rat Pack","ats:Dogmatic Field","ats:Volcano","ats:Disruption Kick"],"picked":"ats:Roar Of Ursus","floor":33},{"not_picked":["ats:Part Time Job+1","ats:Consecutive Shot Auto+1","ats:Burning Ground+1","ats:Counter Healing Mode"],"picked":"ats:Red Shift","floor":35},{"not_picked":["ats:Shadow Raid","ats:Ignite","ats:Revitalization","ats:Leaping Hammer"],"picked":"ats:Very Hot Blade+1","floor":36},{"not_picked":["ats:Powerful Strike","ats:Closed Bolt Burst Fire","ats:Cat Scratch","ats:Automatic Cover"],"picked":"ats:Thorns","floor":37},{"not_picked":["ats:Absolute Focus","ats:Apocalypse","ats:Defend Order","ats:Revitalization"],"picked":"ats:Sashimi Platter","floor":39},{"not_picked":["ats:Wolf Pack","ats:Phantom","ats:Mental Burst","ats:Poison Spread"],"picked":"ats:Literary Storm+1","floor":40},{"not_picked":["ats:Hammer On+1","ats:Closed Bolt Burst Fire","ats:Consecutive Shot Auto","ats:Chain Hook"],"picked":"ats:Red Shift+1","floor":42},{"not_picked":["Good Instincts","Mind Blast","Dark Shackles","Transmutation"],"picked":"Bandage Up","floor":44},{"not_picked":["Mind Blast","Swift Strike","AT_Homeward","Battery"],"picked":"Panacea","floor":44},{"not_picked":["MostiFishMod:MusicBox","MostiFishMod:SupremeArchaeology","Dramatic Entrance","Deep Breath"],"picked":"Flash of Steel","floor":44},{"not_picked":["ats:Encircling Forest","ats:Hammer On","ats:Flame Of Heaven","ats:Absolute Focus"],"picked":"ats:Sunburst+1","floor":46},{"not_picked":["ats:Neurotoxin","ats:Literary Storm","ats:Charging Defense+1","ats:Apocalypse"],"picked":"ats:Assault Order+1","floor":48}],"player_experience":209653,"relics_obtained":[{"floor":1,"key":"SynthV:TestCard"},{"floor":6,"key":"ats:Originium"},{"floor":6,"key":"Dota2Spire:LotusOrb"},{"floor":8,"key":"ats:Originium"},{"floor":8,"key":"Omamori"},{"floor":12,"key":"ats:Originium"},{"floor":12,"key":"Dream Catcher"},{"floor":23,"key":"ats:Originium"},{"floor":23,"key":"reliquary:PrincelyHelmet"},{"floor":25,"key":"reliquary:SilkGlove"},{"floor":26,"key":"ats:Military Tradition"},{"floor":27,"key":"aspiration:ChemicalBlood"},{"floor":30,"key":"War Paint"},{"floor":36,"key":"Dota2Spire:ShivaGuard"},{"floor":40,"key":"Meat on the Bone"},{"floor":43,"key":"reliquary:Firecrackers"},{"floor":46,"key":"Pocketwatch"}],"event_choices":[{"cards_removed":["ats:Strike V"],"damage_healed":0,"gold_gain":0,"player_choice":"Forget","damage_taken":0,"max_hp_gain":0,"max_hp_loss":0,"event_name":"Living Wall","floor":2,"gold_loss":0},{"damage_healed":0,"gold_gain":270,"player_choice":"GOLD GOLD GOLD ","damage_taken":27,"max_hp_gain":0,"max_hp_loss":0,"event_name":"Knowing Skull","floor":31,"potions_obtained":[],"gold_loss":0,"cards_obtained":[]},{"damage_healed":0,"gold_gain":0,"player_choice":"Fight","damage_taken":0,"max_hp_gain":0,"max_hp_loss":0,"event_name":"Mysterious Sphere","floor":36,"gold_loss":0},{"damage_healed":0,"gold_gain":0,"player_choice":"Memory 3","damage_taken":10,"max_hp_gain":0,"max_hp_loss":0,"event_name":"SensoryStone","floor":44,"gold_loss":0},{"damage_healed":0,"gold_gain":0,"player_choice":"Paid","damage_taken":0,"relics_obtained":["Red Mask"],"max_hp_gain":0,"max_hp_loss":0,"event_name":"Tomb of Lord Red Mask","floor":47,"gold_loss":65}],"is_beta":false,"boss_relics":[{"not_picked":["Calling Bell","Snecko Eye"],"picked":"AT_TrinityForce"},{"not_picked":[]},{"not_picked":["reliquary:Ember","Busted Crown"],"picked":"RhineCircuit"},{"not_picked":[]}],"items_purged_floors":[4,10,22,38,45],"is_endless":false,"potions_floor_spawned":[5,8,14,16,19,23,27,29,35,40,42],"ascension_level":12}}