{"host":"1wqkiqy0sjhdftq4","time":1614157758,"event":{"mods":["ATMod(∞¢Ë™Mod)","Act Like it!","BaseMod","Minty Spire (QoL Compilation)","Prisma Mod","Reimu£®≤©¿ˆ¡È√Œ£©","Relic Stats","Replay The Spire","Spicy Shops","StSLib"],"gold_per_floor":[109,259,103,147,159,159,185,185,185,218,232,247,247,265,265,337,337,350,350,361,413,284,284,349,401,401,401,105,166,216,254,254,403,403,447,447,127,217,48,48,48,101,101,155,55,55,113,154,154,179,304],"floor_reached":52,"language":"ZHS","playtime":3175,"items_purged":["Doubt","Delirium","Strike_G","Strike_G","Strike_G","Strike_G"],"score":2182,"play_id":"836d5260-ed44-480f-bfc3-4f85508f249c","local_time":"20210224170918","is_ascension_mode":true,"campfire_choices":[{"data":"Tools of the Trade","floor":6.0,"key":"SMITH"},{"data":"Underhanded Strike","floor":8.0,"key":"SMITH"},{"data":"Prepared","floor":13.0,"key":"SMITH"},{"data":"Hidden Blade","floor":15.0,"key":"SMITH"},{"data":"Acrobatics","floor":23.0,"key":"SMITH"},{"data":"Eviscerate","floor":27.0,"key":"SMITH"},{"data":"Reflex","floor":32.0,"key":"SMITH"},{"data":"Terror","floor":41.0,"key":"SMITH"},{"floor":46,"key":"REST"},{"data":"Madness","floor":49,"key":"SMITH"}],"circlet_count":0,"master_deck":["AscendersBane","Defend_G","Defend_G","Defend_G","Defend_G","Defend_G","Survivor","Neutralize","AT_ShrugMaster","Prepared+1","Tools of the Trade+1","Underhanded Strike+1","Hidden Blade+1","Eviscerate+1","Terror+1","Adrenaline","Acrobatics+1","Reflex+1","After Image","AT_EmpoweredMortalDraw","Madness+1","Madness","Calculated Gamble"],"relics":["Ring of the Snake","AT_ATBox","NeowsBlessing","Vajra","Replay:Bottled Snecko","Toy Ornithopter","Garlic","AT_RedTearstoneRing","Cursed Key","AT_MibuBalloonWealth","Bottled Tornado","Medical Kit","AT_MortalBlade","Membership Card","Omamori","AT_BellDemon","Sundial","AT_SilverBalance","ReplayTheSpireMod:Ninjato","Mercury Hourglass","Replay:Ringing Soul","Blue Doll","Blue Candle","Du-Vu Doll"],"acts_visited":["Exordium","TheCity","TheBeyond"],"potions_floor_usage":[44,51,51],"damage_taken":[{"damage":0.0,"enemies":"Small Slimes","floor":1.0,"turns":1.0},{"damage":0.0,"enemies":"2 Louse","floor":5.0,"turns":1.0},{"damage":0.0,"enemies":"Gremlin Nob","floor":7.0,"turns":1.0},{"damage":0.0,"enemies":"Lagavulin","floor":10.0,"turns":8.0},{"damage":0.0,"enemies":"Cultist","floor":11.0,"turns":3.0},{"damage":0.0,"enemies":"3 Louse","floor":12.0,"turns":3.0},{"damage":5.0,"enemies":"Exordium Thugs","floor":14.0,"turns":4.0},{"damage":0.0,"enemies":"Hexaghost","floor":16.0,"turns":7.0},{"damage":15.0,"enemies":"Chosen","floor":18.0,"turns":4.0},{"damage":0.0,"enemies":"3 Byrds","floor":20.0,"turns":3.0},{"damage":6.0,"enemies":"Cultist and Chosen","floor":24.0,"turns":4.0},{"damage":2.0,"enemies":"Book of Stabbing","floor":25.0,"turns":3.0},{"damage":0.0,"enemies":"Centurion and Healer","floor":29.0,"turns":2.0},{"damage":7.0,"enemies":"Snecko","floor":31.0,"turns":3.0},{"damage":3.0,"enemies":"Pondfish","floor":33.0,"turns":6.0},{"damage":0.0,"enemies":"Orb Walker","floor":35.0,"turns":2.0},{"damage":0.0,"enemies":"3 Shapes","floor":38.0,"turns":3.0},{"damage":3.0,"enemies":"Giant Head","floor":42.0,"turns":3.0},{"damage":18,"enemies":"R_Hoarder","floor":44,"turns":5},{"damage":0,"enemies":"Giant Head","floor":47,"turns":2},{"damage":0,"enemies":"Transient","floor":48,"turns":6},{"damage":23,"enemies":"Replay:Hell Engine","floor":50,"turns":2},{"damage":7,"enemies":"Awakened One","floor":51,"turns":3}],"seed_played":"-2615117301215932242","potions_obtained":[{"floor":4.0,"key":"LiquidMemories"},{"floor":7.0,"key":"ColorlessPotion"},{"floor":18.0,"key":"DuplicationPotion"},{"floor":24.0,"key":"EssenceOfSteel"},{"floor":29.0,"key":"AttackPotion"},{"floor":33.0,"key":"Languid Potion"},{"floor":48,"key":"DuplicationPotion"}],"is_trial":false,"path_per_floor":["M","?","$","?","M","R","E","R","T","E","M","M","R","M","R","B",null,"M","?","M","T","$","R","M","E","T","R","$","M","?","M","R","B",null,"M","?","$","M","$","?","R","E","T","E","$","R","E","M","R","B","B",null],"character_chosen":"THE_SILENT","items_purchased":["Vajra","Acrobatics","Medical Kit","Membership Card","Omamori","AT_BellDemon"],"campfire_rested":1,"item_purchase_floors":[3,22,28,37,37,39],"current_hp_per_floor":[59,59,59,38,38,38,38,38,38,38,38,38,38,33,33,33,58,48,48,48,48,48,48,47,45,45,45,45,50,50,43,43,45,61,61,49,49,49,49,49,49,46,46,24,24,43,36,34,34,11,37],"gold":304,"neow_bonus":"THREE_ENEMY_KILL","is_daily":false,"chose_seed":false,"campfire_upgraded":9,"win_rate":0.0,"timestamp":1614157758,"path_taken":["M","?","$","?","?","R","E","R","T","E","M","M","R","M","R","BOSS","M","?","M","?","$","R","?","E","T","R","$","M","?","M","R","BOSS","M","?","$","M","$","?","R","E","T","E","$","R","E","M","R","BOSS","BOSS"],"items_purchased_type":["Relic","Card","Relic","Relic","Relic","Relic"],"build_version":"2020-12-22","purchased_purges":6,"victory":true,"max_hp_per_floor":[66,66,66,66,66,66,66,66,66,66,66,66,66,66,66,66,66,66,66,66,66,66,66,66,66,66,66,66,66,66,66,66,66,66,66,66,66,66,66,66,66,66,66,66,66,66,69,69,69,69,69],"relic_stats":{"counters":[23,79],"Sundial":[18],"Blue Candle":[2],"Cursed Key":2,"Medical Kit":[1],"obtain_stats":[{"AT_BellDemon":39,"AT_RedTearstoneRing":10,"AT_ATBox":0,"ReplayTheSpireMod:Ninjato":43,"NeowsBlessing":0,"AT_MibuBalloonWealth":21,"Blue Candle":47,"Vajra":3,"AT_MortalBlade":34,"Blue Doll":47,"AT_SilverBalance":42,"Omamori":37,"Bottled Tornado":25,"Cursed Key":17,"Medical Kit":28,"Mercury Hourglass":44,"Du-Vu Doll":48,"Replay:Ringing Soul":44,"Sundial":42,"Garlic":9,"Replay:Bottled Snecko":4,"Membership Card":37,"Toy Ornithopter":7,"Ring of the Snake":0},{"AT_BellDemon":17,"AT_RedTearstoneRing":4,"AT_ATBox":0,"ReplayTheSpireMod:Ninjato":18,"NeowsBlessing":0,"AT_MibuBalloonWealth":10,"Blue Candle":20,"Vajra":1,"AT_MortalBlade":15,"Blue Doll":20,"AT_SilverBalance":18,"Omamori":16,"Bottled Tornado":12,"Cursed Key":8,"Medical Kit":12,"Mercury Hourglass":19,"Du-Vu Doll":21,"Replay:Ringing Soul":19,"Sundial":18,"Garlic":3,"Replay:Bottled Snecko":1,"Membership Card":16,"Toy Ornithopter":3,"Ring of the Snake":0},{"AT_BellDemon":58,"AT_RedTearstoneRing":11,"AT_ATBox":0,"ReplayTheSpireMod:Ninjato":61,"NeowsBlessing":0,"AT_MibuBalloonWealth":35,"Blue Candle":68,"Vajra":1,"AT_MortalBlade":53,"Blue Doll":68,"AT_SilverBalance":61,"Omamori":55,"Bottled Tornado":42,"Cursed Key":28,"Medical Kit":42,"Mercury Hourglass":66,"Du-Vu Doll":74,"Replay:Ringing Soul":66,"Sundial":61,"Garlic":3,"Replay:Bottled Snecko":1,"Membership Card":55,"Toy Ornithopter":3,"Ring of the Snake":0}],"Toy Ornithopter":35,"Ring of the Snake":[46],"Mercury Hourglass":[47]},"card_choices":[{"not_picked":["Poisoned Stab","Backflip"],"picked":"Prepared","floor":1.0},{"not_picked":["Dagger Throw","AT_WindRun"],"picked":"Tools of the Trade","floor":4.0},{"not_picked":["Backstab","ReplayTheSpireMod:Exploit Weakness","AT_WindFlip"],"picked":"SKIP","floor":5.0},{"not_picked":["Predator","Flying Knee"],"picked":"Underhanded Strike","floor":7.0},{"not_picked":["Bane","Deflect"],"picked":"Hidden Blade","floor":10.0},{"not_picked":["Outmaneuver","Dagger Throw"],"picked":"Eviscerate","floor":11.0},{"not_picked":["Finisher","Poisoned Stab"],"picked":"Terror","floor":12.0},{"not_picked":["Doppelganger","Quick Slash","Cloak And Dagger"],"picked":"SKIP","floor":14.0},{"not_picked":["A Thousand Cuts","AT_EssenceShift"],"picked":"Adrenaline","floor":16.0},{"not_picked":["Hidden Blade","ReplayTheSpireMod:Exploit Weakness","Outmaneuver"],"picked":"SKIP","floor":18.0},{"not_picked":["Bane","Accuracy","Sucker Punch"],"picked":"SKIP","floor":20.0},{"not_picked":["Infinite Blades","AT_TinkerSharpsword","Dagger Throw"],"picked":"SKIP","floor":24.0},{"not_picked":["Glass Knife","Dodge and Roll","Terror"],"picked":"SKIP","floor":25.0},{"not_picked":["Glass Knife","Dodge and Roll","Terror"],"picked":"SKIP","floor":25.0},{"not_picked":["Dash","AT_WindFlip"],"picked":"AT_KneejerkReflex","floor":29.0},{"not_picked":["Poisoned Stab","Dagger Throw"],"picked":"Reflex","floor":31.0},{"not_picked":["Corpse Explosion","Night Terror"],"picked":"After Image","floor":33.0},{"not_picked":["Underhanded Strike","Deflect","Acrobatics"],"picked":"SKIP","floor":35.0},{"not_picked":["Dagger Throw","Slice","Backflip+1"],"picked":"SKIP","floor":38.0},{"not_picked":["Die Die Die","ReplayTheSpireMod:Exploit Weakness","Slice+1"],"picked":"SKIP","floor":42.0},{"not_picked":["Dash","Dagger Spray+1","AT_TinkerSharpsword"],"picked":"SKIP","floor":44},{"not_picked":["Hidden Blade+1","Escape Plan"],"picked":"Calculated Gamble","floor":47},{"not_picked":["Deflect","Reflex","Hidden Blade"],"picked":"SKIP","floor":48}],"player_experience":576676,"relics_obtained":[{"floor":4.0,"key":"Replay:Bottled Snecko"},{"floor":7.0,"key":"Toy Ornithopter"},{"floor":9.0,"key":"Garlic"},{"floor":10.0,"key":"AT_RedTearstoneRing"},{"floor":21.0,"key":"AT_MibuBalloonWealth"},{"floor":25.0,"key":"Bottled Tornado"},{"floor":42.0,"key":"Sundial"},{"floor":42.0,"key":"AT_SilverBalance"},{"floor":43.0,"key":"ReplayTheSpireMod:Ninjato"},{"floor":44,"key":"Mercury Hourglass"},{"floor":44,"key":"Replay:Ringing Soul"},{"floor":47,"key":"Blue Doll"},{"floor":47,"key":"Blue Candle"},{"floor":48,"key":"Du-Vu Doll"}],"event_choices":[{"damage_healed":0.0,"max_hp_gain":0.0,"max_hp_loss":0.0,"gold_gain":150.0,"event_name":"Liars Game","player_choice":"AGREE","floor":2.0,"gold_loss":0.0,"damage_taken":0.0,"cards_obtained":["Doubt"]},{"cards_removed":["Strike_G"],"damage_healed":0.0,"max_hp_gain":0.0,"max_hp_loss":0.0,"gold_gain":0.0,"event_name":"Back to Basics","player_choice":"Elegance","floor":19.0,"gold_loss":0.0,"damage_taken":0.0},{"damage_healed":0.0,"max_hp_gain":0.0,"max_hp_loss":0.0,"gold_gain":100.0,"event_name":"The Joust","player_choice":"Bet on Murderer","floor":30.0,"gold_loss":50.0,"damage_taken":0.0},{"damage_healed":0.0,"max_hp_gain":0.0,"max_hp_loss":0.0,"gold_gain":0.0,"event_name":"Winding Halls","player_choice":"Embrace Madness","floor":36.0,"gold_loss":0.0,"damage_taken":12.0,"cards_obtained":["Madness","Madness"]},{"cards_removed":["AT_KneejerkReflex"],"damage_healed":0.0,"max_hp_gain":0.0,"max_hp_loss":0.0,"gold_gain":0.0,"event_name":"Falling","player_choice":"Removed Power","floor":40.0,"gold_loss":0.0,"damage_taken":0.0}],"is_beta":false,"boss_relics":[{"not_picked":["RedLine:ReiMu","Abe\u0027s Treasure"],"picked":"Cursed Key"},{"not_picked":["ReplayTheSpireMod:DimensionalGlitch","Velvet Choker"],"picked":"AT_MortalBlade"}],"items_purged_floors":[3,22,28,37,39,45],"is_endless":false,"potions_floor_spawned":[7,12,14,16,18,24,29,33,35,48],"ascension_level":20}}