{"host":"hxbbrccw7ig68b38","time":1614134429,"event":{"mods":["BaseMod","Hermit","Minty Spire (QoL Compilation)","StSLib","The Cursed"],"gold_per_floor":[217,237,247,247,260,260,335,510,536,549,549,563,583,583,583,583,583],"floor_reached":16,"language":"KOR","playtime":625,"items_purged":[],"score":94,"play_id":"0af364eb-5df7-40b8-9086-520b3f5e8634","local_time":"20210224114029","is_ascension_mode":false,"campfire_choices":[{"data":"hermit:Combo","floor":6,"key":"SMITH"},{"floor":15,"key":"REST"}],"circlet_count":0,"master_deck":["hermit:Strike_Hermit","hermit:Strike_Hermit","hermit:Strike_Hermit","hermit:Strike_Hermit","hermit:Defend_Hermit","hermit:Defend_Hermit","hermit:Defend_Hermit","hermit:Defend_Hermit","hermit:Snapshot","hermit:Covet","hermit:Combo+1","hermit:Feint","hermit:Misfire","hermit:Strike_Hermit","hermit:Shortfuse","Doubt","hermit:ItchyTrigger","Parasite","hermit:Maintenance","hermit:Deadeye"],"relics":["hermit:Momento"],"acts_visited":["Exordium"],"potions_floor_usage":[16,16,16],"damage_taken":[{"damage":0,"enemies":"2 Louse","floor":1,"turns":3},{"damage":1,"enemies":"Cultist","floor":2,"turns":3},{"damage":6,"enemies":"Small Slimes","floor":3,"turns":5},{"damage":6,"enemies":"2 Fungi Beasts","floor":5,"turns":4},{"damage":12,"enemies":"Exordium Thugs","floor":10,"turns":5},{"damage":27,"enemies":"Large Slime","floor":12,"turns":6},{"damage":11,"enemies":"3 Louse","floor":13,"turns":4},{"damage":41,"enemies":"Hexaghost","floor":16,"turns":11}],"seed_played":"1272803818330233810","potions_obtained":[{"floor":1,"key":"DistilledChaos"},{"floor":5,"key":"Explosive Potion"},{"floor":10,"key":"LiquidMemories"}],"is_trial":false,"path_per_floor":["M","M","M","?","M","R","?","?","T","M","?","M","M","?","R","B"],"character_chosen":"HERMIT","items_purchased":[],"campfire_rested":1,"item_purchase_floors":[],"current_hp_per_floor":[75,74,68,68,62,62,51,51,51,39,57,30,19,19,41,0,0],"gold":583,"neow_bonus":"HUNDRED_GOLD","is_daily":false,"chose_seed":false,"campfire_upgraded":1,"win_rate":0.0,"timestamp":1614134429,"path_taken":["M","M","M","?","?","R","?","?","T","?","?","M","M","?","R","BOSS"],"items_purchased_type":[],"build_version":"2020-12-22","purchased_purges":0,"victory":false,"max_hp_per_floor":[75,75,75,75,75,75,75,75,75,75,75,75,75,75,75,75,75],"card_choices":[{"not_picked":["hermit:Coalescence","hermit:Glare"],"picked":"hermit:Combo","floor":1},{"not_picked":["hermit:LowProfile","hermit:Coalescence"],"picked":"hermit:Feint","floor":2},{"not_picked":["hermit:DeadMansHand","hermit:Gestalt"],"picked":"hermit:Misfire","floor":3},{"not_picked":["hermit:Coalescence","hermit:Dive"],"picked":"hermit:Shortfuse","floor":5},{"not_picked":["hermit:CalledShot","hermit:Roulette"],"picked":"hermit:ItchyTrigger","floor":10},{"not_picked":["hermit:Desperado","hermit:HighCaliber"],"picked":"hermit:Maintenance","floor":12},{"not_picked":["hermit:HighCaliber","hermit:Coalescence"],"picked":"hermit:Deadeye","floor":13}],"player_experience":88736,"relics_obtained":[],"event_choices":[{"damage_healed":0,"gold_gain":0,"player_choice":"1 cards matched","damage_taken":0,"max_hp_gain":0,"max_hp_loss":0,"event_name":"Match and Keep!","floor":4,"gold_loss":0,"cards_obtained":["hermit:Strike_Hermit"]},{"damage_healed":0,"gold_gain":75,"player_choice":"Gather Gold","damage_taken":11,"max_hp_gain":0,"max_hp_loss":0,"event_name":"World of Goop","floor":7,"gold_loss":0},{"damage_healed":0,"gold_gain":175,"player_choice":"AGREE","damage_taken":0,"max_hp_gain":0,"max_hp_loss":0,"event_name":"Liars Game","floor":8,"gold_loss":0,"cards_obtained":["Doubt"]},{"damage_healed":18,"gold_gain":0,"player_choice":"Healed and dodged fight","damage_taken":0,"max_hp_gain":0,"max_hp_loss":0,"event_name":"Mushrooms","floor":11,"gold_loss":0,"cards_obtained":["Parasite"]},{"damage_healed":0,"gold_gain":0,"player_choice":"Searched \u00271\u0027 times","damage_taken":0,"max_hp_gain":0,"max_hp_loss":0,"event_name":"Dead Adventurer","floor":14,"gold_loss":0}],"is_beta":false,"boss_relics":[],"items_purged_floors":[],"is_endless":false,"potions_floor_spawned":[1,5,10,13],"killed_by":"Hexaghost","ascension_level":0}}