{"host":"9c9syrivwe4sfpe0","time":1614135403,"event":{"mods":["AchievementEnabler","BaseMod","Colored Powertips","DeckTracker","GifTheSpireLib","Highlight Path","Minty Spire (QoL Compilation)","Quick Restart","Random Character Button","StSLib","SuperFastMode"],"gold_per_floor":[117,67,67,87,50,50,81,81,81,99,99,99,111,125,125,223,223,239,164,175,175,175],"floor_reached":21,"language":"ENG","playtime":732,"items_purged":[],"score":275,"play_id":"fee3a967-2bc8-474f-b26d-0999e9bd055d","local_time":"20210224135643","is_ascension_mode":true,"campfire_choices":[{"floor":6,"key":"REST"},{"data":"Seek","floor":8,"key":"SMITH"},{"data":"Zap","floor":15,"key":"SMITH"}],"circlet_count":0,"master_deck":["Strike_B","Strike_B","Strike_B","Defend_B","Defend_B","Zap+1","Dualcast","Ball Lightning","Self Repair","Seek+1","Leap","Electrodynamics","Streamline+1","Auto Shields"],"relics":["Cracked Core","NeowsBlessing","Eternal Feather","CaptainsWheel","Darkstone Periapt","Empty Cage"],"acts_visited":["Exordium","TheCity"],"potions_floor_usage":[20,20,21],"damage_taken":[{"damage":0,"enemies":"Cultist","floor":1,"turns":1},{"damage":0,"enemies":"2 Louse","floor":4,"turns":1},{"damage":0,"enemies":"Lagavulin","floor":7,"turns":1},{"damage":6,"enemies":"Jaw Worm","floor":10,"turns":2},{"damage":6,"enemies":"Exordium Thugs","floor":13,"turns":3},{"damage":12,"enemies":"Looter","floor":14,"turns":3},{"damage":61,"enemies":"The Guardian","floor":16,"turns":11},{"damage":20,"enemies":"Chosen","floor":18,"turns":5},{"damage":12,"enemies":"3 Byrds","floor":20,"turns":2},{"damage":49,"enemies":"Centurion and Healer","floor":21,"turns":4}],"seed_played":"1504497393958929602","potions_obtained":[{"floor":13,"key":"Regen Potion"},{"floor":14,"key":"Ancient Potion"},{"floor":16,"key":"FearPotion"},{"floor":18,"key":"Explosive Potion"}],"is_trial":false,"path_per_floor":["M","?","?","M","$","R","E","R","T","M","T","?","M","M","R","B",null,"M","?","M","M"],"character_chosen":"DEFECT","items_purchased":["Self Repair"],"campfire_rested":1,"item_purchase_floors":[5],"current_hp_per_floor":[68,68,61,61,61,75,75,75,75,75,75,75,75,70,75,21,62,49,49,44,0,0],"gold":175,"neow_bonus":"THREE_ENEMY_KILL","is_daily":false,"chose_seed":false,"campfire_upgraded":2,"win_rate":0.0,"timestamp":1614135403,"path_taken":["M","?","?","M","$","R","E","R","T","?","?","?","M","?","R","BOSS","M","?","M","M"],"items_purchased_type":["Card"],"build_version":"2020-12-22","purchased_purges":0,"victory":false,"max_hp_per_floor":[75,75,75,75,75,75,75,75,75,75,75,75,75,75,75,75,75,75,75,75,75,75],"card_choices":[{"not_picked":["Cold Snap","Chill"],"picked":"Ball Lightning","floor":1},{"not_picked":["Compile Driver","Go for the Eyes"],"picked":"Steam","floor":4},{"not_picked":["Self Repair","Sweeping Beam"],"picked":"Seek","floor":7},{"not_picked":["Sweeping Beam","Redo"],"picked":"Reinforced Body","floor":10},{"not_picked":["Gash","Redo"],"picked":"Leap","floor":13},{"not_picked":["Beam Cell","Cold Snap"],"picked":"Skim","floor":14},{"not_picked":["Amplify","All For One"],"picked":"Electrodynamics","floor":16},{"not_picked":["Fusion","Redo"],"picked":"Streamline+1","floor":18},{"not_picked":["Force Field","Cold Snap"],"picked":"Auto Shields","floor":20}],"player_experience":855706,"relics_obtained":[{"floor":7,"key":"Eternal Feather"},{"floor":9,"key":"CaptainsWheel"},{"floor":11,"key":"Darkstone Periapt"}],"event_choices":[{"cards_removed":["Defend_B"],"damage_healed":0,"gold_gain":0,"player_choice":"Card Removal","damage_taken":0,"max_hp_gain":0,"max_hp_loss":0,"event_name":"The Cleric","floor":2,"gold_loss":50},{"cards_removed":["Defend_B"],"damage_healed":0,"gold_gain":0,"player_choice":"Card Removal","damage_taken":7,"max_hp_gain":0,"max_hp_loss":0,"event_name":"Golden Wing","floor":3,"gold_loss":0},{"cards_removed":["Steam"],"damage_healed":5,"gold_gain":0,"player_choice":"Offered Common","damage_taken":0,"max_hp_gain":0,"max_hp_loss":0,"event_name":"Bonfire Elementals","floor":12,"gold_loss":0},{"cards_removed":["Steam"],"damage_healed":5,"gold_gain":0,"player_choice":"Offered Special","damage_taken":0,"max_hp_gain":0,"max_hp_loss":0,"event_name":"Bonfire Elementals","floor":12,"gold_loss":0},{"cards_removed":["Reinforced Body"],"damage_healed":0,"gold_gain":0,"player_choice":"Gave Gold","damage_taken":0,"max_hp_gain":0,"max_hp_loss":0,"event_name":"Beggar","floor":19,"gold_loss":75}],"is_beta":false,"boss_relics":[{"not_picked":["Philosopher\u0027s Stone","Velvet Choker"],"picked":"Empty Cage"}],"items_purged_floors":[],"is_endless":false,"potions_floor_spawned":[13,14,16,18],"killed_by":"Centurion and Healer","ascension_level":7}}