{"host":"uyfpom4rlahfoee4","time":1614135990,"event":{"mods":["BaseMod","Downfall","Minty Spire (QoL Compilation)","StSLib"],"gold_per_floor":[99,112,125,142,142,158,181,194,194,101,112,112,23,42,59,164,164,164,183,194,212,224,224,250,42,56,56,90,90,104,104,123,219,219,219,239,239,255,50,76,102,116,133,152,152,478,478,478,498,498],"floor_reached":51,"language":"ENG","playtime":5314,"items_purged":[],"score":767,"play_id":"6c8e3263-7552-4658-a4ca-9b2e6bba3b37","local_time":"20210223190630","is_ascension_mode":false,"campfire_choices":[{"data":"hexamod:Float","floor":1,"key":"SMITH"},{"floor":9,"key":"REST"},{"data":"hexamod:GhostOfSpireFuture","floor":12,"key":"SMITH"},{"data":"hexamod:FastForward","floor":18,"key":"SMITH"},{"data":"hexamod:GhostOfSpireFuture","floor":23,"key":"SMITH"},{"floor":27,"key":"REST"},{"data":"hexamod:SearingWound","floor":29,"key":"SMITH"},{"data":"hexamod:GhostflameInferno","floor":35,"key":"SMITH"},{"floor":45,"key":"REST"},{"data":"hexamod:SkipABeat","floor":47,"key":"SMITH"}],"circlet_count":0,"master_deck":["hexamod:Strike","hexamod:Strike","hexamod:Strike","hexamod:Strike","hexamod:Defend","hexamod:Defend","hexamod:Defend","hexamod:Defend","hexamod:Sear","hexamod:Float+1","hexamod:FastForward+1","hexamod:FastForward+1","hexamod:FlamesFromBeyond","hexamod:ChargedBarrage","hexamod:Hexaguard+1","hexamod:ShieldOfDarkness","hexamod:Rewind","hexamod:GhostOfSpireFuture+1","hexamod:AdvancingGuard","hexamod:FirstSeal","hexamod:GhostOfSpireFuture+1","hexamod:RecurringNightmare","hexamod:TimeOfNeed","hexamod:AdvancingGuard+1","hexamod:SpectralSpark+1","hexamod:FastForward","hexamod:Firestarter+1","hexamod:AdvancingGuard+1","Blind","hexamod:FlamesFromBeyond","hexamod:SearingWound+1","hexamod:HeatMetal+1","hexamod:SoulSteal","hexamod:EmpoweredFlame","hexamod:GhostflameInferno+1","hexamod:GhostOfSpireFuture","hexamod:GhostOfSpireFuture+1","hexamod:GhostOfSpireFuture+1","hexamod:FastForward+1","hexamod:EmpoweredFlame","hexamod:Again","hexamod:FlamesFromBeyond","hexamod:EtherealExpedition","hexamod:SkipABeat+1","hexamod:SkipABeat+1","hexamod:PowerFromBeyond"],"relics":["hexamod:SpiritBrand","Bag of Marbles","Orichalcum","hexamod:IceCube","hexamod:MatchstickCase","Membership Card","Omamori","SlaversCollar","War Paint","Anchor","Regal Pillow"],"acts_visited":["Exordium","TheCity","TheBeyond"],"potions_floor_usage":[15,19,22,33,33,33,43,44],"damage_taken":[{"damage":5,"enemies":"Jaw Worm","floor":2,"turns":4},{"damage":0,"enemies":"Cultist","floor":3,"turns":4},{"damage":0,"enemies":"2 Louse","floor":4,"turns":4},{"damage":6,"enemies":"Exordium Thugs","floor":6,"turns":4},{"damage":13,"enemies":"Lots of Slimes","floor":8,"turns":4},{"damage":0,"enemies":"downfall:FleeingMerchant","floor":10,"turns":4},{"damage":0,"enemies":"3 Louse","floor":11,"turns":4},{"damage":0,"enemies":"downfall:FleeingMerchant","floor":13,"turns":4},{"damage":1,"enemies":"Red Slaver","floor":14,"turns":3},{"damage":0,"enemies":"Lots of Slimes","floor":15,"turns":1},{"damage":41,"enemies":"IC_STATUS_ARCHETYPE","floor":16,"turns":12},{"damage":3,"enemies":"downfall:LooterAlt2","floor":19,"turns":6},{"damage":17,"enemies":"Chosen","floor":20,"turns":8},{"damage":9,"enemies":"Snake Plant","floor":21,"turns":4},{"damage":6,"enemies":"Snecko","floor":22,"turns":8},{"damage":10,"enemies":"downfall:FleeingMerchant","floor":25,"turns":4},{"damage":18,"enemies":"Cultist and Chosen","floor":26,"turns":9},{"damage":14,"enemies":"Gremlin Leader","floor":28,"turns":8},{"damage":6,"enemies":"Sentry and Sphere","floor":30,"turns":5},{"damage":0,"enemies":"Snecko","floor":32,"turns":4},{"damage":41,"enemies":"DF_ARCHETYPE_CLAW","floor":33,"turns":11},{"damage":0,"enemies":"3 Shapes","floor":36,"turns":4},{"damage":16,"enemies":"Orb Walker","floor":38,"turns":4},{"damage":0,"enemies":"downfall:FleeingMerchant","floor":39,"turns":4},{"damage":16,"enemies":"Writhing Mass","floor":42,"turns":5},{"damage":0,"enemies":"4 Shapes","floor":43,"turns":10},{"damage":36,"enemies":"Maw","floor":44,"turns":8},{"damage":0,"enemies":"downfall:FleeingMerchant","floor":46,"turns":4},{"damage":22,"enemies":"Transient","floor":49,"turns":5},{"damage":0,"enemies":"SI_POISON_ARCHETYPE","floor":50,"turns":14}],"seed_played":"-1433621545181562783","potions_obtained":[{"floor":2,"key":"AttackPotion"},{"floor":3,"key":"bronze:BurnAndBuffPotion"},{"floor":8,"key":"sneckomod:MuddlingPotion"},{"floor":15,"key":"SteroidPotion"},{"floor":19,"key":"EssenceOfSteel"},{"floor":20,"key":"Fire Potion"},{"floor":28,"key":"DuplicationPotion"},{"floor":32,"key":"Strength Potion"},{"floor":33,"key":"sneckomod:MuddlingPotion"},{"floor":42,"key":"Fire Potion"},{"floor":43,"key":"hexamod:EctoCoolerPotion"}],"is_trial":false,"path_per_floor":["R","M","M","M","?","M","T","M","R","$","M","R","$","M","M","B",null,"R","M","M","M","M","R","T","$","M","R","E","R","M","?","M","B",null,"R","M","?","M","$","T","T","M","M","M","R","$","R","?","M","B",null],"character_chosen":"THE_SPIRIT","items_purchased":["hexamod:Rewind","hexamod:FirstSeal","Membership Card","Blind","hexamod:EmpoweredFlame","War Paint","Anchor","hexamod:SkipABeat"],"campfire_rested":3,"item_purchase_floors":[10,13,25,25,39,39,39,46],"current_hp_per_floor":[70,65,65,65,65,59,59,46,67,67,67,67,67,70,70,29,70,70,70,60,51,52,52,52,49,38,59,52,52,53,53,53,19,70,70,70,70,61,68,68,68,59,66,37,70,70,70,70,48,48],"gold":498,"neow_bonus":"RANDOM_COMMON_RELIC","is_daily":false,"chose_seed":false,"campfire_upgraded":7,"win_rate":0.0,"timestamp":1614135990,"path_taken":["R","M","M","M","?","M","T","?","R","$","M","R","?","M","M","BOSS","R","M","M","M","M","R","T","$","M","R","E","R","M","?","M","BOSS","R","M","?","M","$","?","T","M","?","M","R","$","R","?","M","BOSS"],"items_purchased_type":["Card","Card","Relic","Card","Card","Relic","Relic","Card"],"build_version":"2020-12-22","purchased_purges":0,"victory":true,"max_hp_per_floor":[70,70,70,70,70,70,70,70,70,70,70,70,70,70,70,70,70,70,70,70,70,70,70,70,70,70,70,70,70,70,70,70,70,70,70,70,70,70,70,70,70,70,70,70,70,70,70,70,70,70],"card_choices":[{"not_picked":["hexamod:SkipABeat","hexamod:ExtraCrispy"],"picked":"hexamod:FastForward","floor":2},{"not_picked":["hexamod:Again","hexamod:ShieldOfDarkness"],"picked":"hexamod:FastForward","floor":3},{"not_picked":["hexamod:HeatShield","hexamod:NightmareStrike"],"picked":"hexamod:FlamesFromBeyond","floor":4},{"not_picked":["hexamod:EtherealExpedition","hexamod:FlamesFromBeyond"],"picked":"hexamod:ChargedBarrage","floor":6},{"not_picked":["hexamod:GhostShield","hexamod:SpectralAdrenaline"],"picked":"hexamod:Hexaguard","floor":8},{"not_picked":["hexamod:HauntingEcho","hexamod:PowerFromBeyond"],"picked":"hexamod:ShieldOfDarkness","floor":10},{"not_picked":["hexamod:RadiantFlame","hexamod:Firestarter"],"picked":"hexamod:GhostOfSpireFuture","floor":11},{"not_picked":["hexamod:SecondSeal","hexamod:Incineration"],"picked":"hexamod:AdvancingGuard","floor":13},{"not_picked":["hexamod:GhostOfSpirePresent","hexamod:InspiringFlames"],"picked":"hexamod:GhostOfSpireFuture","floor":14},{"not_picked":["hexamod:HeatMetal","hexamod:SpectralAdrenaline"],"picked":"hexamod:RecurringNightmare","floor":15},{"not_picked":["hexamod:UnleashSpirits","hexamod:GiftsFromTheDead"],"picked":"hexamod:TimeOfNeed","floor":16},{"not_picked":["hexamod:Hexaguard","hexamod:HauntingEcho"],"picked":"hexamod:AdvancingGuard+1","floor":19},{"not_picked":["hexamod:SecondSeal","hexamod:PowerFromBeyond"],"picked":"hexamod:SpectralSpark","floor":20},{"not_picked":["hexamod:RainOfEmbers","hexamod:Hexaguard+1"],"picked":"hexamod:FastForward","floor":21},{"not_picked":["hexamod:FastForward","hexamod:RecurringNightmare"],"picked":"hexamod:Firestarter+1","floor":22},{"not_picked":["hexamod:HeatMetal+1","hexamod:NightmareStrike+1"],"picked":"hexamod:AdvancingGuard+1","floor":25},{"not_picked":["hexamod:NightmareStrike","hexamod:ThermalTransfer"],"picked":"hexamod:FlamesFromBeyond","floor":26},{"not_picked":["hexamod:FlamesFromBeyond","hexamod:Hexaguard"],"picked":"hexamod:SearingWound","floor":28},{"not_picked":["hexamod:GhostShield","hexamod:SuperheatedStrike"],"picked":"hexamod:HeatMetal+1","floor":30},{"not_picked":["hexamod:HeatCrush","hexamod:Hexaguard+1"],"picked":"hexamod:EmpoweredFlame","floor":32},{"not_picked":["hexamod:ParanormalForm","hexamod:FlameSwitch"],"picked":"hexamod:GhostflameInferno","floor":33},{"not_picked":["hexamod:HeatCrush","hexamod:AdvancingGuard"],"picked":"hexamod:GhostOfSpireFuture","floor":36},{"not_picked":["hexamod:Haunt","hexamod:GhostLash"],"picked":"hexamod:FastForward+1","floor":38},{"not_picked":["hexamod:GhostLash+1","hexamod:FastForward","hexamod:Firestarter"],"picked":"SKIP","floor":39},{"not_picked":["hexamod:GhostLash+1","hexamod:HauntingEcho"],"picked":"hexamod:Again","floor":42},{"not_picked":["hexamod:ChargedBarrage+1","hexamod:Haunt"],"picked":"hexamod:FlamesFromBeyond","floor":43},{"not_picked":["hexamod:NightmareStrike","hexamod:Again+1"],"picked":"hexamod:EtherealExpedition","floor":44},{"not_picked":["hexamod:SuperheatedStrike","hexamod:RetreatToShadows"],"picked":"hexamod:SkipABeat+1","floor":46},{"not_picked":["hexamod:PhantomFireball","hexamod:Again+1"],"picked":"hexamod:PowerFromBeyond","floor":49}],"player_experience":154909,"relics_obtained":[{"floor":7,"key":"Orichalcum"},{"floor":24,"key":"hexamod:MatchstickCase"},{"floor":28,"key":"Omamori"},{"floor":40,"key":"Regal Pillow"}],"event_choices":[{"damage_healed":0,"gold_gain":0,"player_choice":"Forge","damage_taken":0,"max_hp_gain":0,"max_hp_loss":0,"event_name":"Accursed Blacksmith","floor":5,"gold_loss":0,"cards_upgraded":["hexamod:FastForward"]},{"damage_healed":0,"gold_gain":0,"player_choice":"Read","damage_taken":0,"max_hp_gain":0,"max_hp_loss":0,"event_name":"The Library","floor":31,"gold_loss":0,"cards_obtained":["hexamod:SoulSteal"]}],"is_beta":false,"boss_relics":[{"not_picked":["Busted Crown","Velvet Choker"],"picked":"hexamod:IceCube"},{"not_picked":["bronze:MakeshiftBattery","Pandora\u0027s Box"],"picked":"SlaversCollar"}],"items_purged_floors":[],"is_endless":false,"potions_floor_spawned":[2,3,8,15,19,20,28,32,33,42,43,49],"ascension_level":0}}