{"host":"t7mx8yfj1no5p62f","time":1614141397,"event":{"mods":["BaseMod","Bestiary","Colored Map","Colored Powertips","Minty Spire (QoL Compilation)","Relic Stats","ojb\u0027s Info Mod: The sequel"],"gold_per_floor":[112,130,149,149,149,183,202,202,228,268,268,312,312,312,312,411,411,432,455,85,128,128,128],"floor_reached":22,"language":"ENG","playtime":926,"items_purged":["Strike_P"],"score":504,"play_id":"7d763e71-c794-4c3b-a8e4-a33d49c4083a","local_time":"20210223233637","is_ascension_mode":true,"campfire_choices":[{"data":"CrushJoints","floor":11.0,"key":"SMITH"},{"data":"WheelKick","floor":13.0,"key":"SMITH"},{"data":"Eruption","floor":15.0,"key":"SMITH"}],"circlet_count":0,"master_deck":["AscendersBane","Strike_P","Strike_P","Strike_P","Defend_P","Defend_P","Defend_P","Eruption+1","Vigilance","FollowUp","BowlingBash+1","LikeWater","Adaptation","CrushJoints+1","WheelKick+1","DeusExMachina","Crescendo+1","EmptyBody","FearNoEvil","FlurryOfBlows"],"relics":["Runic Dome","Bronze Scales","Golden Idol","Centennial Puzzle","Oddly Smooth Stone","Question Card","SlaversCollar","Bag of Preparation","Red Mask"],"acts_visited":["Exordium","TheCity"],"potions_floor_usage":[19,21],"damage_taken":[{"damage":1.0,"enemies":"2 Louse","floor":1.0,"turns":4.0},{"damage":3.0,"enemies":"Small Slimes","floor":2.0,"turns":4.0},{"damage":0.0,"enemies":"Jaw Worm","floor":3.0,"turns":2.0},{"damage":5.0,"enemies":"3 Sentries","floor":6.0,"turns":10.0},{"damage":0.0,"enemies":"2 Fungi Beasts","floor":7.0,"turns":3.0},{"damage":16.0,"enemies":"Gremlin Nob","floor":10.0,"turns":3.0},{"damage":9.0,"enemies":"Lagavulin","floor":12.0,"turns":6.0},{"damage":0.0,"enemies":"Slime Boss","floor":16.0,"turns":4.0},{"damage":6.0,"enemies":"Chosen","floor":18.0,"turns":5.0},{"damage":0,"enemies":"Shell Parasite","floor":19,"turns":1},{"damage":10,"enemies":"Masked Bandits","floor":21,"turns":3},{"damage":57,"enemies":"Cultist and Chosen","floor":22,"turns":3}],"seed_played":"6335419809407703843","potions_obtained":[{"floor":1.0,"key":"Ancient Potion"},{"floor":3.0,"key":"Fire Potion"},{"floor":12.0,"key":"Ambrosia"},{"floor":18.0,"key":"AttackPotion"}],"is_trial":false,"path_per_floor":["M","M","M","?","?","E","M","?","T","E","R","E","R","?","R","B",null,"M","M","$","?","M"],"character_chosen":"WATCHER","items_purchased":["Bag of Preparation","FearNoEvil","StancePotion"],"campfire_rested":0,"item_purchase_floors":[20,20,20],"current_hp_per_floor":[60,57,57,57,57,52,52,52,52,36,36,27,27,27,27,27,53,47,47,47,37,0,0],"gold":128,"neow_bonus":"BOSS_RELIC","is_daily":false,"chose_seed":false,"campfire_upgraded":3,"win_rate":0.0,"timestamp":1614141397,"path_taken":["M","M","M","?","?","E","M","?","T","E","R","E","R","?","R","BOSS","M","M","?","?","M"],"items_purchased_type":["Relic","Card","Potion"],"build_version":"2020-12-22","purchased_purges":1,"victory":false,"max_hp_per_floor":[68,68,68,68,68,68,68,62,62,62,62,62,62,62,62,62,62,62,62,62,62,62,62],"relic_stats":{"Centennial Puzzle":[12],"counters":[12,48],"Golden Idol":55,"Bronze Scales":[36],"Bag of Preparation":[5],"Question Card":4,"obtain_stats":[{"Runic Dome":0,"SlaversCollar":17,"Centennial Puzzle":9,"Golden Idol":8,"Bronze Scales":6,"Oddly Smooth Stone":10,"Bag of Preparation":20,"Red Mask":21,"PureWater":0,"Question Card":12},{"Runic Dome":0,"SlaversCollar":8,"Centennial Puzzle":5,"Golden Idol":5,"Bronze Scales":4,"Oddly Smooth Stone":6,"Bag of Preparation":10,"Red Mask":11,"PureWater":0,"Question Card":7},{"Runic Dome":0,"SlaversCollar":36,"Centennial Puzzle":23,"Golden Idol":23,"Bronze Scales":20,"Oddly Smooth Stone":26,"Bag of Preparation":42,"Red Mask":45,"PureWater":0,"Question Card":32}]},"card_choices":[{"not_picked":["WaveOfTheHand","ClearTheMind"],"picked":"FollowUp","floor":1.0},{"not_picked":["LikeWater","FlurryOfBlows"],"picked":"BowlingBash","floor":2.0},{"not_picked":["WreathOfFlame","PathToVictory"],"picked":"LikeWater","floor":3.0},{"not_picked":["Swivel","FlyingSleeves"],"picked":"Adaptation","floor":6.0},{"not_picked":["BowlingBash","ForeignInfluence"],"picked":"CrushJoints","floor":7.0},{"not_picked":["ClearTheMind","CrushJoints","SashWhip"],"picked":"SKIP","floor":10.0},{"not_picked":["PathToVictory","CrushJoints"],"picked":"WheelKick","floor":12.0},{"not_picked":["ConjureBlade","MasterReality","Alpha"],"picked":"DeusExMachina","floor":16.0},{"not_picked":["Consecrate","JustLucky","Sanctity"],"picked":"Crescendo+1","floor":18.0},{"not_picked":["PathToVictory","Crescendo","SandsOfTime"],"picked":"EmptyBody","floor":19},{"not_picked":["SignatureMove","Weave","EmptyFist"],"picked":"FlurryOfBlows","floor":21}],"player_experience":1990526,"relics_obtained":[{"floor":6.0,"key":"Bronze Scales"},{"floor":9.0,"key":"Centennial Puzzle"},{"floor":10.0,"key":"Oddly Smooth Stone"},{"floor":12.0,"key":"Question Card"},{"floor":21,"key":"Red Mask"}],"event_choices":[{"damage_healed":0.0,"max_hp_gain":0.0,"max_hp_loss":0.0,"gold_gain":0.0,"event_name":"Scrap Ooze","player_choice":"Fled","floor":4.0,"gold_loss":0.0,"damage_taken":0.0},{"damage_healed":0.0,"max_hp_gain":0.0,"max_hp_loss":0.0,"gold_gain":0.0,"event_name":"Living Wall","player_choice":"Grow","floor":5.0,"gold_loss":0.0,"damage_taken":0.0,"cards_upgraded":["BowlingBash"]},{"damage_healed":0.0,"max_hp_gain":0.0,"max_hp_loss":6.0,"gold_gain":0.0,"event_name":"Golden Idol","player_choice":"Lose Max HP","floor":8.0,"gold_loss":0.0,"damage_taken":0.0,"relics_obtained":["Golden Idol"]},{"cards_removed":["Defend_P"],"damage_healed":0.0,"max_hp_gain":0.0,"max_hp_loss":0.0,"gold_gain":0.0,"event_name":"Bonfire Elementals","player_choice":"Offered Basic","floor":14.0,"gold_loss":0.0,"damage_taken":0.0},{"damage_healed":0,"gold_gain":0,"player_choice":"Fought Bandits","damage_taken":0,"max_hp_gain":0,"max_hp_loss":0,"event_name":"Masked Bandits","floor":21,"gold_loss":0}],"is_beta":false,"boss_relics":[{"not_picked":["Velvet Choker","Fusion Hammer"],"picked":"SlaversCollar"}],"items_purged_floors":[20],"is_endless":false,"potions_floor_spawned":[1,3,7,12,18],"killed_by":"Cultist and Chosen","ascension_level":20}}