{"host":"gfybn4j1d26rvz5e","time":1614140486,"event":{"mods":["BaseMod","Better Altar","Better Match","Better Note","Better Sensory Stone","Better Skull","Better Third Choice","BetterRewards","Highlight Path","Minty Spire (QoL Compilation)","Random Character Button","Relic Stats","StSLib"],"gold_per_floor":[114,39,39,54,229,229,259,274,349,349,364,394,394,409,409,409,409],"floor_reached":16,"language":"ENG","playtime":417,"items_purged":["Strike_R"],"score":110,"play_id":"18e046b7-34e2-41b2-b000-b42ccde2debe","local_time":"20210223222126","daily_mods":["Heirloom","Colorless Cards","DeadlyEvents"],"is_ascension_mode":false,"campfire_choices":[{"data":"Bash","floor":6,"key":"SMITH"},{"data":"Inflame","floor":10,"key":"SMITH"},{"data":"Spot Weakness","floor":13,"key":"SMITH"},{"data":"Shrug It Off","floor":15,"key":"SMITH"}],"circlet_count":0,"master_deck":["Strike_R","Strike_R","Strike_R","Strike_R","Defend_R","Defend_R","Defend_R","Defend_R","Bash+1","Cleave+1","Inflame+1","Doubt","Forethought","Spot Weakness+1","Shrug It Off+1"],"relics":["Burning Blood","Magic Flower","Gremlin Horn","Sundial","Bottled Flame"],"acts_visited":["Exordium"],"potions_floor_usage":[16,16],"damage_taken":[{"damage":6,"enemies":"Cultist","floor":1,"turns":3},{"damage":8,"enemies":"Jaw Worm","floor":4,"turns":3},{"damage":49,"enemies":"Lagavulin","floor":7,"turns":7},{"damage":6,"enemies":"2 Louse","floor":8,"turns":2},{"damage":12,"enemies":"Blue Slaver","floor":11,"turns":2},{"damage":20,"enemies":"Gremlin Nob","floor":12,"turns":4},{"damage":0,"enemies":"3 Louse","floor":14,"turns":2},{"damage":51,"enemies":"The Guardian","floor":16,"turns":11}],"seed_played":"1986488565424594500","potions_obtained":[{"floor":4,"key":"GamblersBrew"},{"floor":11,"key":"ElixirPotion"},{"floor":12,"key":"BlessingOfTheForge"}],"is_trial":false,"path_per_floor":["M","$","?","M","?","R","E","M","T","R","M","E","R","M","R","B"],"character_chosen":"IRONCLAD","items_purchased":[],"campfire_rested":0,"item_purchase_floors":[],"current_hp_per_floor":[80,80,80,80,80,80,40,43,43,43,40,29,29,38,38,0,0],"gold":409,"neow_bonus":"","is_daily":true,"chose_seed":false,"campfire_upgraded":4,"win_rate":0.0,"timestamp":1614140486,"path_taken":["M","?","?","?","?","R","E","?","T","R","M","?","R","M","R","BOSS"],"items_purchased_type":[],"build_version":"2020-12-22","purchased_purges":1,"victory":false,"max_hp_per_floor":[80,80,80,80,80,80,80,80,80,80,80,80,80,80,80,80,80],"relic_stats":{"Gremlin Horn":[3,3],"counters":[8,34],"Sundial":[2],"Magic Flower":[17],"obtain_stats":[{"Bottled Flame":12,"Gremlin Horn":7,"Sundial":9,"Magic Flower":0,"Burning Blood":0},{"Bottled Flame":6,"Gremlin Horn":3,"Sundial":4,"Magic Flower":0,"Burning Blood":0},{"Bottled Flame":21,"Gremlin Horn":13,"Sundial":15,"Magic Flower":0,"Burning Blood":0}],"Burning Blood":59},"card_choices":[{"not_picked":["Flex","Body Slam"],"picked":"Cleave","floor":1},{"not_picked":["Second Wind","Flash of Steel"],"picked":"Inflame","floor":4},{"not_picked":["Anger","Warcry","Flex"],"picked":"SKIP","floor":7},{"not_picked":["Cleave","Dark Embrace","Heavy Blade"],"picked":"SKIP","floor":8},{"not_picked":["Feel No Pain","Demon Form"],"picked":"Forethought","floor":11},{"not_picked":["Thunderclap","Rage"],"picked":"Spot Weakness","floor":12},{"not_picked":["Sword Boomerang","Havoc"],"picked":"Shrug It Off","floor":14}],"player_experience":682765,"relics_obtained":[{"floor":7,"key":"Gremlin Horn"},{"floor":9,"key":"Sundial"},{"floor":12,"key":"Bottled Flame"}],"event_choices":[{"damage_healed":0,"gold_gain":0,"player_choice":"Upgraded","damage_taken":0,"max_hp_gain":0,"max_hp_loss":0,"event_name":"Upgrade Shrine","floor":3,"gold_loss":0,"cards_upgraded":["Cleave"]},{"damage_healed":0,"gold_gain":175,"player_choice":"AGREE","damage_taken":54,"max_hp_gain":0,"max_hp_loss":0,"event_name":"betterThird:BetterSerpent","floor":5,"gold_loss":0}],"is_beta":false,"boss_relics":[],"items_purged_floors":[2],"is_endless":false,"potions_floor_spawned":[4,11,12,14],"killed_by":"The Guardian","ascension_level":0}}