{"host":"p9fmk1zxjhqthrxg","time":1614209029,"event":{"mods":["BaseMod","Bestiary","Colored Map","Colored Powertips","Highlight Path","Minty Spire (QoL Compilation)","Random Character Button","Rare Cards Sparkle","StSLib"],"gold_per_floor":[113,124,138,88,88,122,138,138,138,138,138,158,158,172,172,272,272,283,283,208,224,194,226,226,245,295,295,308,13,13,32,32,32,32],"floor_reached":33,"language":"ENG","playtime":1459,"items_purged":[],"score":292,"play_id":"cf0c2a90-4c42-485e-9575-18edfc42b95c","local_time":"20210224172349","is_ascension_mode":false,"campfire_choices":[{"floor":8,"key":"REST"},{"floor":10,"key":"REST"},{"floor":15,"key":"REST"},{"floor":24,"key":"REST"},{"floor":27,"key":"REST"},{"data":"Infinite Blades","floor":32,"key":"SMITH"}],"circlet_count":0,"master_deck":["Strike_G","Strike_G","Strike_G","Strike_G","Defend_G","Defend_G","Defend_G","Defend_G","Defend_G","Survivor","Neutralize","Infinite Blades+1","Dagger Throw","Blur","Flying Knee","Caltrops","Choke","Quick Slash","Storm of Steel","Blade Dance","Underhanded Strike","Backflip","Underhanded Strike","Glass Knife","Backstab","Slice"],"relics":["Ring of the Snake","Mango","Snake Skull","Happy Flower","Nunchaku","Pear","Busted Crown","Regal Pillow","Mercury Hourglass","Bag of Marbles","Shuriken","Blue Candle"],"acts_visited":["Exordium","TheCity"],"potions_floor_usage":[16,16,16,16,23,23,31,31,33],"damage_taken":[{"damage":11,"enemies":"Cultist","floor":1,"turns":4},{"damage":4,"enemies":"Small Slimes","floor":2,"turns":4},{"damage":13,"enemies":"Jaw Worm","floor":3,"turns":4},{"damage":30,"enemies":"3 Sentries","floor":6,"turns":12},{"damage":20,"enemies":"Large Slime","floor":7,"turns":7},{"damage":13,"enemies":"3 Louse","floor":12,"turns":4},{"damage":2,"enemies":"2 Fungi Beasts","floor":14,"turns":3},{"damage":46,"enemies":"The Guardian","floor":16,"turns":10},{"damage":30,"enemies":"2 Thieves","floor":18,"turns":4},{"damage":17,"enemies":"Shell Parasite","floor":21,"turns":4},{"damage":43,"enemies":"Gremlin Leader","floor":23,"turns":7},{"damage":32,"enemies":"Centurion and Healer","floor":25,"turns":6},{"damage":12,"enemies":"Snecko","floor":28,"turns":4},{"damage":0,"enemies":"Snake Plant","floor":31,"turns":1},{"damage":58,"enemies":"Champ","floor":33,"turns":7}],"seed_played":"-2044852891846673846","potions_obtained":[{"floor":2,"key":"SpeedPotion"},{"floor":12,"key":"LiquidMemories"},{"floor":14,"key":"EntropicBrew"},{"floor":22,"key":"AttackPotion"},{"floor":22,"key":"SkillPotion"},{"floor":23,"key":"CunningPotion"},{"floor":28,"key":"Energy Potion"},{"floor":31,"key":"Swift Potion"}],"is_trial":false,"path_per_floor":["M","M","M","?","?","E","M","R","T","R","T","M","?","M","R","B",null,"M","?","?","M","?","E","R","M","T","R","M","$","?","M","R","B"],"character_chosen":"THE_SILENT","items_purchased":["Shuriken","Backstab"],"campfire_rested":5,"item_purchase_floors":[29,29],"current_hp_per_floor":[73,69,56,56,61,31,11,37,37,63,63,50,27,25,54,13,99,69,69,69,52,52,9,53,21,21,65,53,53,53,53,53,0,0],"gold":32,"neow_bonus":"ONE_RARE_RELIC","is_daily":false,"chose_seed":false,"campfire_upgraded":1,"win_rate":0.0,"timestamp":1614209029,"path_taken":["M","?","M","?","?","E","M","R","T","R","?","M","?","M","R","BOSS","M","?","?","M","?","E","R","M","T","R","?","$","?","M","R","BOSS"],"items_purchased_type":["Relic","Card"],"build_version":"2020-12-22","purchased_purges":0,"victory":false,"max_hp_per_floor":[84,84,84,84,89,89,89,89,89,89,89,89,99,99,99,99,99,99,99,99,99,99,99,99,99,99,99,99,99,99,99,99,99,99],"card_choices":[{"not_picked":["Backflip","Deadly Poison"],"picked":"Infinite Blades","floor":1},{"not_picked":["Prepared","Bane"],"picked":"Dagger Throw","floor":2},{"not_picked":["Flechettes","Predator"],"picked":"Blur","floor":3},{"not_picked":["Finisher","Accuracy"],"picked":"Flying Knee","floor":6},{"not_picked":["Backflip","Cloak And Dagger"],"picked":"Caltrops","floor":7},{"not_picked":["Terror","Prepared"],"picked":"Choke","floor":12},{"not_picked":["PiercingWail","Concentrate"],"picked":"Quick Slash","floor":14},{"not_picked":["Phantasmal Killer","Envenom"],"picked":"Storm of Steel","floor":16},{"not_picked":[],"picked":"Blade Dance","floor":18},{"not_picked":[],"picked":"Underhanded Strike","floor":21},{"not_picked":[],"picked":"Backflip","floor":23},{"not_picked":[],"picked":"Underhanded Strike","floor":25},{"not_picked":[],"picked":"Glass Knife","floor":28},{"not_picked":[],"picked":"Slice","floor":31}],"player_experience":156015,"relics_obtained":[{"floor":6,"key":"Snake Skull"},{"floor":9,"key":"Happy Flower"},{"floor":11,"key":"Nunchaku"},{"floor":23,"key":"Mercury Hourglass"},{"floor":26,"key":"Bag of Marbles"}],"event_choices":[{"cards_removed":["Pain"],"damage_healed":0,"gold_gain":0,"player_choice":"Card Removal","damage_taken":0,"max_hp_gain":0,"max_hp_loss":0,"event_name":"The Cleric","floor":4,"gold_loss":50},{"damage_healed":0,"gold_gain":0,"player_choice":"Donut","damage_taken":0,"max_hp_gain":5,"max_hp_loss":0,"event_name":"Big Fish","floor":5,"gold_loss":0},{"damage_healed":0,"gold_gain":0,"player_choice":"Success","damage_taken":33,"relics_obtained":["Pear"],"max_hp_gain":0,"max_hp_loss":0,"event_name":"Scrap Ooze","floor":13,"gold_loss":0},{"damage_healed":0,"gold_gain":0,"player_choice":"Opened","damage_taken":0,"relics_obtained":["Regal Pillow"],"max_hp_gain":0,"max_hp_loss":0,"event_name":"The Mausoleum","floor":19,"gold_loss":0},{"cards_removed":["Strike_G"],"damage_healed":0,"gold_gain":0,"player_choice":"Gave Gold","damage_taken":0,"max_hp_gain":0,"max_hp_loss":0,"event_name":"Beggar","floor":20,"gold_loss":75},{"damage_healed":0,"gold_gain":0,"player_choice":"Bought 2 Potions","damage_taken":0,"max_hp_gain":0,"max_hp_loss":0,"event_name":"The Woman in Blue","floor":22,"gold_loss":0},{"damage_healed":0,"gold_gain":0,"player_choice":"Gave Potion","damage_taken":0,"relics_obtained":["Blue Candle"],"max_hp_gain":0,"max_hp_loss":0,"event_name":"WeMeetAgain","floor":30,"gold_loss":0}],"is_beta":false,"boss_relics":[{"not_picked":["SlaversCollar","Snecko Eye"],"picked":"Busted Crown"}],"items_purged_floors":[],"is_endless":false,"potions_floor_spawned":[2,12,14,23,28,31],"killed_by":"Champ","ascension_level":0}}