{"host":"vfjw5z5u57sxa51v","time":1614191237,"event":{"mods":["AchievementEnabler","Act Like it!","Aspiration","BaseMod","Bestiary","Better Altar","Better Match","Better Note","Better Sensory Stone","Better Skull","Better Synergies","Better Third Choice","BetterRewards","CCEM2","Colored Map","Conspire","Dota2Spire","Downfall","GifTheSpireLib","GungeonMod","Halation","Highlight Path","Hubris","Infinite Spire","Jedi Mod","Minty Spire (QoL Compilation)","Permanent Neow","Reliquary","Replay The Spire","Shop Mod","Spicy Shops","StSLib","Stuff the Spire","The Cursed","The Disciple","The Gatherer","Unceasing Turn Reminder","everything is the same but u backflip on backflip"],"gold_per_floor":[117,132,13,13,13,13,13,13,48,75,88,115,127,74,74,178,178,204,154,175,198,217,217,257,257,257,257,271,291,314,336,367,367,367,465,465,492,492,492],"floor_reached":38,"language":"DEU","playtime":2715,"items_purged":["Doubt"],"score":306,"play_id":"ac1b7a96-c5d7-43c3-9d83-05b1545ec4a6","local_time":"20210224192717","is_ascension_mode":false,"campfire_choices":[{"data":"DemoMod:FullFirepower","floor":6,"key":"SMITH"},{"floor":15,"key":"REST"},{"floor":23,"key":"REST"},{"data":"DemoMod:TableSutra","floor":27,"key":"SMITH"},{"floor":33,"key":"REST"}],"circlet_count":0,"master_deck":["DemoMod:Strike_Huntress","DemoMod:Defend_Huntress","DemoMod:Defend_Huntress","DemoMod:Defend_Huntress","DemoMod:Defend_Huntress","DemoMod:Roll","DemoMod:ManualReload","DemoMod:RustySidearm","DemoMod:CrossBow","DemoMod:FullFirepower+1","DemoMod:ShadowBullets","DemoMod:StickyCrossBow","DemoMod:EasyReloadBullets","DemoMod:BoxingGlove","DemoMod:BoxingGlove","DemoMod:FeignSurrender","DemoMod:Polaris","DemoMod:TableSutra+1","DemoMod:HungryBullets","DemoMod:FinishedGun","DemoMod:ThirdPartyController","DemoMod:DirectionalPad","DemoMod:FastSwitch+1","downfall:Haunted","DemoMod:BattleInHaste","DemoMod:FastSwitch+1","DemoMod:HuntsMan+1","DemoMod:ShadowBullets","DemoMod:Elimentaler","DemoMod:DarkMarker","jedi:BattleThirst","DemoMod:ConditionalReflex+1","DemoMod:EasyReloadBullets+1"],"relics":["DemoMod:Dog","DemoMod:ResourcefulSack","DemoMod:WhiteGuonStone","Dota2Spire:PowerTreads","CCEMRelics:SelfSharpeningBlade","hubris:TenFootPole","BargainBundle","Juzu Bracelet","CCEMRelics:WrappedPresent","jedi:archwizardhat","DemoMod:Relodestone","Cursed Key","halation:PromiseList","infinitespire:Satchel","DemoMod:RatBoots","ReplayTheSpireMod:Ninjato","DemoMod:PartiallyEatenCheese","halation:Prosthetics","StuffTheSpire:ModemDavis"],"acts_visited":["Exordium","TheCity","TheCity","TheBeyond"],"potions_floor_usage":[12,20,24,32,32,32,35],"damage_taken":[{"damage":6,"enemies":"2 Louse","floor":1,"turns":3},{"damage":10,"enemies":"Small Slimes","floor":2,"turns":5},{"damage":26,"enemies":"Jaw Worm","floor":9,"turns":9},{"damage":6,"enemies":"Gremlin Nob","floor":10,"turns":3},{"damage":4,"enemies":"Jaw Worm","floor":11,"turns":6},{"damage":11,"enemies":"3 Sentries","floor":12,"turns":7},{"damage":5,"enemies":"3 Louse","floor":13,"turns":3},{"damage":9,"enemies":"Hexaghost","floor":16,"turns":8},{"damage":20,"enemies":"3 Byrds","floor":18,"turns":4},{"damage":22,"enemies":"Shell Parasite","floor":20,"turns":4},{"damage":18,"enemies":"Centurion and Healer","floor":22,"turns":7},{"damage":10,"enemies":"Slavers","floor":24,"turns":4},{"damage":10,"enemies":"DemoMod:Veteran_shot_gun_kin_and_bullet_kin","floor":28,"turns":2},{"damage":0,"enemies":"DemoMod:Red_and_blue_shotgun_kin","floor":29,"turns":1},{"damage":9,"enemies":"DemoMod:Red_and_blue_shotgun_kin_with_gunsinger","floor":30,"turns":2},{"damage":7,"enemies":"DemoMod:Veteran_shot_gun_kin_and_blue_shotgun_kin","floor":31,"turns":1},{"damage":8,"enemies":"DemoMod:2_Mousers","floor":32,"turns":3},{"damage":35,"enemies":"DemoMod:ResourcefulRat","floor":34,"turns":5},{"damage":8,"enemies":"DemoMod:ResourcefulRat","floor":35,"turns":8},{"damage":0,"enemies":"Orb Walker","floor":37,"turns":1},{"damage":42,"enemies":"3 Shapes","floor":38,"turns":5}],"seed_played":"-8312705416644614515","potions_obtained":[{"floor":10,"key":"Weak Potion"},{"floor":11,"key":"Milkshake"},{"floor":13,"key":"Swift Potion"},{"floor":16,"key":"DistilledChaos"},{"floor":22,"key":"Elixir"},{"floor":30,"key":"SkillPotion"},{"floor":32,"key":"Block Potion"},{"floor":35,"key":"Dexterity Potion"}],"is_trial":false,"path_per_floor":["M","M","$","?","?","R","T","$","T","E","M","E","M","$","R","B",null,"M","?","M","T","M","R","E","?","T","R","M","M","M","M","M","R","B","B",null,"M","M"],"character_chosen":"HUNTRESS","items_purchased":["DemoMod:EasyReloadBullets","DemoMod:BoxingGlove","BargainBundle","Juzu Bracelet","CCEMRelics:WrappedPresent","DemoMod:GnawedKey","jedi:archwizardhat","Strength Potion","AttackPotion"],"campfire_rested":3,"item_purchase_floors":[3,3,14,14,14,14,14,14,14],"current_hp_per_floor":[64,54,54,54,54,54,54,54,28,22,18,7,2,12,34,25,75,55,55,33,33,15,37,27,27,75,75,65,65,56,49,41,63,28,20,40,40,0,0],"gold":492,"neow_bonus":"ONE_RANDOM_RARE_CARD","is_daily":false,"chose_seed":false,"campfire_upgraded":2,"win_rate":0.0,"timestamp":1614191237,"path_taken":["M","M","$","?","?","R","?","?","T","E","M","E","?","$","R","BOSS","M","?","M","?","M","R","E","?","T","R","M","M","M","M","M","R","BOSS","BOSS","M","M"],"items_purchased_type":["Card","Card","Relic","Relic","Relic","Relic","Relic","Potion","Potion"],"build_version":"2020-12-22","purchased_purges":1,"victory":false,"max_hp_per_floor":[70,70,70,70,70,70,70,70,70,70,70,70,70,75,75,75,75,75,75,75,75,75,75,75,75,75,75,75,75,75,75,75,75,75,75,40,40,40,40],"card_choices":[{"not_picked":["DemoMod:SniperShot","DemoMod:SAA"],"picked":"DemoMod:ShadowBullets","floor":1},{"not_picked":["DemoMod:BoxingGlove","DemoMod:DoubleSwitch"],"picked":"DemoMod:StickyCrossBow","floor":2},{"not_picked":["DemoMod:PracticeMakesPerfect","DemoMod:DoubleSwitch"],"picked":"DemoMod:FeignSurrender","floor":9},{"not_picked":["DemoMod:AWP","DemoMod:BoxingGlove","DemoMod:Ejector"],"picked":"SKIP","floor":10},{"not_picked":["DemoMod:MachoBrace","DemoMod:RadGun"],"picked":"DemoMod:Polaris","floor":11},{"not_picked":["DemoMod:FastSwitch","DemoMod:StickyCrossBow"],"picked":"DemoMod:TableSutra","floor":12},{"not_picked":["DemoMod:TeaPot","DemoMod:CursedBullets"],"picked":"DemoMod:HungryBullets","floor":13},{"not_picked":["DemoMod:HardPowerCard","DemoMod:TeaPot"],"picked":"DemoMod:FinishedGun","floor":13},{"not_picked":["DemoMod:Desperate","DemoMod:FullFirepower"],"picked":"DemoMod:ThirdPartyController","floor":16},{"not_picked":["DemoMod:JK47+1","DemoMod:FeignSurrender"],"picked":"DemoMod:DirectionalPad","floor":18},{"not_picked":["DemoMod:Unmoved","DemoMod:Polaris"],"picked":"DemoMod:FastSwitch+1","floor":20},{"not_picked":["DemoMod:RadGun","DemoMod:TeaPot"],"picked":"DemoMod:BattleInHaste","floor":22},{"not_picked":["DemoMod:DarkMarker","DemoMod:GunstockTap"],"picked":"DemoMod:Purify","floor":24},{"not_picked":["DemoMod:DoubleSwitch+1","DemoMod:SAA+1"],"picked":"DemoMod:FastSwitch+1","floor":28},{"not_picked":["DemoMod:LifeOrb+1","DemoMod:MegaHand","DemoMod:FastSwitch"],"picked":"SKIP","floor":29},{"not_picked":["DemoMod:HardPowerCard","DemoMod:MachoBrace+1"],"picked":"DemoMod:HuntsMan+1","floor":30},{"not_picked":["DemoMod:ProbeStrike+1","DemoMod:SkilledReload","DemoMod:HuntsMan"],"picked":"SKIP","floor":31},{"not_picked":["DemoMod:TableSutra","DemoMod:StickyCrossBow+1"],"picked":"DemoMod:ShadowBullets","floor":32},{"not_picked":[],"picked":"DemoMod:Elimentaler","floor":35},{"not_picked":["DemoMod:Desperate","DemoMod:BulletBore"],"picked":"DemoMod:DarkMarker","floor":35},{"not_picked":["DemoMod:MachoBrace","DemoMod:TeaPot"],"picked":"DemoMod:ConditionalReflex+1","floor":36},{"not_picked":["DemoMod:Ejector","DemoMod:HardPowerCard+1"],"picked":"DemoMod:EasyReloadBullets+1","floor":37}],"player_experience":49470,"relics_obtained":[{"floor":7,"key":"DemoMod:ResourcefulSack"},{"floor":9,"key":"DemoMod:WhiteGuonStone"},{"floor":10,"key":"Dota2Spire:PowerTreads"},{"floor":11,"key":"CCEMRelics:SelfSharpeningBlade"},{"floor":12,"key":"hubris:TenFootPole"},{"floor":14,"key":"DemoMod:Relodestone"},{"floor":21,"key":"halation:PromiseList"},{"floor":24,"key":"infinitespire:Satchel"},{"floor":36,"key":"DemoMod:RatBoots"},{"floor":36,"key":"ReplayTheSpireMod:Ninjato"},{"floor":36,"key":"DemoMod:PartiallyEatenCheese"},{"floor":36,"key":"halation:Prosthetics"},{"floor":36,"key":"StuffTheSpire:ModemDavis"}],"event_choices":[{"damage_healed":0,"gold_gain":0,"player_choice":"Bet on Owner","damage_taken":0,"max_hp_gain":0,"max_hp_loss":0,"event_name":"The Joust","floor":19,"gold_loss":50},{"cards_removed":["DemoMod:Strike_Huntress"],"damage_healed":0,"gold_gain":0,"player_choice":"Purged","damage_taken":0,"max_hp_gain":0,"max_hp_loss":0,"event_name":"Purifier","floor":25,"gold_loss":0}],"is_beta":false,"boss_relics":[{"not_picked":["infinitespire:Cupcake","CCEMRelics:GreenEgg"],"picked":"Cursed Key"},{"not_picked":[]}],"items_purged_floors":[14],"is_endless":false,"potions_floor_spawned":[10,11,13,16,18,22,30,32,35],"killed_by":"3 Shapes","ascension_level":0}}