{"host":"a9gsz7kv8aebwp1f","time":1614151896,"event":{"mods":["AchievementEnabler","BaseMod","Minty Spire (QoL Compilation)"],"gold_per_floor":[117,128,303,47,47,73,87,121,170,180,190,206,206,224,224,224,224],"floor_reached":16,"language":"KOR","playtime":662,"items_purged":["Doubt"],"score":222,"play_id":"21f9a273-39f2-4a22-91f2-60c8a297b17d","local_time":"20210224163136","is_ascension_mode":true,"campfire_choices":[{"floor":15,"key":"REST"}],"circlet_count":0,"master_deck":["AscendersBane","Strike_B","Strike_B","Strike_B","Strike_B","Defend_B","Defend_B","Defend_B","Defend_B","Zap","Dualcast","Steam","Melter","Undo","Sunder","Gash","Rebound","Steam","Conserve Battery","Glacier","Electrodynamics"],"relics":["Cracked Core","NeowsBlessing","Strange Spoon","Letter Opener","Blood Vial","Nunchaku","Lantern"],"acts_visited":["Exordium"],"potions_floor_usage":[],"damage_taken":[{"damage":0,"enemies":"Cultist","floor":1,"turns":1},{"damage":0,"enemies":"Jaw Worm","floor":2,"turns":1},{"damage":0,"enemies":"Gremlin Nob","floor":6,"turns":1},{"damage":0,"enemies":"2 Louse","floor":7,"turns":2},{"damage":43,"enemies":"Lagavulin","floor":8,"turns":6},{"damage":5,"enemies":"Gremlin Gang","floor":10,"turns":4},{"damage":18,"enemies":"Large Slime","floor":11,"turns":5},{"damage":6,"enemies":"Looter","floor":12,"turns":3},{"damage":0,"enemies":"Blue Slaver","floor":14,"turns":2},{"damage":33,"enemies":"Hexaghost","floor":16,"turns":14}],"seed_played":"-4705101114312521802","potions_obtained":[{"floor":5,"key":"FearPotion"},{"floor":5,"key":"GamblersBrew"},{"floor":5,"key":"Explosive Potion"}],"is_trial":false,"path_per_floor":["M","M","?","$","?","E","M","E","T","M","M","M","?","M","R","B"],"character_chosen":"DEFECT","items_purchased":["Undo","Strange Spoon"],"campfire_rested":1,"item_purchase_floors":[4,4],"current_hp_per_floor":[68,68,68,68,68,68,68,25,25,22,6,2,2,4,26,0,0],"gold":224,"neow_bonus":"THREE_ENEMY_KILL","is_daily":false,"chose_seed":false,"campfire_upgraded":0,"win_rate":0.0,"timestamp":1614151896,"path_taken":["M","?","?","$","?","E","M","E","T","?","M","M","?","M","R","BOSS"],"items_purchased_type":["Card","Relic"],"build_version":"2020-12-22","purchased_purges":1,"victory":false,"max_hp_per_floor":[75,75,75,75,75,75,75,75,75,75,75,75,75,75,75,75,75],"card_choices":[{"not_picked":["Beam Cell","Compile Driver"],"picked":"Steam","floor":1},{"not_picked":["Storm","Go for the Eyes"],"picked":"Melter","floor":2},{"not_picked":["Self Repair","Melter"],"picked":"Sunder","floor":6},{"not_picked":["Scrape","Cold Snap"],"picked":"Gash","floor":7},{"not_picked":["Consume","Heatsinks"],"picked":"Rebound","floor":8},{"not_picked":["Hologram","Conserve Battery"],"picked":"Steam","floor":10},{"not_picked":["Hologram","Darkness"],"picked":"Conserve Battery","floor":11},{"not_picked":["Heatsinks","Ball Lightning"],"picked":"Glacier","floor":12},{"not_picked":["Stack","Ball Lightning"],"picked":"Electrodynamics","floor":14}],"player_experience":481098,"relics_obtained":[{"floor":6,"key":"Letter Opener"},{"floor":8,"key":"Blood Vial"},{"floor":9,"key":"Nunchaku"}],"event_choices":[{"damage_healed":0,"gold_gain":175,"player_choice":"AGREE","damage_taken":0,"max_hp_gain":0,"max_hp_loss":0,"event_name":"Liars Game","floor":3,"gold_loss":0,"cards_obtained":["Doubt"]},{"damage_healed":0,"gold_gain":0,"player_choice":"Got Potions","damage_taken":0,"max_hp_gain":0,"max_hp_loss":0,"event_name":"Lab","floor":5,"gold_loss":0},{"damage_healed":0,"gold_gain":0,"player_choice":"Searched \u00271\u0027 times","damage_taken":0,"relics_obtained":["Lantern"],"max_hp_gain":0,"max_hp_loss":0,"event_name":"Dead Adventurer","floor":13,"gold_loss":0}],"is_beta":false,"boss_relics":[],"items_purged_floors":[4],"is_endless":false,"potions_floor_spawned":[7,8,10],"killed_by":"Hexaghost","ascension_level":12}}