{"host":"lrlpjk0euiz9m2wl","time":1614203530,"event":{"mods":["AchievementEnabler","BaseMod","BetterRewards","Downfall","Minty Spire (QoL Compilation)","StSLib"],"gold_per_floor":[99,114,129,63,77,107,174,86,131,160,203,12,462,462,473,571,571,471,48,66,86,105,124,124,158,258,258,277,87,87,57,68,172,172,172,182,198,198,212,86,112,166,5,17,43,60,60,74,88,88],"floor_reached":51,"language":"ENG","playtime":5332,"items_purged":["bronze:Strike","downfall:Icky","downfall:Icky","Pride","downfall:Icky"],"score":821,"play_id":"f04d5a7c-5577-4ef2-826d-49a0ec91b261","local_time":"20210224225210","is_ascension_mode":false,"campfire_choices":[{"floor":1.0,"key":"RECALL"},{"data":"bronze:Return","floor":8.0,"key":"SMITH"},{"data":"bronze:AlphaBuild","floor":18.0,"key":"SMITH"},{"data":"bronze:Repulsor","floor":30.0,"key":"SMITH"},{"data":"expansioncontent:StudyTheSpire","floor":35.0,"key":"SMITH"},{"data":"bronze:Format","floor":47.0,"key":"SMITH"}],"circlet_count":0,"master_deck":["bronze:Strike","bronze:Strike","bronze:Strike","bronze:Defend","bronze:Defend","bronze:Defend","bronze:Defend","bronze:Replicate","bronze:Goto","bronze:Fortify","bronze:ChosenStrike","bronze:CloningBeam","bronze:DelayedSlice","bronze:Return+1","bronze:FollowUp","bronze:Frontload","bronze:BronzeOrb","bronze:FineTuning","bronze:Repair","bronze:Boost","bronze:AlphaBuild+1","bronze:CutThrough+1","bronze:Optimize","bronze:GetLatest","bronze:Frontload+1","bronze:BugBarrage+1","bronze:Return+1","bronze:DelayedGuard+1","bronze:Fortify+1","bronze:ForceShield+1","bronze:Overheat+1","bronze:Repulsor+1","bronze:Assembly","expansioncontent:StudyTheSpire+1","bronze:Philosophize","bronze:FindAndReplace","bronze:BuggyMess+1","bronze:Turbo+1","bronze:Format+1","bronze:ClassDefault","bronze:Optimize"],"relics":["bronze:BronzeCore","MawBank","Vajra","downfall:HeartBlessingGreen","Incense Burner","Gremlin Horn","Membership Card","Question Card","Busted Crown","downfall:HeartBlessingRed","Molten Egg 2","Orichalcum","Toolbox","Unceasing Top","Calipers","Bottled Lightning","InkBottle","HandDrill","Anchor","War Paint","Lee\u0027s Waffle","bronze:MakeshiftBattery","Bottled Tornado","Smiling Mask","StoneCalendar","Lantern","Mummified Hand"],"acts_visited":["Exordium","TheCity","TheBeyond"],"potions_floor_usage":[],"damage_taken":[{"damage":2.0,"enemies":"Small Slimes","floor":2.0,"turns":3.0},{"damage":1.0,"enemies":"2 Louse","floor":3.0,"turns":3.0},{"damage":10.0,"enemies":"downfall:FleeingMerchant","floor":4.0,"turns":4.0},{"damage":6.0,"enemies":"Jaw Worm","floor":5.0,"turns":2.0},{"damage":26.0,"enemies":"Lagavulin","floor":6.0,"turns":9.0},{"damage":6.0,"enemies":"3 Sentries","floor":9.0,"turns":5.0},{"damage":4.0,"enemies":"Large Slime","floor":10.0,"turns":3.0},{"damage":0.0,"enemies":"Lagavulin","floor":11.0,"turns":7.0},{"damage":0.0,"enemies":"downfall:FleeingMerchant","floor":12.0,"turns":4.0},{"damage":1.0,"enemies":"2 Fungi Beasts","floor":15.0,"turns":3.0},{"damage":3.0,"enemies":"DF_ARCHETYPE_STREAMLINE","floor":16.0,"turns":9.0},{"damage":14.0,"enemies":"downfall:FleeingMerchant","floor":19.0,"turns":4.0},{"damage":0.0,"enemies":"Spheric Guardian","floor":20.0,"turns":3.0},{"damage":0.0,"enemies":"3 Byrds","floor":21.0,"turns":4.0},{"damage":0.0,"enemies":"Snecko","floor":22.0,"turns":2.0},{"damage":5.0,"enemies":"Centurion and Healer","floor":23.0,"turns":6.0},{"damage":5.0,"enemies":"Gremlin Leader","floor":25.0,"turns":6.0},{"damage":0.0,"enemies":"Colosseum Nobs","floor":26.0,"turns":3.0},{"damage":4.0,"enemies":"Chosen and Byrds","floor":28.0,"turns":6.0},{"damage":8.0,"enemies":"downfall:FleeingMerchant","floor":29.0,"turns":4.0},{"damage":0.0,"enemies":"downfall:FleeingMerchant","floor":31.0,"turns":2.0},{"damage":1.0,"enemies":"3 Cultists","floor":32.0,"turns":3.0},{"damage":22.0,"enemies":"SI_MIRROR_ARCHETYPE","floor":33.0,"turns":10.0},{"damage":1.0,"enemies":"3 Shapes","floor":36.0,"turns":2.0},{"damage":0.0,"enemies":"Orb Walker","floor":37.0,"turns":2.0},{"damage":0.0,"enemies":"Jaw Worm Horde","floor":39.0,"turns":1.0},{"damage":21.0,"enemies":"2 Orb Walkers","floor":42.0,"turns":5.0},{"damage":0.0,"enemies":"Transient","floor":44.0,"turns":5.0},{"damage":0.0,"enemies":"Nemesis","floor":45.0,"turns":5.0},{"damage":8.0,"enemies":"3 Darklings","floor":46.0,"turns":3.0},{"damage":32.0,"enemies":"Sphere and 2 Shapes","floor":48.0,"turns":6.0},{"damage":0,"enemies":"Transient","floor":49,"turns":5},{"damage":18,"enemies":"WA_ARCHETYPE_DIVINITY","floor":50,"turns":10}],"seed_played":"7711473225418018918","potions_obtained":[{"floor":3.0,"key":"Dexterity Potion"},{"floor":5.0,"key":"Weak Potion"},{"floor":9.0,"key":"sneckomod:MuddlingPotion"},{"floor":10.0,"key":"DuplicationPotion"},{"floor":16.0,"key":"bronze:CleanCodePotion"},{"floor":21.0,"key":"SteroidPotion"},{"floor":22.0,"key":"AttackPotion"},{"floor":33.0,"key":"bronze:FreeFunctionsPotion"},{"floor":44.0,"key":"EntropicBrew"}],"is_trial":false,"path_per_floor":["R","M","M","$","M","E","T","R","E","M","E","$","?","?","M","B",null,"R","$","M","M","M","M","T","E","?","?","M","$","R","$","M","B",null,"R","M","M","?","M","$","T","?","$","M","E","M","R","M","M","B",null],"character_chosen":"THE_AUTOMATON","items_purchased":["bronze:DelayedSlice","Membership Card","Molten Egg 2","Orichalcum","bronze:Optimize","bronze:GetLatest","Toolbox","bronze:Repulsor","HandDrill","Anchor","War Paint","Lee\u0027s Waffle","expansioncontent:StudyTheSpire","Bottled Tornado","Lantern","bronze:Format"],"campfire_rested":0,"item_purchase_floors":[4,12,19,19,19,19,19,29,29,31,31,31,31,40,43,43],"current_hp_per_floor":[77,75,74,64,58,32,32,32,26,22,22,22,22,15,14,18,77,77,70,70,77,77,72,72,74,77,77,77,69,69,84,83,68,84,84,83,83,83,83,83,83,71,71,71,71,63,63,38,48,37],"gold":88,"neow_bonus":"TEN_PERCENT_HP_BONUS","is_daily":false,"chose_seed":false,"campfire_upgraded":5,"win_rate":0.0,"timestamp":1614203530,"path_taken":["R","M","M","$","M","E","T","R","E","M","E","$","?","?","M","BOSS","R","$","M","M","M","M","T","E","?","?","M","?","R","$","M","BOSS","R","M","M","?","M","$","T","?","$","M","E","M","R","M","M","BOSS"],"items_purchased_type":["Card","Relic","Relic","Relic","Card","Card","Relic","Card","Relic","Relic","Relic","Relic","Card","Relic","Relic","Card"],"build_version":"2020-12-22","purchased_purges":5,"victory":true,"max_hp_per_floor":[77,77,77,77,77,77,77,77,77,77,77,77,77,77,77,77,77,77,77,77,77,77,77,77,77,77,77,77,77,77,84,84,84,84,84,84,84,84,84,84,84,84,84,84,84,84,84,84,84,84],"card_choices":[{"not_picked":["bronze:Turbo","bronze:Invalidate"],"picked":"bronze:Fortify","floor":2.0},{"not_picked":["bronze:Invalidate","bronze:CutThrough"],"picked":"bronze:ChosenStrike","floor":3.0},{"not_picked":["bronze:DigitalCarnage","bronze:Invalidate"],"picked":"bronze:CloningBeam","floor":4.0},{"not_picked":["bronze:BitShift","bronze:Shield"],"picked":"bronze:Return","floor":5.0},{"not_picked":["bronze:FineTuning","bronze:WhirlingStrike"],"picked":"bronze:FollowUp","floor":6.0},{"not_picked":["bronze:Branch","bronze:DelayedGuard"],"picked":"bronze:Frontload","floor":9.0},{"not_picked":["bronze:BugBarrage","bronze:Backtrace"],"picked":"bronze:BronzeOrb","floor":10.0},{"not_picked":["bronze:OilSpill","bronze:Overheat"],"picked":"bronze:FineTuning","floor":11.0},{"not_picked":["bronze:ChildClass","bronze:CutThrough"],"picked":"bronze:Repair","floor":12.0},{"not_picked":["bronze:Virus","bronze:Overheat","bronze:BugBarrage"],"picked":"bronze:Boost","floor":15.0},{"not_picked":["bronze:HardenedForm","bronze:CleanCode","bronze:RecursiveStrike"],"picked":"bronze:AlphaBuild","floor":16.0},{"not_picked":["bronze:MaxOutput"],"picked":"bronze:CutThrough+1","floor":19.0},{"not_picked":["bronze:Invalidate"],"picked":"bronze:Frontload","floor":20.0},{"not_picked":["bronze:DelayedGuard"],"picked":"bronze:BugBarrage+1","floor":21.0},{"not_picked":["bronze:Boost"],"picked":"bronze:Return+1","floor":22.0},{"not_picked":["bronze:Backtrace+1"],"picked":"bronze:DelayedGuard","floor":23.0},{"not_picked":["bronze:BugBarrage+1"],"picked":"bronze:Fortify+1","floor":25.0},{"not_picked":["bronze:FollowUp+1"],"picked":"bronze:ForceShield+1","floor":28.0},{"not_picked":["bronze:WildBeam+1"],"picked":"bronze:Overheat+1","floor":29.0},{"not_picked":["bronze:BugBarrage+1"],"picked":"bronze:Assembly","floor":31.0},{"not_picked":["bronze:CutThrough+1"],"picked":"bronze:Philosophize","floor":32.0},{"not_picked":["bronze:BurnOut+1"],"picked":"bronze:FindAndReplace","floor":33.0},{"not_picked":["bronze:CutThrough+1"],"picked":"bronze:BuggyMess+1","floor":36.0},{"not_picked":["bronze:CloningBeam+1"],"picked":"bronze:Turbo+1","floor":37.0},{"not_picked":["bronze:Shield+1","bronze:Return"],"picked":"SKIP","floor":39.0},{"not_picked":["bronze:Frontload"],"picked":"bronze:ClassDefault","floor":44.0},{"not_picked":["bronze:Deprecate+1","bronze:ClassDefault+1"],"picked":"SKIP","floor":45.0},{"not_picked":["bronze:Backtrace+1","bronze:Shield"],"picked":"SKIP","floor":46.0},{"not_picked":["bronze:FollowUp+1","bronze:BuggyMess+1"],"picked":"SKIP","floor":48},{"not_picked":["bronze:WhirlingStrike+1"],"picked":"bronze:Optimize","floor":49}],"player_experience":133365,"relics_obtained":[{"floor":6.0,"key":"MawBank"},{"floor":7.0,"key":"Vajra"},{"floor":9.0,"key":"Incense Burner"},{"floor":11.0,"key":"Gremlin Horn"},{"floor":25.0,"key":"Unceasing Top"},{"floor":26.0,"key":"Calipers"},{"floor":26.0,"key":"Bottled Lightning"},{"floor":41.0,"key":"Smiling Mask"},{"floor":42.0,"key":"StoneCalendar"},{"floor":45.0,"key":"Mummified Hand"}],"event_choices":[{"damage_healed":0.0,"max_hp_gain":0.0,"max_hp_loss":0.0,"gold_gain":0.0,"event_name":"Scrap Ooze","player_choice":"Success","floor":14.0,"gold_loss":0.0,"damage_taken":7.0,"relics_obtained":["Question Card"]},{"damage_healed":0.0,"max_hp_gain":0.0,"max_hp_loss":0.0,"gold_gain":0.0,"event_name":"Addict","player_choice":"Stole Relic","floor":27.0,"gold_loss":0.0,"damage_taken":0.0,"relics_obtained":["InkBottle"],"cards_obtained":["Pride"]},{"damage_healed":0.0,"max_hp_gain":0.0,"max_hp_loss":0.0,"gold_gain":0.0,"event_name":"Mysterious Sphere","player_choice":"Fight","floor":42.0,"gold_loss":0.0,"damage_taken":0.0}],"is_beta":false,"boss_relics":[{"not_picked":["Astrolabe","SlaversCollar"],"picked":"Busted Crown"},{"not_picked":["Fusion Hammer","Velvet Choker"],"picked":"bronze:MakeshiftBattery"}],"items_purged_floors":[12,19,29,31,43],"is_endless":false,"potions_floor_spawned":[3,5,9,10,15,16,21,22,25,33,36,39,42,44,45],"ascension_level":0}}