{"host":"q9718omregw4er46","time":1614170214,"event":{"mods":["BaseMod","Bestiary","Colored Powertips","Custom Start","Minty Spire (QoL Compilation)","Quick Restart","Relic Stats"],"gold_per_floor":[415,51,51,62,75,104,104,139,139,139,167,177,177,102,102,176,176,190,190,74,88,88,88,46,46,46,78,78,98,130,163,163,163,163],"floor_reached":33,"language":"ENG","playtime":1528,"items_purged":["Strike_P"],"score":788,"play_id":"b4fabc2d-0959-4ef2-8da0-0dee943f07fb","local_time":"20210224173654","is_ascension_mode":true,"campfire_choices":[{"data":"TalkToTheHand","floor":7.0,"key":"SMITH"},{"data":"Conclude","floor":15.0,"key":"SMITH"},{"data":"TalkToTheHand","floor":25,"key":"SMITH"},{"data":"TalkToTheHand","floor":32,"key":"SMITH"}],"circlet_count":0,"master_deck":["AscendersBane","Strike_P","Defend_P","Defend_P","Defend_P","Defend_P","Eruption","Vigilance","CutThroughFate","ThirdEye","WheelKick","BattleHymn","TalkToTheHand+1","Conclude+1","DeusExMachina","TalkToTheHand+1","Tantrum","Halt","Meditate+1","Adaptation","TalkToTheHand+1","BowlingBash","Weave","Blasphemy"],"relics":["PureWater","Old Coin","Anchor","Centennial Puzzle","CaptainsWheel","Lizard Tail","Mango","TeardropLocket","Black Star","Bird Faced Urn","Bag of Marbles","Orichalcum","Bottled Tornado","Gambling Chip","Red Mask"],"acts_visited":["Exordium","TheCity"],"potions_floor_usage":[30,30],"damage_taken":[{"damage":6.0,"enemies":"2 Louse","floor":1.0,"turns":3.0},{"damage":0.0,"enemies":"Small Slimes","floor":4.0,"turns":5.0},{"damage":0.0,"enemies":"Jaw Worm","floor":5.0,"turns":3.0},{"damage":16.0,"enemies":"Gremlin Nob","floor":6.0,"turns":3.0},{"damage":0.0,"enemies":"Lagavulin","floor":8.0,"turns":4.0},{"damage":8.0,"enemies":"Gremlin Nob","floor":11.0,"turns":4.0},{"damage":0.0,"enemies":"2 Fungi Beasts","floor":12.0,"turns":3.0},{"damage":0.0,"enemies":"Slime Boss","floor":16.0,"turns":5.0},{"damage":2.0,"enemies":"Chosen","floor":18.0,"turns":5.0},{"damage":2.0,"enemies":"2 Thieves","floor":21.0,"turns":2.0},{"damage":1.0,"enemies":"Gremlin Leader","floor":23.0,"turns":2.0},{"damage":20,"enemies":"Book of Stabbing","floor":27,"turns":5},{"damage":0,"enemies":"Snecko","floor":29,"turns":3},{"damage":22,"enemies":"Gremlin Leader","floor":30,"turns":5},{"damage":0,"enemies":"Masked Bandits","floor":31,"turns":2},{"damage":117,"enemies":"Champ","floor":33,"turns":13}],"seed_played":"3841428599241994404","potions_obtained":[{"floor":1.0,"key":"LiquidMemories"},{"floor":4.0,"key":"ColorlessPotion"},{"floor":8.0,"key":"FearPotion"},{"floor":16.0,"key":"Block Potion"},{"floor":21.0,"key":"SmokeBomb"},{"floor":27,"key":"Fire Potion"}],"is_trial":false,"path_per_floor":["M","$","?","M","M","E","R","E","T","?","E","M","?","$","R","B",null,"M","?","$","M","?","E","$","R","T","E","$","M","E","?","R","B"],"character_chosen":"WATCHER","items_purchased":["Anchor","Centennial Puzzle","CutThroughFate","Tantrum","Halt","Adaptation"],"campfire_rested":0,"item_purchase_floors":[2,2,2,20,20,24],"current_hp_per_floor":[55,55,55,55,55,39,39,39,53,53,45,45,50,50,50,50,73,71,71,71,69,69,68,68,68,68,52,52,56,38,38,38,0,0],"gold":163,"neow_bonus":"ONE_RARE_RELIC","is_daily":false,"chose_seed":false,"campfire_upgraded":4,"win_rate":0.0,"timestamp":1614170214,"path_taken":["M","$","?","M","M","E","R","E","T","?","E","M","?","?","R","BOSS","M","?","$","M","?","E","$","R","T","E","?","M","E","?","R","BOSS"],"items_purchased_type":["Relic","Relic","Card","Card","Card","Card"],"build_version":"2020-12-22","purchased_purges":1,"victory":false,"max_hp_per_floor":[62,62,62,62,62,62,62,62,76,76,76,76,81,81,81,81,81,81,81,81,81,81,81,81,81,81,81,81,81,81,81,81,81,81],"relic_stats":{"Centennial Puzzle":[25],"Lizard Tail":40,"counters":[16,67],"Bird Faced Urn":[16],"Gambling Chip":[6],"Black Star":3,"Orichalcum":[0],"obtain_stats":[{"Mango":9,"TeardropLocket":11,"Orichalcum":27,"Bottled Tornado":30,"Old Coin":0,"Anchor":2,"Centennial Puzzle":2,"CaptainsWheel":6,"Lizard Tail":8,"Bird Faced Urn":26,"Gambling Chip":30,"Black Star":17,"Bag of Marbles":27,"Red Mask":31,"PureWater":0},{"Mango":5,"TeardropLocket":6,"Orichalcum":12,"Bottled Tornado":14,"Old Coin":0,"Anchor":1,"Centennial Puzzle":1,"CaptainsWheel":4,"Lizard Tail":5,"Bird Faced Urn":11,"Gambling Chip":14,"Black Star":8,"Bag of Marbles":12,"Red Mask":15,"PureWater":0},{"Mango":18,"TeardropLocket":22,"Orichalcum":44,"Bottled Tornado":52,"Old Coin":0,"Anchor":3,"Centennial Puzzle":3,"CaptainsWheel":14,"Lizard Tail":18,"Bird Faced Urn":39,"Gambling Chip":52,"Black Star":30,"Bag of Marbles":44,"Red Mask":54,"PureWater":0}]},"card_choices":[{"not_picked":["Nirvana","EmptyBody","ThirdEye"],"picked":"SKIP","floor":1.0},{"not_picked":["SashWhip","BowlingBash"],"picked":"WheelKick","floor":4.0},{"not_picked":["EmptyFist","Evaluate"],"picked":"BattleHymn","floor":5.0},{"not_picked":["DeceiveReality","ClearTheMind"],"picked":"TalkToTheHand","floor":6.0},{"not_picked":["Protect","WaveOfTheHand","FollowUp"],"picked":"SKIP","floor":8.0},{"not_picked":["WreathOfFlame","EmptyFist"],"picked":"Conclude","floor":11.0},{"not_picked":["Perseverance","Collect","Evaluate"],"picked":"SKIP","floor":12.0},{"not_picked":["Alpha","Omniscience"],"picked":"DeusExMachina","floor":16.0},{"not_picked":["SashWhip","FlyingSleeves"],"picked":"TalkToTheHand","floor":18.0},{"not_picked":["SignatureMove+1","DeceiveReality"],"picked":"Meditate+1","floor":21.0},{"not_picked":["Consecrate","Crescendo"],"picked":"TalkToTheHand","floor":27},{"not_picked":["JustLucky","Prostrate"],"picked":"BowlingBash","floor":29},{"not_picked":["CrushJoints","CutThroughFate"],"picked":"Weave","floor":30},{"not_picked":["ForeignInfluence","Adaptation"],"picked":"Blasphemy","floor":31}],"player_experience":840267,"relics_obtained":[{"floor":6.0,"key":"CaptainsWheel"},{"floor":8.0,"key":"Lizard Tail"},{"floor":9.0,"key":"Mango"},{"floor":11.0,"key":"TeardropLocket"},{"floor":26,"key":"Bird Faced Urn"},{"floor":27,"key":"Bag of Marbles"},{"floor":27,"key":"Orichalcum"},{"floor":30,"key":"Bottled Tornado"},{"floor":30,"key":"Gambling Chip"},{"floor":31,"key":"Red Mask"}],"event_choices":[{"damage_healed":0.0,"max_hp_gain":0.0,"max_hp_loss":0.0,"gold_gain":0.0,"cards_transformed":["Strike_P"],"event_name":"Living Wall","player_choice":"Change","floor":3.0,"gold_loss":0.0,"damage_taken":0.0,"cards_obtained":["ThirdEye"]},{"damage_healed":0.0,"max_hp_gain":0.0,"max_hp_loss":0.0,"gold_gain":0.0,"event_name":"Liars Game","player_choice":"Ignored","floor":10.0,"gold_loss":0.0,"damage_taken":0.0},{"damage_healed":0.0,"max_hp_gain":5.0,"max_hp_loss":0.0,"gold_gain":0.0,"event_name":"Big Fish","player_choice":"Donut","floor":13.0,"gold_loss":0.0,"damage_taken":0.0},{"damage_healed":0.0,"max_hp_gain":0.0,"max_hp_loss":0.0,"gold_gain":0.0,"event_name":"Beggar","player_choice":"Ignored","floor":19.0,"gold_loss":0.0,"damage_taken":0.0},{"cards_removed":["Strike_P"],"damage_healed":0.0,"max_hp_gain":0.0,"max_hp_loss":0.0,"gold_gain":0.0,"event_name":"Wheel of Change","player_choice":"Card Removal","floor":22.0,"gold_loss":0.0,"damage_taken":0.0},{"damage_healed":0,"gold_gain":0,"player_choice":"Fought Bandits","damage_taken":0,"max_hp_gain":0,"max_hp_loss":0,"event_name":"Masked Bandits","floor":31,"gold_loss":0}],"is_beta":false,"boss_relics":[{"not_picked":["Snecko Eye","Runic Dome"],"picked":"Black Star"}],"items_purged_floors":[14],"is_endless":false,"potions_floor_spawned":[1,4,8,16,21,23,27],"killed_by":"Champ","ascension_level":20}}