{"host":"dyzdf8svqmiivg97","time":1614162228,"event":{"mods":["AchievementEnabler","BaseMod","Colored Map","DeckTracker","Minty Spire (QoL Compilation)","Quick Restart","Rare Cards Sparkle","SuperFastMode"],"gold_per_floor":[109,109,284,284,299,334,334,180,180,215,215,250,270,295,295,295,295],"floor_reached":16,"language":"KOR","playtime":2532,"items_purged":["Doubt"],"score":243,"play_id":"02df4b38-140d-49f4-a27a-e638234f2afc","local_time":"20210224192348","is_ascension_mode":true,"campfire_choices":[{"data":"TalkToTheHand","floor":7,"key":"SMITH"},{"floor":11,"key":"REST"},{"floor":15,"key":"REST"}],"circlet_count":0,"master_deck":["AscendersBane","Strike_P","Strike_P","Strike_P+1","Strike_P","Defend_P","Defend_P","Defend_P","Defend_P","Eruption+1","Vigilance","TalkToTheHand+1","Impatience","Meditate","FollowUp","Adaptation","Halt","MentalFortress"],"relics":["PureWater","NeowsBlessing","Whetstone","CeramicFish","Potion Belt","Strawberry"],"acts_visited":["Exordium"],"potions_floor_usage":[16,16],"damage_taken":[{"damage":0,"enemies":"2 Louse","floor":1,"turns":2},{"damage":0,"enemies":"Jaw Worm","floor":5,"turns":1},{"damage":0,"enemies":"3 Sentries","floor":6,"turns":1},{"damage":23,"enemies":"Lagavulin","floor":10,"turns":4},{"damage":53,"enemies":"Gremlin Nob","floor":12,"turns":4},{"damage":0,"enemies":"Cultist","floor":13,"turns":3},{"damage":1,"enemies":"Exordium Thugs","floor":14,"turns":3},{"damage":29,"enemies":"The Guardian","floor":16,"turns":12}],"seed_played":"3628285827364361793","potions_obtained":[{"floor":1,"key":"Explosive Potion"},{"floor":12,"key":"SneckoOil"},{"floor":14,"key":"Fire Potion"}],"is_trial":false,"path_per_floor":["M","$","?","?","M","E","R","$","T","E","R","E","M","M","R","B"],"character_chosen":"WATCHER","items_purchased":["Adaptation"],"campfire_rested":2,"item_purchase_floors":[8],"current_hp_per_floor":[61,61,61,61,61,61,61,61,61,38,58,12,12,11,33,4,4],"gold":295,"neow_bonus":"THREE_ENEMY_KILL","is_daily":false,"chose_seed":false,"campfire_upgraded":1,"win_rate":0.0,"timestamp":1614162228,"path_taken":["M","$","?","?","M","E","R","$","T","E","R","E","M","M","R","BOSS"],"items_purchased_type":["Card"],"build_version":"2020-12-22","purchased_purges":1,"victory":false,"max_hp_per_floor":[68,68,68,68,68,68,68,68,68,68,68,75,75,75,75,75,75],"card_choices":[{"not_picked":["Protect","Evaluate"],"picked":"TalkToTheHand","floor":1},{"not_picked":["Evaluate","Consecrate"],"picked":"FollowUp","floor":5},{"not_picked":["BowlingBash","Judgement","Alpha"],"picked":"SKIP","floor":6},{"not_picked":["SashWhip","BowlingBash"],"picked":"Halt","floor":10},{"not_picked":["EmptyMind","SashWhip","BowlingBash"],"picked":"SKIP","floor":12},{"not_picked":["Devotion","Evaluate","FlyingSleeves"],"picked":"SKIP","floor":13},{"not_picked":["ForeignInfluence","PathToVictory"],"picked":"MentalFortress","floor":14}],"player_experience":603652,"relics_obtained":[{"floor":6,"key":"Whetstone"},{"floor":9,"key":"CeramicFish"},{"floor":10,"key":"Potion Belt"},{"floor":12,"key":"Strawberry"}],"event_choices":[{"damage_healed":0,"gold_gain":175,"player_choice":"AGREE","damage_taken":0,"max_hp_gain":0,"max_hp_loss":0,"event_name":"Liars Game","floor":3,"gold_loss":0,"cards_obtained":["Doubt"]},{"damage_healed":0,"gold_gain":0,"player_choice":"2 cards matched","damage_taken":0,"max_hp_gain":0,"max_hp_loss":0,"event_name":"Match and Keep!","floor":4,"gold_loss":0,"cards_obtained":["Impatience","Meditate"]}],"is_beta":false,"boss_relics":[],"items_purged_floors":[8],"is_endless":false,"potions_floor_spawned":[1,12,14],"killed_by":"The Guardian","ascension_level":14}}