{"host":"5bsc0nab6whpyrbj","time":1614143560,"event":{"mods":["AchievementEnabler","BaseMod","Colored Map","Dark Map","Highlight Path","Minty Spire (QoL Compilation)"],"gold_per_floor":[115,190,207,222,77,77,92,105,129,129,77,87,87,104,104,202,252,266,65,75,75,90,115,127,127,195,222,322,322,322,421,421,522,522,536,306,318,336,336,365,383,383,383,383,383,363,363,363,363,363,363,363,43,74,74,74],"floor_reached":55,"language":"ENG","playtime":1659,"items_purged":["Writhe"],"score":725,"play_id":"dc1560d7-fd26-4169-b7ae-89ddf7c4f5aa","local_time":"20210224001240","is_ascension_mode":false,"campfire_choices":[{"floor":6.0,"key":"REST"},{"floor":15.0,"key":"REST"},{"floor":25,"key":"REST"},{"floor":29,"key":"REST"},{"floor":32,"key":"REST"},{"floor":42,"key":"REST"},{"floor":44,"key":"RECALL"},{"floor":49,"key":"REST"},{"data":"Gash","floor":52,"key":"SMITH"}],"circlet_count":0,"master_deck":["Strike_B+1","Strike_B+1","Strike_B+1","Strike_B+1","Defend_B+1","Defend_B+1","Defend_B+1","Defend_B+1","Dualcast","Genetic Algorithm","Sweeping Beam","Beam Cell","Go for the Eyes","Streamline","Gash+1","BootSequence","Seek","Sweeping Beam","Streamline+1","Gash","Go for the Eyes+1","Steam","Beam Cell","Gash","Gash","Turbo","FTL","Beam Cell","Scrape+1","All For One","Stack+1","Go for the Eyes+1"],"relics":["FrozenCore","Vajra","Juzu Bracelet","Orichalcum","Tiny House","Blood Vial","Bag of Marbles","Matryoshka","InkBottle","TungstenRod","Pear","Pen Nib","Toxic Egg 2","Regal Pillow","Whetstone","Toy Ornithopter"],"acts_visited":["Exordium","TheCity","TheBeyond","TheEnding"],"potions_floor_usage":[22,24,24,35,40,50,50,50],"damage_taken":[{"damage":0.0,"enemies":"Small Slimes","floor":1.0,"turns":2.0},{"damage":11.0,"enemies":"Jaw Worm","floor":3.0,"turns":2.0},{"damage":6.0,"enemies":"Cultist","floor":4.0,"turns":3.0},{"damage":20.0,"enemies":"Large Slime","floor":7.0,"turns":4.0},{"damage":7.0,"enemies":"Exordium Wildlife","floor":8.0,"turns":2.0},{"damage":15.0,"enemies":"Looter","floor":12.0,"turns":3.0},{"damage":7.0,"enemies":"Red Slaver","floor":14.0,"turns":2.0},{"damage":68.0,"enemies":"Hexaghost","floor":16.0,"turns":11.0},{"damage":17.0,"enemies":"Spheric Guardian","floor":18.0,"turns":4.0},{"damage":8,"enemies":"Shell Parasite","floor":20,"turns":4},{"damage":16,"enemies":"Centurion and Healer","floor":22,"turns":6},{"damage":35,"enemies":"Book of Stabbing","floor":23,"turns":6},{"damage":0,"enemies":"3 Cultists","floor":24,"turns":3},{"damage":16,"enemies":"Gremlin Leader","floor":27,"turns":7},{"damage":8,"enemies":"Colosseum Slavers","floor":28,"turns":4},{"damage":8,"enemies":"Colosseum Nobs","floor":28,"turns":4},{"damage":60,"enemies":"Champ","floor":33,"turns":12},{"damage":14,"enemies":"3 Darklings","floor":35,"turns":3},{"damage":14,"enemies":"3 Shapes","floor":37,"turns":3},{"damage":0,"enemies":"Sphere and 2 Shapes","floor":38,"turns":5},{"damage":55,"enemies":"Nemesis","floor":40,"turns":9},{"damage":29,"enemies":"Jaw Worm Horde","floor":41,"turns":5},{"damage":80,"enemies":"Donu and Deca","floor":50,"turns":10},{"damage":33,"enemies":"Shield and Spear","floor":54,"turns":6},{"damage":68,"enemies":"The Heart","floor":55,"turns":5}],"seed_played":"8762463217519386325","potions_obtained":[{"floor":8.0,"key":"SkillPotion"},{"floor":12.0,"key":"BlessingOfTheForge"},{"floor":17.0,"key":"CultistPotion"},{"floor":18.0,"key":"PowerPotion"},{"floor":23,"key":"PowerPotion"},{"floor":33,"key":"Fire Potion"},{"floor":35,"key":"PowerPotion"},{"floor":37,"key":"SpeedPotion"},{"floor":46,"key":"PowerPotion"}],"is_trial":false,"path_per_floor":["M","?","M","M","$","R","M","M","T","?","$","M","?","M","R","B",null,"M","$","M","?","M","E","M","R","T","E","?","R","?","?","R","B",null,"M","$","M","M","?","E","M","R","T","R","?","?","?","?","R","B",null,"R","$","E","B"],"character_chosen":"DEFECT","items_purchased":["Vajra","Gash","Gash","Blood Vial","FTL","Pen Nib","Stack+1","Go for the Eyes","Whetstone"],"campfire_rested":7,"item_purchase_floors":[5,11,19,19,36,36,53,53,53],"current_hp_per_floor":[82,71,60,54,54,78,58,51,51,78,78,63,63,56,80,12,87,70,70,64,64,50,17,19,45,45,31,29,58,58,58,87,29,97,83,83,71,73,97,42,15,44,44,44,44,44,44,44,88,10,97,97,97,64,0,0],"gold":74,"neow_bonus":"TEN_PERCENT_HP_BONUS","is_daily":false,"chose_seed":false,"campfire_upgraded":1,"win_rate":0.0,"timestamp":1614143560,"path_taken":["M","?","M","M","$","R","M","M","T","?","?","M","?","M","R","BOSS","M","$","M","?","M","E","M","R","T","E","?","R","?","?","R","BOSS","M","$","M","M","?","E","M","R","T","R","?","?","?","?","R","BOSS","R","$","E","BOSS"],"items_purchased_type":["Relic","Card","Card","Relic","Card","Relic","Card","Card","Relic"],"build_version":"2020-12-22","purchased_purges":1,"victory":false,"max_hp_per_floor":[82,82,82,82,82,82,82,82,82,82,82,82,82,82,82,82,87,87,87,87,87,87,87,87,87,87,87,97,97,97,97,97,97,97,97,97,97,97,97,97,97,97,97,97,97,97,97,97,97,97,97,97,97,97,97,97],"card_choices":[{"not_picked":["Steam","Stack"],"picked":"Genetic Algorithm","floor":1.0},{"not_picked":["Doom and Gloom","Skim"],"picked":"Sweeping Beam","floor":3.0},{"not_picked":["Compile Driver","Barrage"],"picked":"Beam Cell","floor":4.0},{"not_picked":["Streamline","Cold Snap"],"picked":"Go for the Eyes","floor":7.0},{"not_picked":["Electrodynamics","Defragment"],"picked":"Streamline","floor":8.0},{"not_picked":["Stack","Fusion","Barrage"],"picked":"SKIP","floor":12.0},{"not_picked":["Doom and Gloom","Rip and Tear"],"picked":"BootSequence","floor":14.0},{"not_picked":["Creative AI","Reboot"],"picked":"Seek","floor":16.0},{"not_picked":["Force Field","Hologram"],"picked":"Sweeping Beam","floor":17.0},{"not_picked":["Coolheaded","Leap"],"picked":"Streamline","floor":18.0},{"not_picked":["Loop","Storm","Doom and Gloom"],"picked":"SKIP","floor":20},{"not_picked":["Steam","Coolheaded"],"picked":"Go for the Eyes+1","floor":22},{"not_picked":["Capacitor+1","Redo","Hello World"],"picked":"SKIP","floor":23},{"not_picked":["Static Discharge","Sweeping Beam"],"picked":"Steam","floor":24},{"not_picked":["Sweeping Beam","Streamline"],"picked":"Beam Cell","floor":27},{"not_picked":["Echo Form","White Noise"],"picked":"Gash","floor":28},{"not_picked":["Conserve Battery","Ball Lightning+1"],"picked":"Turbo","floor":35},{"not_picked":["Darkness+1","Melter+1","Turbo"],"picked":"SKIP","floor":37},{"not_picked":["Barrage","Coolheaded+1"],"picked":"Beam Cell","floor":38},{"not_picked":["Auto Shields+1","Go for the Eyes"],"picked":"Scrape+1","floor":40},{"not_picked":["Rebound+1","Tempest+1"],"picked":"All For One","floor":41},{"not_picked":["Self Repair+1","Glacier+1","Redo+1"],"picked":"SKIP","floor":54}],"player_experience":115814,"relics_obtained":[{"floor":9.0,"key":"Juzu Bracelet"},{"floor":23,"key":"Bag of Marbles"},{"floor":26,"key":"Matryoshka"},{"floor":27,"key":"InkBottle"},{"floor":28,"key":"TungstenRod"},{"floor":28,"key":"Pear"},{"floor":40,"key":"Toxic Egg 2"},{"floor":43,"key":"Regal Pillow"},{"floor":54,"key":"Toy Ornithopter"}],"event_choices":[{"damage_healed":0.0,"max_hp_gain":0.0,"max_hp_loss":0.0,"gold_gain":75.0,"event_name":"World of Goop","player_choice":"Gather Gold","floor":2.0,"gold_loss":0.0,"damage_taken":11.0},{"damage_healed":27.0,"max_hp_gain":0.0,"max_hp_loss":0.0,"gold_gain":0.0,"event_name":"Big Fish","player_choice":"Banana","floor":10.0,"gold_loss":0.0,"damage_taken":0.0},{"damage_healed":0.0,"max_hp_gain":0.0,"max_hp_loss":0.0,"gold_gain":0.0,"event_name":"Dead Adventurer","player_choice":"Searched \u00272\u0027 times","floor":13.0,"gold_loss":0.0,"damage_taken":0.0,"relics_obtained":["Orichalcum"]},{"damage_healed":0,"gold_gain":0,"player_choice":"Simplicity","damage_taken":0,"max_hp_gain":0,"max_hp_loss":0,"event_name":"Back to Basics","floor":21,"gold_loss":0,"cards_upgraded":["Strike_B","Strike_B","Strike_B","Defend_B","Defend_B","Defend_B","Defend_B"]},{"damage_healed":0,"gold_gain":0,"player_choice":"Fight","damage_taken":0,"max_hp_gain":0,"max_hp_loss":0,"event_name":"Colosseum","floor":28,"gold_loss":0},{"damage_healed":0,"gold_gain":0,"player_choice":"Fought Nobs","damage_taken":0,"max_hp_gain":0,"max_hp_loss":0,"event_name":"Colosseum","floor":28,"gold_loss":0},{"damage_healed":0,"gold_gain":0,"player_choice":"Copied","damage_taken":0,"max_hp_gain":0,"max_hp_loss":0,"event_name":"Duplicator","floor":30,"gold_loss":0,"cards_obtained":["Gash"]},{"damage_healed":0,"gold_gain":99,"player_choice":"Stole From Cult","damage_taken":0,"max_hp_gain":0,"max_hp_loss":0,"event_name":"Nest","floor":31,"gold_loss":0},{"damage_healed":24,"gold_gain":0,"player_choice":"Writhe","damage_taken":0,"max_hp_gain":0,"max_hp_loss":0,"event_name":"Winding Halls","floor":39,"gold_loss":0,"cards_obtained":["Writhe"]},{"damage_healed":0,"gold_gain":0,"player_choice":"Ignored","damage_taken":0,"max_hp_gain":0,"max_hp_loss":0,"event_name":"Mysterious Sphere","floor":45,"gold_loss":0},{"damage_healed":0,"gold_gain":0,"player_choice":"Bought 1 Potion","damage_taken":0,"max_hp_gain":0,"max_hp_loss":0,"event_name":"The Woman in Blue","floor":46,"gold_loss":0},{"cards_removed":["Zap"],"damage_healed":0,"gold_gain":0,"player_choice":"Removed Skill","damage_taken":0,"max_hp_gain":0,"max_hp_loss":0,"event_name":"Falling","floor":47,"gold_loss":0},{"damage_healed":0,"gold_gain":0,"player_choice":"Ignored","damage_taken":0,"max_hp_gain":0,"max_hp_loss":0,"event_name":"Tomb of Lord Red Mask","floor":48,"gold_loss":0}],"is_beta":false,"boss_relics":[{"not_picked":["Inserter","Black Star"],"picked":"Tiny House"},{"not_picked":["Calling Bell","Astrolabe"],"picked":"FrozenCore"}],"items_purged_floors":[53],"is_endless":false,"potions_floor_spawned":[8,12,18,20,23,33,35,37],"killed_by":"The Heart","ascension_level":0}}