{"host":"xp5rvh2jwe2ejyfm","time":1614207978,"event":{"mods":["2.2 Compatiblity","Aspiration","Bard","BaseMod","Beaked The Cultist","Better Altar","Better Match","Better Note","Better Sensory Stone","Better Skull","BetterRewards","Colored Powertips","Conspire","Downfall","GifTheSpireLib","Gremlin Mod","GungeonMod","Hermit","Hubris","Jorbs\u0027s Wanderer Trilogy","Mad Scientist","Minty Spire (QoL Compilation)","Potionbrewer","Quick Restart","Replay The Spire","Robot Space Explorer","Shade Mod","Somnambulant","StSLib","The Bug Knight","The Clintock","The Construct","The Cursed","The Disciple","The Forsaken","The Hierophant","The Marked","The Mystic","The Necromancer","The Runesmith","The Servant 0.9.4","The Valiant","The Witch","TheFirefly","TheVacant","thorton"],"gold_per_floor":[110,130,147,163,177,177,191,214,214,214,214],"floor_reached":10,"language":"ENG","playtime":355,"items_purged":[],"score":64,"play_id":"417286d5-80dd-45fe-826f-57a72ae1ccfd","local_time":"20210224180618","is_ascension_mode":false,"campfire_choices":[{"floor":6,"key":"RECALL"}],"circlet_count":0,"master_deck":["MadScienceMod:Strike_MadScience","MadScienceMod:Strike_MadScience","MadScienceMod:Strike_MadScience","MadScienceMod:Strike_MadScience","MadScienceMod:Defend_MadScience","MadScienceMod:Defend_MadScience","MadScienceMod:Defend_MadScience","MadScienceMod:Defend_MadScience","MadScienceMod:PoweredStrike","MadScienceMod:HideBehindJunk","MadScienceMod:Bombardment","MadScienceMod:Weaponize","MadScienceMod:AcidSpray","MadScienceMod:EnergyBarrier","MadScienceMod:AssemblyLine","MadScienceMod:AcidSpray","MadScienceMod:Bayonet"],"relics":["MadScienceMod:FuelTank","NeowsBlessing","Eternal Feather"],"acts_visited":["Exordium"],"potions_floor_usage":[5,8,10],"damage_taken":[{"damage":0,"enemies":"2 Louse","floor":1,"turns":2},{"damage":0,"enemies":"Cultist","floor":2,"turns":1},{"damage":0,"enemies":"Small Slimes","floor":3,"turns":1},{"damage":23,"enemies":"Exordium Wildlife","floor":4,"turns":5},{"damage":1,"enemies":"Large Slime","floor":5,"turns":6},{"damage":20,"enemies":"Blue Slaver","floor":7,"turns":4},{"damage":7,"enemies":"Lots of Slimes","floor":8,"turns":2},{"damage":30,"enemies":"Lagavulin","floor":10,"turns":7}],"seed_played":"2979089438797397138","potions_obtained":[{"floor":1,"key":"Energy Potion"},{"floor":2,"key":"potionbrewer:MidasPotion"},{"floor":3,"key":"SpeedPotion"}],"is_trial":false,"path_per_floor":["M","M","M","M","M","R","M","M","T","E"],"character_chosen":"MAD_SCIENTIST","items_purchased":[],"campfire_rested":0,"item_purchase_floors":[],"current_hp_per_floor":[75,75,75,52,51,51,31,24,24,0,0],"gold":214,"neow_bonus":"THREE_ENEMY_KILL","is_daily":false,"chose_seed":false,"campfire_upgraded":0,"win_rate":0.0,"timestamp":1614207978,"path_taken":["M","M","M","M","M","R","M","M","T","E"],"items_purchased_type":[],"build_version":"2020-12-22","purchased_purges":0,"victory":false,"max_hp_per_floor":[75,75,75,75,75,75,75,75,75,75,75],"card_choices":[{"not_picked":["MadScienceMod:Browse","MadScienceMod:AntimatterBomb"],"picked":"MadScienceMod:Bombardment","floor":1},{"not_picked":["MadScienceMod:Sprocket","MadScienceMod:FumeBlast"],"picked":"MadScienceMod:Weaponize","floor":2},{"not_picked":["MadScienceMod:FlexibleSpear","MadScienceMod:Redesign"],"picked":"MadScienceMod:AcidSpray","floor":3},{"not_picked":["MadScienceMod:Virus","MadScienceMod:Tune"],"picked":"MadScienceMod:EnergyBarrier","floor":4},{"not_picked":["MadScienceMod:Generator","MadScienceMod:CaptureMomentum"],"picked":"MadScienceMod:AssemblyLine","floor":5},{"not_picked":["MadScienceMod:AutoStrike","MadScienceMod:Refuel"],"picked":"MadScienceMod:AcidSpray","floor":7},{"not_picked":["MadScienceMod:FlameCannon","MadScienceMod:Bombardment"],"picked":"MadScienceMod:Bayonet","floor":8}],"player_experience":580383,"relics_obtained":[{"floor":9,"key":"Eternal Feather"}],"event_choices":[],"is_beta":false,"boss_relics":[],"items_purged_floors":[],"is_endless":false,"potions_floor_spawned":[1,2,3],"killed_by":"Lagavulin","ascension_level":0}}