{"host":"da4a6z8aof69aasy","time":1614203361,"event":{"mods":["AchievementEnabler","BaseMod","Block Reminder","Colored Powertips","DeckTracker","Highlight Path","Minty Spire (QoL Compilation)","Permanent Neow","Relic Stats","StSLib"],"gold_per_floor":[116,116,67,67,83,83,83,114,114,140,140,156,174,199,199,276,276,293,306,9,40,60,88,88,121,168,199,214,214,214,224,224,224,224],"floor_reached":33,"language":"ENG","playtime":3658,"items_purged":["Strike_R"],"score":565,"play_id":"a40f3503-210f-4afb-80ae-72a91844e535","local_time":"20210224234921","is_ascension_mode":true,"campfire_choices":[{"data":"Bash","floor":6.0,"key":"SMITH"},{"data":"Carnage","floor":11.0,"key":"SMITH"},{"data":"Bludgeon","floor":15.0,"key":"SMITH"},{"floor":24.0,"key":"REST"},{"data":"Demon Form","floor":29,"key":"SMITH"},{"data":"1","floor":32,"key":"LIFT"}],"circlet_count":0,"master_deck":["AscendersBane","Strike_R","Strike_R","Strike_R","Defend_R","Defend_R","Defend_R+1","Defend_R","Bash+1","Headbutt","Shrug It Off","Bludgeon+1","Carnage+1","Demon Form+1","Disarm+1","True Grit","Impervious","Disarm","True Grit+1","Inflame+1","Pommel Strike","Impervious","Entrench+1"],"relics":["Burning Blood","Blood Vial","Bronze Scales","Lantern","Kunai","Meat on the Bone","Philosopher\u0027s Stone","OrangePellets","Red Mask","CaptainsWheel","War Paint","Orichalcum","Girya"],"acts_visited":["Exordium","TheCity"],"potions_floor_usage":[33],"damage_taken":[{"damage":2.0,"enemies":"Jaw Worm","floor":1.0,"turns":5.0},{"damage":1.0,"enemies":"Cultist","floor":5.0,"turns":3.0},{"damage":17.0,"enemies":"Gremlin Nob","floor":8.0,"turns":4.0},{"damage":25.0,"enemies":"Lagavulin","floor":10.0,"turns":5.0},{"damage":0.0,"enemies":"Small Slimes","floor":12.0,"turns":3.0},{"damage":1.0,"enemies":"2 Fungi Beasts","floor":13.0,"turns":2.0},{"damage":12.0,"enemies":"3 Sentries","floor":14.0,"turns":6.0},{"damage":34.0,"enemies":"The Guardian","floor":16.0,"turns":11.0},{"damage":16.0,"enemies":"Shell Parasite","floor":18.0,"turns":2.0},{"damage":1.0,"enemies":"3 Byrds","floor":19.0,"turns":4.0},{"damage":23.0,"enemies":"Masked Bandits","floor":21.0,"turns":4.0},{"damage":8.0,"enemies":"Centurion and Healer","floor":22.0,"turns":5.0},{"damage":37.0,"enemies":"Slavers","floor":23.0,"turns":7.0},{"damage":56.0,"enemies":"Gremlin Leader","floor":25.0,"turns":10.0},{"damage":13.0,"enemies":"Book of Stabbing","floor":27.0,"turns":4.0},{"damage":10,"enemies":"Shelled Parasite and Fungi","floor":28,"turns":3},{"damage":4,"enemies":"Cultist and Chosen","floor":31,"turns":4},{"damage":55,"enemies":"Collector","floor":33,"turns":14}],"seed_played":"8614568411607961000","potions_obtained":[{"floor":8.0,"key":"SpeedPotion"},{"floor":12.0,"key":"SpeedPotion"},{"floor":14.0,"key":"AttackPotion"},{"floor":23.0,"key":"Dexterity Potion"}],"is_trial":false,"path_per_floor":["M","?","$","?","M","R","?","E","T","E","R","M","M","E","R","B",null,"M","M","$","?","M","E","R","E","T","E","M","R","?","M","R","B"],"character_chosen":"IRONCLAD","items_purchased":["Strength Potion","Impervious","OrangePellets"],"campfire_rested":1,"item_purchase_floors":[3,20,20],"current_hp_per_floor":[74,74,74,67,74,74,74,64,64,47,47,55,62,58,58,44,67,59,66,66,51,51,34,56,20,20,27,37,37,37,53,53,0,0],"gold":224,"neow_bonus":"RANDOM_COMMON_RELIC","is_daily":false,"chose_seed":false,"campfire_upgraded":4,"win_rate":0.0,"timestamp":1614203361,"path_taken":["M","?","?","?","M","R","?","E","T","E","R","M","M","E","R","BOSS","M","M","$","?","M","E","R","E","T","E","M","R","?","M","R","BOSS"],"items_purchased_type":["Potion","Card","Relic"],"build_version":"2020-12-22","purchased_purges":1,"victory":false,"max_hp_per_floor":[75,75,75,75,75,75,75,75,75,75,75,75,75,75,75,75,75,75,75,75,75,75,75,75,75,75,75,75,75,75,75,75,75,75],"relic_stats":{"Blood Vial":35,"OrangePellets":[3],"counters":[18,96],"Bronze Scales":[312],"Kunai":[7],"War Paint":["Disarm","Defend_R"],"Orichalcum":[54],"obtain_stats":[{"Girya":27,"Lantern":8,"War Paint":25,"Orichalcum":26,"Burning Blood":0,"Blood Vial":0,"OrangePellets":20,"CaptainsWheel":23,"Bronze Scales":7,"Philosopher\u0027s Stone":17,"Red Mask":21,"Kunai":9,"Meat on the Bone":14},{"Girya":15,"Lantern":3,"War Paint":14,"Orichalcum":14,"Burning Blood":0,"Blood Vial":0,"OrangePellets":10,"CaptainsWheel":13,"Bronze Scales":2,"Philosopher\u0027s Stone":8,"Red Mask":11,"Kunai":3,"Meat on the Bone":7},{"Girya":75,"Lantern":12,"War Paint":71,"Orichalcum":71,"Burning Blood":0,"Blood Vial":0,"OrangePellets":45,"CaptainsWheel":61,"Bronze Scales":8,"Philosopher\u0027s Stone":39,"Red Mask":49,"Kunai":12,"Meat on the Bone":28}],"Burning Blood":102,"Meat on the Bone":72},"card_choices":[{"not_picked":["True Grit","Warcry"],"picked":"Headbutt","floor":1.0},{"not_picked":["Warcry","Heavy Blade"],"picked":"Shrug It Off","floor":5.0},{"not_picked":["Twin Strike","Spot Weakness"],"picked":"Bludgeon","floor":8.0},{"not_picked":["Pummel","Sever Soul"],"picked":"Carnage","floor":10.0},{"not_picked":["Rupture","Pommel Strike","Iron Wave"],"picked":"SKIP","floor":12.0},{"not_picked":["Clothesline","Heavy Blade","Pommel Strike"],"picked":"SKIP","floor":13.0},{"not_picked":["Cleave","Headbutt","Heavy Blade"],"picked":"SKIP","floor":14.0},{"not_picked":["Double Tap","Bludgeon"],"picked":"Demon Form","floor":16.0},{"not_picked":["Anger","Cleave"],"picked":"Disarm","floor":18.0},{"not_picked":["Perfected Strike+1","Flex"],"picked":"True Grit","floor":19.0},{"not_picked":["Body Slam","Twin Strike"],"picked":"Disarm","floor":21.0},{"not_picked":["Anger","Body Slam+1"],"picked":"True Grit+1","floor":22.0},{"not_picked":["Heavy Blade","Infernal Blade","Iron Wave"],"picked":"SKIP","floor":23.0},{"not_picked":["Pommel Strike","Cleave+1"],"picked":"Inflame+1","floor":25.0},{"not_picked":["Metallicize","Disarm","Sentinel"],"picked":"SKIP","floor":27},{"not_picked":["True Grit","Twin Strike"],"picked":"Pommel Strike","floor":28},{"not_picked":["Shrug It Off","Thunderclap"],"picked":"Entrench+1","floor":31}],"player_experience":2187403,"relics_obtained":[{"floor":8.0,"key":"Lantern"},{"floor":9.0,"key":"Kunai"},{"floor":14.0,"key":"Meat on the Bone"},{"floor":21.0,"key":"Red Mask"},{"floor":23.0,"key":"CaptainsWheel"},{"floor":25.0,"key":"War Paint"},{"floor":26.0,"key":"Orichalcum"},{"floor":27,"key":"Girya"}],"event_choices":[{"damage_healed":0.0,"max_hp_gain":0.0,"max_hp_loss":0.0,"gold_gain":0.0,"event_name":"Match and Keep!","player_choice":"0 cards matched","floor":2.0,"gold_loss":0.0,"damage_taken":0.0,"cards_obtained":[]},{"cards_removed":["Strike_R"],"damage_healed":0.0,"max_hp_gain":0.0,"max_hp_loss":0.0,"gold_gain":0.0,"event_name":"Golden Wing","player_choice":"Card Removal","floor":4.0,"gold_loss":0.0,"damage_taken":7.0},{"damage_healed":0.0,"max_hp_gain":0.0,"max_hp_loss":0.0,"gold_gain":0.0,"event_name":"Dead Adventurer","player_choice":"Searched \u00271\u0027 times","floor":7.0,"gold_loss":0.0,"damage_taken":0.0,"relics_obtained":["Bronze Scales"]},{"damage_healed":0.0,"max_hp_gain":0.0,"max_hp_loss":0.0,"gold_gain":0.0,"event_name":"Masked Bandits","player_choice":"Fought Bandits","floor":21.0,"gold_loss":0.0,"damage_taken":0.0},{"damage_healed":0,"gold_gain":0,"player_choice":"Copied","damage_taken":0,"max_hp_gain":0,"max_hp_loss":0,"event_name":"Duplicator","floor":30,"gold_loss":0,"cards_obtained":["Impervious"]}],"is_beta":false,"boss_relics":[{"not_picked":["Runic Pyramid","Astrolabe"],"picked":"Philosopher\u0027s Stone"}],"items_purged_floors":[20],"is_endless":false,"potions_floor_spawned":[8,12,14,19,22,23,25],"killed_by":"Collector","ascension_level":15}}