{"host":"fwdkxxz7291ipt0p","time":1614182175,"event":{"mods":["Act Like it!","BaseMod","Bossed Relics","Dota2Spire","Energized Spire","Marked Mod","Minty Spire (QoL Compilation)","Relic Filter Mod","StSLib","The Administrix","The Cursed","The Hierophant","The Runesmith","Youmu£®ªÍ∆«—˝√Œ£©"],"gold_per_floor":[210,210,63,63,75,75,88,88,88,115,115,131,131,145,145,245,245,255,274,302,314,314,342,354,364,364,279,279,296,296,296,296,397,397,409,419,419,431,443,443,458,458,458,483,533,533,533,551,551,551],"floor_reached":51,"language":"ZHS","playtime":2951,"items_purged":[],"score":869,"play_id":"9af1378b-b1d8-4d1c-bc4b-70ef2f63cfdd","local_time":"20210224235615","is_ascension_mode":true,"campfire_choices":[{"data":"TheCursedMod:CursedMace","floor":6.0,"key":"SMITH"},{"data":"TheCursedMod:CursedWand","floor":8.0,"key":"SMITH"},{"data":"TheCursedMod:CursedBlade","floor":11.0,"key":"SMITH"},{"data":"TheCursedMod:SmokeScreen","floor":15.0,"key":"SMITH"},{"data":"TheCursedMod:Obscuration","floor":30.0,"key":"SMITH"},{"data":"TheCursedMod:SpitefulStrike","floor":32.0,"key":"SMITH"},{"data":"TheCursedMod:DemonSword","floor":40.0,"key":"SMITH"},{"data":"TheCursedMod:Neurasthenia","floor":49,"key":"SMITH"}],"circlet_count":0,"master_deck":["TheCursedMod:Strike_TheCursed","TheCursedMod:Strike_TheCursed","TheCursedMod:Strike_TheCursed","TheCursedMod:Strike_TheCursed+1","TheCursedMod:Defend_TheCursed","TheCursedMod:Defend_TheCursed","TheCursedMod:Defend_TheCursed+1","TheCursedMod:Defend_TheCursed","TheCursedMod:CursedWand+1","TheCursedMod:CleanUpWorkshop+1","TheCursedMod:Dregs","TheCursedMod:CursedBlade+1","TheCursedMod:DemonSword+1","TheCursedMod:CursedMace+1","TheCursedMod:CursedAmulet","TheCursedMod:SmokeScreen+1","TheCursedMod:SpitefulStrike+1","TheCursedMod:NeowsMight+1","TheCursedMod:Obscuration+1","TheCursedMod:CursedSpellbook+1","TheCursedMod:SurpriseAttack","TheCursedMod:LuckyCharm+1","TheCursedMod:CursedSpellbook+1","Regret","Clumsy","TheCursedMod:Neurasthenia+1","TheCursedMod:NeowsMight+1","Finesse","Parasite","TheCursedMod:RapidMovement"],"relics":["TheCursedMod:BlackMagic101","Eternal Feather","Toy Ornithopter","Cursed Key","Red Mask","Dota2Spire:ArmletOfMordiggian","Singing Bowl","Dota2Spire:ShadowBlade","Dota2Spire:OrchidMalevolence","Enchiridion","Dota2Spire:RefresherOrb","Pear","Dota2Spire:MagicBottle","Torii"],"acts_visited":["Exordium","TheCity","TheBeyond"],"potions_floor_usage":[50],"damage_taken":[{"damage":9.0,"enemies":"Jaw Worm","floor":1.0,"turns":5.0},{"damage":0.0,"enemies":"Cultist","floor":5.0,"turns":3.0},{"damage":0.0,"enemies":"Small Slimes","floor":7.0,"turns":3.0},{"damage":14.0,"enemies":"Gremlin Nob","floor":10.0,"turns":3.0},{"damage":4.0,"enemies":"Blue Slaver","floor":12.0,"turns":2.0},{"damage":0.0,"enemies":"3 Louse","floor":14.0,"turns":4.0},{"damage":29.0,"enemies":"Slime Boss","floor":16.0,"turns":7.0},{"damage":0.0,"enemies":"3 Byrds","floor":18.0,"turns":5.0},{"damage":0.0,"enemies":"Spheric Guardian","floor":19.0,"turns":3.0},{"damage":0.0,"enemies":"Masked Bandits","floor":20.0,"turns":2.0},{"damage":5.0,"enemies":"Shelled Parasite and Fungi","floor":21.0,"turns":4.0},{"damage":0.0,"enemies":"Slavers","floor":23.0,"turns":4.0},{"damage":1.0,"enemies":"Snake Plant","floor":24.0,"turns":4.0},{"damage":0.0,"enemies":"Centurion and Healer","floor":25.0,"turns":3.0},{"damage":1.0,"enemies":"Shelled Parasite and Fungi","floor":29.0,"turns":5.0},{"damage":3.0,"enemies":"Automaton","floor":33.0,"turns":6.0},{"damage":9.0,"enemies":"3 Darklings","floor":35.0,"turns":4.0},{"damage":0.0,"enemies":"Orb Walker","floor":36.0,"turns":3.0},{"damage":1.0,"enemies":"Spire Growth","floor":38.0,"turns":3.0},{"damage":0.0,"enemies":"Maw","floor":39.0,"turns":5.0},{"damage":13.0,"enemies":"Sphere and 2 Shapes","floor":41.0,"turns":7.0},{"damage":3.0,"enemies":"Nemesis","floor":44.0,"turns":5.0},{"damage":5.0,"enemies":"Mind Bloom Boss Battle","floor":45.0,"turns":5.0},{"damage":0,"enemies":"3 Darklings","floor":48,"turns":2},{"damage":4,"enemies":"Donu and Deca","floor":50,"turns":4}],"seed_played":"7616248082326666863","potions_obtained":[{"floor":5.0,"key":"PowerPotion"},{"floor":10.0,"key":"Swift Potion"},{"floor":14.0,"key":"GamblersBrew"},{"floor":24.0,"key":"Energy Potion"},{"floor":25.0,"key":"EntropicBrew"},{"floor":29.0,"key":"AttackPotion"},{"floor":36.0,"key":"Explosive Potion"},{"floor":38.0,"key":"Ancient Potion"},{"floor":41.0,"key":"FearPotion"},{"floor":45.0,"key":"Dota2Spire:Clarity"}],"is_trial":false,"path_per_floor":["M","?","$","?","M","R","M","R","T","E","R","M","?","M","R","B",null,"M","M","?","M","?","E","M","M","T","?","T","M","R","?","R","B",null,"M","M","?","M","M","R","M","?","T","E","?","?","T","M","R","B",null],"character_chosen":"THE_CURSED","items_purchased":["TheCursedMod:DemonSword"],"campfire_rested":0,"item_purchase_floors":[3],"current_hp_per_floor":[66,51,51,51,51,51,51,51,51,37,46,42,47,47,56,27,80,80,80,80,75,75,75,74,79,79,79,79,80,82,66,81,81,82,75,77,77,83,85,90,84,84,94,93,88,88,88,90,106,106],"gold":551,"neow_bonus":"HUNDRED_GOLD","is_daily":false,"chose_seed":false,"campfire_upgraded":8,"win_rate":0.0,"timestamp":1614182175,"path_taken":["M","?","$","?","M","R","M","R","T","E","R","?","?","M","R","BOSS","M","M","?","M","?","E","?","M","T","?","?","M","R","?","R","BOSS","M","M","?","M","M","R","?","?","T","E","?","?","?","?","R","BOSS"],"items_purchased_type":["Card"],"build_version":"2020-12-22","purchased_purges":0,"victory":true,"max_hp_per_floor":[75,75,75,75,75,75,75,75,75,75,75,75,80,80,80,80,80,80,80,80,80,80,80,80,80,80,80,80,82,82,82,82,82,82,84,86,86,88,90,90,92,92,102,104,104,104,104,106,106,106],"card_choices":[{"not_picked":["TheCursedMod:Obscuration","TheCursedMod:CursedArmor"],"picked":"TheCursedMod:CursedBlade","floor":1.0},{"not_picked":["TheCursedMod:RavingStaff","TheCursedMod:FleshFromBone"],"picked":"TheCursedMod:CursedMace","floor":5.0},{"not_picked":["TheCursedMod:Torture","TheCursedMod:CursedBlade","TheCursedMod:FleshFromBone"],"picked":"SKIP","floor":7.0},{"not_picked":["TheCursedMod:Wield","TheCursedMod:FleshFromBone"],"picked":"TheCursedMod:CursedAmulet","floor":10.0},{"not_picked":["TheCursedMod:Torture","TheCursedMod:ManaBullet"],"picked":"TheCursedMod:SmokeScreen","floor":12.0},{"not_picked":["TheCursedMod:SoulReap","TheCursedMod:CursedBlade"],"picked":"TheCursedMod:SpitefulStrike","floor":14.0},{"not_picked":["TheCursedMod:ForbiddenAlchemy","TheCursedMod:ShockAndAwe"],"picked":"TheCursedMod:NeowsMight","floor":16.0},{"not_picked":["TheCursedMod:Torture","TheCursedMod:CursedShiv"],"picked":"TheCursedMod:Obscuration","floor":18.0},{"not_picked":["TheCursedMod:TacticalStrike+1","TheCursedMod:SpitefulStrike+1"],"picked":"TheCursedMod:CursedSpellbook+1","floor":19.0},{"not_picked":["TheCursedMod:Stretching","TheCursedMod:Grudge"],"picked":"TheCursedMod:SurpriseAttack","floor":21.0},{"not_picked":["TheCursedMod:Obscuration","TheCursedMod:SoulReap+1"],"picked":"TheCursedMod:LuckyCharm+1","floor":23.0},{"not_picked":["TheCursedMod:SpreadPlague","TheCursedMod:UltimatePain","TheCursedMod:CircleOfCorruption"],"picked":"SKIP","floor":24.0},{"not_picked":["TheCursedMod:ReleasedKnowledge+1","TheCursedMod:Torture+1"],"picked":"TheCursedMod:CursedSpellbook+1","floor":25.0},{"not_picked":["TheCursedMod:Torture+1","TheCursedMod:RavingStaff","TheCursedMod:SpitefulStrike"],"picked":"Singing Bowl","floor":29.0},{"not_picked":["TheCursedMod:VoidForm","TheCursedMod:AntiAging"],"picked":"TheCursedMod:Neurasthenia","floor":33.0},{"not_picked":["TheCursedMod:CursedMace","TheCursedMod:RavingStaff+1","TheCursedMod:Wield+1"],"picked":"Singing Bowl","floor":35.0},{"not_picked":["TheCursedMod:CircleOfCorruption+1","TheCursedMod:FuryStrike+1","TheCursedMod:CursedAmulet"],"picked":"Singing Bowl","floor":36.0},{"not_picked":["TheCursedMod:HellfireBreathing","TheCursedMod:DarkBarrier","TheCursedMod:CursedArmor"],"picked":"Singing Bowl","floor":38.0},{"not_picked":["TheCursedMod:HellfireBreathing+1","TheCursedMod:FleshFromBone+1","TheCursedMod:FuryStrike+1"],"picked":"Singing Bowl","floor":39.0},{"not_picked":["TheCursedMod:RavingStaff+1","TheCursedMod:SpitefulPray","TheCursedMod:CursedAmulet+1"],"picked":"Singing Bowl","floor":41.0},{"not_picked":["Blind","The Bomb"],"picked":"Finesse","floor":42.0},{"not_picked":["TheCursedMod:WearCloak","TheCursedMod:CircleOfAmplification+1","TheCursedMod:SpitefulStrike+1"],"picked":"Singing Bowl","floor":44.0},{"not_picked":["TheCursedMod:ReleasedKnowledge+1","TheCursedMod:Stretching"],"picked":"TheCursedMod:RapidMovement","floor":45.0},{"not_picked":["TheCursedMod:SurpriseAttack","TheCursedMod:SmokeScreen+1","TheCursedMod:WearCloak"],"picked":"Singing Bowl","floor":48}],"player_experience":564949,"relics_obtained":[{"floor":9.0,"key":"Eternal Feather"},{"floor":10.0,"key":"Toy Ornithopter"},{"floor":20.0,"key":"Red Mask"},{"floor":23.0,"key":"Dota2Spire:ArmletOfMordiggian"},{"floor":26.0,"key":"Singing Bowl"},{"floor":28.0,"key":"Dota2Spire:OrchidMalevolence"},{"floor":31.0,"key":"Enchiridion"},{"floor":43.0,"key":"Pear"},{"floor":44.0,"key":"Dota2Spire:MagicBottle"},{"floor":45.0,"key":"Torii"}],"event_choices":[{"damage_healed":0.0,"max_hp_gain":0.0,"max_hp_loss":0.0,"gold_gain":0.0,"event_name":"Shining Light","player_choice":"Entered Light","floor":2.0,"gold_loss":0.0,"damage_taken":15.0,"cards_upgraded":["TheCursedMod:Strike_TheCursed","TheCursedMod:Defend_TheCursed"]},{"damage_healed":0.0,"max_hp_gain":0.0,"max_hp_loss":0.0,"gold_gain":0.0,"event_name":"Accursed Blacksmith","player_choice":"Forge","floor":4.0,"gold_loss":0.0,"damage_taken":0.0,"cards_upgraded":["TheCursedMod:CleanUpWorkshop"]},{"damage_healed":0.0,"max_hp_gain":5.0,"max_hp_loss":0.0,"gold_gain":0.0,"event_name":"Big Fish","player_choice":"Donut","floor":13.0,"gold_loss":0.0,"damage_taken":0.0},{"damage_healed":0.0,"max_hp_gain":0.0,"max_hp_loss":0.0,"gold_gain":0.0,"event_name":"Masked Bandits","player_choice":"Fought Bandits","floor":20.0,"gold_loss":0.0,"damage_taken":0.0},{"damage_healed":0.0,"max_hp_gain":0.0,"max_hp_loss":0.0,"gold_gain":0.0,"event_name":"Upgrade Shrine","player_choice":"Upgraded","floor":22.0,"gold_loss":0.0,"damage_taken":0.0,"cards_upgraded":["TheCursedMod:NeowsMight"]},{"damage_healed":0.0,"max_hp_gain":0.0,"max_hp_loss":0.0,"gold_gain":0.0,"event_name":"Addict","player_choice":"Obtained Relic","floor":27.0,"gold_loss":85.0,"damage_taken":0.0,"relics_obtained":["Dota2Spire:ShadowBlade"]},{"damage_healed":0.0,"max_hp_gain":0.0,"max_hp_loss":0.0,"gold_gain":0.0,"event_name":"Cursed Tome","player_choice":"Obtained Book","floor":31.0,"gold_loss":0.0,"damage_taken":16.0},{"damage_healed":0.0,"max_hp_gain":0.0,"max_hp_loss":0.0,"gold_gain":0.0,"event_name":"Duplicator","player_choice":"Copied","floor":37.0,"gold_loss":0.0,"damage_taken":0.0,"cards_obtained":["TheCursedMod:NeowsMight"]},{"damage_healed":0.0,"max_hp_gain":0.0,"max_hp_loss":0.0,"gold_gain":0.0,"event_name":"SensoryStone","player_choice":"Memory 1","floor":42.0,"gold_loss":0.0,"damage_taken":0.0},{"damage_healed":0.0,"max_hp_gain":0.0,"max_hp_loss":0.0,"gold_gain":0.0,"event_name":"MindBloom","player_choice":"Fight","floor":45.0,"gold_loss":0.0,"damage_taken":0.0},{"damage_healed":0.0,"max_hp_gain":0.0,"max_hp_loss":0.0,"gold_gain":0.0,"event_name":"Mysterious Sphere","player_choice":"Ignored","floor":46.0,"gold_loss":0.0,"damage_taken":0.0}],"is_beta":false,"boss_relics":[{"not_picked":["TheCursedMod:FourLeafCloverCharm","energizedSpire:DeadBattery"],"picked":"Cursed Key"},{"not_picked":["Astrolabe","Coffee Dripper"],"picked":"Dota2Spire:RefresherOrb"}],"items_purged_floors":[],"is_endless":false,"potions_floor_spawned":[5,10,14,24,25,29,36,38,41,45],"ascension_level":2}}