{"host":"hszimsrtxxc2k25w","time":1614200284,"event":{"mods":["AchievementEnabler","BaseMod","Colored Map","DeckTracker","Minty Spire (QoL Compilation)","Rare Cards Sparkle","SuperFastMode"],"gold_per_floor":[119,44,63,138,138,173,173,173,173,191,209,227,248,248,248,248,248],"floor_reached":16,"language":"KOR","playtime":284,"items_purged":[],"score":254,"play_id":"db5bdbd3-463f-4b74-8b31-298538b8f8f5","local_time":"20210225055804","is_ascension_mode":true,"campfire_choices":[{"data":"Hemokinesis","floor":8,"key":"SMITH"},{"floor":15,"key":"REST"}],"circlet_count":0,"master_deck":["AscendersBane","Strike_R","Strike_R","Strike_R","Strike_R","Defend_R","Defend_R","Defend_R","Defend_R","Bash","Wild Strike","Hemokinesis+1","Corruption","Shrug It Off"],"relics":["Burning Blood","NeowsBlessing","Golden Idol","Bird Faced Urn","Shovel"],"acts_visited":["Exordium"],"potions_floor_usage":[12],"damage_taken":[{"damage":0,"enemies":"Small Slimes","floor":1,"turns":1},{"damage":0,"enemies":"Jaw Worm","floor":3,"turns":1},{"damage":0,"enemies":"Gremlin Nob","floor":6,"turns":1},{"damage":4,"enemies":"2 Louse","floor":10,"turns":2},{"damage":15,"enemies":"Blue Slaver","floor":11,"turns":3},{"damage":24,"enemies":"Exordium Wildlife","floor":12,"turns":3},{"damage":27,"enemies":"Large Slime","floor":13,"turns":7},{"damage":6,"enemies":"Slime Boss","floor":16,"turns":5}],"seed_played":"-6541299262269522222","potions_obtained":[{"floor":6,"key":"Dexterity Potion"},{"floor":10,"key":"FearPotion"},{"floor":13,"key":"Strength Potion"}],"is_trial":false,"path_per_floor":["M","?","M","?","?","E","?","R","T","M","M","M","M","?","R","B"],"character_chosen":"IRONCLAD","items_purchased":[],"campfire_rested":1,"item_purchase_floors":[],"current_hp_per_floor":[74,74,75,64,64,68,73,73,73,73,66,48,29,29,50,44,44],"gold":248,"neow_bonus":"THREE_ENEMY_KILL","is_daily":false,"chose_seed":false,"campfire_upgraded":1,"win_rate":0.0,"timestamp":1614200284,"path_taken":["M","?","M","?","?","E","?","R","T","M","M","?","M","?","R","BOSS"],"items_purchased_type":[],"build_version":"2020-12-22","purchased_purges":0,"victory":false,"max_hp_per_floor":[75,75,75,75,68,68,73,73,73,73,73,73,73,73,73,73,73],"card_choices":[{"not_picked":["Twin Strike","Clash"],"picked":"Wild Strike","floor":1},{"not_picked":["Pommel Strike","Iron Wave"],"picked":"Hemokinesis","floor":3},{"not_picked":["Anger","Sword Boomerang"],"picked":"Corruption","floor":6},{"not_picked":["Thunderclap","Headbutt"],"picked":"Shrug It Off","floor":10},{"not_picked":["Flex","Perfected Strike","Uppercut"],"picked":"SKIP","floor":11},{"not_picked":["Flex","Havoc","Headbutt"],"picked":"SKIP","floor":12},{"not_picked":["Intimidate","Twin Strike","Clothesline"],"picked":"SKIP","floor":13}],"player_experience":705289,"relics_obtained":[{"floor":6,"key":"Bird Faced Urn"},{"floor":9,"key":"Shovel"}],"event_choices":[{"cards_removed":["Strike_R"],"damage_healed":0,"gold_gain":0,"player_choice":"Card Removal","damage_taken":0,"max_hp_gain":0,"max_hp_loss":0,"event_name":"The Cleric","floor":2,"gold_loss":75},{"damage_healed":0,"gold_gain":75,"player_choice":"Gather Gold","damage_taken":11,"max_hp_gain":0,"max_hp_loss":0,"event_name":"World of Goop","floor":4,"gold_loss":0},{"damage_healed":0,"gold_gain":0,"player_choice":"Lose Max HP","damage_taken":0,"relics_obtained":["Golden Idol"],"max_hp_gain":0,"max_hp_loss":7,"event_name":"Golden Idol","floor":5,"gold_loss":0},{"damage_healed":0,"gold_gain":0,"player_choice":"Donut","damage_taken":0,"max_hp_gain":5,"max_hp_loss":0,"event_name":"Big Fish","floor":7,"gold_loss":0},{"damage_healed":0,"gold_gain":0,"player_choice":"Ignored","damage_taken":0,"max_hp_gain":0,"max_hp_loss":0,"event_name":"Liars Game","floor":14,"gold_loss":0}],"is_beta":false,"boss_relics":[],"items_purged_floors":[],"is_endless":false,"potions_floor_spawned":[6,10,13],"killed_by":"Slime Boss","ascension_level":20}}