{"host":"wbs0wzz0alz01mnq","time":1614203704,"event":{"mods":["2.2 Compatiblity","AchievementEnabler","BaseMod","Bestiary","Colored Map","Colored Powertips","Curses Come First","Dark Map","DeckTracker","GifTheSpireLib","Googly Eyes","Highlight Path","Minty Spire (QoL Compilation)","Morshu Shopkeeper - ENHANCED","Permanent Neow","Quick Restart","RNG Fix","Rare Cards Sparkle","Robot Space Explorer","Smile Girya","StSLib","SuperFastMode","UnlockEverythingMod","Waifu the Spire","Weighted Paths"],"gold_per_floor":[119,132,147,160,160,194,194,211,211,211,142,169,169,179,179,277,277,297,315,329,347,365,365,394,394,419,449,460,480,24,24,24,125,125,139,186,186,186,1,1,18,18,18,18,68,97,108,125,125,125,125,125,5,32,32],"floor_reached":56,"language":"ENG","playtime":2425,"items_purged":[],"score":1254,"play_id":"eb577801-1254-41cb-a9a8-5b830e644ae5","local_time":"20210224165504","is_ascension_mode":false,"campfire_choices":[{"data":"RobotSpaceExplorer:MiniLasers","floor":10.0,"key":"SMITH"},{"data":"RobotSpaceExplorer:DroneSwarm","floor":13.0,"key":"SMITH"},{"data":"RobotSpaceExplorer:ExhaustFan","floor":15.0,"key":"SMITH"},{"data":"RobotSpaceExplorer:ShockMissile","floor":23.0,"key":"SMITH"},{"data":"RobotSpaceExplorer:StarDust","floor":25.0,"key":"SMITH"},{"data":"RobotSpaceExplorer:MiniBoosters","floor":32,"key":"SMITH"},{"data":"RobotSpaceExplorer:ExhaustFan","floor":40,"key":"SMITH"},{"data":"RobotSpaceExplorer:Ammunition","floor":42,"key":"SMITH"},{"floor":44,"key":"RECALL"},{"data":"RobotSpaceExplorer:DualCore","floor":49,"key":"SMITH"},{"data":"RobotSpaceExplorer:Autoloader","floor":52,"key":"SMITH"}],"circlet_count":0,"master_deck":["RobotSpaceExplorer:Strike","RobotSpaceExplorer:Strike","RobotSpaceExplorer:Strike","RobotSpaceExplorer:Strike","RobotSpaceExplorer:Defend","RobotSpaceExplorer:Defend","RobotSpaceExplorer:Defend","RobotSpaceExplorer:Defend","RobotSpaceExplorer:Scan","RobotSpaceExplorer:MiniLasers+1","RobotSpaceExplorer:FrostMissile","RobotSpaceExplorer:SlimeMissile","RobotSpaceExplorer:FrostMissile","RobotSpaceExplorer:Ammunition+1","RobotSpaceExplorer:FrostMissile","RobotSpaceExplorer:DroneSwarm+1","RobotSpaceExplorer:Autoloader+1","RobotSpaceExplorer:ExhaustFan+1","RobotSpaceExplorer:ShockMissile+1","RobotSpaceExplorer:Ammunition+1","RobotSpaceExplorer:Ammunition+1","RobotSpaceExplorer:GearShield","RobotSpaceExplorer:MiniBoosters+1","RobotSpaceExplorer:StarDust+1","RobotSpaceExplorer:FranticSearch+1","RobotSpaceExplorer:StarLightning+1","RobotSpaceExplorer:ScrapMissile","RobotSpaceExplorer:Autoloader","RobotSpaceExplorer:MiniBoosters+1","RobotSpaceExplorer:Fix+1","Decay","Writhe","RobotSpaceExplorer:ExhaustFan+1","RobotSpaceExplorer:ScrapMissile","RobotSpaceExplorer:DualCore+1","RobotSpaceExplorer:MiniDrones+1","RobotSpaceExplorer:ScrapMissile+1","RobotSpaceExplorer:Accelerator","RobotSpaceExplorer:GearShield+1"],"relics":["RobotSpaceExplorer:RoboCore","NeowsBlessing","White Beast Statue","Unceasing Top","Bottled Flame","Torii","Coffee Dripper","RobotSpaceExplorer:BottledGravity","Lantern","Pear","Ornamental Fan","Ancient Tea Set","HandDrill","Nunchaku","Kunai","Philosopher\u0027s Stone","Gambling Chip","Chemical X","StoneCalendar","Toxic Egg 2","RobotSpaceExplorer:FoglandsKnife","Blue Candle"],"acts_visited":["Exordium","TheCity","TheBeyond","TheEnding"],"potions_floor_usage":[33,33,33,36,46,46,50,50,55,55],"damage_taken":[{"damage":0.0,"enemies":"Cultist","floor":1.0,"turns":1.0},{"damage":0.0,"enemies":"Small Slimes","floor":2.0,"turns":1.0},{"damage":0.0,"enemies":"Jaw Worm","floor":3.0,"turns":1.0},{"damage":0.0,"enemies":"3 Louse","floor":4.0,"turns":3.0},{"damage":37.0,"enemies":"Gremlin Nob","floor":6.0,"turns":6.0},{"damage":5.0,"enemies":"2 Fungi Beasts","floor":8.0,"turns":3.0},{"damage":21.0,"enemies":"Lagavulin","floor":12.0,"turns":6.0},{"damage":7.0,"enemies":"Blue Slaver","floor":14.0,"turns":4.0},{"damage":1.0,"enemies":"Slime Boss","floor":16.0,"turns":7.0},{"damage":1.0,"enemies":"Shell Parasite","floor":18.0,"turns":5.0},{"damage":2.0,"enemies":"Chosen","floor":19.0,"turns":6.0},{"damage":1.0,"enemies":"Shelled Parasite and Fungi","floor":20.0,"turns":5.0},{"damage":1.0,"enemies":"Snecko","floor":21.0,"turns":3.0},{"damage":1.0,"enemies":"Centurion and Healer","floor":22.0,"turns":6.0},{"damage":14.0,"enemies":"Gremlin Leader","floor":24.0,"turns":7.0},{"damage":8,"enemies":"Book of Stabbing","floor":27,"turns":6},{"damage":6,"enemies":"Sentry and Sphere","floor":28,"turns":5},{"damage":16,"enemies":"Snake Plant","floor":29,"turns":5},{"damage":22,"enemies":"Champ","floor":33,"turns":8},{"damage":10,"enemies":"3 Darklings","floor":35,"turns":4},{"damage":47,"enemies":"2 Orb Walkers","floor":36,"turns":5},{"damage":0,"enemies":"Orb Walker","floor":41,"turns":3},{"damage":0,"enemies":"Mind Bloom Boss Battle","floor":45,"turns":5},{"damage":1,"enemies":"Reptomancer","floor":46,"turns":6},{"damage":9,"enemies":"Transient","floor":47,"turns":5},{"damage":0,"enemies":"Jaw Worm Horde","floor":48,"turns":3},{"damage":1,"enemies":"Awakened One","floor":50,"turns":8},{"damage":10,"enemies":"Shield and Spear","floor":54,"turns":5},{"damage":73,"enemies":"The Heart","floor":55,"turns":10}],"seed_played":"3586542251751069085","potions_obtained":[{"floor":1.0,"key":"DuplicationPotion"},{"floor":3.0,"key":"ColorlessPotion"},{"floor":8.0,"key":"Dexterity Potion"},{"floor":12.0,"key":"Swift Potion"},{"floor":14.0,"key":"Dexterity Potion"},{"floor":16.0,"key":"AttackPotion"},{"floor":18.0,"key":"Block Potion"},{"floor":19.0,"key":"FearPotion"},{"floor":20.0,"key":"Fruit Juice"},{"floor":21.0,"key":"AttackPotion"},{"floor":22.0,"key":"RobotSpaceExplorer:PlasmaFlask"},{"floor":24.0,"key":"PowerPotion"},{"floor":29,"key":"DistilledChaos"},{"floor":33,"key":"LiquidBronze"},{"floor":35,"key":"AttackPotion"},{"floor":36,"key":"Explosive Potion"},{"floor":41,"key":"Regen Potion"},{"floor":45,"key":"SpeedPotion"},{"floor":46,"key":"AttackPotion"},{"floor":47,"key":"Explosive Potion"},{"floor":48,"key":"Regen Potion"},{"floor":54,"key":"DuplicationPotion"}],"is_trial":false,"path_per_floor":["M","M","M","M","?","E","T","M","T","R","$","E","R","M","R","B",null,"M","M","M","M","M","R","E","R","T","E","M","M","$","T","R","B",null,"M","?","?","?","$","R","M","R","T","R","?","E","M","M","R","B",null,"R","$","E","B",null],"character_chosen":"RobotSpaceExplorer","items_purchased":["RobotSpaceExplorer:DroneSwarm","Ancient Tea Set","HandDrill","Nunchaku","Chemical X","RobotSpaceExplorer:ExhaustFan","RobotSpaceExplorer:Accelerator","RobotSpaceExplorer:RecyclePotion"],"campfire_rested":0,"item_purchase_floors":[11,30,30,30,39,39,53,53],"current_hp_per_floor":[75,75,75,75,75,38,38,33,33,33,33,12,12,5,5,4,75,74,72,76,75,74,74,60,60,60,62,56,40,40,40,40,18,90,80,33,33,56,56,56,62,62,62,62,62,81,78,78,78,89,90,90,90,86,19],"gold":32,"neow_bonus":"THREE_ENEMY_KILL","is_daily":false,"chose_seed":false,"campfire_upgraded":10,"win_rate":0.0,"timestamp":1614203704,"path_taken":["M","M","M","M","?","E","?","M","T","R","?","E","R","M","R","BOSS","M","M","M","?","M","R","E","R","T","E","M","M","$","?","R","BOSS","M","?","?","?","$","R","M","R","T","R","?","E","M","?","R","BOSS","R","$","E","BOSS"],"items_purchased_type":["Card","Relic","Relic","Relic","Relic","Card","Card","Potion"],"build_version":"2020-12-22","purchased_purges":0,"victory":true,"max_hp_per_floor":[75,75,75,75,75,75,75,75,75,75,75,75,75,75,75,75,75,75,75,80,80,80,80,80,80,80,90,90,90,90,90,90,90,90,90,90,90,90,90,90,90,90,90,90,90,90,90,90,90,90,90,90,90,90,90],"card_choices":[{"not_picked":["RobotSpaceExplorer:MetalStrike","RobotSpaceExplorer:Counterblock"],"picked":"RobotSpaceExplorer:FrostMissile","floor":1.0},{"not_picked":["RobotSpaceExplorer:Jetpack","RobotSpaceExplorer:MiniDrones"],"picked":"RobotSpaceExplorer:SlimeMissile","floor":2.0},{"not_picked":["RobotSpaceExplorer:ExhaustFan","RobotSpaceExplorer:TurboDodge"],"picked":"RobotSpaceExplorer:FrostMissile","floor":3.0},{"not_picked":["RobotSpaceExplorer:IronShell","RobotSpaceExplorer:Jetpack"],"picked":"RobotSpaceExplorer:Ammunition","floor":4.0},{"not_picked":["RobotSpaceExplorer:FranticSearch","RobotSpaceExplorer:Calculate","RobotSpaceExplorer:ImprovisedAttack"],"picked":"SKIP","floor":6.0},{"not_picked":["RobotSpaceExplorer:MetalStrike","RobotSpaceExplorer:Ammunition"],"picked":"RobotSpaceExplorer:FrostMissile","floor":8.0},{"not_picked":["RobotSpaceExplorer:PowerGlove","RobotSpaceExplorer:MiniDrones"],"picked":"RobotSpaceExplorer:Autoloader","floor":12.0},{"not_picked":["RobotSpaceExplorer:SurgingStrike","RobotSpaceExplorer:ShockKick"],"picked":"RobotSpaceExplorer:ExhaustFan","floor":14.0},{"not_picked":["RobotSpaceExplorer:HighVoltage","RobotSpaceExplorer:ChargingLaser"],"picked":"RobotSpaceExplorer:ShockMissile","floor":16.0},{"not_picked":["RobotSpaceExplorer:Electroshield","RobotSpaceExplorer:FranticSearch"],"picked":"RobotSpaceExplorer:Ammunition","floor":18.0},{"not_picked":["RobotSpaceExplorer:MakeshiftVolley+1","RobotSpaceExplorer:FranticSearch"],"picked":"RobotSpaceExplorer:Ammunition+1","floor":19.0},{"not_picked":["RobotSpaceExplorer:PowerGlove","RobotSpaceExplorer:MetalStrike+1"],"picked":"RobotSpaceExplorer:GearShield","floor":20.0},{"not_picked":["RobotSpaceExplorer:MetalStrike","RobotSpaceExplorer:DoubleBlock"],"picked":"RobotSpaceExplorer:MiniBoosters","floor":21.0},{"not_picked":["RobotSpaceExplorer:ImprovisedAttack","RobotSpaceExplorer:MiniDrones"],"picked":"RobotSpaceExplorer:StarDust","floor":22.0},{"not_picked":["RobotSpaceExplorer:Ammunition","RobotSpaceExplorer:ShovelStrike"],"picked":"RobotSpaceExplorer:Exploration","floor":24.0},{"not_picked":["RobotSpaceExplorer:SwiftStep","RobotSpaceExplorer:GlueShot"],"picked":"RobotSpaceExplorer:FranticSearch+1","floor":27},{"not_picked":["RobotSpaceExplorer:Probe","RobotSpaceExplorer:ScrapShield"],"picked":"RobotSpaceExplorer:StarLightning+1","floor":28},{"not_picked":["RobotSpaceExplorer:ToxicBomb","RobotSpaceExplorer:Comet"],"picked":"RobotSpaceExplorer:ScrapMissile","floor":29},{"not_picked":["RobotSpaceExplorer:Multitool","RobotSpaceExplorer:Scanner"],"picked":"RobotSpaceExplorer:Autoloader","floor":33},{"not_picked":["RobotSpaceExplorer:Smokescreen","RobotSpaceExplorer:FrostMissile"],"picked":"RobotSpaceExplorer:MiniBoosters+1","floor":35},{"not_picked":["RobotSpaceExplorer:DoubleFind","RobotSpaceExplorer:SwiftStep+1"],"picked":"RobotSpaceExplorer:Fix+1","floor":36},{"not_picked":["RobotSpaceExplorer:RigExplosive","RobotSpaceExplorer:FranticSearch+1"],"picked":"RobotSpaceExplorer:ScrapMissile","floor":41},{"not_picked":["RobotSpaceExplorer:ShockKick","RobotSpaceExplorer:DoubleFind"],"picked":"RobotSpaceExplorer:Exploration","floor":45},{"not_picked":["RobotSpaceExplorer:ImprovisedAttack","RobotSpaceExplorer:Probe+1"],"picked":"RobotSpaceExplorer:DualCore","floor":46},{"not_picked":["RobotSpaceExplorer:FreezingShield+1","RobotSpaceExplorer:Jetpack+1"],"picked":"RobotSpaceExplorer:MiniDrones+1","floor":47},{"not_picked":["RobotSpaceExplorer:ShockKick+1","RobotSpaceExplorer:DoubleFind+1"],"picked":"RobotSpaceExplorer:ScrapMissile+1","floor":48},{"not_picked":["RobotSpaceExplorer:SwiftStep+1","RobotSpaceExplorer:FranticSearch+1"],"picked":"RobotSpaceExplorer:GearShield+1","floor":54}],"player_experience":63880,"relics_obtained":[{"floor":6.0,"key":"White Beast Statue"},{"floor":7.0,"key":"Unceasing Top"},{"floor":9.0,"key":"Bottled Flame"},{"floor":12.0,"key":"Torii"},{"floor":24.0,"key":"RobotSpaceExplorer:BottledGravity"},{"floor":26.0,"key":"Lantern"},{"floor":27,"key":"Pear"},{"floor":28,"key":"Ornamental Fan"},{"floor":31,"key":"Kunai"},{"floor":36,"key":"Gambling Chip"},{"floor":45,"key":"StoneCalendar"},{"floor":46,"key":"Toxic Egg 2"},{"floor":46,"key":"RobotSpaceExplorer:FoglandsKnife"},{"floor":54,"key":"Blue Candle"}],"event_choices":[{"damage_healed":0.0,"max_hp_gain":0.0,"max_hp_loss":0.0,"gold_gain":0.0,"event_name":"Living Wall","player_choice":"Grow","floor":5.0,"gold_loss":0.0,"damage_taken":0.0,"cards_upgraded":["RobotSpaceExplorer:Ammunition"]},{"damage_healed":0,"gold_gain":0,"player_choice":"Fight","damage_taken":0,"max_hp_gain":0,"max_hp_loss":0,"event_name":"Mysterious Sphere","floor":36,"gold_loss":0},{"damage_healed":0,"gold_gain":0,"player_choice":"Cursed","damage_taken":0,"max_hp_gain":0,"max_hp_loss":0,"event_name":"Wheel of Change","floor":37,"gold_loss":0,"cards_obtained":["Decay"]},{"damage_healed":23,"gold_gain":0,"player_choice":"Writhe","damage_taken":0,"max_hp_gain":0,"max_hp_loss":0,"event_name":"Winding Halls","floor":38,"gold_loss":0,"cards_obtained":["Writhe"]},{"damage_healed":0,"gold_gain":0,"player_choice":"Fight","damage_taken":0,"max_hp_gain":0,"max_hp_loss":0,"event_name":"MindBloom","floor":45,"gold_loss":0}],"is_beta":false,"boss_relics":[{"not_picked":["Cursed Key","Snecko Eye"],"picked":"Coffee Dripper"},{"not_picked":["Tiny House","Fusion Hammer"],"picked":"Philosopher\u0027s Stone"}],"items_purged_floors":[],"is_endless":false,"potions_floor_spawned":[1,3,8,12,14,16,18,19,20,21,22,24,27,28,29,33,35,36,41,45,46,47,48,54],"ascension_level":0}}