{"host":"Tylorde","time":1614142964,"event":{"mods":["BaseMod","Minty Spire (QoL Compilation)","Weighted Paths"],"gold_per_floor":[11,11,11,28,38,38,64,64,64,74,74,20,20,49,49,125,125,143,143,159,109,127,127,161,161,161,176,190,224,240,211,211,211,211],"floor_reached":33,"language":"ENG","playtime":2818,"items_purged":[],"score":556,"play_id":"3de0d16b-fa29-4dd7-91db-7e7b544d5a75","local_time":"20210223210244","is_ascension_mode":true,"campfire_choices":[{"data":"Sword Boomerang","floor":6,"key":"SMITH"},{"data":"Bash","floor":8,"key":"SMITH"},{"data":"Battle Trance","floor":11,"key":"SMITH"},{"data":"Feel No Pain","floor":13,"key":"SMITH"},{"data":"True Grit","floor":15,"key":"SMITH"},{"data":"Power Through","floor":23,"key":"SMITH"},{"floor":25,"key":"RECALL"},{"data":"Flex","floor":32,"key":"SMITH"}],"circlet_count":0,"master_deck":["AscendersBane","Defend_R+1","Defend_R+1","Defend_R","Defend_R","Bash+1","Power Through+1","Sword Boomerang+1","Feel No Pain+1","True Grit+1","Battle Trance+1","Fiend Fire+1","Reaper+1","Bite+1","Bite+1","Bite+1","Bite+1","Bite+1","Hemokinesis+1","Pommel Strike+1","Thunderclap+1","Bloodletting","Ghostly Armor","Impervious","Body Slam+1","Flex+1"],"relics":["Burning Blood","Champion Belt","Meat on the Bone","Molten Egg 2","StrikeDummy","Matryoshka","Sozu","Bag of Preparation","War Paint","Incense Burner"],"acts_visited":["Exordium","TheCity"],"potions_floor_usage":[14,16,16],"damage_taken":[{"damage":1,"enemies":"Cultist","floor":1,"turns":3},{"damage":5,"enemies":"Small Slimes","floor":4,"turns":4},{"damage":10,"enemies":"2 Louse","floor":5,"turns":3},{"damage":25,"enemies":"3 Sentries","floor":7,"turns":12},{"damage":36,"enemies":"Gremlin Gang","floor":10,"turns":9},{"damage":19,"enemies":"Lagavulin","floor":14,"turns":9},{"damage":7,"enemies":"The Guardian","floor":16,"turns":16},{"damage":19,"enemies":"Shell Parasite","floor":18,"turns":7},{"damage":4,"enemies":"3 Byrds","floor":20,"turns":5},{"damage":25,"enemies":"Snake Plant","floor":22,"turns":4},{"damage":56,"enemies":"Gremlin Leader","floor":24,"turns":12},{"damage":9,"enemies":"Centurion and Healer","floor":27,"turns":4},{"damage":10,"enemies":"3 Cultists","floor":28,"turns":5},{"damage":21,"enemies":"Book of Stabbing","floor":29,"turns":5},{"damage":4,"enemies":"Shelled Parasite and Fungi","floor":30,"turns":4},{"damage":72,"enemies":"Collector","floor":33,"turns":5}],"seed_played":"-3264355942763513063","potions_obtained":[{"floor":1,"key":"FearPotion"},{"floor":14,"key":"Fire Potion"}],"is_trial":false,"path_per_floor":["M","$","?","M","M","R","E","R","T","M","R","$","R","E","R","B",null,"M","?","M","?","M","R","E","R","T","M","M","E","M","$","R","B"],"character_chosen":"IRONCLAD","items_purchased":["FearPotion","Flex"],"campfire_rested":0,"item_purchase_floors":[12,31],"current_hp_per_floor":[73,73,55,56,52,52,45,45,45,27,27,27,27,26,26,37,66,54,52,52,52,48,48,52,52,52,52,52,43,52,52,52,0,0],"gold":211,"neow_bonus":"ONE_RARE_RELIC","is_daily":false,"chose_seed":false,"campfire_upgraded":7,"win_rate":0.0,"timestamp":1614142964,"path_taken":["M","?","?","M","M","R","E","R","T","M","R","$","R","E","R","BOSS","M","?","M","?","M","R","E","R","T","M","M","E","?","$","R","BOSS"],"items_purchased_type":["Potion","Card"],"build_version":"2020-12-18","purchased_purges":0,"victory":false,"max_hp_per_floor":[75,75,75,75,75,75,75,75,75,75,75,75,75,75,75,75,75,75,52,52,52,52,52,52,52,52,52,52,52,52,52,52,52,52],"card_choices":[{"not_picked":["Searing Blow","Heavy Blade"],"picked":"Power Through","floor":1},{"not_picked":["Pummel","Iron Wave"],"picked":"Sword Boomerang","floor":4},{"not_picked":["Body Slam","Havoc"],"picked":"Feel No Pain","floor":5},{"not_picked":["Seeing Red","Flex"],"picked":"True Grit","floor":7},{"not_picked":["Iron Wave+1","Clothesline+1"],"picked":"Battle Trance","floor":10},{"not_picked":["Feel No Pain","Sentinel"],"picked":"Fiend Fire+1","floor":14},{"not_picked":["Barricade","Feed+1"],"picked":"Reaper+1","floor":16},{"not_picked":["Clothesline+1","Rampage+1","Warcry"],"picked":"SKIP","floor":18},{"not_picked":["Thunderclap+1","Seeing Red"],"picked":"Hemokinesis+1","floor":20},{"not_picked":["Bloodletting","Twin Strike+1"],"picked":"Pommel Strike+1","floor":22},{"not_picked":["Sever Soul+1","Shrug It Off"],"picked":"Thunderclap+1","floor":24},{"not_picked":["Shockwave","Dual Wield"],"picked":"Bloodletting","floor":27},{"not_picked":["Anger+1","Headbutt+1"],"picked":"Ghostly Armor","floor":28},{"not_picked":["Shockwave","Headbutt+1"],"picked":"Impervious","floor":29},{"not_picked":["Searing Blow+1","Spot Weakness"],"picked":"Body Slam+1","floor":30}],"player_experience":920614,"relics_obtained":[{"floor":7,"key":"Molten Egg 2"},{"floor":9,"key":"StrikeDummy"},{"floor":14,"key":"Matryoshka"},{"floor":24,"key":"Bag of Preparation"},{"floor":26,"key":"War Paint"},{"floor":29,"key":"Incense Burner"}],"event_choices":[{"damage_healed":0,"gold_gain":0,"player_choice":"Success","damage_taken":18,"relics_obtained":["Meat on the Bone"],"max_hp_gain":0,"max_hp_loss":0,"event_name":"Scrap Ooze","floor":3,"gold_loss":0},{"damage_healed":0,"gold_gain":0,"player_choice":"Became a vampire","damage_taken":0,"max_hp_gain":0,"max_hp_loss":23,"event_name":"Vampires","floor":19,"gold_loss":0,"cards_obtained":["Bite","Bite","Bite","Bite","Bite"]},{"damage_healed":0,"gold_gain":0,"player_choice":"Bet on Murderer","damage_taken":0,"max_hp_gain":0,"max_hp_loss":0,"event_name":"The Joust","floor":21,"gold_loss":50}],"is_beta":true,"boss_relics":[{"not_picked":["Busted Crown","Runic Pyramid"],"picked":"Sozu"}],"items_purged_floors":[],"is_endless":false,"potions_floor_spawned":[1,14,18,24,28],"killed_by":"Collector","ascension_level":16}}