{"host":"n2uz6wo17e54j9m8","time":1614143804,"event":{"mods":["ATMod(∞¢Ë™Mod)","Act Like it!","Arknights","Aspiration","BaseMod","Friendly Minions","Gensokyo","GungeonMod","Kiyohime£®«Âºß£©","KomeijiMod","Lobotomy","LobotomyExtend","Marisa£®ÏF”Í°°ƒß¿Ì…≥£©","Minty Spire (QoL Compilation)","Pale of the Ancients","Reimu£®≤©¿ˆ¡È√Œ£©","Reliquary","Replay The Spire","StSLib","Yakumo Yukari mod","[IsaacMod]“‘»ˆº‚À˛","°æ“≈ŒÔø®≈∆°øREMEMod"],"gold_per_floor":[114,124,141,208,219,244,244,244,244,263,263,290,290,324,324,423,423,423,438,438,387,398,398,426,442,487,487,503,503,503,522,579,682,682,696,714,22,22,0,0,0,0,27,38,38,54,54,72,72,72,72,72,72,72,97,97],"floor_reached":57,"language":"ZHS","playtime":2178,"items_purged":["BigBird"],"score":1290,"play_id":"f122ca18-cb5f-4c16-a3ed-83f6f87d5f2f","local_time":"20210224131644","is_ascension_mode":false,"campfire_choices":[{"floor":7,"key":"REST"},{"data":"AT_EmpoweredMortalDraw","floor":11,"key":"SMITH"},{"data":"Inflame","floor":13,"key":"SMITH"},{"data":"Limit Break","floor":23,"key":"SMITH"},{"data":"Intimidate","floor":27,"key":"SMITH"},{"data":"Berserk","floor":30,"key":"SMITH"},{"data":"Exhume","floor":40,"key":"SMITH"},{"data":"AT_CaressingTears","floor":42,"key":"SMITH"},{"floor":47,"key":"RECALL"},{"data":"REME_ACTH","floor":49,"key":"SMITH"},{"data":"Run Through","floor":53,"key":"SMITH"}],"circlet_count":0,"master_deck":["Strike_R","Strike_R","Strike_R","Strike_R","Strike_R","Defend_R","Defend_R","Defend_R","Defend_R","Bash","BlueScar","AT_EmpoweredMortalDraw+1","PunishingBird","AT_ShrugMaster","Inflame+1","BlueStar","Run Through+1","REME_ACTH+1","Flex+1","Wellcheers","Intimidate+1","UniverseFragment","OSAHOGD","Limit Break+1","Hemogenesis+1","Berserk+1","Twin Strike+1","Infernal Blade+1","AT_CaressingTears+1","CENSORED","BlackArmy","Exhume+1","Twin Strike+1","Juggernaut","Rupture"],"relics":["Burning Blood","HushsDoor","AT_ATBox","REME_ComplimentaryCards","BookOfRevelations","CogitoBucket","RabbitCall","Lamp_r","aspiration:HiddenCompartment","AT_BladeRuinedKing","Molten Egg 2","SharpPlug","Runic Cube","aspiration:Stabinomicon","Nloth\u0027s Gift","LetterFromLob","SlaversCollar","Incubus","AtMidnight","Mango","TheBattery","REME_HourglassOfDeath","Red Mask","reliquary:FerryPass","Replay:Mystery Machine"],"acts_visited":["Exordium","TheCity","TheBeyond","TheEnding"],"potions_floor_usage":[6,14,16,33,33,33,55,56],"damage_taken":[{"damage":1,"enemies":"Jaw Worm","floor":1,"turns":3},{"damage":6,"enemies":"ats:Genji","floor":2,"turns":3},{"damage":1,"enemies":"Small Slimes","floor":3,"turns":2},{"damage":1,"enemies":"Gremlin Gang","floor":5,"turns":2},{"damage":72,"enemies":"Lagavulin","floor":6,"turns":7},{"damage":9,"enemies":"3 Louse","floor":10,"turns":3},{"damage":3,"enemies":"Replay:BlueRogue","floor":12,"turns":3},{"damage":0,"enemies":"Gremlin Nob","floor":14,"turns":2},{"damage":8,"enemies":"The Guardian","floor":16,"turns":6},{"damage":0,"enemies":"Chosen","floor":19,"turns":3},{"damage":10,"enemies":"Spheric Guardian","floor":22,"turns":4},{"damage":26,"enemies":"Book of Stabbing","floor":24,"turns":4},{"damage":6,"enemies":"Cultist and Chosen","floor":25,"turns":3},{"damage":8,"enemies":"3 Cultists","floor":28,"turns":3},{"damage":26,"enemies":"Centurion and Healer","floor":31,"turns":4},{"damage":4,"enemies":"Champ","floor":33,"turns":5},{"damage":3,"enemies":"3 Shapes","floor":35,"turns":1},{"damage":8,"enemies":"Orb Walker","floor":36,"turns":2},{"damage":0,"enemies":"Maw","floor":44,"turns":2},{"damage":29,"enemies":"Transient","floor":46,"turns":4},{"damage":7,"enemies":"Writhing Mass","floor":48,"turns":2},{"damage":32,"enemies":"Replay:Hell Engine","floor":50,"turns":9},{"damage":12,"enemies":"Shield and Spear","floor":55,"turns":2},{"damage":73,"enemies":"The Heart","floor":56,"turns":5}],"seed_played":"5998801335634704951","potions_obtained":[{"floor":2,"key":"ColorlessPotion"},{"floor":3,"key":"Block Potion"},{"floor":10,"key":"Dexterity Potion"},{"floor":12,"key":"SteroidPotion"},{"floor":16,"key":"Death Potion"},{"floor":48,"key":"Dexterity Potion"},{"floor":55,"key":"Fruit Juice"}],"is_trial":false,"path_per_floor":["M","M","M","?","M","E","R","?","T","M","R","E","R","E","R","B",null,"M","M","?","$","M","R","E","M","T","R","M","?","R","M","R","B",null,"M","M","$","?","?","R","?","R","T","M","?","M","R","M","R","B",null,null,"R","$","E","B",null],"character_chosen":"IRONCLAD","items_purchased":["Berserk","PowerPotion","Incubus","Mango","TheBattery","Exhume"],"campfire_rested":1,"item_purchase_floors":[17,21,34,37,37,37],"current_hp_per_floor":[80,80,80,80,80,18,42,42,42,41,41,44,44,53,77,80,77,77,77,77,77,73,73,60,60,60,60,66,66,66,49,49,59,57,57,57,71,71,71,71,71,71,71,71,71,63,63,62,62,70,70,71,71,71,76,49],"gold":97,"neow_bonus":"","is_daily":false,"chose_seed":false,"campfire_upgraded":9,"win_rate":0.0,"timestamp":1614143804,"path_taken":["M","M","M","?","M","E","R","?","T","?","R","E","R","E","R","BOSS","M","M","?","$","M","R","E","M","T","R","M","?","R","?","R","BOSS","M","M","$","?","?","R","?","R","T","M","?","M","R","M","R","BOSS","R","$","E","BOSS"],"items_purchased_type":["Card","Potion","Relic","Relic","Relic","Card"],"build_version":"2020-12-22","purchased_purges":1,"victory":true,"max_hp_per_floor":[80,80,80,80,80,80,80,80,80,80,80,80,80,80,80,80,77,77,77,77,77,77,77,77,77,77,77,77,77,77,77,77,77,57,57,57,71,71,71,71,71,71,71,71,71,71,71,71,71,71,71,71,71,71,76,76],"card_choices":[{"not_picked":[],"picked":"ChaosCard","floor":0},{"not_picked":["MeatLantern","MHz","Bloodbath"],"picked":"Singing Bowl","floor":1},{"not_picked":["Freischutz","Rudolta"],"picked":"PunishingBird","floor":1},{"not_picked":["Uppercut","Run Through"],"picked":"AT_ShrugMaster","floor":1},{"not_picked":["FairyFestival","MHz","ShyLook"],"picked":"Singing Bowl","floor":2},{"not_picked":["CherryBlossoms","Alriune"],"picked":"BigBird","floor":2},{"not_picked":["AT_BodySlamDance","Thunderclap"],"picked":"Inflame","floor":2},{"not_picked":["BigBadWolf","VoidDream","CherryBlossoms"],"picked":"Singing Bowl","floor":3},{"not_picked":["SpiderBud","SingingMachine"],"picked":"BlueStar","floor":3},{"not_picked":["Pommel Strike","Perfected Strike"],"picked":"Run Through","floor":3},{"not_picked":["WallGazer","CrumblingArmor","SingingMachine"],"picked":"Singing Bowl","floor":5},{"not_picked":["AT_IchimonjiDouble","Bomb"],"picked":"REME_ACTH","floor":5},{"not_picked":["CrumblingArmor","GreedKing","MeatLantern"],"picked":"Singing Bowl","floor":6},{"not_picked":["Disarm","Battle Trance"],"picked":"Flex","floor":6},{"not_picked":["LittlePrince","Porccubus","Laetitia"],"picked":"Singing Bowl","floor":10},{"not_picked":["Scorched","CherryBlossoms"],"picked":"Wellcheers","floor":10},{"not_picked":["Battle Trance","ReplayReversal"],"picked":"Intimidate","floor":10},{"not_picked":["RedShoes","Scarecrow","VoidDream"],"picked":"Singing Bowl","floor":12},{"not_picked":["LaLuna","ShyLook"],"picked":"UniverseFragment","floor":12},{"not_picked":["Searing Blow+1","AT_IchimonjiDouble+1","Massacre+1"],"picked":"SKIP","floor":12},{"not_picked":["MHz","CherryBlossoms"],"picked":"OSAHOGD","floor":14},{"not_picked":["Bomb","Carnage+1"],"picked":"Limit Break","floor":14},{"not_picked":["MeatLantern","LaLuna","CrumblingArmor"],"picked":"Singing Bowl","floor":16},{"not_picked":["Fiend Fire+1","Reaper+1"],"picked":"Hemogenesis+1","floor":16},{"not_picked":["Scorched","QueenOfHatred","MHz"],"picked":"Singing Bowl","floor":19},{"not_picked":["Clash+1","Burning Pact","Reckless Charge+1"],"picked":"SKIP","floor":19},{"not_picked":["Scarecrow","SpiderBud","FieryBird"],"picked":"Singing Bowl","floor":22},{"not_picked":["Body Slam+1","Iron Wave+1"],"picked":"Twin Strike+1","floor":22},{"not_picked":["DreamingCurrent","SpiderBud","Bloodbath"],"picked":"Singing Bowl","floor":24},{"not_picked":["REME_FearOfPain+1","Havoc+1"],"picked":"Hemokinesis+1","floor":24},{"not_picked":["Scorched","Alriune","CrumblingArmor"],"picked":"Singing Bowl","floor":25},{"not_picked":["Pommel Strike+1","Wild Strike+1"],"picked":"Infernal Blade+1","floor":25},{"not_picked":["Variant","VoidDream","MHz"],"picked":"Singing Bowl","floor":28},{"not_picked":["Armaments","Warcry","REME_SingleHolding"],"picked":"SKIP","floor":28},{"not_picked":["CrumblingArmor","Laetitia","OldLady"],"picked":"Singing Bowl","floor":31},{"not_picked":["Infernal Blade","Twin Strike+1"],"picked":"AT_CaressingTears","floor":31},{"not_picked":["DespairKnight","Rudolta","CrumblingArmor"],"picked":"Singing Bowl","floor":33},{"not_picked":["BlackArmy","HappyTeddy"],"picked":"CENSORED","floor":33},{"not_picked":["SilentOrchestra","BlackSwan","DespairKnight"],"picked":"Singing Bowl","floor":35},{"not_picked":["Wild Strike+1","Twin Strike+1","Searing Blow+1"],"picked":"SKIP","floor":35},{"not_picked":["HeroicMonk","NothingThere","MeatLantern"],"picked":"Singing Bowl","floor":36},{"not_picked":["BlackSwan","BodiesMountain"],"picked":"BlackArmy","floor":36},{"not_picked":["AT_BodySlamDance","Sever Soul+1","Havoc+1"],"picked":"SKIP","floor":36},{"not_picked":["AT_BodySlamDance+1","Headbutt+1"],"picked":"Twin Strike+1","floor":38},{"not_picked":["SingingMachine","RedShoes","GalaxyChild"],"picked":"Singing Bowl","floor":44},{"not_picked":["AT_BodySlamDance+1","Body Slam+1","Ghostly Armor+1"],"picked":"SKIP","floor":44},{"not_picked":["LaLuna","SpiderBud","DespairKnight"],"picked":"Singing Bowl","floor":46},{"not_picked":["Twin Strike+1","Flex+1"],"picked":"Juggernaut","floor":46},{"not_picked":["BigBadWolf","Woodsman","MeltingLove"],"picked":"Singing Bowl","floor":48},{"not_picked":["Reckless Charge+1","Immolate+1","Heavy Blade+1"],"picked":"SKIP","floor":48},{"not_picked":["QueenOfHatred","SnowQueen","SilentOrchestra"],"picked":"Singing Bowl","floor":55},{"not_picked":["Searing Blow+1","Disarm"],"picked":"Rupture","floor":55}],"player_experience":461269,"relics_obtained":[{"floor":1,"key":"LetterFromLob"},{"floor":6,"key":"aspiration:HiddenCompartment"},{"floor":9,"key":"AT_BladeRuinedKing"},{"floor":12,"key":"Molten Egg 2"},{"floor":14,"key":"SharpPlug"},{"floor":24,"key":"aspiration:Stabinomicon"},{"floor":31,"key":"LetterFromLob"},{"floor":35,"key":"AtMidnight"},{"floor":38,"key":"REME_HourglassOfDeath"},{"floor":43,"key":"reliquary:FerryPass"},{"floor":55,"key":"Replay:Mystery Machine"}],"event_choices":[{"damage_healed":0,"gold_gain":67,"player_choice":"Gained Gold","damage_taken":0,"max_hp_gain":0,"max_hp_loss":0,"event_name":"Golden Wing","floor":4,"gold_loss":0},{"damage_healed":0,"gold_gain":0,"player_choice":"Traded Relic","damage_taken":0,"relics_obtained":["Nloth\u0027s Gift"],"max_hp_gain":0,"max_hp_loss":0,"event_name":"N\u0027loth","floor":29,"relics_lost":["LetterFromLob"],"gold_loss":0},{"damage_healed":0,"gold_gain":0,"player_choice":"Paid","damage_taken":0,"relics_obtained":["Red Mask"],"max_hp_gain":0,"max_hp_loss":0,"event_name":"Tomb of Lord Red Mask","floor":39,"gold_loss":22},{"damage_healed":0,"gold_gain":0,"player_choice":"Memory 1","damage_taken":0,"max_hp_gain":0,"max_hp_loss":0,"event_name":"SensoryStone","floor":41,"gold_loss":0}],"is_beta":false,"boss_relics":[{"not_picked":["Electric Blood","Fusion Hammer"],"picked":"Runic Cube"},{"not_picked":[]},{"not_picked":["Runic Dome","Runic Pyramid"],"picked":"SlaversCollar"},{"not_picked":[]}],"items_purged_floors":[37],"is_endless":false,"potions_floor_spawned":[2,3,10,12,16,22,25,31,48,55],"ascension_level":0}}