{"host":"4c7m9tuvqombcnjj","time":1614134259,"event":{"mods":["100% Spire Juice","ATMod(°¢èªMod)","Act Like it!","Aspiration","Astrologer","BaseMod","Chen","Conspire","Dota2Spire","Downfall","Gensokyo","GungeonMod","Hallownest","HololiveMod","Jedi Mod","Jorbs\u0027s Wanderer Trilogy","Koishi","KomeijiMod","Lobotomy","LobotomyExtend","Marisa£¨ìFÓê¡¡Ä§ÀíÉ³£©","Minty Spire (QoL Compilation)","MostiFishMod","Quarter Circle Forward PUNCH!","Reimu£¨²©ÀöÁéÃÎ£©","Reliquary","Remilia£¨ÀÙÃ×ÀòÑÇ£©","Replay The Spire","RumiaBox-Â¶Ã×æ«µÄÉñÃØºÐ×Ó","Smile Girya","StSLib","TestMod","The Animator","The Bug Knight","The Construct","The Cursed","The Hierophant","The Jungle","The Runesmith","Youmu£¨»êÆÇÑýÃÎ£©","Yuri Mod","Yuyuko","[IsaacMod]ÒÔÈö¼âËþ","¡¾¹¦ÄÜMod¡¿»ìãçÖ®»·ÐÞ¸´²¹¶¡","¡¾ÒÅÎï¿¨ÅÆ¡¿REMEMod"],"gold_per_floor":[516,516,527,56,72,106,106,167,236,254,286,313,327,345,345,444,444,470,287,105,117,132,132,198,198,278,337,252,252,308,369,440,482,482,503,343,366,440,248,248,314,342,410,451,451,451,451,499,499,426,426,447],"floor_reached":53,"language":"ZHS","playtime":3602,"items_purged":[],"score":1224,"play_id":"cc4cad5c-8c23-42dc-a85a-14b76ca5311c","local_time":"20210224103739","is_ascension_mode":false,"campfire_choices":[{"floor":15,"key":"RECALL"},{"data":"YinYangSange:ReiMu","floor":23,"key":"SMITH"},{"data":"KamiRite:ReiMu","floor":40,"key":"SMITH"},{"floor":51,"key":"DIG"}],"circlet_count":0,"master_deck":["Strike_Lin:ReiMu","Strike_Lin:ReiMu","Strike_Lin:ReiMu","Strike_Lin:ReiMu","Defend_Lin:ReiMu","Defend_Lin:ReiMu","Defend_Lin:ReiMu","Defend_Lin:ReiMu","NB:ReiMu","Stagnation:ReiMu","BloodyBrimstone","AT_ShadowStep","Koishi:Bloodlust","Enchanting:ReiMu","Dreaming2:ReiMu","Gensokyo:GapWoman","YinYangSange:ReiMu+1","SpringWay:ReiMu","AlertArray:ReiMu","Enchanting:ReiMu","SafetyPray:ReiMu","AirManeuver:ReiMu+1","SpringWay:ReiMu","DependentForm:ReiMu","RunawayExorcism:ReiMu","SubcavityInstant:ReiMu","NineCharacters:ReiMu","MikOfLucky:ReiMu","Amulet:ReiMu","CareerPray:ReiMu","FoulBorder2:ReiMu+1","KamiRite:ReiMu+1","OrbThrow:ReiMu","WonderfulDomain:ReiMu","PrayRite:ReiMu+1","SpiritualOutbreak2:ReiMu+1","CareerPray:ReiMu","KamiRite:ReiMu","SubcavityFantasy:ReiMu","Dreaming:ReiMu","KyokaiOfKami:ReiMu+1","SubAcupoint:ReiMu+1","WonderfulDomain:ReiMu+1","Amulet:ReiMu+1","KamiRite:ReiMu","Dreaming2:ReiMu","SubcavityInstant:ReiMu","PayForSelf:ReiMu","Regret","Mountainwind:ReiMu","Mountainwind:ReiMu+1"],"relics":["FlyPower:ReiMu","HushsDoor","REME_ComplimentaryCards","DaveBox","testmod-TestBox","AT_ATBox","testmod-RealStoneCalender","Civilization","GuppysTail","SynthV:TestCard","Dota2Spire:AghanimScepter","HandDrill","SalivaCoin","Gensokyo:Justice","Replay:Towering Pillar of Hats","CombinedTypeHook","MagicMushroom","Membership Card","BionicSphere","Baka2","REME_ArchaeologicalTools","conspire:BottledYoYo","testmod-Register","Potion Belt","qcfpunch:Wrestler\u0027s_Cloak","aspiration:HiddenCompartment","FeatherPendant","Guide Book","LastBattle","PreservedInsect","reliquary:BoilingFlask","jedi:shrinkray","Meat on the Bone","EdensBlessing","NitorisBag","reliquary:Aerogel"],"acts_visited":["Gensokyo:Gensokyo","TheCity","Gensokyo:Gensokyoest"],"potions_floor_usage":[16,26,38,53,53,53],"damage_taken":[{"damage":1,"enemies":"Gensokyo:Gryphon","floor":1,"turns":4},{"damage":0,"enemies":"Gensokyo:2_Kodama","floor":3,"turns":4},{"damage":5,"enemies":"Gensokyo:3_Fairies","floor":5,"turns":2},{"damage":0,"enemies":"Gensokyo:Mamizou","floor":6,"turns":6},{"damage":0,"enemies":"Gensokyo:LivingMonolith","floor":10,"turns":2},{"damage":3,"enemies":"Gensokyo:Aya","floor":11,"turns":4},{"damage":2,"enemies":"Gensokyo:2_Rabbits","floor":12,"turns":2},{"damage":0,"enemies":"Gensokyo:Python_and_Kodama","floor":13,"turns":2},{"damage":1,"enemies":"Gensokyo:3_Kodama","floor":14,"turns":2},{"damage":0,"enemies":"Gensokyo:Yukari","floor":16,"turns":4},{"damage":3,"enemies":"conspire:FuzzyDice","floor":18,"turns":3},{"damage":0,"enemies":"Spheric Guardian","floor":21,"turns":1},{"damage":0,"enemies":"Snake Plant","floor":22,"turns":3},{"damage":16,"enemies":"Shelled Parasite and Fungi","floor":24,"turns":2},{"damage":0,"enemies":"Centurion and Healer","floor":27,"turns":2},{"damage":0,"enemies":"Cultist and Chosen","floor":30,"turns":3},{"damage":0,"enemies":"REME_1_Revenger","floor":31,"turns":3},{"damage":0,"enemies":"Automaton","floor":33,"turns":5},{"damage":0,"enemies":"Gensokyo:3_Boulders","floor":35,"turns":2},{"damage":0,"enemies":"Gensokyo:3_Bats","floor":37,"turns":2},{"damage":1,"enemies":"Hiden Room Battle","floor":38,"turns":2},{"damage":4,"enemies":"Gensokyo:Marisa","floor":41,"turns":3},{"damage":0,"enemies":"Gensokyo:3_Boulders","floor":42,"turns":2},{"damage":2,"enemies":"Gensokyo:Rafflesia","floor":44,"turns":3},{"damage":0,"enemies":"Gensokyo:Kasen","floor":48,"turns":3},{"damage":0,"enemies":"Gensokyo:Yuyuko","floor":52,"turns":3},{"damage":6,"enemies":"Malkuth","floor":53,"turns":6},{"damage":5,"enemies":"Netzach","floor":53,"turns":2},{"damage":41,"enemies":"Geburah","floor":53,"turns":6},{"damage":48,"enemies":"Binah","floor":53,"turns":9},{"damage":15,"enemies":"Angela","floor":53,"turns":3}],"seed_played":"-2323396690109005375","potions_obtained":[{"floor":1,"key":"BlessingOfTheForge"},{"floor":6,"key":"Fire Potion"},{"floor":11,"key":"bronze:BurnAndBuffPotion"},{"floor":18,"key":"Fire Potion"},{"floor":22,"key":"testmod-SpacePotion"},{"floor":27,"key":"Explosive Potion"},{"floor":31,"key":"Dota2Spire:HealingSalve"},{"floor":32,"key":"PowerPotion"},{"floor":37,"key":"Dota2Spire:HealingSalve"},{"floor":38,"key":"Regen Potion"},{"floor":48,"key":"PinkPotion:ReiMu"}],"is_trial":false,"path_per_floor":["M","?","M","COS","M","E","?","?","T","M","E","M","M","M","R","B",null,"M","$","$","M","M","R","M","?","T","M","$","?","M","E","R","B",null,"M","COS","M","?","$","R","E","M","T","M","?","PTL","PTL","E","?","$","R","B",null],"character_chosen":"REIMU","items_purchased":["RunawayExorcism:ReiMu","Membership Card","NineCharacters:ReiMu","MikOfLucky:ReiMu","BionicSphere","testmod-Register","WonderfulDomain:ReiMu","Dreaming:ReiMu","KyokaiOfKami:ReiMu","KamiRite:ReiMu","reliquary:BoilingFlask","NitorisBag"],"campfire_rested":0,"item_purchase_floors":[17,19,19,20,20,28,28,34,34,39,39,50],"current_hp_per_floor":[130,104,104,104,99,99,99,84,84,84,81,79,79,78,78,78,172,169,169,169,169,187,187,187,187,187,193,193,193,199,204,204,206,198,203,203,208,198,198,198,209,215,215,219,222,222,222,227,227,227,227,235],"gold":791,"neow_bonus":"HUNDRED_GOLD","is_daily":false,"chose_seed":false,"campfire_upgraded":2,"win_rate":0.0,"timestamp":1614134259,"path_taken":["M","?","M","COS","M","E","?","?","T","M","E","M","M","?","R","BOSS","M","?","$","M","M","R","M","?","T","M","$","?","M","E","R","BOSS","M","COS","?","?","$","R","E","?","T","M","?","PTL","PTL","E","?","?","R","BOSS"],"items_purchased_type":["Card","Relic","Card","Card","Relic","Relic","Card","Card","Card","Card","Relic","Relic"],"build_version":"2020-12-22","purchased_purges":0,"victory":true,"max_hp_per_floor":[132,132,135,135,135,139,139,139,139,144,149,154,159,164,164,169,172,177,177,177,182,187,187,192,192,192,197,197,197,199,204,204,206,198,203,203,208,213,213,213,218,217,217,222,222,222,222,227,227,227,227,235],"card_choices":[{"not_picked":[],"picked":"BloodyBrimstone","floor":0},{"not_picked":["SealNeedle:ReiMu","DoubleButterfly:ReiMu"],"picked":"Enchanting:ReiMu","floor":1},{"not_picked":["FantasyBorder:ReiMu","SafetyPray:ReiMu","TightArray:ReiMu","OrbThrow:ReiMu"],"picked":"Dreaming2:ReiMu","floor":3},{"not_picked":["CollectionFlower2:ReiMu","SafetyPray:ReiMu","FantasyBorder:ReiMu","Conquer:ReiMu"],"picked":"YinYangSange:ReiMu","floor":5},{"not_picked":["CeremonyResonance:ReiMu","RainPray2:ReiMu","Revelation:ReiMu","SafetyPray:ReiMu"],"picked":"SpringWay:ReiMu","floor":6},{"not_picked":["SpreadBorder2:ReiMu","Conquer:ReiMu","FineLineFantasy:ReiMu","YinYangSign:ReiMu"],"picked":"AlertArray:ReiMu","floor":10},{"not_picked":["AlertArray:ReiMu","Meditation:ReiMu","EmergencyTakeOff:ReiMu","Gathering:ReiMu"],"picked":"Enchanting:ReiMu","floor":11},{"not_picked":["Meditation:ReiMu","FoulBorder2:ReiMu","UpKicking:ReiMu","BarrageOfMoneybags:ReiMu"],"picked":"SafetyPray:ReiMu","floor":12},{"not_picked":["Mountainwind:ReiMu","Amulet:ReiMu","SpreadBorder2:ReiMu","EmergencyTakeOff:ReiMu"],"picked":"AirManeuver:ReiMu","floor":13},{"not_picked":["KamiSacrifice:ReiMu","EmergencyTakeOff:ReiMu","ForcedLanding:ReiMu","PhosphorusFlame:ReiMu"],"picked":"SpringWay:ReiMu","floor":14},{"not_picked":["RunawayExorcism:ReiMu","HakureiPhantom:ReiMu","Free:ReiMu","KamiRite:ReiMu"],"picked":"DependentForm:ReiMu","floor":16},{"not_picked":["OrbThrow:ReiMu","EmergencyTakeOff:ReiMu","SealNeedle:ReiMu","BarrageOfMoneybags:ReiMu+1"],"picked":"SubcavityInstant:ReiMu","floor":18},{"not_picked":["Enchanting:ReiMu","CollectionFlower2:ReiMu","YinYangSign:ReiMu+1","Conquer:ReiMu+1"],"picked":"Amulet:ReiMu","floor":21},{"not_picked":["AirStrike:ReiMu","CeremonyResonance:ReiMu","SubcavityInstant:ReiMu","EmergencyTakeOff:ReiMu"],"picked":"CareerPray:ReiMu","floor":22},{"not_picked":["SafetyPray:ReiMu+1","Enchanting:ReiMu","Amulet:ReiMu","ManaGlint:ReiMu"],"picked":"FoulBorder2:ReiMu+1","floor":24},{"not_picked":["SpringWay:ReiMu","NineCharacters:ReiMu","Intuition:ReiMu","OctopathSalyBorderN:ReiMu"],"picked":"OrbThrow:ReiMu","floor":27},{"not_picked":["AirStrike:ReiMu+1","Enchanting:ReiMu","ShadowOfCrow2:ReiMu","RainPray2:ReiMu+1"],"picked":"PrayRite:ReiMu","floor":30},{"not_picked":["EmergencyTakeOff:ReiMu","SubAcupoint:ReiMu","OrbThrow:ReiMu","Amulet:ReiMu"],"picked":"SpiritualOutbreak2:ReiMu+1","floor":31},{"not_picked":["UpKicking:ReiMu","OrbThrow:ReiMu","Meditation:ReiMu","Conquer:ReiMu+1"],"picked":"CareerPray:ReiMu","floor":32},{"not_picked":["WonderfulDomain:ReiMu","AirStrike:ReiMu","PrepareRite:ReiMu+1","OrbThrow:ReiMu"],"picked":"KamiRite:ReiMu","floor":32},{"not_picked":["RunawayExorcism:ReiMu","DependentForm:ReiMu","CeremonyResonance:ReiMu","CleanRite:ReiMu"],"picked":"SubcavityFantasy:ReiMu","floor":33},{"not_picked":["Meditation:ReiMu+1","OrbThrow:ReiMu","Enchanting:ReiMu","Amulet:ReiMu"],"picked":"SubAcupoint:ReiMu+1","floor":35},{"not_picked":["Enchanting:ReiMu","KamiSacrifice:ReiMu+1","OrbThrow:ReiMu","Meditation:ReiMu"],"picked":"WonderfulDomain:ReiMu+1","floor":37},{"not_picked":["Revelation:ReiMu","SubAcupoint:ReiMu+1","SubcavityInstant:ReiMu","CollectionFlower2:ReiMu"],"picked":"Amulet:ReiMu+1","floor":38},{"not_picked":["Enchanting:ReiMu","Mountainwind:ReiMu","Amulet:ReiMu+1","SpringWay:ReiMu"],"picked":"Dreaming2:ReiMu","floor":41},{"not_picked":["FantasyMoon:ReiMu","EmergencyTakeOff:ReiMu","CollectionFlower2:ReiMu+1","Conquer:ReiMu"],"picked":"SubcavityInstant:ReiMu","floor":42},{"not_picked":["DoubleButterfly:ReiMu+1","ForcedLanding:ReiMu","Determination:ReiMu","MountainWay:ReiMu+1"],"picked":"PayForSelf:ReiMu","floor":44},{"not_picked":["Conquer:ReiMu","PassingAway:ReiMu","FantasyMoon:ReiMu","Amulet:ReiMu+1"],"picked":"Mountainwind:ReiMu","floor":48}],"player_experience":93140,"relics_obtained":[{"floor":1,"key":"SynthV:TestCard"},{"floor":1,"key":"Baka"},{"floor":6,"key":"SalivaCoin"},{"floor":11,"key":"Replay:Towering Pillar of Hats"},{"floor":21,"key":"Baka2"},{"floor":26,"key":"REME_ArchaeologicalTools"},{"floor":27,"key":"conspire:BottledYoYo"},{"floor":29,"key":"Potion Belt"},{"floor":31,"key":"qcfpunch:Wrestler\u0027s_Cloak"},{"floor":32,"key":"aspiration:HiddenCompartment"},{"floor":38,"key":"LastBattle"},{"floor":38,"key":"PreservedInsect"},{"floor":41,"key":"jedi:shrinkray"},{"floor":43,"key":"Meat on the Bone"},{"floor":48,"key":"EdensBlessing"},{"floor":51,"key":"reliquary:Aerogel"}],"event_choices":[{"damage_healed":0,"gold_gain":0,"player_choice":"Read","damage_taken":0,"max_hp_gain":0,"max_hp_loss":0,"event_name":"The Library","floor":25,"gold_loss":0,"cards_obtained":["KamiRite:ReiMu"]},{"damage_healed":0,"gold_gain":0,"player_choice":"Fight","damage_taken":0,"max_hp_gain":0,"max_hp_loss":0,"event_name":"HidenRoomEvent","floor":38,"gold_loss":0}],"is_beta":false,"boss_relics":[{"not_picked":["Kintsugi","testmod-BloodSacrificeSpiritualization"],"picked":"MagicMushroom"},{"not_picked":[]},{"not_picked":["BloodWine","ExusiaiGun"],"picked":"FeatherPendant"},{"not_picked":[]}],"items_purged_floors":[],"is_endless":false,"potions_floor_spawned":[1,6,11,14,18,22,27,31,37,38,48],"ascension_level":0}}