{"host":"c9ttvwlbe8exn2np","time":1614177054,"event":{"mods":["BaseMod","Library of Ruina","Library of Ruina Extra","Minty Spire (QoL Compilation)","Quick Restart","StSLib","SuperFastMode"],"gold_per_floor":[17,33,49,59,70,102,102,127,174,174,174,187,204,379,379,379,379],"floor_reached":16,"language":"KOR","playtime":588,"items_purged":[],"score":139,"play_id":"72ada913-5b82-43c4-bd90-1b516a0604b4","local_time":"20210224233054","is_ascension_mode":false,"campfire_choices":[{"data":"CrackOfDawn","floor":7.0,"key":"SMITH"},{"data":"CoordinatedAssault","floor":10.0,"key":"SMITH"},{"data":"Dodge","floor":15.0,"key":"SMITH"}],"circlet_count":0,"master_deck":["Dodge+1","LightDefense","LightAttack","LightAttack","LightAttack","LightDefense","LightDefense","LightDefense","ChargeAndCover","FocusedStrikes","CrackOfDawn+1","LoosenUp","BayonetCombat","Leap_lor","ClassAndRespect","Rewind","HardRehearsal","CoordinatedAssault+1","Regret","SteelKnuckles","Doubt"],"relics":["PageOfLibrarian","MealTicket","Dream Catcher","PageOfSnowWhitesApple","PageOfGreed"],"acts_visited":["Exordium"],"potions_floor_usage":[16],"damage_taken":[{"damage":0.0,"enemies":"Cultist","floor":1.0,"turns":3.0},{"damage":0.0,"enemies":"Jaw Worm","floor":2.0,"turns":2.0},{"damage":0.0,"enemies":"2 Louse","floor":3.0,"turns":2.0},{"damage":7.0,"enemies":"Large Slime","floor":4.0,"turns":4.0},{"damage":3.0,"enemies":"Blue Slaver","floor":5.0,"turns":3.0},{"damage":16.0,"enemies":"Gremlin Nob","floor":6.0,"turns":5.0},{"damage":9.0,"enemies":"Lagavulin","floor":8.0,"turns":7.0},{"damage":0.0,"enemies":"2 Fungi Beasts","floor":12.0,"turns":2.0},{"damage":5.0,"enemies":"Red Slaver","floor":13.0,"turns":2.0},{"damage":25,"enemies":"The Guardian","floor":16,"turns":4}],"seed_played":"-4111717688308701516","potions_obtained":[{"floor":1.0,"key":"PowerPotion"},{"floor":4.0,"key":"Strength Potion"},{"floor":5.0,"key":"PowerPotion"},{"floor":12.0,"key":"Weak Potion"}],"is_trial":false,"path_per_floor":["M","M","M","M","M","E","R","E","T","R","?","M","M","?","R","B"],"character_chosen":"Librarian","items_purchased":[],"campfire_rested":0,"item_purchase_floors":[],"current_hp_per_floor":[60,60,60,53,50,34,34,25,25,25,25,27,22,22,22,0,0],"gold":379,"neow_bonus":"THREE_RARE_CARDS","is_daily":false,"chose_seed":false,"campfire_upgraded":3,"win_rate":0.0,"timestamp":1614177054,"path_taken":["M","M","M","M","?","E","R","E","T","R","?","M","M","?","R","BOSS"],"items_purchased_type":[],"build_version":"2020-12-22","purchased_purges":0,"victory":false,"max_hp_per_floor":[84,68,70,70,65,63,84,85,85,85,85,77,67,67,84,84,84],"card_choices":[{"not_picked":["ScratchThat","FleshFillet"],"picked":"CrackOfDawn","floor":0.0},{"not_picked":["ToOvercomeCrisis","CookingPrep","FleetEdge","FierceCharge","StructuralAnalysis","GreatSerpentsImpact","AsThePrescriptOrders","SnakeSlit"],"picked":"LoosenUp","floor":1.0},{"not_picked":["SunsetBlade","SharpSwipe","Eliminate","GuidanceOfTheGears","FeelinGood","IdentifyWeakpoint","Faith","FlyingSword"],"picked":"BayonetCombat","floor":2.0},{"not_picked":["QuickAttack","WillOfThePrescript","ConcentratedFire","Standoff","FieryWaltz","TraceOfFumes","HeavyPeaks","PreparedMind"],"picked":"Leap_lor","floor":3.0},{"not_picked":["AssaultOrder","GuardingStance","BackAttack","Multislash","ViolentFlame","UnavoidableGaze","Reload","TendonChords"],"picked":"ClassAndRespect","floor":4.0},{"not_picked":["TrimTheIngredients","CoordinatedAssault","SilentMist","UpbeatPerformance","UnavoidableGaze","SuppressingShot","EnergyConversion","SinglePointStab"],"picked":"Rewind","floor":5.0},{"not_picked":["SweepTheBackstreets","FeatherShield","Wallop_lor","BackAttack","ScatteringSlash","Pound","ProselytesBlade","TimeForALittleTest"],"picked":"HardRehearsal","floor":6.0},{"not_picked":["UpbeatPerformance","DesperateStruggle","FaintMemories","WillOfThePrescript","Quickness","StrikeDown","BiteOff","GreatSerpentsImpact"],"picked":"CoordinatedAssault","floor":8.0},{"not_picked":["YoureAHindrance","BurningFlash","Outburst","Track","ShrineToMusic","CookingPrep","SunsetBlade","Gamble"],"picked":"SteelKnuckles","floor":12.0},{"not_picked":["SnakeSlit","Overpower","GuardingStance","Pound","StrikeDown","Bvapour","ViolentFlame","AssaultOrder","SharpSwipe"],"picked":"SKIP","floor":13.0}],"player_experience":554206,"relics_obtained":[{"floor":6.0,"key":"MealTicket"},{"floor":8.0,"key":"Dream Catcher"},{"floor":9.0,"key":"PageOfSnowWhitesApple"}],"event_choices":[{"damage_healed":0.0,"max_hp_gain":0.0,"max_hp_loss":0.0,"gold_gain":0.0,"event_name":"Big Fish","player_choice":"Box","floor":11.0,"gold_loss":0.0,"damage_taken":0.0,"relics_obtained":["PageOfGreed"],"cards_obtained":["Regret"]},{"damage_healed":0.0,"max_hp_gain":0.0,"max_hp_loss":0.0,"gold_gain":175.0,"event_name":"Liars Game","player_choice":"AGREE","floor":14.0,"gold_loss":0.0,"damage_taken":0.0,"cards_obtained":["Doubt"]}],"is_beta":false,"boss_relics":[],"items_purged_floors":[],"is_endless":false,"potions_floor_spawned":[1,4,5,12],"killed_by":"The Guardian","ascension_level":0}}