{"host":"on8rz1ayhhz269sg","time":1614146518,"event":{"mods":["BaseMod","Downfall","Minty Spire (QoL Compilation)","Remilia（蕾米莉亚）","StSLib","[GremlinLeader]The Maniac","残留之物"],"gold_per_floor":[10,10,24,24,39,80,98,98,98,113,146,17,72,112,112,268,268,293,293,146,146,167,236,236,255,303,346,359,359,425,425,425,556,556,572,572,587,607,607,607,366,435,435,435,470,488,173,191,191,191],"floor_reached":51,"language":"ZHS","playtime":3459,"items_purged":[],"score":1081,"play_id":"c7fc7632-f5fd-4faf-a9ad-6685b5d6e171","local_time":"20210224140158","is_ascension_mode":true,"campfire_choices":[{"data":"EternalNight","floor":8.0,"key":"SMITH"},{"floor":15.0,"key":"REST"},{"data":"Stigmanizer","floor":29.0,"key":"SMITH"},{"floor":32.0,"key":"REST"},{"data":"BloodyHallows","floor":40,"key":"SMITH"},{"data":"BloodRain","floor":44,"key":"SMITH"},{"data":"Sadistic Nature","floor":49,"key":"SMITH"}],"circlet_count":0,"master_deck":["Strike_RM+1","Strike_RM","Strike_RM","Strike_RM","Defend_RM","Defend_RM","Defend_RM","RedMoon","ScarletShoot","MastersStateliness","Injury","Stigmanizer+1","EternalNight+1","MillenniumVampire","EndlessAdversity","FavorOfDestiny","NightDance","BloodRain+1","BombardNight","MiserableFate","CeilingFear+1","UnstableMagic","UnstableMagic+1","ScarletImprint+1","downfall:Icky","NightDance+1","maniac:Torture","DiffusionOfMisfortune+1","BloodyHallows+1","MastersStateliness+1","ScarletCoffin","FitfulNightmare+1","CurseOfTheBell","CurseOfTheBell","DiffusionOfMisfortune+1","AfternoonTea+1","Stigmanizer+1","downfall:Haunted","NightDance+1","VampirishNight","Sadistic Nature+1","EndlessAdversity+1"],"relics":["ScarletHat","Du-Vu Doll","Golden Idol","Gremlin Horn","White Beast Statue","Question Card","Sundial","Cursed Key","MutagenicStrength","PlaceholderMod:DeVermisMysteriis","Ancient Tea Set","Torii","Happy Flower","Whetstone","Enchiridion","SlaversCollar","downfall:ExtraCursedBell","Anchor","Eternal Feather","Thread and Needle","Molten Egg 2","Pen Nib","Meat on the Bone","Gambling Chip","Vajra"],"acts_visited":["Exordium","TheCity","TheBeyond"],"potions_floor_usage":[37,42,45],"damage_taken":[{"damage":0.0,"enemies":"Small Slimes","floor":1.0,"turns":3.0},{"damage":0.0,"enemies":"Jaw Worm","floor":3.0,"turns":4.0},{"damage":0.0,"enemies":"2 Louse","floor":5.0,"turns":3.0},{"damage":9.0,"enemies":"Gremlin Nob","floor":6.0,"turns":5.0},{"damage":0.0,"enemies":"Blue Slaver","floor":7.0,"turns":4.0},{"damage":3.0,"enemies":"Looter","floor":10.0,"turns":2.0},{"damage":21.0,"enemies":"Lagavulin","floor":11.0,"turns":6.0},{"damage":0.0,"enemies":"3 Sentries","floor":14.0,"turns":3.0},{"damage":36.0,"enemies":"Hexaghost","floor":16.0,"turns":6.0},{"damage":0.0,"enemies":"Chosen","floor":18.0,"turns":2.0},{"damage":0.0,"enemies":"Spheric Guardian","floor":22.0,"turns":1.0},{"damage":0.0,"enemies":"Slavers","floor":23.0,"turns":4.0},{"damage":1.0,"enemies":"Cultist and Chosen","floor":25.0,"turns":4.0},{"damage":1.0,"enemies":"3 Cultists","floor":27.0,"turns":4.0},{"damage":0.0,"enemies":"Snecko","floor":28.0,"turns":2.0},{"damage":1.0,"enemies":"Gremlin Leader","floor":30.0,"turns":4.0},{"damage":40.0,"enemies":"Collector","floor":33.0,"turns":4.0},{"damage":0.0,"enemies":"Orb Walker","floor":35.0,"turns":3.0},{"damage":9,"enemies":"3 Darklings","floor":37,"turns":4},{"damage":0,"enemies":"Maw","floor":38,"turns":4},{"damage":8,"enemies":"Nemesis","floor":42,"turns":3},{"damage":0,"enemies":"Giant Head","floor":45,"turns":4},{"damage":0,"enemies":"Spire Growth","floor":46,"turns":2},{"damage":0,"enemies":"4 Shapes","floor":48,"turns":2},{"damage":9,"enemies":"Donu and Deca","floor":50,"turns":3}],"seed_played":"-4417873541477284893","potions_obtained":[{"floor":5.0,"key":"SpeedPotion"},{"floor":10.0,"key":"Energy Potion"},{"floor":11.0,"key":"bronze:BurnAndBuffPotion"},{"floor":14.0,"key":"EntropicBrew"},{"floor":16.0,"key":"Block Potion"},{"floor":18.0,"key":"Fire Potion"},{"floor":23.0,"key":"Block Potion"},{"floor":25.0,"key":"Energy Potion"},{"floor":28.0,"key":"BlessingOfTheForge"},{"floor":33.0,"key":"Dexterity Potion"},{"floor":35.0,"key":"DistilledChaos"},{"floor":37,"key":"Block Potion"},{"floor":38,"key":"DistilledChaos"},{"floor":42,"key":"PowerPotion"},{"floor":45,"key":"EntropicBrew"},{"floor":46,"key":"SkillPotion"}],"is_trial":false,"path_per_floor":["M","?","M","?","M","E","M","R","T","M","E","$","?","E","R","B",null,"M","?","$","?","M","E","T","M","T","M","M","R","E","?","R","B",null,"M","?","M","M","?","R","$","E","T","R","E","M","$","M","R","B",null],"character_chosen":"REMILIA","items_purchased":["BloodRain","BombardNight","PlaceholderMod:DeVermisMysteriis","Molten Egg 2","Vajra","Sadistic Nature"],"campfire_rested":2,"item_purchase_floors":[12,12,20,41,47,47],"current_hp_per_floor":[75,75,75,75,75,68,70,70,70,71,57,57,57,57,75,45,75,75,75,75,75,75,75,75,75,75,75,75,75,74,58,75,49,75,75,75,69,75,75,75,75,67,67,75,75,75,75,75,75,75],"gold":191,"neow_bonus":"ONE_RARE_RELIC","is_daily":false,"chose_seed":false,"campfire_upgraded":5,"win_rate":0.0,"timestamp":1614146518,"path_taken":["M","?","M","?","M","E","?","R","T","M","E","$","?","E","R","BOSS","M","?","$","?","?","E","?","M","T","M","M","R","E","?","R","BOSS","M","?","M","M","?","R","?","E","T","R","E","M","$","M","R","BOSS"],"items_purchased_type":["Card","Card","Relic","Relic","Relic","Card"],"build_version":"2020-12-22","purchased_purges":0,"victory":true,"max_hp_per_floor":[75,75,75,75,75,75,75,75,75,75,75,75,75,75,75,75,75,75,75,75,75,75,75,75,75,75,75,75,75,75,75,75,75,75,75,75,75,75,75,75,75,75,75,75,75,75,75,75,75,75],"card_choices":[{"not_picked":["ScarletDevil","ScarletNetherworld"],"picked":"MastersStateliness","floor":1.0},{"not_picked":["ChainGang","MastersStateliness"],"picked":"Stigmanizer","floor":3.0},{"not_picked":["BloodHunter","BlasphemousPunishment"],"picked":"EternalNight","floor":5.0},{"not_picked":["UnderTheZenith","Stigmanizer"],"picked":"MillenniumVampire","floor":6.0},{"not_picked":["BombardNight","EmergencyRegeneration"],"picked":"EndlessAdversity","floor":7.0},{"not_picked":["BadLadyScramble","BlasphemousPunishment"],"picked":"FavorOfDestiny","floor":10.0},{"not_picked":["UnderTheZenith","UltimateOffering"],"picked":"NightDance","floor":11.0},{"not_picked":["Maim","ScarletImprint","BloodyTrap"],"picked":"MiserableFate","floor":14.0},{"not_picked":["BloodRain","BloodyHallows","BloodyCatastrophe"],"picked":"CeilingFear","floor":16.0},{"not_picked":["ScarletGensokyo","BlasphemousPunishment","ScarletImprint"],"picked":"UnstableMagic","floor":18.0},{"not_picked":["FavorOfDestiny+1","BloodHunter","RedNightlessCastle"],"picked":"UnstableMagic+1","floor":22.0},{"not_picked":["HunterOfTheNight","ForbiddenFruit","BloodRain"],"picked":"ScarletImprint+1","floor":23.0},{"not_picked":["DevilSight","StarOfDavid","ScarletImprint+1"],"picked":"NightDance+1","floor":25.0},{"not_picked":["BombardNight","VampireClaw","BlasphemousPunishment"],"picked":"DiffusionOfMisfortune","floor":27.0},{"not_picked":["NightDance","NightLord","DiffusionOfMisfortune"],"picked":"BloodyHallows","floor":28.0},{"not_picked":["BlasphemousPunishment","Stigmanizer+1","ScarletDevil"],"picked":"MastersStateliness+1","floor":30.0},{"not_picked":["TransientEternity","CeilingFear","TricksterDevil"],"picked":"ScarletCoffin","floor":33.0},{"not_picked":["RedRainbow","ScarletNetherworld","BombardNight"],"picked":"FitfulNightmare+1","floor":35.0},{"not_picked":["TwelveNightmare","ScarletDevil","BombardNight+1"],"picked":"DiffusionOfMisfortune+1","floor":37},{"not_picked":["MastersStateliness","UnderTheZenith","UnstableMagic+1"],"picked":"AfternoonTea+1","floor":38},{"not_picked":["BlasphemousPunishment","CurseOfVladTepes","ChaoticDestiny"],"picked":"Stigmanizer+1","floor":42},{"not_picked":["BloodHunter","ForbiddenFruit","ScarletImprint+1"],"picked":"NightDance+1","floor":45},{"not_picked":["Stigmanizer+1","Maim","StarOfDavid+1"],"picked":"VampirishNight","floor":46},{"not_picked":["Stigmanizer+1","RedRainbow+1","StarOfDavid+1"],"picked":"EndlessAdversity+1","floor":48}],"player_experience":239416,"relics_obtained":[{"floor":6.0,"key":"Gremlin Horn"},{"floor":9.0,"key":"White Beast Statue"},{"floor":11.0,"key":"Question Card"},{"floor":14.0,"key":"Sundial"},{"floor":23.0,"key":"Ancient Tea Set"},{"floor":24.0,"key":"Torii"},{"floor":26.0,"key":"Happy Flower"},{"floor":30.0,"key":"Whetstone"},{"floor":31.0,"key":"Enchiridion"},{"floor":36.0,"key":"Anchor"},{"floor":36.0,"key":"Eternal Feather"},{"floor":36.0,"key":"Thread and Needle"},{"floor":42,"key":"Pen Nib"},{"floor":43,"key":"Meat on the Bone"},{"floor":45,"key":"Gambling Chip"}],"event_choices":[{"damage_healed":0.0,"max_hp_gain":0.0,"max_hp_loss":0.0,"gold_gain":0.0,"event_name":"Golden Idol","player_choice":"Take Wound","floor":2.0,"gold_loss":0.0,"damage_taken":0.0,"relics_obtained":["Golden Idol"],"cards_obtained":["Injury"]},{"damage_healed":0.0,"max_hp_gain":0.0,"max_hp_loss":0.0,"gold_gain":0.0,"event_name":"Shining Light","player_choice":"Ignored","floor":4.0,"gold_loss":0.0,"damage_taken":0.0},{"damage_healed":0.0,"max_hp_gain":0.0,"max_hp_loss":0.0,"gold_gain":55.0,"event_name":"Golden Wing","player_choice":"Gained Gold","floor":13.0,"gold_loss":0.0,"damage_taken":0.0},{"damage_healed":0.0,"max_hp_gain":0.0,"max_hp_loss":0.0,"gold_gain":0.0,"event_name":"Drug Dealer","player_choice":"Inject Mutagens","floor":19.0,"gold_loss":0.0,"damage_taken":0.0,"relics_obtained":["MutagenicStrength"]},{"damage_healed":0.0,"max_hp_gain":0.0,"max_hp_loss":0.0,"gold_gain":0.0,"event_name":"Accursed Blacksmith","player_choice":"Forge","floor":21.0,"gold_loss":0.0,"damage_taken":0.0,"cards_upgraded":["CeilingFear"]},{"damage_healed":0.0,"max_hp_gain":0.0,"max_hp_loss":0.0,"gold_gain":0.0,"event_name":"Cursed Tome","player_choice":"Obtained Book","floor":31.0,"gold_loss":0.0,"damage_taken":16.0},{"cards_removed":["Defend_RM"],"damage_healed":0,"gold_gain":0,"player_choice":"Removed Skill","damage_taken":0,"max_hp_gain":0,"max_hp_loss":0,"event_name":"Falling","floor":39,"gold_loss":0}],"is_beta":false,"boss_relics":[{"not_picked":["Busted Crown","Astrolabe"],"picked":"Cursed Key"},{"not_picked":["Black Star","Runic Pyramid"],"picked":"SlaversCollar"}],"items_purged_floors":[],"is_endless":false,"potions_floor_spawned":[5,10,11,14,16,18,22,23,25,27,28,30,33,35,37,38,42,45,46,48],"ascension_level":1}}