{"host":"0mk07bycsqo1qk03","time":1614170814,"event":{"mods":["BaseMod","Downfall","Hermit","Hubris","Minty Spire (QoL Compilation)","Reliquary","Replay The Spire","Spicy Shops","StSLib","The Hierophant"],"gold_per_floor":[118,118,118,133,208,208,308,328,328,34,60,60,96,116,116,220,220,243,243,93,120,136,167,167,167,167,206,62,62,140,140,140,241,241,260,360,415,462,462,521,574,574,597,611,68,68,68,120,120,120],"floor_reached":51,"language":"ENG","playtime":2444,"items_purged":["ReplayTheSpireMod:Doomed"],"score":1131,"play_id":"9aabaa85-3ca9-41f1-8ac5-24c27be110c3","local_time":"20210224134654","is_ascension_mode":true,"campfire_choices":[{"data":"hierophant:RepressedViolence","floor":6,"key":"SMITH"},{"data":"hierophant:ChurchCoffers","floor":12,"key":"SMITH"},{"data":"hierophant:Punish","floor":15,"key":"SMITH"},{"data":"hierophant:Determination","floor":25,"key":"SMITH"},{"data":"hierophant:Strike_Hierophant","floor":29,"key":"SMITH"},{"data":"hierophant:Strike_Hierophant","floor":32,"key":"SMITH"},{"data":"hierophant:PassingBell","floor":42,"key":"SMITH"},{"data":"Looming Evil","floor":49,"key":"PURGE"}],"circlet_count":0,"master_deck":["hierophant:Strike_Hierophant","hierophant:Strike_Hierophant","hierophant:Strike_Hierophant","hierophant:Punish+1","hierophant:Defend_Hierophant","hierophant:Defend_Hierophant","hierophant:Defend_Hierophant","hierophant:Defend_Hierophant","hierophant:ChurchCoffers+1","hierophant:RepressedViolence+1","hierophant:MorningPrayer","CurseOfTheBell","CurseOfTheBell","hierophant:OrnateBuckler","hierophant:OrnateJavelin+1","hierophant:FieryStrike","hierophant:Determination+1","hierophant:HolyVerse+1","hierophant:RepressedViolence+1","hierophant:Smite","hierophant:Smite+1","hierophant:PristineSoul+1","hierophant:Anathema+1","hierophant:SecretStash+1","hierophant:PassingBell+1","hierophant:HolyVerse+1","Pot Of Greed","Pot Of Greed","Pot Of Greed","Madness","Madness"],"relics":["hierophant:PropheticMaskRelic","downfall:ExtraCursedBell","Replay:Mystery Machine","White Beast Statue","Durian","hubris:CrystalStatue","PreservedInsect","Simple Rune","hubris:ToyBattleship","Centennial Puzzle","hubris:ScarierMask","DollysMirror","Replay:Bottled Snecko","Pantograph","Counterbalance","reliquary:ExpiredCoupon","Quantum Egg","Ice Cream","reliquary:ThirdArm","Replay:Baseball","Peace Pipe","Grinning Jar","Guide Book","Torii","reliquary:SilkGlove"],"acts_visited":["Exordium","TheCity","TheBeyond"],"potions_floor_usage":[16,16,22,22,27,27,33,38,40,41,50,50],"damage_taken":[{"damage":1,"enemies":"Cultist","floor":1,"turns":3},{"damage":0,"enemies":"Small Slimes","floor":4,"turns":2},{"damage":0,"enemies":"Jaw Worm","floor":8,"turns":4},{"damage":0,"enemies":"Replay:BlueRogue","floor":13,"turns":4},{"damage":0,"enemies":"Exordium Wildlife","floor":14,"turns":5},{"damage":5,"enemies":"Hexaghost","floor":16,"turns":8},{"damage":9,"enemies":"Spheric Guardian","floor":18,"turns":5},{"damage":0,"enemies":"3 Byrds","floor":21,"turns":5},{"damage":0,"enemies":"Shelled Parasite and Fungi","floor":22,"turns":3},{"damage":1,"enemies":"Slavers","floor":23,"turns":2},{"damage":0,"enemies":"Gremlin Leader","floor":27,"turns":2},{"damage":21,"enemies":"Collector","floor":33,"turns":10},{"damage":0,"enemies":"3 Shapes","floor":35,"turns":3},{"damage":0,"enemies":"3 Darklings","floor":37,"turns":4},{"damage":10,"enemies":"Writhing Mass","floor":38,"turns":5},{"damage":26,"enemies":"Nemesis","floor":40,"turns":3},{"damage":22,"enemies":"Mind Bloom Boss Battle","floor":41,"turns":7},{"damage":14,"enemies":"Maw","floor":44,"turns":7},{"damage":11,"enemies":"Transient","floor":48,"turns":5},{"damage":25,"enemies":"Awakened One","floor":50,"turns":5}],"seed_played":"-2524157954448000333","potions_obtained":[{"floor":1,"key":"FearPotion"},{"floor":4,"key":"AttackPotion"},{"floor":8,"key":"Languid Potion"},{"floor":13,"key":"Death Potion"},{"floor":16,"key":"DuplicationPotion"},{"floor":18,"key":"SteroidPotion"},{"floor":22,"key":"FearPotion"},{"floor":23,"key":"LiquidMemories"},{"floor":27,"key":"AttackPotion"},{"floor":33,"key":"Strength Potion"},{"floor":35,"key":"Energy Potion"},{"floor":38,"key":"Death Potion"},{"floor":40,"key":"Doom Potion"},{"floor":41,"key":"Weak Potion"}],"is_trial":false,"path_per_floor":["M","?","?","M","?","R","?","M","T","$","T","R","E","M","R","B",null,"M","?","$","M","M","E","?","R","T","E","$","R","T","?","R","B",null,"M","?","M","M","?","E","?","R","T","M","$","?","$","M","R","B",null],"character_chosen":"HIEROPHANT","items_purchased":["PreservedInsect","Simple Rune","DollysMirror","reliquary:ExpiredCoupon","Guide Book","Torii","reliquary:SilkGlove"],"campfire_rested":0,"item_purchase_floors":[10,10,20,28,45,45,45],"current_hp_per_floor":[81,81,81,81,70,70,75,75,75,75,75,75,75,75,75,70,87,84,76,76,81,82,81,81,81,81,81,81,81,81,81,81,87,87,87,87,87,77,77,51,66,66,66,71,71,60,60,49,49,49],"gold":120,"neow_bonus":"TEN_PERCENT_HP_BONUS","is_daily":false,"chose_seed":false,"campfire_upgraded":7,"win_rate":0.0,"timestamp":1614170814,"path_taken":["M","?","?","?","?","R","?","?","T","?","?","R","E","M","R","BOSS","M","?","$","M","?","E","?","R","T","E","$","R","?","?","R","BOSS","M","?","M","?","?","E","?","R","T","M","$","?","$","M","R","BOSS"],"items_purchased_type":["Relic","Relic","Relic","Relic","Relic","Relic","Relic"],"build_version":"2020-12-22","purchased_purges":1,"victory":true,"max_hp_per_floor":[82,82,82,82,82,82,87,87,87,87,87,87,87,87,87,87,87,87,87,87,87,87,87,87,87,87,87,87,87,87,87,87,87,87,87,87,87,87,87,87,87,87,87,87,87,87,87,87,87,87],"card_choices":[{"not_picked":["hierophant:ConvertCurrency","hierophant:Charity","hierophant:Remorse"],"picked":"SKIP","floor":1},{"not_picked":["hierophant:ConvertCurrency","hierophant:Repentance"],"picked":"hierophant:MorningPrayer","floor":4},{"not_picked":["hierophant:PassingBell","hierophant:Zeal"],"picked":"hierophant:OrnateBuckler","floor":8},{"not_picked":["hierophant:RecallFunds","hierophant:Embezzle"],"picked":"hierophant:OrnateJavelin","floor":13},{"not_picked":["hierophant:SolarFlare","hierophant:Embezzle"],"picked":"hierophant:FieryStrike","floor":14},{"not_picked":["hierophant:MintersHammer","hierophant:Levitation"],"picked":"hierophant:Determination","floor":16},{"not_picked":["hierophant:AuricShield","hierophant:Zeal"],"picked":"hierophant:HolyVerse+1","floor":18},{"not_picked":["hierophant:HammerAndAnvil","hierophant:DisplayOfPower"],"picked":"hierophant:Smite","floor":21},{"not_picked":["hierophant:Dazzle+1","hierophant:CoinFling"],"picked":"hierophant:Smite+1","floor":22},{"not_picked":["hierophant:Blessing","hierophant:Purify","hierophant:FieryStrike"],"picked":"SKIP","floor":23},{"not_picked":["hierophant:Upheaval","hierophant:MirrorShield+1"],"picked":"hierophant:PristineSoul+1","floor":27},{"not_picked":["hierophant:Invocation","hierophant:MintersHammer"],"picked":"hierophant:Anathema","floor":33},{"not_picked":["hierophant:Purify","hierophant:AuricShield"],"picked":"hierophant:SecretStash+1","floor":35},{"not_picked":["hierophant:RustyCrate+1","hierophant:AuricBeam","hierophant:Blessing"],"picked":"SKIP","floor":37},{"not_picked":["hierophant:AuricBeam","hierophant:HammerAndAnvil"],"picked":"hierophant:PassingBell","floor":38},{"not_picked":["hierophant:Patience+1","hierophant:DisplayOfPower+1","hierophant:Cornucopia"],"picked":"SKIP","floor":40},{"not_picked":["hierophant:Exaltation+1","hierophant:Alms"],"picked":"hierophant:HolyVerse+1","floor":41},{"not_picked":["hierophant:Mercenaries","hierophant:RustyCrate","hierophant:FlamingChariot"],"picked":"SKIP","floor":44},{"not_picked":["hierophant:Remorse+1","hierophant:ThreeLashes","hierophant:DivineIntervention"],"picked":"SKIP","floor":48}],"player_experience":1066111,"relics_obtained":[{"floor":7,"key":"Replay:Mystery Machine"},{"floor":7,"key":"White Beast Statue"},{"floor":7,"key":"Durian"},{"floor":9,"key":"hubris:CrystalStatue"},{"floor":11,"key":"hubris:ToyBattleship"},{"floor":13,"key":"Centennial Puzzle"},{"floor":23,"key":"Replay:Bottled Snecko"},{"floor":26,"key":"Pantograph"},{"floor":27,"key":"Counterbalance"},{"floor":30,"key":"Quantum Egg"},{"floor":40,"key":"Replay:Baseball"},{"floor":41,"key":"Peace Pipe"},{"floor":43,"key":"Grinning Jar"}],"event_choices":[{"cards_removed":["hierophant:Strike_Hierophant"],"damage_healed":0,"gold_gain":0,"player_choice":"Offered Basic","damage_taken":0,"max_hp_gain":0,"max_hp_loss":0,"event_name":"Bonfire Elementals","floor":3,"gold_loss":0},{"damage_healed":0,"gold_gain":75,"player_choice":"Gather Gold","damage_taken":11,"max_hp_gain":0,"max_hp_loss":0,"event_name":"World of Goop","floor":5,"gold_loss":0},{"damage_healed":0,"gold_gain":0,"player_choice":"Damaged","damage_taken":8,"max_hp_gain":0,"max_hp_loss":0,"event_name":"Wheel of Change","floor":19,"gold_loss":0},{"damage_healed":0,"gold_gain":0,"player_choice":"Simplicity","damage_taken":0,"max_hp_gain":0,"max_hp_loss":0,"event_name":"Back to Basics","floor":24,"gold_loss":0,"cards_upgraded":["hierophant:Strike_Hierophant","hierophant:Strike_Hierophant","hierophant:Strike_Hierophant","hierophant:Defend_Hierophant","hierophant:Defend_Hierophant","hierophant:Defend_Hierophant","hierophant:Defend_Hierophant"]},{"damage_healed":0,"gold_gain":100,"player_choice":"Pray","damage_taken":0,"max_hp_gain":0,"max_hp_loss":0,"event_name":"Golden Shrine","floor":36,"gold_loss":0},{"damage_healed":0,"gold_gain":0,"player_choice":"Fight","damage_taken":0,"max_hp_gain":0,"max_hp_loss":0,"event_name":"MindBloom","floor":41,"gold_loss":0},{"damage_healed":0,"gold_gain":0,"player_choice":"Embrace Madness","damage_taken":11,"max_hp_gain":0,"max_hp_loss":0,"event_name":"Winding Halls","floor":46,"gold_loss":0,"cards_obtained":["Madness","Madness"]}],"is_beta":false,"boss_relics":[{"not_picked":["ReplayTheSpireMod:DimensionalGlitch","Runic Dome"],"picked":"hubris:ScarierMask"},{"not_picked":["reliquary:Craggleroot","Busted Crown"],"picked":"reliquary:ThirdArm"}],"items_purged_floors":[10],"is_endless":false,"potions_floor_spawned":[1,4,8,13,14,16,18,21,22,23,27,33,35,37,38,40,41,44,48],"ascension_level":1}}