{"host":"ELF","time":1614163157,"event":{"mods":["BaseMod","Bestiary","Minty Spire (QoL Compilation)","Relic Stats","Slay the Relics Exporter"],"gold_per_floor":[115,142,158,177,187,187,187,187,256,269,297,297,297,307,307,384,384,397,397,417,102,17,17,32,32,32],"floor_reached":25,"language":"ENG","playtime":1250,"items_purged":["Strike_B"],"score":406,"play_id":"9cb4e053-013b-4232-a234-6c7d730b5c9e","local_time":"20210224043917","is_ascension_mode":true,"campfire_choices":[{"data":"Zap","floor":6.0,"key":"SMITH"},{"data":"Go for the Eyes","floor":8.0,"key":"SMITH"},{"floor":13.0,"key":"REST"},{"data":"Rainbow","floor":15.0,"key":"SMITH"},{"data":"Glacier","floor":23,"key":"SMITH"}],"circlet_count":0,"master_deck":["AscendersBane","Strike_B","Defend_B","Defend_B","Defend_B","Zap+1","Dualcast","All For One+1","Melter+1","Loop+1","Go for the Eyes+1","Cold Snap","Beam Cell","Hologram","Go for the Eyes","Rainbow+1","Force Field","Steam","Core Surge","Reinforced Body","Biased Cognition","Cold Snap","Necronomicurse","Glacier+1","Gash","Cold Snap","Gash"],"relics":["Astrolabe","Blood Vial","Shuriken","Torii","MealTicket","Inserter","Necronomicon","Orichalcum","Calipers"],"acts_visited":["Exordium","TheCity"],"potions_floor_usage":[25],"damage_taken":[{"damage":1.0,"enemies":"Cultist","floor":1.0,"turns":3.0},{"damage":0.0,"enemies":"Small Slimes","floor":3.0,"turns":2.0},{"damage":4.0,"enemies":"2 Louse","floor":4.0,"turns":2.0},{"damage":2.0,"enemies":"2 Fungi Beasts","floor":5.0,"turns":3.0},{"damage":21.0,"enemies":"Lots of Slimes","floor":10.0,"turns":5.0},{"damage":22.0,"enemies":"Gremlin Nob","floor":11.0,"turns":4.0},{"damage":14.0,"enemies":"Looter","floor":14.0,"turns":3.0},{"damage":25.0,"enemies":"Slime Boss","floor":16.0,"turns":8.0},{"damage":10.0,"enemies":"Chosen","floor":18.0,"turns":6.0},{"damage":6,"enemies":"3 Byrds","floor":20,"turns":5},{"damage":12,"enemies":"Cultist and Chosen","floor":24,"turns":8},{"damage":32,"enemies":"Gremlin Leader","floor":25,"turns":3}],"seed_played":"-6964468087391903507","potions_obtained":[{"floor":3.0,"key":"FocusPotion"},{"floor":10.0,"key":"CultistPotion"},{"floor":16.0,"key":"EntropicBrew"}],"is_trial":false,"path_per_floor":["M","T","M","M","M","R","?","R","T","M","E","?","R","M","R","B",null,"M","?","M","$","?","R","M","E"],"character_chosen":"DEFECT","items_purchased":["Orichalcum","Gash","Cold Snap"],"campfire_rested":1,"item_purchase_floors":[21,21,21],"current_hp_per_floor":[63,63,65,63,63,63,63,63,63,44,24,24,45,33,33,10,56,48,27,23,38,38,38,28,0,0],"gold":32,"neow_bonus":"BOSS_RELIC","is_daily":false,"chose_seed":false,"campfire_upgraded":4,"win_rate":0.0,"timestamp":1614163157,"path_taken":["M","?","M","M","M","R","?","R","T","?","E","?","R","M","R","BOSS","M","?","M","$","?","R","M","E"],"items_purchased_type":["Relic","Card","Card"],"build_version":"2020-12-18","purchased_purges":1,"victory":false,"max_hp_per_floor":[71,71,71,71,71,71,71,71,71,71,71,71,71,71,71,71,71,71,71,71,71,71,71,71,71,71],"relic_stats":{"Blood Vial":22,"Inserter":[11],"Torii":19,"counters":[12,52],"Shuriken":[19],"Astrolabe":["All For One","Melter","Loop"],"MealTicket":15,"Necronomicon":[4],"Orichalcum":[18],"obtain_stats":[{"Blood Vial":2,"Inserter":17,"Calipers":22,"Torii":11,"Shuriken":9,"Astrolabe":0,"MealTicket":12,"Necronomicon":19,"Orichalcum":21,"Cracked Core":0},{"Blood Vial":1,"Inserter":8,"Calipers":10,"Torii":6,"Shuriken":4,"Astrolabe":0,"MealTicket":6,"Necronomicon":9,"Orichalcum":10,"Cracked Core":0},{"Blood Vial":3,"Inserter":30,"Calipers":41,"Torii":19,"Shuriken":10,"Astrolabe":0,"MealTicket":19,"Necronomicon":36,"Orichalcum":41,"Cracked Core":0}]},"card_choices":[{"not_picked":["Hologram","Turbo"],"picked":"Go for the Eyes","floor":1.0},{"not_picked":["Stack","Compile Driver"],"picked":"Cold Snap","floor":3.0},{"not_picked":["Darkness","Stack"],"picked":"Beam Cell","floor":4.0},{"not_picked":["Static Discharge","Doom and Gloom"],"picked":"Hologram","floor":5.0},{"not_picked":["Rebound","Aggregate"],"picked":"Steam","floor":10.0},{"not_picked":["Electrodynamics","Steam"],"picked":"Core Surge","floor":11.0},{"not_picked":["Steam Power","Go for the Eyes"],"picked":"Reinforced Body","floor":14.0},{"not_picked":["Multi-Cast","Thunder Strike"],"picked":"Biased Cognition","floor":16.0},{"not_picked":["Auto Shields+1","Darkness"],"picked":"Cold Snap","floor":18.0},{"not_picked":["Steam","Fusion"],"picked":"Glacier","floor":20},{"not_picked":["Chaos","Hologram"],"picked":"Gash","floor":24}],"player_experience":3547691,"relics_obtained":[{"floor":2.0,"key":"Blood Vial"},{"floor":9.0,"key":"Shuriken"},{"floor":11.0,"key":"Torii"},{"floor":19,"key":"Necronomicon"}],"event_choices":[{"damage_healed":0.0,"max_hp_gain":0.0,"max_hp_loss":0.0,"gold_gain":0.0,"event_name":"Match and Keep!","player_choice":"3 cards matched","floor":7.0,"gold_loss":0.0,"damage_taken":0.0,"cards_obtained":["Go for the Eyes","Rainbow","Force Field"]},{"damage_healed":0.0,"max_hp_gain":0.0,"max_hp_loss":0.0,"gold_gain":0.0,"event_name":"WeMeetAgain","player_choice":"Gave Potion","floor":12.0,"gold_loss":0.0,"damage_taken":0.0,"relics_obtained":["MealTicket"]},{"damage_healed":0,"gold_gain":0,"player_choice":"Obtained Book","damage_taken":21,"max_hp_gain":0,"max_hp_loss":0,"event_name":"Cursed Tome","floor":19,"gold_loss":0},{"damage_healed":0,"gold_gain":0,"player_choice":"Obtained Relic","damage_taken":0,"relics_obtained":["Calipers"],"max_hp_gain":0,"max_hp_loss":0,"event_name":"Addict","floor":22,"gold_loss":85}],"is_beta":true,"boss_relics":[{"not_picked":["Philosopher\u0027s Stone","SacredBark"],"picked":"Inserter"}],"items_purged_floors":[21],"is_endless":false,"potions_floor_spawned":[3,10,16,20],"killed_by":"Gremlin Leader","ascension_level":20}}