{"host":"xltl1aroowo69o4n","time":1614150987,"event":{"mods":["BaseMod","Colored Map","Colored Powertips","Downfall","Koishi","Marisa????????","Minty Spire (QoL Compilation)","Replay The Spire","StSLib","The Cursed","The Hierophant","The Mystic","The Necromancer","The Servant 0.9.4"],"gold_per_floor":[99,119,132,10,26,126,126,143,156,167,67,52,52,63,76,181,181,181,192,202,3,3,15,15,15,35,51,67,85,104,138,150,249,249,249,266,284,359,56,56,56,74,99,13,29,55,80,108,139,151],"floor_reached":51,"language":"ENG","playtime":4611,"items_purged":["Delirium","Delirium"],"score":1028,"play_id":"5ed6c5af-9c1a-4eca-9720-5b0c6e10a304","local_time":"20210224021627","is_ascension_mode":true,"campfire_choices":[{"floor":1.0,"key":"RECALL"},{"floor":11.0,"key":"REST"},{"data":"Koishi:PredatoryInstincts","floor":18.0,"key":"SMITH"},{"data":"Koishi:Untouchable","floor":25.0,"key":"SMITH"},{"data":"Koishi:JumpScare","floor":35.0,"key":"SMITH"},{"data":"Koishi:RoseHell","floor":40,"key":"SMITH"}],"circlet_count":0,"master_deck":["Koishi:BasicStrike","Koishi:BasicStrike","Koishi:BasicStrike","Koishi:BasicStrike","Koishi:BasicDefend","Koishi:BasicDefend","Koishi:BasicDefend","Koishi:BasicDefend","Koishi:Provoke","Koishi:HauntingSlash","Koishi:EmbersOfLove","Koishi:TraumaticStroke","Koishi:FidgetySnatcher","Koishi:JumpScare+1","Koishi:TremblingHands","Koishi:CatchAndRose","Koishi:Provoke","Koishi:Jaunt","Koishi:RorschachInDanmaku+1","Koishi:FadingMemory","Blind","Koishi:TremblingHands","Koishi:SpiritedAway","Koishi:DNAsFlaw","Koishi:DreadfulBlow","Koishi:PredatoryInstincts+1","Koishi:MindStellarRelief","Koishi:PhantomStrike","Koishi:MindStellarRelief","Koishi:Catatonia","Koishi:PhantomBarrier","Koishi:PredatoryInstincts","Koishi:PhantomStrike","Koishi:Untouchable+1","Koishi:PredatoryInstincts","Koishi:SilentAndRestless","Koishi:TerrifyingSpectre","Koishi:FleetingPhantom+1","Koishi:BloodcurdlingScream+1","Koishi:VengefulSpirit","Koishi:RoseHell+1","Koishi:MindNumbingTerror","Koishi:ImGoingToCallYouNow","TheCursedMod:Dregs","CommonCold","Koishi:ParalyzingFear","Koishi:MentalBreakdown","Koishi:StingingMind","expansioncontent:DashGenerateEvil+1","Koishi:DreadfulBlow+1","Koishi:HeartAttack+1","Koishi:RoseHell+1","Koishi:TremblingHands+1","Koishi:JumpScare+1","Koishi:SubconsciousSweep+1","Koishi:SubconsciousSweep+1","Koishi:MentalBreakdown+1","Koishi:PhantomBarrier+1","Koishi:StingingMind","Koishi:Catatonia"],"relics":["Koishi:ImaginaryFriend","Garlic","downfall:HeartBlessingRed","Chameleon Ring","Replay:Grab Bag","Painkiller Herb","ChewingGum","SlaversCollar","Nloth\u0027s Gift","TungstenRod","Snack Pack","Replay:Ancient Bell","War Paint","Mummified Hand","Lizard Tail","Golden Egg","ReplayTheSpireMod:Lightbulb","Replay:Bandana"],"acts_visited":["Exordium","TheCity","TheBeyond"],"potions_floor_usage":[50,50],"damage_taken":[{"damage":0.0,"enemies":"Cultist","floor":2.0,"turns":5.0},{"damage":2.0,"enemies":"2 Louse","floor":3.0,"turns":4.0},{"damage":5.0,"enemies":"downfall:FleeingMerchant","floor":4.0,"turns":4.0},{"damage":20.0,"enemies":"Small Slimes","floor":5.0,"turns":4.0},{"damage":38.0,"enemies":"Small Slimes","floor":6.0,"turns":6.0},{"damage":0.0,"enemies":"2 Fungi Beasts","floor":8.0,"turns":4.0},{"damage":2.0,"enemies":"Large Slime","floor":9.0,"turns":6.0},{"damage":0.0,"enemies":"2 Fungi Beasts","floor":10.0,"turns":4.0},{"damage":0.0,"enemies":"downfall:FleeingMerchant","floor":12.0,"turns":4.0},{"damage":2.0,"enemies":"Blue Slaver","floor":14.0,"turns":6.0},{"damage":0.0,"enemies":"Exordium Wildlife","floor":15.0,"turns":4.0},{"damage":27.0,"enemies":"WA_ARCHETYPE_RETAIN","floor":16.0,"turns":13.0},{"damage":0.0,"enemies":"3 Byrds","floor":19.0,"turns":5.0},{"damage":4.0,"enemies":"Snake Plant","floor":20.0,"turns":4.0},{"damage":0.0,"enemies":"downfall:FleeingMerchant","floor":21.0,"turns":4.0},{"damage":8.0,"enemies":"Sentry and Sphere","floor":23.0,"turns":4.0},{"damage":8.0,"enemies":"Centurion and Healer","floor":26.0,"turns":6.0},{"damage":0.0,"enemies":"Chosen and Byrds","floor":27.0,"turns":6.0},{"damage":5.0,"enemies":"Snake Plant","floor":28.0,"turns":6.0},{"damage":3.0,"enemies":"Centurion and Healer","floor":29.0,"turns":8.0},{"damage":0.0,"enemies":"Shelled Parasite and Fungi","floor":30.0,"turns":5.0},{"damage":5.0,"enemies":"Book of Stabbing","floor":31.0,"turns":5.0},{"damage":17.0,"enemies":"Cultist and Chosen","floor":32.0,"turns":8.0},{"damage":7.0,"enemies":"IC_MUSHROOM_ARCHETYPE","floor":33.0,"turns":7.0},{"damage":9,"enemies":"3 Darklings","floor":36,"turns":10},{"damage":5,"enemies":"3 Shapes","floor":37,"turns":4},{"damage":6,"enemies":"downfall:FleeingMerchant","floor":39,"turns":5},{"damage":12,"enemies":"Writhing Mass","floor":42,"turns":6},{"damage":20,"enemies":"Reptomancer","floor":43,"turns":6},{"damage":16,"enemies":"Sphere and 2 Shapes","floor":45,"turns":3},{"damage":9,"enemies":"Giant Head","floor":46,"turns":7},{"damage":8,"enemies":"4 Shapes","floor":47,"turns":5},{"damage":10,"enemies":"Jaw Worm Horde","floor":48,"turns":4},{"damage":27,"enemies":"Spire Growth","floor":49,"turns":5},{"damage":6,"enemies":"SI_POISON_ARCHETYPE","floor":50,"turns":7}],"seed_played":"-7314252160390432955","potions_obtained":[{"floor":0.0,"key":"LiquidMemories"},{"floor":0.0,"key":"Block Potion"},{"floor":0.0,"key":"hexamod:SoulburnPotion"},{"floor":9.0,"key":"FairyPotion"},{"floor":10.0,"key":"LiquidBronze"},{"floor":14.0,"key":"champ:CounterPotion"},{"floor":16.0,"key":"PowerPotion"},{"floor":23.0,"key":"Dexterity Potion"},{"floor":28.0,"key":"Languid Potion"},{"floor":33.0,"key":"LiquidMemories"},{"floor":38,"key":"downfall:CursedFountainPotion"},{"floor":49,"key":"Doom Potion"}],"is_trial":false,"path_per_floor":["R","M","M","$","M","?","T","M","M","M","R","$","?","M","M","B",null,"T","?","?","T","?","?","T","T","?","?","?","?","?","E","?","B",null,"T","?","?","?","T","T","T","?","E","T","?","E","?","?","?","B",null],"character_chosen":"KOISHI","items_purchased":["Koishi:JumpScare","Koishi:TremblingHands","Koishi:PhantomStrike","Koishi:Untouchable","Golden Egg","expansioncontent:DashGenerateEvil","Koishi:DreadfulBlow","Koishi:HeartAttack","Koishi:JumpScare","Koishi:SubconsciousSweep"],"campfire_rested":1,"item_purchase_floors":[4,4,21,21,39,39,39,39,44,44],"current_hp_per_floor":[60,60,60,55,38,3,3,6,7,10,28,28,25,31,42,24,60,60,60,58,58,58,56,56,56,60,60,60,60,60,60,60,60,60,60,57,60,60,60,60,60,60,60,60,50,60,60,60,60,60],"gold":151,"neow_bonus":"THREE_SMALL_POTIONS","is_daily":false,"chose_seed":false,"campfire_upgraded":4,"win_rate":0.0,"timestamp":1614150987,"path_taken":["R","M","M","$","?","?","T","M","M","?","R","?","?","M","M","BOSS","T","?","?","T","?","?","T","T","?","?","?","?","?","E","?","BOSS","T","?","?","?","T","T","T","?","E","?","?","E","?","?","?","BOSS"],"items_purchased_type":["Card","Card","Card","Card","Relic","Card","Card","Card","Card","Card"],"build_version":"2020-12-13","purchased_purges":2,"victory":true,"max_hp_per_floor":[60,60,60,60,60,60,60,60,60,60,60,60,60,60,60,60,60,60,60,60,60,60,60,60,60,60,60,60,60,60,60,60,60,60,60,60,60,60,60,60,60,60,60,60,60,60,60,60,60,60],"card_choices":[{"not_picked":["Koishi:ReleaseOfTheId","Koishi:HeartfeltFancy"],"picked":"Koishi:EmbersOfLove","floor":2.0},{"not_picked":["Koishi:HeartfeltFancy","Koishi:FleetingPhantom"],"picked":"Koishi:TraumaticStroke","floor":3.0},{"not_picked":["Koishi:PhantomStrike","Koishi:GeneticsOfTheUnconscious"],"picked":"Koishi:FidgetySnatcher","floor":4.0},{"not_picked":["Koishi:EmbersOfLove","Koishi:SubterraneanRose"],"picked":"Koishi:CatchAndRose","floor":5.0},{"not_picked":["Koishi:SpiritedAway","Koishi:FleetingPhantom"],"picked":"Koishi:TremblingHands","floor":6.0},{"not_picked":["Koishi:HeartfeltFancy","Koishi:FormlessExistence"],"picked":"Koishi:SpiritedAway","floor":8.0},{"not_picked":["Koishi:DreadfulBlow","Koishi:MindNumbingTerror"],"picked":"Koishi:DNAsFlaw","floor":9.0},{"not_picked":["Koishi:EmbryosDream","Koishi:RorschachInDanmaku"],"picked":"Koishi:DreadfulBlow","floor":10.0},{"not_picked":["Koishi:Prune","Koishi:DreadfulBlow"],"picked":"Koishi:PredatoryInstincts","floor":12.0},{"not_picked":["Koishi:CatchAndRose","Koishi:Jaunt"],"picked":"Koishi:MindStellarRelief","floor":14.0},{"not_picked":["Koishi:GeneticsOfTheUnconscious","Koishi:EmbersOfLove"],"picked":"Koishi:PhantomStrike","floor":15.0},{"not_picked":["Koishi:FadingMemory","Koishi:RollingInRichesHeart"],"picked":"Koishi:MindStellarRelief","floor":16.0},{"not_picked":["Koishi:JumpScare","Koishi:ReflexRadar"],"picked":"Koishi:Catatonia","floor":19.0},{"not_picked":["Koishi:SubterraneanRose","Koishi:ParalyzingFear"],"picked":"Koishi:PhantomBarrier","floor":20.0},{"not_picked":["Koishi:PhilosophyOfTheDespised","Koishi:SprinkleStarAndHeart+1"],"picked":"Koishi:PredatoryInstincts","floor":21.0},{"not_picked":["Koishi:Whimsy","Koishi:FidgetySnatcher"],"picked":"Koishi:PredatoryInstincts","floor":23.0},{"not_picked":["Koishi:SubconsciousSweep","Koishi:FleetingPhantom"],"picked":"Koishi:SilentAndRestless","floor":26.0},{"not_picked":["Koishi:Catatonia","Koishi:Untouchable"],"picked":"Koishi:TerrifyingSpectre","floor":27.0},{"not_picked":["Koishi:SpiritedAway","Koishi:MassHysteria"],"picked":"Koishi:FleetingPhantom","floor":28.0},{"not_picked":["Koishi:DreadfulBlow","Koishi:FleetingPhantom+1"],"picked":"Koishi:BloodcurdlingScream+1","floor":29.0},{"not_picked":["Koishi:PredatoryInstincts","Koishi:Jaunt+1"],"picked":"Koishi:VengefulSpirit","floor":30.0},{"not_picked":["Koishi:GrowingPain","Koishi:FormlessExistence"],"picked":"Koishi:RoseHell","floor":31.0},{"not_picked":["Koishi:SpiritedAway","Koishi:ReflexRadar"],"picked":"Koishi:MindNumbingTerror","floor":32.0},{"not_picked":["Koishi:RuptureMind","Koishi:Heartbroken"],"picked":"Koishi:ImGoingToCallYouNow","floor":33.0},{"not_picked":["Regret","Replay:Sluggish"],"picked":"TheCursedMod:Dregs","floor":34.0},{"not_picked":["Normality","downfall:Bewildered"],"picked":"Delirium","floor":34.0},{"not_picked":["Overencumbered","ReplayTheSpireMod:Splinters"],"picked":"CommonCold","floor":34.0},{"not_picked":["Koishi:CatchAndRose","Koishi:BloodcurdlingScream"],"picked":"Koishi:ParalyzingFear","floor":36},{"not_picked":["Koishi:PredatoryInstincts+1","Koishi:FleetingPhantom"],"picked":"Koishi:MentalBreakdown","floor":37},{"not_picked":["Koishi:FleetingPhantom","Koishi:ParalyzingFear"],"picked":"Koishi:StingingMind","floor":39},{"not_picked":["Koishi:CatchAndRose+1","Koishi:DreadfulBlow+1"],"picked":"Koishi:RoseHell","floor":42},{"not_picked":["Koishi:Bloodlust+1","Koishi:RacingHeart"],"picked":"Koishi:TremblingHands+1","floor":43},{"not_picked":["Koishi:ReflexRadar","Koishi:HeartfeltFancy+1","Koishi:GeneticsOfTheUnconscious+1"],"picked":"SKIP","floor":45},{"not_picked":["Koishi:SubconsciousSweep+1","Koishi:MassHysteria"],"picked":"Koishi:MentalBreakdown","floor":46},{"not_picked":["Koishi:Prune","Koishi:VengefulSpirit"],"picked":"Koishi:PhantomBarrier+1","floor":47},{"not_picked":["Koishi:Jaunt+1","Koishi:PhantomBarrier+1"],"picked":"Koishi:StingingMind","floor":48},{"not_picked":["Koishi:Prune+1","Koishi:StingingMind"],"picked":"Koishi:Catatonia","floor":49}],"player_experience":267820,"relics_obtained":[{"floor":6.0,"key":"downfall:GremlinSack"},{"floor":7.0,"key":"Garlic"},{"floor":24.0,"key":"TungstenRod"},{"floor":31.0,"key":"Snack Pack"},{"floor":43,"key":"ReplayTheSpireMod:Lightbulb"},{"floor":46,"key":"Replay:Bandana"}],"event_choices":[{"damage_healed":0.0,"max_hp_gain":0.0,"max_hp_loss":0.0,"gold_gain":0.0,"event_name":"Scrap Ooze","player_choice":"Success","floor":13.0,"gold_loss":0.0,"damage_taken":3.0,"relics_obtained":["Chameleon Ring"]}],"is_beta":false,"boss_relics":[{"not_picked":["Runic Dome","Black Star"],"picked":"Replay:Grab Bag"},{"not_picked":["Philosopher\u0027s Stone","Koishi:ColorfulDays"],"picked":"Painkiller Herb"},{"not_picked":["Replay:Wanted Poster","ReplayTheSpireMod:DimensionalGlitch"],"picked":"ChewingGum"},{"not_picked":["Kintsugi","Astrolabe"],"picked":"SlaversCollar"},{"not_picked":["Tiny House","Snecko Heart"],"picked":"Replay:Ancient Bell"},{"not_picked":["Pen Nib","Dream Catcher"],"picked":"War Paint"},{"not_picked":["Mirror","Sundial"],"picked":"Mummified Hand"},{"not_picked":["Unceasing Top","Koishi:ImperfectMetamorphosis"],"picked":"Lizard Tail"}],"items_purged_floors":[21,39],"is_endless":false,"potions_floor_spawned":[3,9,10,14,16,23,28,29,31,32,33,43,45,46,47,49],"ascension_level":1}}