{"host":"8vqkh0x3c7vpgzzm","time":1614192124,"event":{"mods":["AchievementEnabler","BaseMod","Colored Map","Colored Powertips","Curses Come First","DeckTracker","Highlight Path","Minty Spire (QoL Compilation)","Permanent Neow","Quick Restart","Random Character Mod","Rare Cards Sparkle","Relic Sorter","Relic Stats","StSLib","SuperFastMode","Unceasing Turn Reminder","egg","everything is the same but u backflip on backflip"],"gold_per_floor":[17,29,29,45,62,62,87,87,110,35,55,73,73,73,73,166,166,187,187,205,205],"floor_reached":20,"language":"ENG","playtime":1342,"items_purged":[],"score":308,"play_id":"4dcfd6a2-4d81-497b-b80f-5e8b717240b4","local_time":"20210224194204","is_ascension_mode":true,"campfire_choices":[{"data":"Fusion","floor":6,"key":"SMITH"},{"data":"Hologram","floor":8,"key":"SMITH"},{"data":"Defragment","floor":13,"key":"SMITH"},{"data":"Dualcast","floor":15,"key":"SMITH"}],"circlet_count":0,"master_deck":["AscendersBane","Strike_B","Strike_B","Strike_B","Strike_B","Defend_B","Defend_B","Defend_B","Defend_B","Zap+1","Dualcast+1","Hyperbeam","BootSequence","Hologram+1","Coolheaded","Fusion+1","Sweeping Beam","Defragment+1","Rip and Tear","Leap","Seek","Melter","Writhe","Recycle"],"relics":["Cracked Core","Happy Flower","Anchor","Golden Idol","Cursed Key","Lantern"],"acts_visited":["Exordium","TheCity"],"potions_floor_usage":[7,16],"damage_taken":[{"damage":7,"enemies":"Jaw Worm","floor":1,"turns":3},{"damage":1,"enemies":"Cultist","floor":2,"turns":3},{"damage":0,"enemies":"2 Louse","floor":4,"turns":3},{"damage":1,"enemies":"Exordium Thugs","floor":5,"turns":4},{"damage":15,"enemies":"Lagavulin","floor":7,"turns":7},{"damage":1,"enemies":"Red Slaver","floor":11,"turns":4},{"damage":0,"enemies":"Blue Slaver","floor":12,"turns":2},{"damage":25,"enemies":"Slime Boss","floor":16,"turns":10},{"damage":34,"enemies":"3 Byrds","floor":18,"turns":4},{"damage":16,"enemies":"2 Thieves","floor":20,"turns":4}],"seed_played":"649749481970187534","potions_obtained":[{"floor":1,"key":"BlessingOfTheForge"},{"floor":4,"key":"BlessingOfTheForge"},{"floor":12,"key":"AttackPotion"},{"floor":18,"key":"SkillPotion"}],"is_trial":false,"path_per_floor":["M","M","?","M","M","R","E","R","T","$","M","M","R","?","R","B",null,"M","?","M"],"character_chosen":"DEFECT","items_purchased":["Defragment"],"campfire_rested":0,"item_purchase_floors":[10],"current_hp_per_floor":[57,56,56,56,55,55,40,40,40,40,39,39,39,39,39,14,52,18,18,2,2],"gold":205,"neow_bonus":"THREE_RARE_CARDS","is_daily":false,"chose_seed":false,"campfire_upgraded":4,"win_rate":0.0,"timestamp":1614192124,"path_taken":["M","M","?","?","?","R","E","R","T","$","M","M","R","?","R","BOSS","M","?","M"],"items_purchased_type":["Card"],"build_version":"2020-12-22","purchased_purges":0,"victory":false,"max_hp_per_floor":[71,71,71,71,71,71,71,71,71,71,71,71,71,64,64,64,64,64,64,64,64],"relic_stats":{"Happy Flower":[8],"counters":[10,44],"Golden Idol":27,"Cursed Key":0,"obtain_stats":[{"Anchor":9,"Lantern":19,"Happy Flower":7,"Golden Idol":14,"Cracked Core":0,"Cursed Key":17},{"Anchor":5,"Lantern":9,"Happy Flower":5,"Golden Idol":7,"Cracked Core":0,"Cursed Key":8},{"Anchor":20,"Lantern":40,"Happy Flower":20,"Golden Idol":26,"Cracked Core":0,"Cursed Key":36}]},"card_choices":[{"not_picked":["Buffer","Multi-Cast"],"picked":"Hyperbeam","floor":0},{"not_picked":["Doom and Gloom","Stack"],"picked":"BootSequence","floor":1},{"not_picked":["FTL","Sunder"],"picked":"Hologram","floor":2},{"not_picked":["Redo","Auto Shields"],"picked":"Coolheaded","floor":4},{"not_picked":["Gash","Auto Shields"],"picked":"Fusion","floor":5},{"not_picked":["Rebound","Force Field"],"picked":"Sweeping Beam","floor":7},{"not_picked":["Gash","Redo"],"picked":"Rip and Tear","floor":11},{"not_picked":["Static Discharge","Darkness"],"picked":"Leap","floor":12},{"not_picked":["Creative AI","Reboot"],"picked":"Seek","floor":16},{"not_picked":["Capacitor","Turbo"],"picked":"Melter","floor":18},{"not_picked":["Redo","Chill"],"picked":"Recycle","floor":20}],"player_experience":646214,"relics_obtained":[{"floor":7,"key":"Happy Flower"},{"floor":9,"key":"Anchor"}],"event_choices":[{"damage_healed":0,"gold_gain":0,"player_choice":"Forge","damage_taken":0,"max_hp_gain":0,"max_hp_loss":0,"event_name":"Accursed Blacksmith","floor":3,"gold_loss":0,"cards_upgraded":["Zap"]},{"damage_healed":0,"gold_gain":0,"player_choice":"Lose Max HP","damage_taken":0,"relics_obtained":["Golden Idol"],"max_hp_gain":0,"max_hp_loss":7,"event_name":"Golden Idol","floor":14,"gold_loss":0},{"damage_healed":0,"gold_gain":0,"player_choice":"Opened","damage_taken":0,"relics_obtained":["Lantern"],"max_hp_gain":0,"max_hp_loss":0,"event_name":"The Mausoleum","floor":19,"gold_loss":0,"cards_obtained":["Writhe"]}],"is_beta":false,"boss_relics":[{"not_picked":["Black Star","Runic Dome"],"picked":"Cursed Key"}],"items_purged_floors":[],"is_endless":false,"potions_floor_spawned":[1,4,12,18],"killed_by":"2 Thieves","ascension_level":15}}