{"host":"lwys0gbp6t40j7jh","time":1614208588,"event":{"mods":["Act Like it!","BaseMod","CapriCore","Friendly Minions","GifTheSpireLib","Minty Spire (QoL Compilation)","StSLib","SuperFastMode","The Mystic"],"gold_per_floor":[112,132,152,169,187,187,214,214,265,265,284,284,384,400,400,497,497,517,126,146,71,71,105,117,131,131,131,147,165,165,27,27,27,27],"floor_reached":33,"language":"ENG","playtime":754,"items_purged":["mysticmod:Strike_Mystic"],"score":271,"play_id":"fb4ce07e-2571-49e0-ae87-63fa23f6bc4d","local_time":"20210225001628","is_ascension_mode":false,"campfire_choices":[{"floor":6,"key":"REST"},{"data":"mysticmod:BladedDash","floor":10,"key":"SMITH"},{"data":"mysticmod:ShockingGrasp","floor":12,"key":"SMITH"},{"data":"mysticmod:SuddenClarity","floor":15,"key":"SMITH"},{"floor":27,"key":"REST"},{"floor":30,"key":"REST"},{"floor":32,"key":"REST"}],"circlet_count":0,"master_deck":["mysticmod:Strike_Mystic","mysticmod:Strike_Mystic","mysticmod:Defend_Mystic","mysticmod:Defend_Mystic","mysticmod:Defend_Mystic","mysticmod:Defend_Mystic","mysticmod:ArcaneDodge","mysticmod:ShockingGrasp+1","mysticmod:SuddenClarity","mysticmod:Snowball","mysticmod:BladedDash+1","mysticmod:PowerSlash","mysticmod:SuddenClarity+1","mysticmod:Snowball","mysticmod:Snowball","mysticmod:Shield","mysticmod:Spellstrike","mysticmod:ComponentsPouch","mysticmod:ChargedParry","mysticmod:Riposte+1","mysticmod:ComboCaster+1","mysticmod:Disengage+1","mysticmod:HeavyStrike","mysticmod:PureInstinct","mysticmod:Probe","mysticmod:Sideswipe"],"relics":["mysticmod:SpellBook","Bird Faced Urn","Centennial Puzzle","mysticmod:CrystalBall","mysticmod:RunicPrism","Frozen Egg 2","The Courier","Membership Card"],"acts_visited":["Exordium","TheCity"],"potions_floor_usage":[7,14,14,33,33,33],"damage_taken":[{"damage":0,"enemies":"Small Slimes","floor":1,"turns":3},{"damage":0,"enemies":"Jaw Worm","floor":2,"turns":3},{"damage":0,"enemies":"Cultist","floor":3,"turns":4},{"damage":9,"enemies":"Exordium Wildlife","floor":4,"turns":6},{"damage":5,"enemies":"Looter","floor":5,"turns":3},{"damage":9,"enemies":"3 Sentries","floor":7,"turns":6},{"damage":2,"enemies":"Gremlin Gang","floor":11,"turns":4},{"damage":0,"enemies":"Large Slime","floor":14,"turns":2},{"damage":67,"enemies":"Hexaghost","floor":16,"turns":15},{"damage":14,"enemies":"3 Byrds","floor":18,"turns":6},{"damage":2,"enemies":"2 Thieves","floor":20,"turns":3},{"damage":45,"enemies":"Slavers","floor":23,"turns":7},{"damage":20,"enemies":"Sentry and Sphere","floor":24,"turns":5},{"damage":5,"enemies":"3 Cultists","floor":25,"turns":4},{"damage":5,"enemies":"Centurion and Healer","floor":28,"turns":7},{"damage":20,"enemies":"Snake Plant","floor":29,"turns":3},{"damage":59,"enemies":"Automaton","floor":33,"turns":8}],"seed_played":"-46777332493725206","potions_obtained":[{"floor":2,"key":"Energy Potion"},{"floor":4,"key":"Explosive Potion"},{"floor":11,"key":"Fire Potion"},{"floor":16,"key":"CultistPotion"},{"floor":18,"key":"LiquidBronze"},{"floor":24,"key":"Weak Potion"}],"is_trial":false,"path_per_floor":["M","M","M","M","M","R","E","?","T","R","M","R","?","M","R","B",null,"M","$","M","?","?","E","M","M","T","R","M","M","R","$","R","B"],"character_chosen":"MYSTIC_CLASS","items_purchased":["mysticmod:RunicPrism","mysticmod:ChargedParry","Membership Card","mysticmod:Sideswipe"],"campfire_rested":4,"item_purchase_floors":[19,19,31,31],"current_hp_per_floor":[84,84,84,75,70,84,75,75,75,75,73,73,73,73,73,6,84,70,70,68,68,68,23,5,2,2,27,24,6,31,31,56,0,0],"gold":27,"neow_bonus":"TEN_PERCENT_HP_BONUS","is_daily":false,"chose_seed":false,"campfire_upgraded":3,"win_rate":0.0,"timestamp":1614208588,"path_taken":["M","M","M","M","M","R","E","?","T","R","M","R","?","M","R","BOSS","M","$","?","?","?","E","M","M","T","R","M","M","R","$","R","BOSS"],"items_purchased_type":["Relic","Card","Relic","Card"],"build_version":"2020-12-22","purchased_purges":1,"victory":false,"max_hp_per_floor":[84,84,84,84,84,84,84,84,84,84,84,84,84,84,84,84,84,84,84,84,84,84,84,84,84,84,84,84,84,84,84,84,84,84],"card_choices":[{"not_picked":["mysticmod:PreparedCaster","mysticmod:Probe"],"picked":"mysticmod:SuddenClarity","floor":1},{"not_picked":["mysticmod:Dedication","mysticmod:ArcaneAccuracy"],"picked":"mysticmod:Snowball","floor":2},{"not_picked":["mysticmod:Daze","mysticmod:FiveFootStep"],"picked":"mysticmod:BladedDash","floor":3},{"not_picked":["mysticmod:DiviningBlow","mysticmod:SummonFamiliar"],"picked":"mysticmod:PowerSlash","floor":4},{"not_picked":["mysticmod:KeenEdge","mysticmod:BladedDash"],"picked":"mysticmod:SuddenClarity","floor":5},{"not_picked":["mysticmod:MightyMagic","mysticmod:EarthenWall"],"picked":"mysticmod:Snowball","floor":7},{"not_picked":["mysticmod:AllIn","mysticmod:KeenEdge"],"picked":"mysticmod:Snowball","floor":11},{"not_picked":["mysticmod:Grapple","mysticmod:VorpalThrust"],"picked":"mysticmod:Shield","floor":14},{"not_picked":["mysticmod:Discipline","mysticmod:GreaterInvisibility"],"picked":"mysticmod:Spellstrike","floor":16},{"not_picked":["mysticmod:PowerSlash+1","mysticmod:HeavyStrike"],"picked":"mysticmod:ComponentsPouch","floor":18},{"not_picked":["mysticmod:ChargedParry","mysticmod:PowerSlash"],"picked":"mysticmod:Riposte+1","floor":20},{"not_picked":["mysticmod:PreparedCaster","mysticmod:SpellRecall"],"picked":"mysticmod:ComboCaster+1","floor":23},{"not_picked":["mysticmod:FiveFootStep+1","mysticmod:CorrosiveTouch"],"picked":"mysticmod:Disengage+1","floor":24},{"not_picked":["mysticmod:BladeMaster","mysticmod:MagicMissile"],"picked":"mysticmod:HeavyStrike","floor":25},{"not_picked":["mysticmod:Shield","mysticmod:MagicMissile"],"picked":"mysticmod:PureInstinct","floor":28},{"not_picked":["mysticmod:BulkUp","mysticmod:Lunge"],"picked":"mysticmod:Probe","floor":29}],"player_experience":1234593,"relics_obtained":[{"floor":7,"key":"Bird Faced Urn"},{"floor":9,"key":"Centennial Puzzle"},{"floor":23,"key":"Frozen Egg 2"},{"floor":26,"key":"The Courier"}],"event_choices":[{"damage_healed":0,"gold_gain":0,"player_choice":"Ignored","damage_taken":0,"max_hp_gain":0,"max_hp_loss":0,"event_name":"Shining Light","floor":8,"gold_loss":0},{"damage_healed":0,"gold_gain":100,"player_choice":"Pray","damage_taken":0,"max_hp_gain":0,"max_hp_loss":0,"event_name":"Golden Shrine","floor":13,"gold_loss":0},{"cards_removed":["mysticmod:Strike_Mystic"],"damage_healed":0,"gold_gain":0,"player_choice":"Gave Gold","damage_taken":0,"max_hp_gain":0,"max_hp_loss":0,"event_name":"Beggar","floor":21,"gold_loss":75},{"damage_healed":0,"gold_gain":0,"player_choice":"Leave","damage_taken":0,"max_hp_gain":0,"max_hp_loss":0,"event_name":"FaceTrader","floor":22,"gold_loss":0}],"is_beta":false,"boss_relics":[{"not_picked":["Black Star","Fusion Hammer"],"picked":"mysticmod:CrystalBall"}],"items_purged_floors":[19],"is_endless":false,"potions_floor_spawned":[2,4,11,16,18,24,28,29],"killed_by":"Automaton","ascension_level":0}}