{"host":"a9gsz7kv8aebwp1f","time":1614154405,"event":{"mods":["AchievementEnabler","BaseMod","Minty Spire (QoL Compilation)"],"gold_per_floor":[111,211,230,248,259,259,277,289,589,614,117,192,206,220,220,320,320,337,262,35,35,46,46,62,78,103,103,121,135,152,152,152,251,251,268,268,268,320,334,334,350,400,400,430,46,46,46],"floor_reached":46,"language":"KOR","playtime":1343,"items_purged":["Normality"],"score":814,"play_id":"11f5b5bc-c221-445c-9fac-a08f200836fd","local_time":"20210224171325","is_ascension_mode":true,"campfire_choices":[{"data":"Anger","floor":6,"key":"SMITH"},{"floor":15,"key":"REST"},{"floor":23,"key":"REST"},{"data":"Discovery","floor":27,"key":"SMITH"},{"data":"Armaments","floor":32,"key":"SMITH"},{"data":"Trip","floor":40,"key":"SMITH"}],"circlet_count":0,"master_deck":["AscendersBane","Strike_R","Strike_R","Strike_R","Strike_R","Strike_R","Defend_R","Defend_R","Defend_R","Bash","Anger+1","Flex","Perfected Strike","Shrug It Off","Clash","Cleave","Rage","Perfected Strike","Discovery+1","Disarm","Armaments+1","True Grit","Feed","Sword Boomerang","Pummel","Whirlwind","Flex","Shrug It Off","Parasite","Clash","Disarm","Ghostly Armor","Ghostly Armor","Writhe","Trip+1","Anger","Perfected Strike","True Grit","Disarm","Headbutt","Shrug It Off"],"relics":["Burning Blood","Old Coin","Odd Mushroom","Brimstone","Boot","Cursed Key","Vajra","Strawberry","MutagenicStrength","Busted Crown","Mango","CaptainsWheel","Kunai","Happy Flower","HornCleat"],"acts_visited":["Exordium","TheCity","TheBeyond"],"potions_floor_usage":[24,29,33,35,41],"damage_taken":[{"damage":6,"enemies":"Cultist","floor":1,"turns":3},{"damage":12,"enemies":"Jaw Worm","floor":3,"turns":3},{"damage":0,"enemies":"2 Louse","floor":4,"turns":2},{"damage":27,"enemies":"2 Fungi Beasts","floor":5,"turns":4},{"damage":8,"enemies":"Blue Slaver","floor":7,"turns":3},{"damage":7,"enemies":"Large Slime","floor":8,"turns":4},{"damage":12,"enemies":"The Mushroom Lair","floor":10,"turns":4},{"damage":8,"enemies":"3 Louse","floor":13,"turns":2},{"damage":5,"enemies":"Blue Slaver","floor":14,"turns":3},{"damage":52,"enemies":"The Guardian","floor":16,"turns":7},{"damage":0,"enemies":"Spheric Guardian","floor":18,"turns":2},{"damage":24,"enemies":"3 Byrds","floor":22,"turns":3},{"damage":9,"enemies":"Cultist and Chosen","floor":24,"turns":4},{"damage":13,"enemies":"Centurion and Healer","floor":25,"turns":4},{"damage":6,"enemies":"Shelled Parasite and Fungi","floor":28,"turns":3},{"damage":5,"enemies":"Snake Plant","floor":29,"turns":2},{"damage":24,"enemies":"Chosen and Byrds","floor":30,"turns":4},{"damage":39,"enemies":"Automaton","floor":33,"turns":6},{"damage":38,"enemies":"3 Darklings","floor":35,"turns":4},{"damage":34,"enemies":"2 Orb Walkers","floor":38,"turns":2},{"damage":9,"enemies":"Orb Walker","floor":39,"turns":2},{"damage":46,"enemies":"Spire Growth","floor":41,"turns":4},{"damage":12,"enemies":"Mind Bloom Boss Battle","floor":42,"turns":7},{"damage":23,"enemies":"Nemesis","floor":44,"turns":5},{"damage":9,"enemies":"3 Darklings","floor":46,"turns":1}],"seed_played":"8979924689423121722","potions_obtained":[{"floor":7,"key":"Fire Potion"},{"floor":13,"key":"SpeedPotion"},{"floor":16,"key":"BloodPotion"},{"floor":24,"key":"BloodPotion"},{"floor":29,"key":"DistilledChaos"},{"floor":33,"key":"SpeedPotion"},{"floor":38,"key":"EssenceOfSteel"}],"is_trial":false,"path_per_floor":["M","?","M","M","M","R","M","M","T","?","$","?","M","M","R","B",null,"M","?","$","?","M","R","M","M","T","R","M","M","M","?","R","B",null,"M","?","?","?","M","R","M","?","T","E","$","M"],"character_chosen":"IRONCLAD","items_purchased":["Brimstone","Boot","Perfected Strike","Discovery","Disarm","Vajra","Pummel","HornCleat","Shrug It Off"],"campfire_rested":2,"item_purchase_floors":[11,11,11,11,11,20,20,45,45],"current_hp_per_floor":[72,72,66,72,51,51,49,48,48,42,42,31,29,30,54,8,62,71,71,71,55,37,63,81,77,84,84,84,101,83,83,83,53,91,59,85,85,71,71,71,31,25,25,8,8,0,0],"gold":46,"neow_bonus":"THREE_CARDS","is_daily":false,"chose_seed":false,"campfire_upgraded":4,"win_rate":0.0,"timestamp":1614154405,"path_taken":["M","?","M","?","M","R","M","M","T","?","?","?","M","M","R","BOSS","M","?","$","?","M","R","M","M","T","R","M","M","M","?","R","BOSS","M","?","?","?","M","R","M","?","T","E","$","M"],"items_purchased_type":["Relic","Relic","Card","Card","Card","Relic","Card","Relic","Card"],"build_version":"2020-12-22","purchased_purges":1,"victory":false,"max_hp_per_floor":[80,80,80,80,80,80,80,80,80,80,80,80,80,80,80,80,80,83,83,83,88,88,88,91,94,101,101,101,101,101,101,101,104,104,104,104,104,118,121,121,121,121,121,121,121,121,121],"card_choices":[{"not_picked":["Headbutt","Sword Boomerang"],"picked":"Anger","floor":0},{"not_picked":["Heavy Blade","Iron Wave"],"picked":"Flex","floor":1},{"not_picked":["Burning Pact","Seeing Red"],"picked":"Perfected Strike","floor":3},{"not_picked":["Searing Blow","Bloodletting"],"picked":"Shrug It Off","floor":4},{"not_picked":["Headbutt","Pummel"],"picked":"Clash","floor":5},{"not_picked":["Rupture","Warcry"],"picked":"Cleave","floor":7},{"not_picked":["Intimidate","Havoc","Brutality"],"picked":"SKIP","floor":8},{"not_picked":["Clothesline","Pommel Strike"],"picked":"Rage","floor":10},{"not_picked":["True Grit","Body Slam"],"picked":"Armaments","floor":13},{"not_picked":["Body Slam","Seeing Red"],"picked":"True Grit","floor":14},{"not_picked":["Immolate","Berserk"],"picked":"Feed","floor":16},{"not_picked":["Anger","Sentinel"],"picked":"Sword Boomerang","floor":18},{"not_picked":["Sword Boomerang","Combust"],"picked":"Whirlwind","floor":22},{"not_picked":["Whirlwind","Pommel Strike"],"picked":"Flex","floor":24},{"not_picked":["Blood for Blood","Sword Boomerang"],"picked":"Shrug It Off","floor":25},{"not_picked":["Iron Wave","Warcry"],"picked":"Clash","floor":28},{"not_picked":["Sword Boomerang","True Grit"],"picked":"Disarm","floor":29},{"not_picked":["Fire Breathing+1","Sever Soul"],"picked":"Ghostly Armor","floor":30},{"not_picked":[],"picked":"Ghostly Armor","floor":35},{"not_picked":[],"picked":"Trip","floor":37},{"not_picked":[],"picked":"Anger","floor":38},{"not_picked":[],"picked":"Perfected Strike","floor":39},{"not_picked":[],"picked":"True Grit","floor":41},{"not_picked":[],"picked":"Disarm","floor":42},{"not_picked":[],"picked":"Headbutt","floor":44}],"player_experience":482891,"relics_obtained":[{"floor":9,"key":"Old Coin"},{"floor":10,"key":"Odd Mushroom"},{"floor":26,"key":"Strawberry"},{"floor":38,"key":"Mango"},{"floor":42,"key":"CaptainsWheel"},{"floor":43,"key":"Kunai"},{"floor":44,"key":"Happy Flower"}],"event_choices":[{"damage_healed":0,"gold_gain":100,"player_choice":"Pray","damage_taken":0,"max_hp_gain":0,"max_hp_loss":0,"event_name":"Golden Shrine","floor":2,"gold_loss":0},{"damage_healed":0,"gold_gain":0,"player_choice":"Fought Mushrooms","damage_taken":0,"max_hp_gain":0,"max_hp_loss":0,"event_name":"Mushrooms","floor":10,"gold_loss":0},{"damage_healed":0,"gold_gain":75,"player_choice":"Gather Gold","damage_taken":11,"max_hp_gain":0,"max_hp_loss":0,"event_name":"World of Goop","floor":12,"gold_loss":0},{"cards_removed":["Defend_R"],"damage_healed":0,"gold_gain":0,"player_choice":"Gave Gold","damage_taken":0,"max_hp_gain":0,"max_hp_loss":0,"event_name":"Beggar","floor":19,"gold_loss":75},{"damage_healed":0,"gold_gain":0,"player_choice":"Shed Blood","damage_taken":21,"max_hp_gain":5,"max_hp_loss":0,"event_name":"Forgotten Altar","floor":21,"gold_loss":0},{"damage_healed":0,"gold_gain":0,"player_choice":"Inject Mutagens","damage_taken":0,"relics_obtained":["MutagenicStrength"],"max_hp_gain":0,"max_hp_loss":0,"event_name":"Drug Dealer","floor":31,"gold_loss":0},{"damage_healed":26,"gold_gain":0,"player_choice":"Writhe","damage_taken":0,"max_hp_gain":0,"max_hp_loss":0,"event_name":"Winding Halls","floor":36,"gold_loss":0,"cards_obtained":["Writhe"]},{"damage_healed":0,"gold_gain":0,"player_choice":"Memory 1","damage_taken":0,"max_hp_gain":0,"max_hp_loss":0,"event_name":"SensoryStone","floor":37,"gold_loss":0},{"damage_healed":0,"gold_gain":0,"player_choice":"Fight","damage_taken":0,"max_hp_gain":0,"max_hp_loss":0,"event_name":"Mysterious Sphere","floor":38,"gold_loss":0},{"damage_healed":0,"gold_gain":0,"player_choice":"Fight","damage_taken":0,"max_hp_gain":0,"max_hp_loss":0,"event_name":"MindBloom","floor":42,"gold_loss":0}],"is_beta":false,"boss_relics":[{"not_picked":["Philosopher\u0027s Stone","Runic Dome"],"picked":"Cursed Key"},{"not_picked":["Black Star","Snecko Eye"],"picked":"Busted Crown"}],"items_purged_floors":[45],"is_endless":false,"potions_floor_spawned":[7,13,16,24,28,29,33,38],"killed_by":"3 Darklings","ascension_level":12}}