{"host":"vhu12qr9yy4p5pn7","time":1614167236,"event":{"mods":["BaseMod","Challenge The Spire","Downfall","Minty Spire (QoL Compilation)","Permanent Neow","Quick Restart","Spicy Shops","StSLib","óô»ðÖ¸ÄÏ"],"gold_per_floor":[8117,4010,4040,4075,4075],"floor_reached":4,"language":"ZHS","playtime":619,"items_purged":["Strike_B","Pain"],"score":215,"play_id":"6e8aca2c-b096-477d-ab8b-0368e7fa5a6e","local_time":"20210224194716","daily_mods":["challengethespire:Bronze Difficulty","challengethespire:Elite Rush","Uncertain Future"],"is_ascension_mode":false,"campfire_choices":[],"circlet_count":0,"master_deck":["Strike_B+1","Strike_B","Strike_B","Defend_B","Defend_B","Defend_B","Defend_B","Zap","Dualcast","Defragment","Compile Driver+1","Double Energy","Chrysalis","Hello World+1","Capacitor+1","Defragment+1","Capacitor+1","Storm+1","Heatsinks+1","Defragment+1","Capacitor+1","Hello World+1","Static Discharge+1","Capacitor+1","Defragment+1","Self Repair+1","Self Repair+1","Loop+1","Capacitor+1","Heatsinks+1","Heatsinks+1","Loop+1"],"relics":["Cracked Core","Black Star","Sling","PreservedInsect","Potion Belt","Boot","Slimebound:StickyStick","Frozen Eye","Cauldron","Membership Card","CaptainsWheel","The Courier","Meat on the Bone","Toy Ornithopter","Orichalcum","Bag of Marbles","Bronze Scales","hexamod:CandleOfCauterizing","Bag of Preparation","Frozen Egg 2","Guardian:GemstoneGun","Gremlin Horn","Sundial","Symbiotic Virus","champ:DuelingGlove","sneckomod:BlankCard","OrangePellets","bronze:DecasWashers","Shuriken","Mummified Hand","Blue Candle","Bottled Flame","hexamod:Sixitude","Pear","Blood Vial","InkBottle","StrikeDummy","White Beast Statue","Lizard Tail","Whetstone","Strawberry","Ice Cream","Eternal Feather","FossilizedHelix","Anchor","Ancient Tea Set","Omamori","Bottled Tornado","Ornamental Fan"],"acts_visited":["Exordium"],"potions_floor_usage":[],"damage_taken":[{"damage":0,"enemies":"Gremlin Nob","floor":3,"turns":1},{"damage":0,"enemies":"3 Sentries","floor":4,"turns":1}],"seed_played":"-2462836475319585692","potions_obtained":[{"floor":1,"key":"PotionOfCapacity"},{"floor":1,"key":"SkillPotion"},{"floor":1,"key":"BlessingOfTheForge"},{"floor":1,"key":"FearPotion"},{"floor":1,"key":"SpeedPotion"}],"is_trial":true,"path_per_floor":["$","R","E","E"],"character_chosen":"DEFECT","items_purchased":["Potion Belt","Boot","Slimebound:StickyStick","Frozen Eye","Defragment","Compile Driver","Double Energy","Chrysalis","Cauldron","Membership Card","CaptainsWheel","The Courier","Meat on the Bone","Toy Ornithopter","Orichalcum","Bag of Marbles","Bronze Scales","hexamod:CandleOfCauterizing","Bag of Preparation","Frozen Egg 2","Hello World+1","Guardian:GemstoneGun","Gremlin Horn","Sundial","Symbiotic Virus","champ:DuelingGlove","sneckomod:BlankCard","OrangePellets","bronze:DecasWashers","Shuriken","Mummified Hand","Blue Candle","Bottled Flame","hexamod:Sixitude","Pear","Blood Vial","InkBottle","StrikeDummy","White Beast Statue","Lizard Tail","Whetstone","Strawberry","Ice Cream","Capacitor+1","Defragment+1","Capacitor+1","Storm+1","Heatsinks+1","Defragment+1","Capacitor+1","Hello World+1","Static Discharge+1","Capacitor+1","Defragment+1","Self Repair+1","Self Repair+1","Loop+1","Capacitor+1","Heatsinks+1","Heatsinks+1","Eternal Feather","FossilizedHelix","Anchor"],"campfire_rested":0,"item_purchase_floors":[1,1,1,1,1,1,1,1,1,2,2,2,2,2,2,2,2,2,2,2,2,2,2,2,2,2,2,2,2,2,2,2,2,2,2,2,2,2,2,2,2,2,2,2,2,2,2,2,2,2,2,2,2,2,2,2,2,2,2,2,2,2,2],"current_hp_per_floor":[75,92,92,92,92],"gold":4075,"neow_bonus":"","is_daily":false,"chose_seed":false,"campfire_upgraded":0,"win_rate":0.0,"timestamp":1614167236,"path_taken":["$","R","E","E"],"items_purchased_type":["Relic","Relic","Relic","Relic","Card","Card","Card","Card","Relic","Relic","Relic","Relic","Relic","Relic","Relic","Relic","Relic","Relic","Relic","Relic","Card","Relic","Relic","Relic","Relic","Relic","Relic","Relic","Relic","Relic","Relic","Relic","Relic","Relic","Relic","Relic","Relic","Relic","Relic","Relic","Relic","Relic","Relic","Card","Card","Card","Card","Card","Card","Card","Card","Card","Card","Card","Card","Card","Card","Card","Card","Card","Relic","Relic","Relic"],"build_version":"2020-11-29","purchased_purges":2,"victory":false,"max_hp_per_floor":[75,92,92,92,92],"card_choices":[],"player_experience":46262,"relics_obtained":[{"floor":3,"key":"Ancient Tea Set"},{"floor":3,"key":"Omamori"},{"floor":4,"key":"Bottled Tornado"},{"floor":4,"key":"Ornamental Fan"}],"event_choices":[],"is_beta":false,"boss_relics":[],"items_purged_floors":[1,2],"is_endless":false,"potions_floor_spawned":[3,4],"killed_by":"3 Sentries","ascension_level":0}}