{"host":"5aai2e5pcxh5kz9q","time":1614184112,"event":{"mods":["BaseMod","Block Reminder","DeckTracker","Highlight Path","Minty Spire (QoL Compilation)","Relic Sorter","StSLib","The Problem Sleuth"],"gold_per_floor":[116,134,152,227,237,237,256,274,301,301,327,391,391,416,416,416,416,416],"floor_reached":16,"language":"ENG","playtime":1131,"items_purged":[],"score":118,"play_id":"bffa3b72-97a9-4dae-a3ef-27effb5e2c34","local_time":"20210224102832","is_ascension_mode":true,"campfire_choices":[{"data":"theSleuth:Ignore","floor":6,"key":"SMITH"},{"floor":13,"key":"REST"},{"floor":15,"key":"REST"}],"circlet_count":0,"master_deck":["theSleuth:Strike","theSleuth:Strike","theSleuth:Strike","theSleuth:Defend","theSleuth:Defend","theSleuth:Defend","theSleuth:KeyHandgun","theSleuth:TakeInventory","theSleuth:Diplomacy","theSleuth:HeartStab","theSleuth:PezUzi","theSleuth:Ignore+1","theSleuth:HandCannon","theSleuth:BenStillerBust","theSleuth:CharismaBlast","theSleuth:ForceDeck","theSleuth:FlaskOfWhiskey","theSleuth:Fortify","theSleuth:Pepperminthryl"],"relics":["theSleuth:Typewriter","PreservedInsect","Letter Opener","Anchor","Dream Catcher"],"acts_visited":["Exordium"],"potions_floor_usage":[14],"damage_taken":[{"damage":0,"enemies":"2 Louse","floor":1,"turns":3},{"damage":0,"enemies":"Small Slimes","floor":2,"turns":4},{"damage":1,"enemies":"Jaw Worm","floor":3,"turns":5},{"damage":0,"enemies":"Large Slime","floor":5,"turns":5},{"damage":4,"enemies":"Gremlin Gang","floor":7,"turns":2},{"damage":6,"enemies":"Lots of Slimes","floor":8,"turns":2},{"damage":7,"enemies":"Gremlin Nob","floor":11,"turns":3},{"damage":9,"enemies":"Lagavulin","floor":14,"turns":5},{"damage":43,"enemies":"Hexaghost","floor":16,"turns":15}],"seed_played":"6169559148616437436","potions_obtained":[{"floor":3,"key":"SteroidPotion"},{"floor":5,"key":"Dexterity Potion"},{"floor":11,"key":"GamblersBrew"}],"is_trial":false,"path_per_floor":["M","M","M","?","M","R","M","M","T","?","E","?","R","E","R","B"],"character_chosen":"THE_sleuth","items_purchased":[],"campfire_rested":2,"item_purchase_floors":[],"current_hp_per_floor":[73,73,72,61,61,61,57,51,51,44,37,37,58,49,70,27,27,27],"gold":416,"neow_bonus":"TRANSFORM_CARD","is_daily":false,"chose_seed":false,"campfire_upgraded":1,"win_rate":0.0,"timestamp":1614184112,"path_taken":["M","M","M","?","M","R","M","M","T","?","E","?","R","E","R","BOSS"],"items_purchased_type":[],"build_version":"2020-12-22","purchased_purges":0,"victory":false,"max_hp_per_floor":[73,73,73,73,73,73,73,73,73,73,73,73,73,73,73,73,73,73],"card_choices":[{"not_picked":["theSleuth:ThinkAhead","theSleuth:WilsonBust"],"picked":"theSleuth:PezUzi","floor":1},{"not_picked":["theSleuth:SpadeDig","theSleuth:CharismaBlast"],"picked":"theSleuth:Ignore","floor":2},{"not_picked":["theSleuth:Deprogram","theSleuth:PezUzi"],"picked":"theSleuth:HandCannon","floor":3},{"not_picked":["theSleuth:Unscale","theSleuth:TruffleTrouble"],"picked":"theSleuth:BenStillerBust","floor":5},{"not_picked":["theSleuth:TripleScuffle","theSleuth:TorsoFlail"],"picked":"theSleuth:CharismaBlast","floor":7},{"not_picked":["theSleuth:Fortify","theSleuth:CandyCorn"],"picked":"theSleuth:ForceDeck","floor":8},{"not_picked":["theSleuth:Distill","theSleuth:PezUzi"],"picked":"theSleuth:FlaskOfWhiskey","floor":11},{"not_picked":["theSleuth:BellyOTheWhale","theSleuth:DiamondArmor"],"picked":"theSleuth:Fortify","floor":14},{"not_picked":["theSleuth:FlaskOfWhiskey","theSleuth:LeverageHeight"],"picked":"theSleuth:Pepperminthryl","floor":15}],"player_experience":249943,"relics_obtained":[{"floor":9,"key":"PreservedInsect"},{"floor":11,"key":"Anchor"},{"floor":14,"key":"Dream Catcher"}],"event_choices":[{"damage_healed":0,"gold_gain":75,"player_choice":"Gather Gold","damage_taken":11,"max_hp_gain":0,"max_hp_loss":0,"event_name":"World of Goop","floor":4,"gold_loss":0},{"damage_healed":0,"gold_gain":0,"player_choice":"Success","damage_taken":7,"relics_obtained":["Letter Opener"],"max_hp_gain":0,"max_hp_loss":0,"event_name":"Scrap Ooze","floor":10,"gold_loss":0},{"damage_healed":0,"gold_gain":64,"player_choice":"Gained Gold","damage_taken":0,"max_hp_gain":0,"max_hp_loss":0,"event_name":"Golden Wing","floor":12,"gold_loss":0}],"is_beta":false,"boss_relics":[],"items_purged_floors":[],"is_endless":false,"potions_floor_spawned":[3,5,11],"killed_by":"Hexaghost","ascension_level":1}}