{"host":"4kmvpqjeiacgn1pr","time":1614134549,"event":{"mods":["A Penny For Your Troubles","AchievementEnabler","AlwaysNeverKeys","Aspiration","BaseMod","Bestiary","Better Altar","Better Match","Better Note","Better Sensory Stone","Better Skull","Better Third Choice","Better Vampires","BetterRewards","Colored Map","Colored Powertips","Conspire","Curses Come First","Downfall","Halation","Highlight Path","Infinite Spire","Minty Spire (QoL Compilation)","Permanent Neow","Quick Restart","Rare Cards Sparkle","Relic Sorter","Relic Stats","Replay The Spire","Reworked Bosses","Shop Mod","Smile Girya","Spicy Shops","Spikes Relics","StSLib","Waifu the Spire"],"gold_per_floor":[110,124,124,143,143,143,173,173,227,244,270,290,290,315,315,413,413,423,423,423,423,423,423,451,451,501,530,542,555,567,492,492,597,597,615,660,678,678,678,703,28,53,53,53,155,7,7,20,20,21,21,14,14,50,49,49,75,75,24,24],"floor_reached":59,"language":"ENG","playtime":4381,"items_purged":["Amnesia"],"score":1591,"play_id":"a8526987-e2d3-4ed5-9078-29eaa12220c4","local_time":"20210223214229","is_ascension_mode":true,"campfire_choices":[{"data":"Hyperbeam","floor":6.0,"key":"SMITH"},{"floor":8.0,"key":"REST"},{"data":"ReplayTheSpireMod:Fabricate Wheel","floor":15.0,"key":"SMITH"},{"data":"ReplaySolidLightProjector","floor":23.0,"key":"SMITH"},{"floor":32.0,"key":"DIG"},{"data":"1","floor":49.0,"key":"LIFT"},{"data":"2","floor":58,"key":"LIFT"}],"circlet_count":0,"master_deck":["Defend_B","Defend_B","Defend_B","Defend_B","Zap","Hyperbeam+1","Double Energy","Sweeping Beam","Sharp Hide","conspire:SharedLibrary","FTL","Steam","Panic Button","ReplayTheSpireMod:Reroute Power","Go for the Eyes","Fission+1","Seek","ReplayTheSpireMod:GoodbyeWorld+1","Double Energy","Storm","Bite","Bite","Bite","Echo Form","ReplaySolidLightProjector+1","Pot Of Greed","Pot Of Greed","Pot Of Greed","Sunder","Reprogram","Steam","ReplaySort+1","Conserve Battery+1","ReplayGash+1","All For One","betterMatch:CurseCard","betterMatch:CurseCard","Pot Of Greed","Hologram+1","ReplayTheSpireMod:Dual Polarity","Aggregate+1","Creative AI","Crystallizer","Writhe","Double Energy","Scrape+1","Defragment","Defragment","Trip","Self Repair","Pot Of Greed","infinitespire:UltimateForm","BootSequence+1","All For One","Storm","Echo Form"],"relics":["Cracked Core","infinitespire:CursedDice","halation:KoshaPiece","halation:PinkSoulGem","Emotion Chip","Ginger","Sandwich","MealTicket","Turnip","Juzu Bracelet","Pocketwatch","Prayer Wheel","halation:AfternoonTea","Prayer Wheel","bronze:MakeshiftBattery","aspiration:RitualStick","aspiration:AnachronicSnailShell","Grinning Jar","aspiration:Stabinomicon","Prayer Wheel","Replay:Ancient Bell","Blue Doll","infinitespire:Bottled Soul","halation:QuantumPhysicsTextbook","Prayer Wheel","Blue Candle","Bottled Tornado","Strange Spoon","BargainBundle","ReplayTheSpireMod:Shallot","Girya","halation:EternalFortune","infinitespire:Lychee Nut","ReplayTheSpireMod:TigerMarble","halation:PapillonHeart","SlaversCollar","halation:PromiseList","GremlinMask","Eternal Feather"],"acts_visited":["Exordium","TheCity","TheBeyond","Exordium"],"potions_floor_usage":[59],"damage_taken":[{"damage":0.0,"enemies":"Jaw Worm","floor":1.0,"turns":1.0},{"damage":0.0,"enemies":"Cultist","floor":2.0,"turns":3.0},{"damage":0.0,"enemies":"Small Slimes","floor":4.0,"turns":2.0},{"damage":27.0,"enemies":"Lagavulin","floor":7.0,"turns":5.0},{"damage":0.0,"enemies":"3 Louse","floor":10.0,"turns":1.0},{"damage":0.0,"enemies":"2 Fungi Beasts","floor":12.0,"turns":2.0},{"damage":0.0,"enemies":"3 Sentries","floor":14.0,"turns":2.0},{"damage":26.0,"enemies":"Fading Forest","floor":16.0,"turns":11.0},{"damage":1.0,"enemies":"Chosen","floor":18.0,"turns":3.0},{"damage":0.0,"enemies":"Slavers","floor":24.0,"turns":1.0},{"damage":15.0,"enemies":"Book of Stabbing","floor":27.0,"turns":3.0},{"damage":0.0,"enemies":"Shell Parasite","floor":28.0,"turns":2.0},{"damage":7.0,"enemies":"Snake Plant","floor":29.0,"turns":2.0},{"damage":0.0,"enemies":"Centurion and Healer","floor":30.0,"turns":3.0},{"damage":4.0,"enemies":"bossMod:newChamp","floor":33.0,"turns":7.0},{"damage":4.0,"enemies":"3 Shapes","floor":35.0,"turns":2.0},{"damage":45.0,"enemies":"2 Orb Walkers","floor":36.0,"turns":5.0},{"damage":4.0,"enemies":"Orb Walker","floor":37.0,"turns":3.0},{"damage":4.0,"enemies":"Giant Head","floor":40.0,"turns":7.0},{"damage":22.0,"enemies":"Nemesis","floor":42.0,"turns":5.0},{"damage":21.0,"enemies":"infinitespire:Three Voidlings","floor":45.0,"turns":2.0},{"damage":34.0,"enemies":"Nightmare_Alpha","floor":45.0,"turns":9.0},{"damage":1.0,"enemies":"Sphere and 2 Shapes","floor":48.0,"turns":5.0},{"damage":3.0,"enemies":"bossMod:newShapes","floor":50.0,"turns":4.0},{"damage":20,"enemies":"Small Slimes","floor":52,"turns":3},{"damage":1,"enemies":"Lagavulin Event","floor":54,"turns":2},{"damage":1,"enemies":"Cultist","floor":55,"turns":2},{"damage":0,"enemies":"3 Sentries","floor":57,"turns":1},{"damage":62,"enemies":"Nightmare","floor":59,"turns":4}],"seed_played":"282332923432881738","potions_obtained":[{"floor":2.0,"key":"Milkshake"},{"floor":10.0,"key":"FocusPotion"},{"floor":12.0,"key":"PowerPotion"},{"floor":18.0,"key":"champ:CounterPotion"},{"floor":27.0,"key":"Fruit Juice"},{"floor":28.0,"key":"Adrenaline Potion"},{"floor":30.0,"key":"FairyPotion"},{"floor":37.0,"key":"PowerPotion"},{"floor":48.0,"key":"LiquidMemories"}],"is_trial":false,"path_per_floor":["M","M","?","M","?","R","E","R","T","M","?","M","?","E","R","B",null,"M","?","?","?","?","R","E","?","T","E","M","M","M","?","R_BF","B",null,"M","?","M","?","?","E","$","E","T","?","?","$","?","M","R","B",null,"M","?","?","M","?","E","R","NM"],"character_chosen":"DEFECT","items_purchased":["Ginger","Hyperbeam","Double Energy","Sharp Hide","Double Energy","Strange Spoon","BargainBundle","ReplayTheSpireMod:Shallot","Scrape+1","Defragment","Trip","DistilledChaos","ReplayTheSpireMod:TigerMarble"],"campfire_rested":1,"item_purchase_floors":[0,0,0,0,41,41,41,41,41,41,41,41,46],"current_hp_per_floor":[53,53,53,53,53,53,26,48,48,48,48,48,48,48,48,30,64,63,61,49,37,37,37,37,37,37,35,37,36,40,40,40,44,61,61,22,18,35,30,32,47,27,27,30,34,49,48,48,48,48,48,30,30,39,41,41,41,48,0,0],"gold":24,"neow_bonus":"","is_daily":false,"chose_seed":false,"campfire_upgraded":3,"win_rate":0.0,"timestamp":1614134549,"path_taken":["M","M","?","?","?","R","E","R","T","M","?","M","?","E","R","BOSS","M","?","?","?","?","R","E","?","T","E","M","M","M","?","R_BF","BOSS","M","?","M","?","?","E","$","E","T","?","?","?","?","M","R","BOSS","M","?","?","M","?","E","R","NM"],"items_purchased_type":["Relic","Card","Card","Card","Card","Relic","Relic","Relic","Card","Card","Card","Potion","Relic"],"build_version":"2020-12-22","purchased_purges":1,"victory":false,"max_hp_per_floor":[75,75,75,75,75,75,75,75,75,75,75,75,75,75,75,75,75,75,61,61,61,61,61,61,61,61,66,66,66,66,66,66,66,66,66,66,66,66,66,66,66,66,66,69,51,51,48,48,48,48,48,48,48,48,48,48,48,48,48,48],"relic_stats":{"counters":[52,190],"Blue Candle":[18],"Eternal Feather":7,"Juzu Bracelet":2,"Ginger":[8],"aspiration:RitualStick":[4],"Strange Spoon":[25],"Emotion Chip":[23,15,1,2,5],"MealTicket":30,"Prayer Wheel":10,"Turnip":[6],"obtain_stats":[{"Vajra":27,"aspiration:Stabinomicon":27,"Whetstone":40,"Ginger":0,"Bottled Tornado":40,"aspiration:RitualStick":21,"HornCleat":28,"halation:PrussianBluePaint":20,"MealTicket":25,"Prayer Wheel":12,"halation:KoshaPiece":32,"halation:PromiseList":54,"Replay:Blank Codex":19,"Girya":3,"halation:QuantumPhysicsTextbook":34,"aspiration:Nostalgia":0,"Blue Candle":39,"Eternal Feather":57,"Ring of Chaos":28,"Replay:Ancient Bell":34,"SlaversCollar":51,"Replay:Baseball":6,"ReplayTheSpireMod:Shallot":26,"infinitespire:Lychee Nut":45,"ReplayTheSpireMod:TigerMarble":15,"Grinning Jar":26,"CrustySpines":30,"bronze:MakeshiftBattery":17,"Pocketwatch":11,"SnailShell":24,"halation:PapillonHeart":47,"conspire:SpecialSausage":34,"Blue Doll":34,"GremlinMask":56,"Bag of Preparation":36,"Juzu Bracelet":9,"Empty Cage":17,"Emotion Chip":36,"infinitespire:Bottled Soul":34,"aspiration:AnachronicSnailShell":24,"Tiny Chest":11,"Cracked Core":0,"BargainBundle":41,"infinitespire:CursedDice":42,"Omamori":38,"Sandwich":0,"Strange Spoon":41,"infinitespire:DarkRift":0,"DataDisk":9,"halation:EternalFortune":44,"Turnip":7,"Art of War":21,"halation:TwoAmDonut":43,"halation:AfternoonTea":14,"halation:PinkSoulGem":13},{"Vajra":13,"aspiration:Stabinomicon":34,"Whetstone":21,"Ginger":23,"Bottled Tornado":42,"aspiration:RitualStick":32,"HornCleat":13,"halation:PrussianBluePaint":10,"MealTicket":12,"Prayer Wheel":29,"halation:KoshaPiece":37,"halation:PromiseList":49,"Replay:Blank Codex":10,"Girya":1,"halation:QuantumPhysicsTextbook":38,"aspiration:Nostalgia":0,"Blue Candle":41,"Eternal Feather":51,"Ring of Chaos":13,"Replay:Ancient Bell":38,"SlaversCollar":47,"Replay:Baseball":4,"ReplayTheSpireMod:Shallot":12,"infinitespire:Lychee Nut":45,"ReplayTheSpireMod:TigerMarble":8,"Grinning Jar":33,"CrustySpines":15,"bronze:MakeshiftBattery":31,"Pocketwatch":28,"SnailShell":12,"halation:PapillonHeart":45,"conspire:SpecialSausage":17,"Blue Doll":38,"GremlinMask":50,"Bag of Preparation":18,"Juzu Bracelet":27,"Empty Cage":9,"Emotion Chip":40,"infinitespire:Bottled Soul":38,"aspiration:AnachronicSnailShell":33,"Tiny Chest":6,"Cracked Core":0,"BargainBundle":42,"infinitespire:CursedDice":43,"Omamori":19,"Sandwich":23,"Strange Spoon":42,"infinitespire:DarkRift":0,"DataDisk":5,"halation:EternalFortune":43,"Turnip":27,"Art of War":10,"halation:TwoAmDonut":22,"halation:AfternoonTea":30,"halation:PinkSoulGem":7},{"Vajra":48,"aspiration:Stabinomicon":122,"Whetstone":81,"Ginger":88,"Bottled Tornado":153,"aspiration:RitualStick":118,"HornCleat":48,"halation:PrussianBluePaint":38,"MealTicket":46,"Prayer Wheel":102,"halation:KoshaPiece":129,"halation:PromiseList":183,"Replay:Blank Codex":38,"Girya":4,"halation:QuantumPhysicsTextbook":136,"aspiration:Nostalgia":0,"Blue Candle":146,"Eternal Feather":186,"Ring of Chaos":48,"Replay:Ancient Bell":136,"SlaversCollar":178,"Replay:Baseball":14,"ReplayTheSpireMod:Shallot":46,"infinitespire:Lychee Nut":169,"ReplayTheSpireMod:TigerMarble":25,"Grinning Jar":119,"CrustySpines":57,"bronze:MakeshiftBattery":115,"Pocketwatch":100,"SnailShell":46,"halation:PapillonHeart":169,"conspire:SpecialSausage":64,"Blue Doll":136,"GremlinMask":185,"Bag of Preparation":67,"Juzu Bracelet":99,"Empty Cage":36,"Emotion Chip":143,"infinitespire:Bottled Soul":136,"aspiration:AnachronicSnailShell":119,"Tiny Chest":21,"Cracked Core":0,"BargainBundle":153,"infinitespire:CursedDice":158,"Omamori":70,"Sandwich":88,"Strange Spoon":153,"infinitespire:DarkRift":0,"DataDisk":16,"halation:EternalFortune":158,"Turnip":99,"Art of War":38,"halation:TwoAmDonut":87,"halation:AfternoonTea":104,"halation:PinkSoulGem":23}],"Pocketwatch":[4]},"card_choices":[{"not_picked":["Beam Cell","Compile Driver"],"picked":"conspire:SharedLibrary","floor":1.0},{"not_picked":["Redo","Cold Snap"],"picked":"FTL","floor":2.0},{"not_picked":["Ball Lightning","Cold Snap","BasicCrystalCard"],"picked":"SKIP","floor":4.0},{"not_picked":["Leap","Cold Snap"],"picked":"Steam","floor":7.0},{"not_picked":["Doom and Gloom","Redo"],"picked":"Panic Button","floor":10.0},{"not_picked":["ReplayTheSpireMod:Dual Polarity","conspire:SharedLibrary"],"picked":"ReplayTheSpireMod:Fabricate Wheel","floor":12.0},{"not_picked":["Barrage","ReplayGash"],"picked":"ReplayTheSpireMod:Reroute Power","floor":12.0},{"not_picked":["Steam","Turbo"],"picked":"Go for the Eyes","floor":14.0},{"not_picked":["Biased Cognition","Amplify"],"picked":"Seek","floor":16.0},{"not_picked":["Redo+1","Blizzard"],"picked":"ReplayTheSpireMod:GoodbyeWorld+1","floor":18.0},{"not_picked":["Reinforced Body","Coolheaded"],"picked":"Double Energy","floor":18.0},{"not_picked":["Steam","Undo+1"],"picked":"Storm","floor":18.0},{"not_picked":["Go for the Eyes","ReplayTheSpireMod:Calculation Training","Biased Cognition"],"picked":"SKIP","floor":24.0},{"not_picked":["Coolheaded","Darkness"],"picked":"Sunder","floor":27.0},{"not_picked":["Leap","Blizzard"],"picked":"Reprogram","floor":28.0},{"not_picked":["Gash","Rebound+1"],"picked":"Steam","floor":28.0},{"not_picked":["Turbo","Sweeping Beam","Streamline"],"picked":"SKIP","floor":28.0},{"not_picked":["Turbo","Sweeping Beam","Streamline"],"picked":"SKIP","floor":28.0},{"not_picked":["Rainbow","Lockon+1"],"picked":"ReplaySort+1","floor":29.0},{"not_picked":["Compile Driver","Sunder"],"picked":"Conserve Battery+1","floor":29.0},{"not_picked":["DiskWipe","Barrage"],"picked":"ReplayGash+1","floor":29.0},{"not_picked":["Turbo","Compile Driver","Auto Shields"],"picked":"SKIP","floor":29.0},{"not_picked":["Stack+1","Coolheaded+1","RefreshScreen"],"picked":"SKIP","floor":30.0},{"not_picked":["Redo","Stack","Rebound+1"],"picked":"SKIP","floor":30.0},{"not_picked":["Sweeping Beam","Steam","Multi-Cast"],"picked":"SKIP","floor":30.0},{"not_picked":["Stack","Redo","Lockon"],"picked":"SKIP","floor":30.0},{"not_picked":["Fission","Amplify"],"picked":"All For One","floor":33.0},{"not_picked":["Regret","Delirium"],"picked":"betterMatch:CurseCard","floor":34.0},{"not_picked":["Hatred","conspire:Blindness"],"picked":"betterMatch:CurseCard","floor":34.0},{"not_picked":["downfall:Aged","downfall:Haunted"],"picked":"Amnesia","floor":34.0},{"not_picked":["Fusion","Sweeping Beam"],"picked":"Hologram+1","floor":35.0},{"not_picked":["Conserve Battery+1","Leap","RefreshScreen"],"picked":"SKIP","floor":35.0},{"not_picked":["Turbo","Redo+1","Thunder Strike"],"picked":"SKIP","floor":35.0},{"not_picked":["Conserve Battery","Glacier","Time Bomb"],"picked":"SKIP","floor":35.0},{"not_picked":["Compile Driver+1","Go for the Eyes+1"],"picked":"ReplayTheSpireMod:Dual Polarity","floor":36.0},{"not_picked":["Lockon","Conserve Battery+1"],"picked":"Aggregate+1","floor":37.0},{"not_picked":["Go for the Eyes","ReplayTheSpireMod:GoodbyeWorld"],"picked":"Creative AI","floor":37.0},{"not_picked":["Coolheaded+1","aspiration:Polymerization+1"],"picked":"Crystallizer","floor":37.0},{"not_picked":["Leap","Ball Lightning+1","Blizzard+1"],"picked":"SKIP","floor":37.0},{"not_picked":["Streamline+1","Leap+1","Redo+1"],"picked":"SKIP","floor":37.0},{"not_picked":["Redo","ReplayTheSpireMod:Repulse","Darkness+1"],"picked":"SKIP","floor":40.0},{"not_picked":["ReplayGash","Lockon"],"picked":"Self Repair","floor":42.0},{"not_picked":["infinitespire:Execution","infinitespire:SealOfDarkness+"],"picked":"infinitespire:UltimateForm","floor":45.0},{"not_picked":["Redo+1","ReplayTheSpireMod:Fabricate Wheel"],"picked":"BootSequence+1","floor":45.0},{"not_picked":["Capacitor","Stack"],"picked":"All For One","floor":48.0},{"not_picked":["Redo+1","Heatsinks+1","Steam+1"],"picked":"SKIP","floor":48.0},{"not_picked":["Panic Button","Turbo","Conserve Battery"],"picked":"SKIP","floor":48.0},{"not_picked":["Ball Lightning+1","Redo","Sweeping Beam+1"],"picked":"SKIP","floor":48.0},{"not_picked":["Consume+1","Lockon","BootSequence+1"],"picked":"SKIP","floor":48.0},{"not_picked":["Beam Cell","ReplaySolidLightProjector"],"picked":"Storm","floor":52},{"not_picked":["Compile Driver","Panic Button","Steam"],"picked":"SKIP","floor":52},{"not_picked":["Stack","Hologram","Gash"],"picked":"SKIP","floor":52},{"not_picked":["Ball Lightning","Leap","Reinforced Body"],"picked":"SKIP","floor":52},{"not_picked":["Consume","ReplayTheSpireMod:Reroute Power","Self Repair"],"picked":"SKIP","floor":52},{"not_picked":["Fission","BasicCrystalCard","aspiration:Polymerization"],"picked":"SKIP","floor":55},{"not_picked":["FTL","Cold Snap","Ball Lightning"],"picked":"SKIP","floor":55},{"not_picked":["Streamline","Beam Cell","Hologram"],"picked":"SKIP","floor":55},{"not_picked":["Beam Cell","Panic Button","Stack"],"picked":"SKIP","floor":55},{"not_picked":["Hello World","Sweeping Beam","Loop"],"picked":"SKIP","floor":55},{"not_picked":["Panic Button","Storm"],"picked":"Echo Form","floor":57}],"player_experience":505051,"relics_obtained":[{"floor":7.0,"key":"Turnip"},{"floor":9.0,"key":"Juzu Bracelet"},{"floor":11.0,"key":"Pocketwatch"},{"floor":14.0,"key":"halation:AfternoonTea"},{"floor":24.0,"key":"aspiration:AnachronicSnailShell"},{"floor":26.0,"key":"Grinning Jar"},{"floor":27.0,"key":"aspiration:Stabinomicon"},{"floor":32.0,"key":"halation:KoshaPiece"},{"floor":36.0,"key":"Emotion Chip"},{"floor":40.0,"key":"Bottled Tornado"},{"floor":42.0,"key":"infinitespire:CursedDice"},{"floor":43.0,"key":"Girya"},{"floor":45.0,"key":"infinitespire:Lychee Nut"},{"floor":54,"key":"halation:PromiseList"},{"floor":57,"key":"Eternal Feather"}],"event_choices":[{"damage_healed":0.0,"max_hp_gain":0.0,"max_hp_loss":0.0,"gold_gain":0.0,"event_name":"WeMeetAgain","player_choice":"Gave Potion","floor":3.0,"gold_loss":0.0,"damage_taken":0.0,"relics_obtained":["MealTicket"]},{"damage_healed":0.0,"max_hp_gain":0.0,"max_hp_loss":0.0,"gold_gain":0.0,"event_name":"conspire:Investor","player_choice":"Leave","floor":13.0,"gold_loss":0.0,"damage_taken":0.0},{"damage_healed":0.0,"max_hp_gain":0.0,"max_hp_loss":14.0,"gold_gain":0.0,"event_name":"Vampires","player_choice":"Became a vampire","floor":19.0,"gold_loss":0.0,"damage_taken":0.0,"cards_obtained":["Bite","Bite","Bite"]},{"damage_healed":0.0,"max_hp_gain":0.0,"max_hp_loss":12.0,"gold_gain":2.0,"event_name":"betterStone:BetterStone","player_choice":"2","floor":20.0,"gold_loss":0.0,"damage_taken":0.0},{"damage_healed":0.0,"max_hp_gain":0.0,"max_hp_loss":0.0,"gold_gain":0.0,"event_name":"The Library","player_choice":"Read","floor":22.0,"gold_loss":0.0,"damage_taken":0.0,"cards_obtained":["ReplaySolidLightProjector"]},{"cards_removed":["Dualcast"],"damage_healed":0.0,"max_hp_gain":0.0,"max_hp_loss":0.0,"gold_gain":0.0,"event_name":"Beggar","player_choice":"Gave Gold","floor":31.0,"gold_loss":75.0,"damage_taken":0.0},{"damage_healed":0.0,"max_hp_gain":0.0,"max_hp_loss":0.0,"gold_gain":0.0,"event_name":"Mysterious Sphere","player_choice":"Fight","floor":36.0,"gold_loss":0.0,"damage_taken":0.0},{"damage_healed":17.0,"max_hp_gain":0.0,"max_hp_loss":0.0,"gold_gain":0.0,"event_name":"Winding Halls","player_choice":"Writhe","floor":38.0,"gold_loss":0.0,"damage_taken":0.0,"cards_obtained":["Writhe"]},{"damage_healed":0,"gold_gain":0,"player_choice":"Grow","damage_taken":0,"max_hp_gain":0,"max_hp_loss":0,"event_name":"Living Wall","floor":53,"gold_loss":0,"cards_upgraded":["Fission"]},{"damage_healed":0,"gold_gain":30,"player_choice":"Searched \u00272\u0027 times","damage_taken":0,"max_hp_gain":0,"max_hp_loss":0,"event_name":"Dead Adventurer","floor":54,"gold_loss":0},{"damage_healed":0,"gold_gain":0,"player_choice":"Trade","damage_taken":0,"relics_obtained":["GremlinMask"],"max_hp_gain":0,"max_hp_loss":0,"event_name":"FaceTrader","floor":56,"gold_loss":0}],"is_beta":false,"boss_relics":[{"not_picked":["FrozenCore","halation:CatFaceCupcake"],"picked":"bronze:MakeshiftBattery"},{"not_picked":["halation:SmartPhone","Astrolabe"],"picked":"Replay:Ancient Bell"},{"not_picked":["Dream Catcher","Vajra"],"picked":"Blue Doll"},{"not_picked":["Pantograph","Carrot"],"picked":"infinitespire:Bottled Soul"},{"not_picked":["Replay:Towering Pillar of Hats","CaptainsWheel"],"picked":"halation:QuantumPhysicsTextbook"},{"not_picked":["Painkiller Herb","CosmicIsotope"],"picked":"SlaversCollar"}],"items_purged_floors":[41],"is_endless":true,"potions_floor_spawned":[2,10,12,18,27,28,30,37,42,48],"killed_by":"Nightmare","ascension_level":5}}