{"host":"t6r1isv2bex5ovch","time":1614157026,"event":{"mods":["AchievementEnabler","Act Like it!","Aspiration","BaseMod","Better Altar","Better Match","Better Note","Better Sensory Stone","Better Skull","Better Third Choice","Better Vampires","Bossed Relics","Colored Powertips","Displayed Cursed Tome","Evolution","Fox Events","Gremlin Skip","Halation","Highlight Path","Hubris","Infinite Spire","Minty Spire (QoL Compilation)","Reliquary","Ruina","Spire Arcade","StSLib"],"gold_per_floor":[111,186,206,216,101,101,132,145,200,217,217,243,243,243,243,342,342,362,376,376,390,166,200,200,200,200],"floor_reached":25,"language":"ENG","playtime":1372,"items_purged":["Strike_B","Strike_B","Defend_B"],"score":337,"play_id":"f3822a8e-a55b-4a9b-a039-6b0d3f3b17bc","local_time":"20210224195706","is_ascension_mode":true,"campfire_choices":[{"floor":6,"key":"RECALL"},{"data":"Self Repair","floor":11,"key":"SMITH"},{"data":"Amplify","floor":13,"key":"SMITH"},{"data":"Defragment","floor":15,"key":"SMITH"}],"circlet_count":0,"master_deck":["Ball Lightning","Ball Lightning","Defend_B","Defend_B","Defend_B","Zap","Dualcast","Defragment+1","Defragment","Self Repair+1","Amplify+1","Conserve Battery","Static Discharge+1","Ball Lightning","Necronomicurse"],"relics":["Cracked Core","EVO:Axolotl","Vajra","reliquary:Sod","Bag of Preparation","aspiration:PoetsPen_weak","infinitespire:SolderingIron","Membership Card","halation:Gekota","Necronomicon"],"acts_visited":["Exordium","TheCity"],"potions_floor_usage":[7,19,23,23],"damage_taken":[{"damage":9,"enemies":"2 Louse","floor":1,"turns":2},{"damage":2,"enemies":"Jaw Worm","floor":3,"turns":2},{"damage":1,"enemies":"Cultist","floor":4,"turns":3},{"damage":12,"enemies":"Lagavulin","floor":7,"turns":6},{"damage":4,"enemies":"Exordium Wildlife","floor":8,"turns":3},{"damage":0,"enemies":"Large Slime","floor":10,"turns":4},{"damage":8,"enemies":"Gremlin Nob","floor":12,"turns":3},{"damage":0,"enemies":"Slime Boss","floor":16,"turns":4},{"damage":34,"enemies":"2 Thieves","floor":18,"turns":4},{"damage":14,"enemies":"Shell Parasite","floor":19,"turns":3},{"damage":31,"enemies":"Chosen and Byrds","floor":21,"turns":5},{"damage":29,"enemies":"Book of Stabbing","floor":23,"turns":3},{"damage":11,"enemies":"Centurion and Healer","floor":25,"turns":1}],"seed_played":"-6762105596105631518","potions_obtained":[{"floor":1,"key":"Dexterity Potion"},{"floor":7,"key":"SpeedPotion"},{"floor":16,"key":"Fire Potion"},{"floor":19,"key":"Dexterity Potion"},{"floor":21,"key":"PowerPotion"}],"is_trial":false,"path_per_floor":["M","?","M","M","$","R","E","M","T","M","R","E","R","?","R","B",null,"M","M","AVR","M","$","E","?","M"],"character_chosen":"DEFECT","items_purchased":["Self Repair","Membership Card","Ball Lightning"],"campfire_rested":0,"item_purchase_floors":[5,22,22],"current_hp_per_floor":[73,62,60,59,59,59,54,57,57,64,64,66,66,66,66,66,82,58,64,64,43,43,24,8,0,0],"gold":200,"neow_bonus":"TEN_PERCENT_HP_BONUS","is_daily":false,"chose_seed":false,"campfire_upgraded":3,"win_rate":0.0,"timestamp":1614157026,"path_taken":["M","?","M","M","$","R","E","M","T","M","R","E","R","?","R","BOSS","M","M","AVR","M","$","E","?","M"],"items_purchased_type":["Card","Relic","Card"],"build_version":"2020-12-22","purchased_purges":3,"victory":false,"max_hp_per_floor":[82,82,82,82,82,82,82,82,82,82,82,82,82,82,82,82,82,82,82,82,82,82,82,82,82,82],"card_choices":[{"not_picked":["aspiration:Polymerization","Cold Snap","Rebound"],"picked":"SKIP","floor":1},{"not_picked":["hubris:PowerSurge","Barrage"],"picked":"Defragment","floor":3},{"not_picked":["Stack","Doom and Gloom"],"picked":"Defragment","floor":4},{"not_picked":["Thunder Strike","Reprogram","Gash"],"picked":"SKIP","floor":7},{"not_picked":["Gash","Steam","Hello World"],"picked":"SKIP","floor":8},{"not_picked":["Redo","Cold Snap","Streamline"],"picked":"SKIP","floor":10},{"not_picked":["Compile Driver","Scrape"],"picked":"Amplify","floor":12},{"not_picked":["Redo","Go for the Eyes"],"picked":"Conserve Battery","floor":18},{"not_picked":["Rip and Tear","Coolheaded","Capacitor+1"],"picked":"SKIP","floor":19},{"not_picked":["Hologram","Beam Cell+1"],"picked":"Static Discharge+1","floor":21},{"not_picked":["Compile Driver","Steam","Go for the Eyes"],"picked":"SKIP","floor":23}],"player_experience":408129,"relics_obtained":[{"floor":7,"key":"Vajra"},{"floor":12,"key":"reliquary:Sod"},{"floor":23,"key":"halation:Gekota"}],"event_choices":[{"damage_healed":0,"gold_gain":75,"player_choice":"Gold","damage_taken":11,"max_hp_gain":0,"max_hp_loss":0,"event_name":"betterThird:BetterGoop","floor":2,"gold_loss":0},{"damage_healed":0,"gold_gain":0,"player_choice":"Gave Potion","damage_taken":0,"relics_obtained":["Bag of Preparation"],"max_hp_gain":0,"max_hp_loss":0,"event_name":"WeMeetAgain","floor":14,"gold_loss":0},{"damage_healed":0,"gold_gain":0,"player_choice":"Obtained Book","damage_taken":16,"max_hp_gain":0,"max_hp_loss":0,"event_name":"Cursed Tome","floor":24,"gold_loss":0}],"is_beta":false,"boss_relics":[{"not_picked":["hubris:GrandSneckoEye","Tiny House"],"picked":"aspiration:PoetsPen_weak"}],"items_purged_floors":[5,20,22],"is_endless":false,"potions_floor_spawned":[1,7,16,19,21],"killed_by":"Centurion and Healer","ascension_level":4}}