{"host":"z4s4qib7mdvdkfud","time":1614171502,"event":{"mods":["BaseMod","Colored Map","Colored Powertips","Curses Come First","DeckTracker","Downfall","Highlight Path","Minty Spire (QoL Compilation)","Permanent Neow","StSLib"],"gold_per_floor":[99,99,3,3,20,5,5,35,53,64,64,64,64,64,80,176,176,176,190,208,20,20,48,125,125,125,125],"floor_reached":25,"language":"ENG","playtime":1580,"items_purged":["Decay"],"score":242,"play_id":"4be22bbd-87ba-4376-93ff-8f59a66f61b3","local_time":"20210224235822","is_ascension_mode":false,"campfire_choices":[{"floor":1,"key":"RECALL"},{"data":"sneckomod:MorePower","floor":11,"key":"SMITH"},{"data":"sneckomod:UnknownUncommonPower","floor":13,"key":"SMITH"},{"data":"sneckomod:SerpentMind","floor":18,"key":"SMITH"}],"circlet_count":0,"master_deck":["sneckomod:Strike","sneckomod:Defend","sneckomod:Defend","sneckomod:TailWhip+1","sneckomod:SnekBite+1","sneckomod:Unknown+1","sneckomod:Unknown+1","sneckomod:RainOfDice","sneckomod:SlitherStrike","sneckomod:SlitherStrike","sneckomod:UnknownUncommonPower+1","sneckomod:MorePower+1","sneckomod:UnknownUncommonAttack+1","sneckomod:UnknownX","sneckomod:Unknown3Cost","sneckomod:UnknownBlock+1","sneckomod:Rotation+1","sneckomod:UnknownBoss+1","sneckomod:SerpentMind+1","sneckomod:UnknownWeak+1","sneckomod:UnknownDraw+1","sneckomod:SoulRoll+1","sneckomod:UnknownCommonSkill+1","sneckomod:UnknownRareSkill","sneckomod:UnlimitedRolls","sneckomod:UnknownRarePower+1"],"relics":["SacredBark","Incense Burner","InkBottle","Meat on the Bone","Philosopher\u0027s Stone","War Paint","Vajra","Toxic Egg 2","Eternal Feather"],"acts_visited":["Exordium","TheCity"],"potions_floor_usage":[19,20,21,21,23],"damage_taken":[{"damage":5,"enemies":"downfall:FleeingMerchant","floor":3,"turns":4},{"damage":0,"enemies":"2 Louse","floor":5,"turns":2},{"damage":10,"enemies":"downfall:FleeingMerchant","floor":6,"turns":4},{"damage":15,"enemies":"3 Sentries","floor":8,"turns":6},{"damage":3,"enemies":"Jaw Worm","floor":9,"turns":3},{"damage":2,"enemies":"Cultist","floor":10,"turns":2},{"damage":8,"enemies":"Large Slime","floor":15,"turns":5},{"damage":13,"enemies":"IC_STATUS_ARCHETYPE","floor":16,"turns":10},{"damage":10,"enemies":"3 Byrds","floor":19,"turns":4},{"damage":16,"enemies":"Shell Parasite","floor":20,"turns":3},{"damage":17,"enemies":"downfall:FleeingMerchant","floor":21,"turns":4},{"damage":51,"enemies":"Slavers","floor":23,"turns":5},{"damage":26,"enemies":"Cultist and Chosen","floor":25,"turns":4}],"seed_played":"6366702035136259051","potions_obtained":[{"floor":8,"key":"hexamod:SoulburnPotion"},{"floor":9,"key":"ColorlessPotion"},{"floor":10,"key":"Energy Potion"},{"floor":19,"key":"Slimebound:ThreeZeroPotion"},{"floor":20,"key":"hexamod:SoulburnPotion"}],"is_trial":false,"path_per_floor":["R","?","$","?","M","$","T","E","M","M","R","?","R","T","M","B",null,"R","M","M","$","?","E","T","M"],"character_chosen":"THE_SNECKO","items_purchased":["sneckomod:SlitherStrike","sneckomod:UnlimitedRolls","War Paint","Vajra"],"campfire_rested":0,"item_purchase_floors":[3,21,21,21],"current_hp_per_floor":[90,90,85,85,85,75,75,60,57,55,55,60,60,60,52,51,95,95,85,69,52,52,13,13,0,0,0],"gold":125,"neow_bonus":"BOSS_RELIC","is_daily":false,"chose_seed":false,"campfire_upgraded":3,"win_rate":0.0,"timestamp":1614171502,"path_taken":["R","?","$","?","M","$","T","E","M","?","R","?","R","?","M","BOSS","R","M","M","$","?","E","T","M"],"items_purchased_type":["Card","Card","Relic","Relic"],"build_version":"2020-12-22","purchased_purges":1,"victory":false,"max_hp_per_floor":[90,90,90,90,90,90,90,90,90,90,90,95,95,95,95,95,95,95,95,95,95,95,95,95,95,95,95],"card_choices":[{"not_picked":["sneckomod:UnknownWeak","sneckomod:SoulRoll"],"picked":"sneckomod:RainOfDice","floor":3},{"not_picked":["sneckomod:UnknownCommonSkill","sneckomod:PureSnecko"],"picked":"sneckomod:SlitherStrike","floor":5},{"not_picked":["sneckomod:DiceCrush","sneckomod:UnknownExhaust"],"picked":"sneckomod:UnknownUncommonPower","floor":6},{"not_picked":["sneckomod:SoulDraw","sneckomod:DiceBlock"],"picked":"sneckomod:MorePower","floor":8},{"not_picked":["sneckomod:UnknownCommonAttack+1","sneckomod:UnknownStrike+1"],"picked":"sneckomod:UnknownUncommonAttack+1","floor":9},{"not_picked":["sneckomod:IronFang","sneckomod:WideSting"],"picked":"sneckomod:UnknownX","floor":9},{"not_picked":["sneckomod:SnakeSap","sneckomod:SoulRoll"],"picked":"sneckomod:Unknown3Cost","floor":10},{"not_picked":["sneckomod:UnknownUncommonAttack+1","sneckomod:Unknown0Cost+1"],"picked":"sneckomod:UnknownBlock+1","floor":15},{"not_picked":["sneckomod:Unknown1Cost","sneckomod:UnknownVulnerable"],"picked":"sneckomod:Rotation","floor":15},{"not_picked":["sneckomod:Unknown2Cost+1","sneckomod:UnknownBlock+1"],"picked":"sneckomod:UnknownBoss+1","floor":16},{"not_picked":["sneckomod:UnknownRareSkill","sneckomod:MorePower"],"picked":"sneckomod:SerpentMind","floor":16},{"not_picked":["sneckomod:Unknown1Cost+1","sneckomod:UnknownBoss+1"],"picked":"sneckomod:UnknownWeak+1","floor":19},{"not_picked":["sneckomod:UnknownCommonAttack","sneckomod:UnknownStrike+1","sneckomod:QuickMove+1"],"picked":"SKIP","floor":19},{"not_picked":["sneckomod:UnknownStrike+1","sneckomod:UnknownUncommonPower+1"],"picked":"sneckomod:UnknownDraw+1","floor":20},{"not_picked":["sneckomod:DiceBoulder","sneckomod:DiceCrush+1"],"picked":"sneckomod:SoulRoll+1","floor":20},{"not_picked":["sneckomod:UnknownWeak+1","sneckomod:UnknownX+1"],"picked":"sneckomod:UnknownCommonSkill+1","floor":21},{"not_picked":["sneckomod:UnknownClassGUARDIAN","sneckomod:MorePower"],"picked":"sneckomod:UnknownRareSkill","floor":21},{"not_picked":["sneckomod:UnknownUncommonSkill+1","sneckomod:UnknownWeak+1"],"picked":"sneckomod:UnknownRarePower+1","floor":23},{"not_picked":["sneckomod:UnknownClassRED+1","sneckomod:UnknownExhaust+1","sneckomod:DiceCrush"],"picked":"SKIP","floor":23}],"player_experience":75647,"relics_obtained":[{"floor":7,"key":"Incense Burner"},{"floor":8,"key":"InkBottle"},{"floor":14,"key":"Meat on the Bone"},{"floor":23,"key":"Toxic Egg 2"},{"floor":24,"key":"Eternal Feather"}],"event_choices":[{"damage_healed":0,"gold_gain":0,"player_choice":"Donut","damage_taken":0,"max_hp_gain":5,"max_hp_loss":0,"event_name":"Big Fish","floor":12,"gold_loss":0}],"is_beta":false,"boss_relics":[{"not_picked":["Runic Dome","Runic Pyramid"],"picked":"Philosopher\u0027s Stone"}],"items_purged_floors":[21],"is_endless":false,"potions_floor_spawned":[8,9,10,16,19,20],"killed_by":"Cultist and Chosen","ascension_level":0}}