{"host":"rzxtdhi6dlaar4wu","time":1614165541,"event":{"mods":["2.2 Compatiblity","AchievementEnabler","BaseMod","Block Reminder","Colored Map","Colored Powertips","Minty Spire (QoL Compilation)","Quick Restart","Random Character Button","Rare Cards Sparkle","Relic Stats","StSLib","The IronCluck"],"gold_per_floor":[115,115,65,77,77,112,122,122,147,1,15,15,35,49,49,49,49],"floor_reached":16,"language":"ENG","playtime":477,"items_purged":[],"score":127,"play_id":"e8cfcbb4-c673-4ab6-a095-6d0f0b50d118","local_time":"20210224121901","is_ascension_mode":false,"campfire_choices":[{"data":"Survivor","floor":8,"key":"SMITH"},{"data":"Neutralize","floor":12,"key":"SMITH"},{"data":"Masterful Stab","floor":15,"key":"SMITH"}],"circlet_count":0,"master_deck":["Strike_G","Strike_G","Strike_G","Strike_G","Defend_G","Defend_G","Defend_G","Defend_G","Defend_G","Survivor+1","Neutralize+1","Catalyst","Crippling Poison","Flying Knee","Underhanded Strike","PiercingWail","Masterful Stab+1","Backflip"],"relics":["Ring of the Snake","NeowsBlessing","Bag of Marbles","InkBottle","Art of War","Ancient Tea Set"],"acts_visited":["Exordium"],"potions_floor_usage":[16,16,16],"damage_taken":[{"damage":0,"enemies":"Jaw Worm","floor":1,"turns":1},{"damage":0,"enemies":"Small Slimes","floor":4,"turns":1},{"damage":0,"enemies":"Lagavulin","floor":6,"turns":1},{"damage":1,"enemies":"Cultist","floor":7,"turns":5},{"damage":0,"enemies":"Blue Slaver","floor":11,"turns":4},{"damage":0,"enemies":"Red Slaver","floor":13,"turns":3},{"damage":6,"enemies":"Exordium Thugs","floor":14,"turns":4},{"damage":49,"enemies":"Hexaghost","floor":16,"turns":16}],"seed_played":"-3664915502184001205","potions_obtained":[{"floor":1,"key":"Explosive Potion"},{"floor":13,"key":"BlessingOfTheForge"},{"floor":14,"key":"Poison Potion"}],"is_trial":false,"path_per_floor":["M","?","?","M","T","E","M","R","T","$","M","R","M","M","R","B"],"character_chosen":"THE_SILENT","items_purchased":["Ancient Tea Set"],"campfire_rested":0,"item_purchase_floors":[10],"current_hp_per_floor":[70,70,70,70,70,70,69,69,69,69,69,69,69,63,63,14,14],"gold":49,"neow_bonus":"THREE_ENEMY_KILL","is_daily":false,"chose_seed":false,"campfire_upgraded":3,"win_rate":0.0,"timestamp":1614165541,"path_taken":["M","?","?","M","?","E","M","R","T","?","M","R","M","?","R","BOSS"],"items_purchased_type":["Relic"],"build_version":"2020-12-22","purchased_purges":0,"victory":false,"max_hp_per_floor":[70,70,70,70,70,70,70,70,70,70,70,70,70,70,70,70,70],"relic_stats":{"counters":[8,35],"Art of War":[1],"obtain_stats":[{"NeowsBlessing":0,"Bag of Marbles":5,"Art of War":9,"Ancient Tea Set":10,"InkBottle":6,"Ring of the Snake":0},{"NeowsBlessing":0,"Bag of Marbles":2,"Art of War":4,"Ancient Tea Set":4,"InkBottle":3,"Ring of the Snake":0},{"NeowsBlessing":0,"Bag of Marbles":2,"Art of War":8,"Ancient Tea Set":8,"InkBottle":3,"Ring of the Snake":0}],"InkBottle":[8],"Ring of the Snake":[16]},"card_choices":[{"not_picked":["Predator","Deflect"],"picked":"Catalyst","floor":1},{"not_picked":["Dagger Spray","PiercingWail"],"picked":"Crippling Poison","floor":4},{"not_picked":["Eviscerate","Prepared"],"picked":"Flying Knee","floor":6},{"not_picked":["Blur","Acrobatics"],"picked":"Underhanded Strike","floor":7},{"not_picked":["Riddle With Holes","Expertise"],"picked":"PiercingWail","floor":11},{"not_picked":["Blur","Flying Knee"],"picked":"Masterful Stab","floor":13},{"not_picked":["Endless Agony","Sucker Punch"],"picked":"Backflip","floor":14}],"player_experience":179133,"relics_obtained":[{"floor":5,"key":"Bag of Marbles"},{"floor":6,"key":"InkBottle"},{"floor":9,"key":"Art of War"}],"event_choices":[{"damage_healed":0,"gold_gain":0,"player_choice":"Ignored","damage_taken":0,"max_hp_gain":0,"max_hp_loss":0,"event_name":"Golden Wing","floor":2,"gold_loss":0},{"cards_removed":["Strike_G"],"damage_healed":0,"gold_gain":0,"player_choice":"Card Removal","damage_taken":0,"max_hp_gain":0,"max_hp_loss":0,"event_name":"The Cleric","floor":3,"gold_loss":50}],"is_beta":false,"boss_relics":[],"items_purged_floors":[],"is_endless":false,"potions_floor_spawned":[1,13,14],"killed_by":"Hexaghost","ascension_level":0}}