{"host":"toh0bbw446wnuexf","time":1614126989,"event":{"mods":["BaseMod","Downfall","Hermit","Minty Spire (QoL Compilation)","Random Character Button","Robot Space Explorer","StSLib"],"gold_per_floor":[99,99,199,199,199,124,124,124,9,37,37,51,51,66,83,188,188,188,188,198,209,226,226,226,65,102,102,102,122,122,153,163,264,264,264,279,264,264,275,275,354,366,379,379,379,379,379,398,408,408],"floor_reached":51,"language":"ENG","playtime":3432,"items_purged":["hexamod:Defend","hexamod:Sear"],"score":815,"play_id":"47821236-5ce0-4b2f-9ccb-50cdf515473f","local_time":"20210224133629","is_ascension_mode":true,"campfire_choices":[{"data":"hexamod:Float","floor":1,"key":"SMITH"},{"floor":13,"key":"REST"},{"data":"hexamod:FlamesFromBeyond","floor":18,"key":"SMITH"},{"floor":23,"key":"REST"},{"data":"hexamod:FlamesFromBeyond","floor":30,"key":"SMITH"},{"data":"hexamod:WildfireWeapon","floor":35,"key":"SMITH"},{"floor":47,"key":"REST"}],"circlet_count":0,"master_deck":["hexamod:Strike+1","hexamod:Strike+1","hexamod:Strike+1","hexamod:Strike+1","hexamod:Defend+1","hexamod:Defend+1","hexamod:Defend+1","hexamod:Float+1","hexamod:ShieldOfDarkness+1","hexamod:FlamesFromBeyond+1","hexamod:RadiantFlame+1","hexamod:FlamesFromBeyond+1","hexamod:WildfireWeapon+1","hexamod:SpectersWail+1","expansioncontent:PrepareCrush","hexamod:SpectersWail+1"],"relics":["hexamod:SpiritBrand","downfall:HeartsMalice","Slimebound:PreparedRelic","Odd Mushroom","hexamod:MatchstickCase","SacredBark","downfall:RedIOU","Lantern","hexamod:RecyclingMachine","hexamod:TheBrokenSeal","Vajra","War Paint","Busted Crown","Mercury Hourglass","Blue Candle"],"acts_visited":["Exordium","TheCity","TheBeyond"],"potions_floor_usage":[10,12,21,21,22,26,26,37,43,50,50],"damage_taken":[{"damage":0,"enemies":"Small Slimes","floor":2,"turns":1},{"damage":0,"enemies":"2 Louse","floor":5,"turns":1},{"damage":0,"enemies":"downfall:FleeingMerchant","floor":6,"turns":1},{"damage":0,"enemies":"downfall:FleeingMerchant","floor":9,"turns":4},{"damage":11,"enemies":"The Mushroom Lair","floor":10,"turns":6},{"damage":2,"enemies":"Jaw Worm","floor":12,"turns":3},{"damage":0,"enemies":"2 Fungi Beasts","floor":14,"turns":3},{"damage":0,"enemies":"3 Louse","floor":15,"turns":4},{"damage":16,"enemies":"SI_SHIV_ARCHETYPE","floor":16,"turns":14},{"damage":7,"enemies":"downfall:LooterAlt2","floor":20,"turns":5},{"damage":12,"enemies":"Chosen","floor":21,"turns":6},{"damage":39,"enemies":"Shelled Parasite and Fungi","floor":22,"turns":9},{"damage":0,"enemies":"downfall:FleeingMerchant","floor":25,"turns":4},{"damage":24,"enemies":"Slavers","floor":26,"turns":4},{"damage":8,"enemies":"Centurion and Healer","floor":29,"turns":3},{"damage":0,"enemies":"Gremlin Leader","floor":31,"turns":4},{"damage":0,"enemies":"Chosen and Byrds","floor":32,"turns":3},{"damage":13,"enemies":"WA_ARCHETYPE_CALM","floor":33,"turns":9},{"damage":0,"enemies":"Orb Walker","floor":36,"turns":3},{"damage":9,"enemies":"downfall:FleeingMerchant","floor":37,"turns":4},{"damage":10,"enemies":"3 Darklings","floor":39,"turns":3},{"damage":12,"enemies":"Jaw Worm Horde","floor":42,"turns":3},{"damage":8,"enemies":"Transient","floor":43,"turns":5},{"damage":15,"enemies":"Writhing Mass","floor":48,"turns":3},{"damage":7,"enemies":"Maw","floor":49,"turns":6},{"damage":34,"enemies":"IC_BLOCK_ARCHETYPE","floor":50,"turns":7}],"seed_played":"-4604279174251277697","potions_obtained":[{"floor":9,"key":"EssenceOfSteel"},{"floor":10,"key":"Fruit Juice"},{"floor":12,"key":"Fruit Juice"},{"floor":12,"key":"GamblersBrew"},{"floor":14,"key":"Block Potion"},{"floor":20,"key":"hexamod:SoulburnPotion"},{"floor":22,"key":"hexamod:SoulburnPotion"},{"floor":22,"key":"EssenceOfSteel"},{"floor":25,"key":"SneckoOil"},{"floor":26,"key":"EssenceOfSteel"},{"floor":29,"key":"Weak Potion"},{"floor":33,"key":"LiquidBronze"},{"floor":39,"key":"Ancient Potion"},{"floor":43,"key":"BlessingOfTheForge"}],"is_trial":false,"path_per_floor":["R","M","?","?","M","$","T","?","$","?","?","M","R","M","M","B",null,"R","?","M","M","M","R","T","$","E","?","?","M","R","E","M","B",null,"R","M","$","?","M","?","T","M","M","?","?","?","R","M","M","B",null],"character_chosen":"THE_SPIRIT","items_purchased":["hexamod:RecyclingMachine"],"campfire_rested":3,"item_purchase_floors":[25],"current_hp_per_floor":[70,70,70,70,70,70,70,70,70,71,46,56,80,80,80,71,80,80,80,73,61,22,46,46,53,90,90,90,82,82,82,82,69,90,90,90,81,81,71,71,71,59,51,51,46,46,73,58,51,17],"gold":408,"neow_bonus":"THREE_ENEMY_KILL","is_daily":false,"chose_seed":false,"campfire_upgraded":4,"win_rate":0.0,"timestamp":1614126989,"path_taken":["R","M","?","?","M","$","T","?","$","?","?","M","R","M","M","BOSS","R","?","M","M","M","R","T","$","E","?","?","M","R","E","M","BOSS","R","M","$","?","M","?","T","?","M","?","?","?","R","?","M","BOSS"],"items_purchased_type":["Relic"],"build_version":"2020-12-22","purchased_purges":2,"victory":true,"max_hp_per_floor":[70,70,70,70,70,70,70,70,70,75,75,80,80,80,80,80,80,80,80,80,80,80,80,80,80,90,90,90,90,90,90,90,90,90,90,90,90,90,90,90,90,90,90,90,90,90,90,90,90,90],"card_choices":[{"not_picked":["hexamod:ExtraCrispy","hexamod:HeatCrush"],"picked":"hexamod:ShieldOfDarkness","floor":2},{"not_picked":["hexamod:NightmareGuise","hexamod:NightmareStrike"],"picked":"hexamod:FourthSeal","floor":5},{"not_picked":["hexamod:ThermalTransfer","hexamod:Firestarter"],"picked":"hexamod:FirstSeal","floor":6},{"not_picked":["hexamod:VolcanoVisage","hexamod:SwordOfDarkness","hexamod:BurningTouch"],"picked":"SKIP","floor":9},{"not_picked":["hexamod:ShieldOfDarkness","hexamod:NecessarySacrifice","hexamod:GhostShield"],"picked":"SKIP","floor":12},{"not_picked":["hexamod:Firestarter","hexamod:BacktrackSmack","hexamod:CatchUp"],"picked":"SKIP","floor":14},{"not_picked":["hexamod:ApocalypseNow","hexamod:GhostOfSpireFuture"],"picked":"hexamod:FlamesFromBeyond","floor":15},{"not_picked":["hexamod:GhostflameInferno","hexamod:TimeWarp"],"picked":"hexamod:FifthSeal","floor":16},{"not_picked":["hexamod:ThirdSeal","hexamod:FirstSeal"],"picked":"hexamod:SixthSeal","floor":20},{"not_picked":["hexamod:Incineration","hexamod:Again+1"],"picked":"hexamod:RadiantFlame+1","floor":20},{"not_picked":["hexamod:SixthSeal","hexamod:FirstSeal"],"picked":"hexamod:ThirdSeal","floor":21},{"not_picked":["hexamod:SuperheatedStrike+1","hexamod:GhostLash","hexamod:HeatMetal"],"picked":"SKIP","floor":21},{"not_picked":["hexamod:SixthSeal","hexamod:FirstSeal"],"picked":"hexamod:SecondSeal","floor":22},{"not_picked":["hexamod:ThermalTransfer","hexamod:ChargedBarrage+1"],"picked":"hexamod:FlamesFromBeyond","floor":22},{"not_picked":["hexamod:SwordOfDarkness","hexamod:RecurringNightmare","hexamod:BacktrackSmack"],"picked":"SKIP","floor":22},{"not_picked":["hexamod:EmpoweredFlame","hexamod:CatchUp","hexamod:HeatMetal"],"picked":"SKIP","floor":25},{"not_picked":["hexamod:ParanormalForm","hexamod:AdvancingGuard","hexamod:EmpoweredFlame"],"picked":"SKIP","floor":25},{"not_picked":["hexamod:RadiantFlame","hexamod:InspiringFlames","hexamod:SpectralSpark+1"],"picked":"SKIP","floor":26},{"not_picked":["hexamod:HeatCrush","hexamod:GhostLash","hexamod:ThirdSeal"],"picked":"SKIP","floor":29},{"not_picked":["hexamod:GhostShield","hexamod:GhostflameInferno","hexamod:SpectralSpark"],"picked":"SKIP","floor":31},{"not_picked":["hexamod:GhostOfSpirePast","hexamod:InspiringFlames+1","hexamod:FirstSeal"],"picked":"SKIP","floor":32},{"not_picked":["hexamod:FlameSwitch","hexamod:TimeOfNeed"],"picked":"hexamod:WildfireWeapon","floor":33},{"not_picked":["hexamod:SuperheatedStrike+1"],"picked":"SKIP","floor":36},{"not_picked":["hexamod:InspiringFlames+1"],"picked":"SKIP","floor":37},{"not_picked":["hexamod:BurningTouch+1"],"picked":"SKIP","floor":39},{"not_picked":["hexamod:BacktrackSmack+1"],"picked":"SKIP","floor":42},{"not_picked":[],"picked":"hexamod:SpectersWail+1","floor":43},{"not_picked":["expansioncontent:InvincibleStrength","expansioncontent:Chronoboost"],"picked":"expansioncontent:PrepareCrush","floor":44},{"not_picked":["hexamod:Hexaguard"],"picked":"SKIP","floor":48},{"not_picked":[],"picked":"hexamod:SpectersWail+1","floor":49}],"player_experience":735056,"relics_obtained":[{"floor":7,"key":"Slimebound:PreparedRelic"},{"floor":10,"key":"Odd Mushroom"},{"floor":24,"key":"Lantern"},{"floor":26,"key":"Vajra"},{"floor":31,"key":"War Paint"},{"floor":41,"key":"Mercury Hourglass"}],"event_choices":[{"damage_healed":0,"gold_gain":0,"player_choice":"Grow","damage_taken":0,"max_hp_gain":0,"max_hp_loss":0,"event_name":"Living Wall","floor":8,"gold_loss":0,"cards_upgraded":["hexamod:ShieldOfDarkness"]},{"damage_healed":0,"gold_gain":0,"player_choice":"Fought Mushrooms","damage_taken":0,"max_hp_gain":0,"max_hp_loss":0,"event_name":"Mushrooms","floor":10,"gold_loss":0},{"damage_healed":0,"gold_gain":0,"player_choice":"Success","damage_taken":25,"relics_obtained":["hexamod:MatchstickCase"],"max_hp_gain":0,"max_hp_loss":0,"event_name":"Scrap Ooze","floor":11,"gold_loss":0},{"damage_healed":0,"gold_gain":0,"player_choice":"Ignored","damage_taken":0,"max_hp_gain":0,"max_hp_loss":0,"event_name":"Mysterious Sphere","floor":38,"gold_loss":0}],"is_beta":false,"boss_relics":[{"not_picked":["Pandora\u0027s Box","Fusion Hammer"],"picked":"SacredBark"},{"not_picked":["Snecko Eye","Philosopher\u0027s Stone"],"picked":"Busted Crown"}],"items_purged_floors":[6,9],"is_endless":false,"potions_floor_spawned":[12,16,22,26,29,33,39,43],"ascension_level":2}}