{"host":"2se5dq1do2gp0x9k","time":1614134704,"event":{"mods":["AchievementEnabler","BaseMod","Block Reminder","Colored Map","Colored Powertips","Minty Spire (QoL Compilation)","Relic Stats","StSLib","SuperFastMode"],"gold_per_floor":[118,131,142,142,62,62,88,88,133,133,143,143,175,175,175,248,248,261,281,293,293,293,293],"floor_reached":22,"language":"ENG","playtime":855,"items_purged":[],"score":378,"play_id":"2d4806b9-9852-4aeb-86e9-c03ffe7ad1de","local_time":"20210223184504","is_ascension_mode":true,"campfire_choices":[{"data":"Tantrum","floor":6.0,"key":"SMITH"},{"data":"BowlingBash","floor":8.0,"key":"SMITH"},{"data":"TalkToTheHand","floor":10.0,"key":"SMITH"},{"data":"Evaluate","floor":12.0,"key":"SMITH"},{"data":"EmptyBody","floor":15.0,"key":"SMITH"}],"circlet_count":0,"master_deck":["AscendersBane","Strike_P","Strike_P","Strike_P","Strike_P","Defend_P","Defend_P","Defend_P","Defend_P","Eruption","Vigilance","BowlingBash+1","TalkToTheHand+1","Tantrum+1","InnerPeace","Evaluate+1","EmptyBody+1","Ragnarok","Halt+1","Fasting2","Evaluate","TalkToTheHand"],"relics":["PureWater","NeowsBlessing","Boot","Pen Nib","Blue Candle","Runic Pyramid"],"acts_visited":["Exordium","TheCity"],"potions_floor_usage":[22],"damage_taken":[{"damage":0.0,"enemies":"Jaw Worm","floor":1.0,"turns":1.0},{"damage":0.0,"enemies":"2 Louse","floor":2.0,"turns":1.0},{"damage":0.0,"enemies":"Cultist","floor":3.0,"turns":1.0},{"damage":6.0,"enemies":"Gremlin Nob","floor":7.0,"turns":3.0},{"damage":0.0,"enemies":"Looter","floor":11.0,"turns":3.0},{"damage":5.0,"enemies":"3 Sentries","floor":13.0,"turns":6.0},{"damage":32.0,"enemies":"The Guardian","floor":16.0,"turns":15.0},{"damage":13.0,"enemies":"Spheric Guardian","floor":18.0,"turns":4.0},{"damage":0.0,"enemies":"Chosen","floor":19.0,"turns":3.0},{"damage":0.0,"enemies":"Snecko","floor":20.0,"turns":4.0},{"damage":17,"enemies":"3 Cultists","floor":22,"turns":4}],"seed_played":"144220979808376398","potions_obtained":[{"floor":2.0,"key":"LiquidBronze"},{"floor":7.0,"key":"GamblersBrew"},{"floor":19.0,"key":"ColorlessPotion"}],"is_trial":false,"path_per_floor":["M","M","M","?","$","R","E","R","T","R","M","R","E","?","R","B",null,"M","M","M","?","M"],"character_chosen":"WATCHER","items_purchased":["Tantrum"],"campfire_rested":0,"item_purchase_floors":[5],"current_hp_per_floor":[61,61,61,66,66,66,60,60,60,60,60,60,55,55,55,23,61,48,48,48,48,31,31],"gold":293,"neow_bonus":"THREE_ENEMY_KILL","is_daily":false,"chose_seed":false,"campfire_upgraded":5,"win_rate":0.0,"timestamp":1614134704,"path_taken":["M","M","M","?","$","R","E","R","T","R","M","R","E","?","R","BOSS","M","?","M","?","M"],"items_purchased_type":["Card"],"build_version":"2020-12-22","purchased_purges":0,"victory":false,"max_hp_per_floor":[68,68,68,73,73,73,73,73,73,73,73,73,73,73,73,73,73,73,73,73,73,73,73],"relic_stats":{"counters":[11,45],"Blue Candle":[0],"Pen Nib":[5],"Boot":[64],"obtain_stats":[{"NeowsBlessing":0,"Blue Candle":13,"Pen Nib":9,"PureWater":0,"Boot":7,"Runic Pyramid":17},{"NeowsBlessing":0,"Blue Candle":6,"Pen Nib":4,"PureWater":0,"Boot":4,"Runic Pyramid":7},{"NeowsBlessing":0,"Blue Candle":15,"Pen Nib":6,"PureWater":0,"Boot":6,"Runic Pyramid":30}]},"card_choices":[{"not_picked":["Halt","JustLucky"],"picked":"BowlingBash","floor":1.0},{"not_picked":["Perseverance","ClearTheMind"],"picked":"TalkToTheHand","floor":2.0},{"not_picked":["ReachHeaven","EmptyFist","Perseverance"],"picked":"SKIP","floor":3.0},{"not_picked":["PathToVictory","Crescendo"],"picked":"InnerPeace","floor":7.0},{"not_picked":["Prostrate","FlyingSleeves"],"picked":"Evaluate","floor":11.0},{"not_picked":["Nirvana","Crescendo"],"picked":"EmptyBody","floor":13.0},{"not_picked":["Devotion","MasterReality"],"picked":"Ragnarok","floor":16.0},{"not_picked":["WaveOfTheHand+1","FlurryOfBlows"],"picked":"Halt+1","floor":18.0},{"not_picked":["CarveReality","FollowUp"],"picked":"Fasting2","floor":19.0},{"not_picked":["Crescendo","Protect"],"picked":"Evaluate","floor":20.0}],"player_experience":4132043,"relics_obtained":[{"floor":7.0,"key":"Boot"},{"floor":9.0,"key":"Pen Nib"},{"floor":13.0,"key":"Blue Candle"}],"event_choices":[{"damage_healed":0.0,"max_hp_gain":5.0,"max_hp_loss":0.0,"gold_gain":0.0,"event_name":"Big Fish","player_choice":"Donut","floor":4.0,"gold_loss":0.0,"damage_taken":0.0},{"damage_healed":0.0,"max_hp_gain":0.0,"max_hp_loss":0.0,"gold_gain":0.0,"event_name":"Match and Keep!","player_choice":"0 cards matched","floor":14.0,"gold_loss":0.0,"damage_taken":0.0,"cards_obtained":[]},{"damage_healed":0.0,"max_hp_gain":0.0,"max_hp_loss":0.0,"gold_gain":0.0,"event_name":"The Library","player_choice":"Read","floor":21.0,"gold_loss":0.0,"damage_taken":0.0,"cards_obtained":["TalkToTheHand"]}],"is_beta":false,"boss_relics":[{"not_picked":["SacredBark","Ectoplasm"],"picked":"Runic Pyramid"}],"items_purged_floors":[],"is_endless":false,"potions_floor_spawned":[2,7,11,19,20],"killed_by":"3 Cultists","ascension_level":19}}