{"host":"x4954lblgztusody","time":1614151159,"event":{"mods":["BaseMod","Colored Map","Curses Come First","Minty Spire (QoL Compilation)","Rare Cards Sparkle","StSLib"],"gold_per_floor":[360,373,385,51,51,79,79,110,186,206,206,206,235,247,247,342,342,355,455,466,478,58,58,58,78,124,140,140,159,159,185,185,185,185],"floor_reached":33,"language":"ENG","playtime":1685,"items_purged":["Injury","Strike_R"],"score":314,"play_id":"03921110-7d5a-4c8f-9238-a75c5d1ce9a9","local_time":"20210223231919","is_ascension_mode":true,"campfire_choices":[{"data":"Shockwave","floor":7,"key":"SMITH"},{"data":"Searing Blow","floor":11,"key":"SMITH"},{"data":"Searing Blow+1","floor":15,"key":"SMITH"},{"floor":28,"key":"REST"},{"floor":30,"key":"REST"},{"data":"Searing Blow+2","floor":32,"key":"SMITH"}],"circlet_count":0,"master_deck":["Strike_R","Strike_R","Strike_R","Strike_R","Defend_R","Defend_R","Defend_R","Defend_R","Bash","Searing Blow+3","Perfected Strike","Dark Embrace","Feel No Pain","Shockwave+1","Hemokinesis","Disarm+1","Twin Strike","Whirlwind","Offering+1","True Grit+1","Feel No Pain","Sword Boomerang","Fiend Fire","Shame","Armaments+1","Second Wind+1","Sword Boomerang","Armaments+1"],"relics":["Burning Blood","TheAbacus","PreservedInsect","Toxic Egg 2","Potion Belt","Odd Mushroom","Calipers","Philosopher\u0027s Stone","Red Skull","Regal Pillow","GremlinMask","Boot","Bronze Scales"],"acts_visited":["Exordium","TheCity"],"potions_floor_usage":[16,21,21,27,27,33,33],"damage_taken":[{"damage":6,"enemies":"Cultist","floor":1,"turns":3},{"damage":7,"enemies":"Jaw Worm","floor":2,"turns":3},{"damage":0,"enemies":"2 Louse","floor":3,"turns":2},{"damage":18,"enemies":"3 Sentries","floor":6,"turns":6},{"damage":12,"enemies":"Lagavulin","floor":8,"turns":5},{"damage":25,"enemies":"The Mushroom Lair","floor":10,"turns":6},{"damage":8,"enemies":"3 Sentries","floor":13,"turns":8},{"damage":3,"enemies":"2 Fungi Beasts","floor":14,"turns":3},{"damage":24,"enemies":"The Guardian","floor":16,"turns":12},{"damage":32,"enemies":"3 Byrds","floor":18,"turns":4},{"damage":22,"enemies":"Shell Parasite","floor":20,"turns":5},{"damage":36,"enemies":"Sentry and Sphere","floor":21,"turns":7},{"damage":11,"enemies":"3 Cultists","floor":25,"turns":5},{"damage":32,"enemies":"Shelled Parasite and Fungi","floor":27,"turns":6},{"damage":29,"enemies":"Centurion and Healer","floor":29,"turns":4},{"damage":16,"enemies":"Book of Stabbing","floor":31,"turns":4},{"damage":83,"enemies":"Automaton","floor":33,"turns":6}],"seed_played":"6012546757062399935","potions_obtained":[{"floor":1,"key":"BloodPotion"},{"floor":2,"key":"Block Potion"},{"floor":10,"key":"Explosive Potion"},{"floor":16,"key":"Explosive Potion"},{"floor":25,"key":"BloodPotion"},{"floor":29,"key":"EssenceOfSteel"},{"floor":31,"key":"Energy Potion"}],"is_trial":false,"path_per_floor":["M","M","M","$","T","E","R","E","T","?","R","?","E","M","R","B",null,"M","?","M","M","$","?","?","M","T","M","R","M","R","E","R","B"],"character_chosen":"IRONCLAD","items_purchased":["Feel No Pain","Shockwave","TheAbacus","Red Skull","Sword Boomerang","Fiend Fire"],"campfire_rested":2,"item_purchase_floors":[4,4,4,22,22,22],"current_hp_per_floor":[80,79,80,80,80,68,68,62,62,43,43,48,46,49,49,31,85,59,59,43,13,13,13,13,8,8,16,56,33,73,63,63,0,0],"gold":185,"neow_bonus":"TWO_FIFTY_GOLD","is_daily":false,"chose_seed":false,"campfire_upgraded":4,"win_rate":0.0,"timestamp":1614151159,"path_taken":["M","M","M","$","?","E","R","E","T","?","R","?","E","M","R","BOSS","M","?","?","M","$","?","?","M","T","M","R","?","R","E","R","BOSS"],"items_purchased_type":["Card","Card","Relic","Relic","Card","Card"],"build_version":"2020-12-22","purchased_purges":2,"victory":false,"max_hp_per_floor":[80,80,80,80,80,80,80,80,80,80,80,85,85,85,85,85,85,85,85,85,85,85,85,85,85,85,85,85,85,85,85,85,85,85],"card_choices":[{"not_picked":["Hemokinesis","Clash"],"picked":"Searing Blow","floor":1},{"not_picked":["Twin Strike","Whirlwind"],"picked":"Perfected Strike","floor":2},{"not_picked":["Havoc","Whirlwind"],"picked":"Dark Embrace","floor":3},{"not_picked":["Anger","Havoc+1"],"picked":"Hemokinesis","floor":6},{"not_picked":["Dual Wield+1","Uppercut"],"picked":"Disarm+1","floor":8},{"not_picked":["Uppercut","Clash"],"picked":"Twin Strike","floor":10},{"not_picked":["Flex+1","Headbutt","Twin Strike"],"picked":"SKIP","floor":13},{"not_picked":["Cleave","Uppercut"],"picked":"Whirlwind","floor":14},{"not_picked":["Berserk","Double Tap+1"],"picked":"Offering+1","floor":16},{"not_picked":["Perfected Strike","Flex+1","Iron Wave"],"picked":"SKIP","floor":18},{"not_picked":["Whirlwind+1","Rupture+1"],"picked":"True Grit+1","floor":20},{"not_picked":["Clothesline","Reckless Charge"],"picked":"Feel No Pain","floor":21},{"not_picked":["Iron Wave","Warcry+1"],"picked":"Armaments+1","floor":25},{"not_picked":["Pommel Strike","Body Slam"],"picked":"Second Wind+1","floor":27},{"not_picked":["Inflame","Body Slam+1"],"picked":"Sword Boomerang","floor":29},{"not_picked":["Whirlwind","Cleave"],"picked":"Armaments+1","floor":31}],"player_experience":55763,"relics_obtained":[{"floor":5,"key":"PreservedInsect"},{"floor":6,"key":"Toxic Egg 2"},{"floor":8,"key":"Potion Belt"},{"floor":10,"key":"Odd Mushroom"},{"floor":13,"key":"Calipers"},{"floor":26,"key":"Boot"},{"floor":31,"key":"Bronze Scales"}],"event_choices":[{"damage_healed":0,"gold_gain":0,"player_choice":"Fought Mushrooms","damage_taken":0,"max_hp_gain":0,"max_hp_loss":0,"event_name":"Mushrooms","floor":10,"gold_loss":0},{"damage_healed":0,"gold_gain":0,"player_choice":"Donut","damage_taken":0,"max_hp_gain":5,"max_hp_loss":0,"event_name":"Big Fish","floor":12,"gold_loss":0},{"damage_healed":0,"gold_gain":100,"player_choice":"Pray","damage_taken":0,"max_hp_gain":0,"max_hp_loss":0,"event_name":"Golden Shrine","floor":19,"gold_loss":0},{"damage_healed":0,"gold_gain":0,"player_choice":"Stole Relic","damage_taken":0,"relics_obtained":["Regal Pillow"],"max_hp_gain":0,"max_hp_loss":0,"event_name":"Addict","floor":23,"gold_loss":0,"cards_obtained":["Shame"]},{"damage_healed":0,"gold_gain":0,"player_choice":"Trade","damage_taken":0,"relics_obtained":["GremlinMask"],"max_hp_gain":0,"max_hp_loss":0,"event_name":"FaceTrader","floor":24,"gold_loss":0}],"is_beta":false,"boss_relics":[{"not_picked":["Fusion Hammer","Tiny House"],"picked":"Philosopher\u0027s Stone"}],"items_purged_floors":[4,22],"is_endless":false,"potions_floor_spawned":[1,2,10,16,25,29,31],"killed_by":"Automaton","ascension_level":2}}