{"host":"iawk615p0198zs2h","time":1614195729,"event":{"mods":["BaseMod","Better Third Choice","BetterRewards","Downfall","Gold Saver","Minty Spire (QoL Compilation)","Quick Restart","Rare Cards Sparkle","Replay The Spire","Spicy Shops","StSLib","The Necromancer"],"gold_per_floor":[112,112,112,135,151,151,191,218,218,93,93,118,152,165,165,165,165],"floor_reached":16,"language":"ENG","playtime":803,"items_purged":["Strike_G","Strike_G","Defend_G"],"score":149,"play_id":"786bea7e-f8ff-4c53-b422-245ba7fe5a19","local_time":"20210224204209","is_ascension_mode":true,"campfire_choices":[{"data":"Noxious Fumes","floor":6.0,"key":"SMITH"},{"data":"Footwork","floor":11.0,"key":"SMITH"},{"floor":15,"key":"REST"}],"circlet_count":0,"master_deck":["Strike_G+1","Strike_G","Strike_G+1","Defend_G","Defend_G","Defend_G","Defend_G","Survivor","Neutralize","Noxious Fumes+1","Footwork+1","Sneak Up","PiercingWail"],"relics":["ReplayTheSpireMod:Shallot","Sizzling Blood","Golden Idol","Anchor","Whetstone","Tingsha","Happy Flower"],"acts_visited":["Exordium"],"potions_floor_usage":[],"damage_taken":[{"damage":1.0,"enemies":"Small Slimes","floor":1.0,"turns":5.0},{"damage":0.0,"enemies":"2 Louse","floor":4.0,"turns":4.0},{"damage":0.0,"enemies":"Jaw Worm","floor":5.0,"turns":5.0},{"damage":36.0,"enemies":"Gremlin Nob","floor":7.0,"turns":6.0},{"damage":0.0,"enemies":"Blue Slaver","floor":12.0,"turns":5.0},{"damage":22,"enemies":"3 Sentries","floor":13,"turns":9},{"damage":0,"enemies":"Gremlin Gang","floor":14,"turns":5},{"damage":33,"enemies":"Hexaghost","floor":16,"turns":12}],"seed_played":"-4023861670316930173","potions_obtained":[{"floor":5.0,"key":"Venom Potion"}],"is_trial":false,"path_per_floor":["M","?","?","M","M","R","E","T","T","$","R","M","E","M","R","B"],"character_chosen":"THE_SILENT","items_purchased":["Noxious Fumes","ReplayTheSpireMod:Shallot"],"campfire_rested":1,"item_purchase_floors":[0,0],"current_hp_per_floor":[41,45,45,49,53,53,21,21,21,21,21,25,7,11,31,0,0],"gold":165,"neow_bonus":"","is_daily":false,"chose_seed":false,"campfire_upgraded":2,"win_rate":0.0,"timestamp":1614195729,"path_taken":["M","?","?","M","M","R","E","?","T","?","R","?","E","M","R","BOSS"],"items_purchased_type":["Card","Relic"],"build_version":"2020-12-22","purchased_purges":3,"victory":false,"max_hp_per_floor":[70,74,69,69,69,69,69,69,69,69,69,69,69,69,69,69,69],"card_choices":[{"not_picked":["Underhanded Strike","Hidden Blade"],"picked":"Footwork","floor":1.0},{"not_picked":["Bane","Poisoned Stab","Escape Plan"],"picked":"SKIP","floor":4.0},{"not_picked":["Fluid Movement","Finisher"],"picked":"Sneak Up","floor":5.0},{"not_picked":["Dodge and Roll","Prepared","Infinite Blades"],"picked":"SKIP","floor":7.0},{"not_picked":["Sucker Punch","Blade Dance","Deflect"],"picked":"SKIP","floor":12.0},{"not_picked":["Heel Hook","Sucker Punch","Sneak Up"],"picked":"SKIP","floor":13},{"not_picked":["Skewer","Terror"],"picked":"PiercingWail","floor":14}],"player_experience":235023,"relics_obtained":[{"floor":7.0,"key":"Anchor"},{"floor":8.0,"key":"Whetstone"},{"floor":9.0,"key":"Tingsha"},{"floor":13,"key":"Happy Flower"}],"event_choices":[{"damage_healed":0.0,"max_hp_gain":0.0,"max_hp_loss":5.0,"gold_gain":0.0,"event_name":"Golden Idol","player_choice":"Lose Max HP","floor":3.0,"gold_loss":0.0,"damage_taken":0.0,"relics_obtained":["Golden Idol"]}],"is_beta":false,"boss_relics":[],"items_purged_floors":[0,0,10],"is_endless":false,"potions_floor_spawned":[5],"killed_by":"Hexaghost","ascension_level":7}}