{"host":"sbes2ysx244eovb1","time":1614140108,"event":{"mods":["AchievementEnabler","Act Like it!","Aspiration","BaseMod","BetterRewards","Colored Map","Colored Powertips","Downfall","Hubris","KomeijiMod","Minty Spire (QoL Compilation)","Quick Restart","Replay The Spire","StSLib","SuperFastMode"],"gold_per_floor":[99,134,372,372,372,372],"floor_reached":8,"language":"ENG","playtime":186,"items_purged":[],"score":703,"play_id":"35b4bc00-fb6d-42ee-94a5-7ecdec03af9b","local_time":"20210224111508","is_ascension_mode":true,"campfire_choices":[{"floor":5,"key":"REST"}],"circlet_count":0,"master_deck":["Guardian:Strike_Guardian","Guardian:Strike_Guardian","Guardian:Strike_Guardian","Guardian:Strike_Guardian","Guardian:Defend_Guardian","Guardian:Defend_Guardian","Guardian:Defend_Guardian","Guardian:Defend_Guardian","Guardian:CurlUp","Guardian:TwinSlam","Guardian:DecasProtection+1","Guardian:Repulse+1","Guardian:ShieldSpikes+1","Guardian:Emergency+1","Guardian:GuardianWhirl+1","Guardian:CrystalBeam+1"],"relics":["Fusion Hammer","Mummified Hand","Frozen Egg 2","Toxic Egg 2","Molten Egg 2","Juzu Bracelet","hubris:BottledRain","Replay:Rubber Ducky","Bronze Scales","TheAbacus"],"acts_visited":["Exordium","TheEnding"],"potions_floor_usage":[],"damage_taken":[{"damage":0,"enemies":"downfall:CharBossMerchant","floor":3,"turns":1},{"damage":0,"enemies":"downfall:NeowBoss","floor":6,"turns":2},{"damage":0,"enemies":"downfall:NeowBossFinal","floor":7,"turns":1}],"seed_played":"7925632764236254993","potions_obtained":[{"floor":3,"key":"Doom Potion"}],"is_trial":false,"path_per_floor":["E","$","R","B","B",null],"character_chosen":"GUARDIAN","items_purchased":["Replay:Rubber Ducky","Bronze Scales","TheAbacus","Guardian:Repulse+1","Guardian:ShieldSpikes+1","Guardian:Emergency+1","Guardian:GuardianWhirl+1","Guardian:CrystalBeam+1"],"campfire_rested":1,"item_purchase_floors":[4,4,4,4,4,4,4,4],"current_hp_per_floor":[80,80,80,80,80,80],"gold":372,"neow_bonus":"BOSS_RELIC","is_daily":false,"chose_seed":false,"campfire_upgraded":0,"win_rate":0.0,"timestamp":1614140108,"path_taken":["E","$","R","BOSS","BOSS"],"items_purchased_type":["Relic","Relic","Relic","Card","Card","Card","Card","Card"],"build_version":"2020-12-22","purchased_purges":0,"victory":true,"max_hp_per_floor":[80,80,80,80,80,80],"card_choices":[{"not_picked":["Guardian:Gem_Blue","Guardian:Gem_Yellow"],"picked":"Guardian:DecasProtection+1","floor":3}],"player_experience":278105,"relics_obtained":[{"floor":3,"key":"hubris:BottledRain"}],"event_choices":[],"is_beta":false,"boss_relics":[],"items_purged_floors":[],"is_endless":false,"potions_floor_spawned":[3],"ascension_level":4}}