{"host":"i0avyit1s6jb1siw","time":1614151057,"event":{"mods":["BaseMod","DeckTracker","Dota2Spire","Minty Spire (QoL Compilation)","Quick Restart","StSLib","SuperFastMode"],"gold_per_floor":[113,127,52,52,52,77,77,108,139,176,188,240,302,314,345,399,411,423,423],"floor_reached":18,"language":"ENG","playtime":243,"items_purged":[],"score":294,"play_id":"8846bc3b-2803-49dd-837d-08fddfcfb082","local_time":"20210224081737","is_ascension_mode":true,"campfire_choices":[{"data":"Neutralize","floor":7.0,"key":"SMITH"},{"floor":14.0,"key":"REST"},{"data":"Crippling Poison","floor":17.0,"key":"SMITH"}],"circlet_count":0,"master_deck":["AscendersBane","Strike_G","Strike_G","Strike_G","Strike_G","Defend_G","Defend_G","Defend_G","Defend_G","Defend_G","Survivor","Neutralize+1","Blade Dance+1","Cloak And Dagger","PiercingWail","Blade Dance","Crippling Poison+1","Deadly Poison","Finisher"],"relics":["Ring of the Snake","NeowsBlessing","Dota2Spire:OrchidMalevolence","Dota2Spire:MantaStyle","MawBank","Dota2Spire:HandOfMidas","Ninja Scroll"],"acts_visited":["Exordium"],"potions_floor_usage":[18,18],"damage_taken":[{"damage":0.0,"enemies":"Small Slimes","floor":1.0,"turns":1.0},{"damage":0.0,"enemies":"Jaw Worm","floor":2.0,"turns":1.0},{"damage":0.0,"enemies":"Gremlin Nob","floor":6.0,"turns":1.0},{"damage":46.0,"enemies":"Lagavulin","floor":8.0,"turns":10.0},{"damage":0.0,"enemies":"Cultist","floor":9.0,"turns":3.0},{"damage":3.0,"enemies":"Looter","floor":12.0,"turns":3.0},{"damage":1.0,"enemies":"Large Slime","floor":15.0,"turns":4.0},{"damage":2.0,"enemies":"2 Fungi Beasts","floor":16.0,"turns":2.0},{"damage":36,"enemies":"Slime Boss","floor":18,"turns":4}],"seed_played":"-2270310223141778931","potions_obtained":[{"floor":6.0,"key":"DistilledChaos"},{"floor":9.0,"key":"LiquidMemories"},{"floor":16.0,"key":"GamblersBrew"}],"is_trial":false,"path_per_floor":["M","M","?","?","T","E","R","E","M","T","T","M","?","R","M","M","R","B"],"character_chosen":"THE_SILENT","items_purchased":[],"campfire_rested":1,"item_purchase_floors":[],"current_hp_per_floor":[59,59,59,59,59,59,59,13,13,13,13,10,10,29,28,26,26,0,0],"gold":423,"neow_bonus":"THREE_ENEMY_KILL","is_daily":false,"chose_seed":false,"campfire_upgraded":2,"win_rate":0.0,"timestamp":1614151057,"path_taken":["M","M","?","?","?","E","R","E","M","T","T","M","?","R","M","M","R","BOSS"],"items_purchased_type":[],"build_version":"2020-12-22","purchased_purges":0,"victory":false,"max_hp_per_floor":[66,66,66,66,66,66,66,66,66,66,66,66,66,66,66,66,66,66,66],"card_choices":[{"not_picked":["Sucker Punch","Quick Slash"],"picked":"Blade Dance","floor":1.0},{"not_picked":["Endless Agony","Flying Knee"],"picked":"Cloak And Dagger","floor":2.0},{"not_picked":["Grand Finale","Cloak And Dagger"],"picked":"PiercingWail","floor":6.0},{"not_picked":["PiercingWail","Distraction"],"picked":"Blade Dance","floor":8.0},{"not_picked":["Caltrops","Cloak And Dagger"],"picked":"Crippling Poison","floor":9.0},{"not_picked":["Slice","Sucker Punch"],"picked":"Deadly Poison","floor":12.0},{"not_picked":["Dagger Throw","Blade Dance"],"picked":"Finisher","floor":15.0},{"not_picked":["Dagger Throw","Sucker Punch","Dagger Spray"],"picked":"SKIP","floor":16.0}],"player_experience":2492039,"relics_obtained":[{"floor":5.0,"key":"Dota2Spire:OrchidMalevolence"},{"floor":6.0,"key":"Dota2Spire:MantaStyle"},{"floor":8.0,"key":"MawBank"},{"floor":10.0,"key":"Dota2Spire:HandOfMidas"},{"floor":11.0,"key":"Ninja Scroll"}],"event_choices":[{"cards_removed":["Strike_G"],"damage_healed":0.0,"max_hp_gain":0.0,"max_hp_loss":0.0,"gold_gain":0.0,"event_name":"The Cleric","player_choice":"Card Removal","floor":3.0,"gold_loss":75.0,"damage_taken":0.0},{"damage_healed":0.0,"max_hp_gain":0.0,"max_hp_loss":0.0,"gold_gain":0.0,"event_name":"Living Wall","player_choice":"Grow","floor":4.0,"gold_loss":0.0,"damage_taken":0.0,"cards_upgraded":["Blade Dance"]},{"damage_healed":0.0,"max_hp_gain":0.0,"max_hp_loss":0.0,"gold_gain":50.0,"event_name":"Golden Shrine","player_choice":"Pray","floor":13.0,"gold_loss":0.0,"damage_taken":0.0}],"is_beta":false,"boss_relics":[],"items_purged_floors":[],"is_endless":false,"potions_floor_spawned":[6,9,16],"killed_by":"Slime Boss","ascension_level":20}}