{"host":"kpcx2wrn7eq3nf7c","time":1614194864,"event":{"mods":["100% Spire Juice","Act Like it!","BaseMod","CapriCore","Downfall","Friendly Minions","Gensokyo","Marisa£®ÏF”Í°°ƒß¿Ì…≥£©","Minty Spire (QoL Compilation)","Remilia£®¿Ÿ√◊¿Ú—«£©","Robot Space Explorer","StSLib","The Animator","The Immortal","The Marked","The Servant 0.9.4","Together in Spire","Waifu the Spire","Youmu£®ªÍ∆«—˝√Œ£©"],"gold_per_floor":[99,114,114,44,44,44,44,57,70,96,108,120,20,49,60,158,158,58,68,68,68,53,53,53,67,100,100,134,151,165,26,44,143,143,43,63,48,61,61,73,73,89,89,29,60,60,60,60,73,73,73,106,6,6,6,6],"floor_reached":57,"language":"ZHS","playtime":4419,"items_purged":["Writhe","Decay"],"score":1232,"play_id":"db780068-bbef-405a-a711-ebda7eb3664c","local_time":"20210225032744","is_ascension_mode":false,"campfire_choices":[{"data":"champ:Taunt","floor":1.0,"key":"SMITH"},{"data":"champ:IronFortress","floor":6,"key":"SMITH"},{"data":"champ:SkillfulDodge","floor":13,"key":"SMITH"},{"data":"champ:StrikeOfGenius","floor":18,"key":"SMITH"},{"floor":23,"key":"RECALL"},{"data":"champ:StrikeOfGenius","floor":35,"key":"SMITH"},{"data":"champ:CrownThrow","floor":43,"key":"SMITH"},{"data":"champ:CrownThrow","floor":47,"key":"SMITH"},{"data":"champ:HoldFirm","floor":54,"key":"SMITH"}],"circlet_count":0,"master_deck":["champ:Strike+1","champ:Strike","champ:Strike","champ:Strike","champ:Defend","champ:Defend","champ:Defend","champ:Defend+1","champ:Execute","champ:Taunt+1","champ:IronFortress+1","champ:FancyFootwork+1","champ:AdrenalArmor","champ:StanceDance","champ:HoldFirm+1","champ:FocusedBerserking","champ:SkillfulDodge+1","champ:CrookedStrike","champ:StrikeOfGenius+1","champ:CrownThrow+1","RitualDagger","champ:ArenaPreparation+1","champ:CalledShot","champ:CrownThrow+1","champ:StrikeOfGenius+1","champ:FanOfKnives+1","Gensokyo:CustomPotion","champ:StanceDance+1","Gensokyo:PrivateSquare","Pride"],"relics":["champ:ChampionCrown","Strawberry","Lizard Tail","downfall:HeartBlessingGreen","InkBottle","Busted Crown","downfall:HeartBlessingBlue","Mercury Hourglass","champ:DefensiveTrainingManual","Pantograph","Unceasing Top","Pear","Cursed Key","downfall:HeartBlessingRed","Shuriken","Molten Egg 2","champ:FightingForDummies"],"acts_visited":["Gensokyo:Gensokyo","TheCity","Gensokyo:Gensokyoest","TheEnding"],"potions_floor_usage":[45],"damage_taken":[{"damage":22.0,"enemies":"Gensokyo:Gryphon","floor":2.0,"turns":5.0},{"damage":22,"enemies":"Gensokyo:3_Fairies","floor":8,"turns":4},{"damage":10,"enemies":"Gensokyo:Python","floor":9,"turns":4},{"damage":83,"enemies":"Gensokyo:Aya","floor":10,"turns":9},{"damage":10,"enemies":"Gensokyo:Kitsune","floor":11,"turns":3},{"damage":23,"enemies":"Gensokyo:3_Kodama","floor":12,"turns":5},{"damage":45,"enemies":"Gensokyo:Mamizou","floor":14,"turns":9},{"damage":30,"enemies":"Gensokyo:Gryphon_and_Rabbit","floor":15,"turns":4},{"damage":82,"enemies":"IC_STATUS_ARCHETYPE","floor":16,"turns":10},{"damage":25,"enemies":"Shell Parasite","floor":19,"turns":4},{"damage":20,"enemies":"downfall:FleeingMerchant","floor":22,"turns":4},{"damage":34,"enemies":"Spheric Guardian","floor":25,"turns":4},{"damage":36,"enemies":"Book of Stabbing","floor":26,"turns":5},{"damage":47,"enemies":"Gremlin Leader","floor":28,"turns":7},{"damage":24,"enemies":"Snake Plant","floor":29,"turns":4},{"damage":33,"enemies":"Centurion and Healer","floor":30,"turns":5},{"damage":15,"enemies":"downfall:FleeingMerchant","floor":31,"turns":4},{"damage":0,"enemies":"Snecko","floor":32,"turns":3},{"damage":98,"enemies":"DF_ARCHETYPE_CLAW","floor":33,"turns":7},{"damage":55,"enemies":"Gensokyo:3_Boulders","floor":36,"turns":4},{"damage":21,"enemies":"downfall:FleeingMerchant","floor":37,"turns":4},{"damage":11,"enemies":"Gensokyo:3_Bats","floor":38,"turns":4},{"damage":30,"enemies":"Gensokyo:3_Boulders","floor":40,"turns":3},{"damage":20,"enemies":"Gensokyo:4_Bats","floor":42,"turns":3},{"damage":71,"enemies":"Gensokyo:Kasen","floor":45,"turns":6},{"damage":57,"enemies":"Gensokyo:Rafflesia","floor":49,"turns":5},{"damage":197,"enemies":"WA_ARCHETYPE_DIVINITY","floor":50,"turns":9},{"damage":32,"enemies":"downfall:CharBossMerchant","floor":52,"turns":7},{"damage":171,"enemies":"downfall:NeowBoss","floor":55,"turns":11},{"damage":218,"enemies":"downfall:NeowBossFinal","floor":56,"turns":10}],"seed_played":"5851031982493838456","potions_obtained":[{"floor":8,"key":"champ:TechniquePotion"},{"floor":10,"key":"Ancient Potion"},{"floor":15,"key":"FairyPotion"},{"floor":19,"key":"Dexterity Potion"},{"floor":26,"key":"Block Potion"},{"floor":42,"key":"champ:UltimateStancePotion"}],"is_trial":false,"path_per_floor":["R","M","?","?","?","R","T","M","M","E","M","M","R","E","M","B",null,"R","M","?","?","$","R","T","M","E","?","E","M","M","$","M","B",null,"R","M","$","M","?","M","T","M","R","?","E","COS","R","?","M","B",null,"E","$","R","B","B",null],"character_chosen":"THE_CHAMP","items_purchased":["champ:CrownThrow"],"campfire_rested":0,"item_purchase_floors":[31],"current_hp_per_floor":[99,97,97,97,94,94,94,92,92,84,84,81,81,81,81,49,106,116,116,116,116,116,116,116,102,96,90,98,89,86,86,86,68,126,126,126,125,124,124,124,124,124,124,124,113,113,113,113,96,42,126,124,124,124,65,5],"gold":6,"neow_bonus":"TEN_PERCENT_HP_BONUS","is_daily":false,"chose_seed":false,"campfire_upgraded":8,"win_rate":0.0,"timestamp":1614194864,"path_taken":["R","M","?","?","?","R","T","M","M","E","M","M","R","E","M","BOSS","R","M","?","?","$","R","T","M","E","?","E","M","M","?","M","BOSS","R","M","?","M","?","M","T","M","R","?","E","COS","R","?","M","BOSS","E","$","R","BOSS","BOSS"],"items_purchased_type":["Card"],"build_version":"2020-12-22","purchased_purges":2,"victory":true,"max_hp_per_floor":[99,99,99,99,106,106,106,106,106,106,106,106,106,106,106,106,106,116,116,116,116,116,116,116,116,116,116,126,126,126,126,126,126,126,126,126,126,126,126,126,126,126,126,126,126,126,126,126,126,126,126,126,126,126,126,126],"card_choices":[{"not_picked":["champ:Backstep","champ:TornadoPunch"],"picked":"champ:IronFortress","floor":2.0},{"not_picked":["champ:Circumvent","champ:TornadoPunch"],"picked":"champ:AdrenalArmor","floor":8},{"not_picked":["champ:Backstep","champ:PreemptiveStrike"],"picked":"champ:StanceDance","floor":9},{"not_picked":["champ:TornadoPunch","champ:BerserkersShout"],"picked":"champ:HoldFirm","floor":10},{"not_picked":["champ:StanceDance","champ:FancyFootwork"],"picked":"champ:FocusedBerserking","floor":11},{"not_picked":["champ:Duel","champ:DeathBlow"],"picked":"champ:SkillfulDodge","floor":12},{"not_picked":["champ:Haymaker","champ:BerserkersShout"],"picked":"champ:CrookedStrike","floor":14},{"not_picked":["champ:EndlessRage","champ:RapidStrikes","champ:Lariat"],"picked":"SKIP","floor":15},{"not_picked":["champ:IgnorePain","champ:DancingMaster"],"picked":"champ:StrikeOfGenius","floor":16},{"not_picked":["champ:PerfectedStrike"],"picked":"SKIP","floor":19},{"not_picked":["champ:HeartStrike"],"picked":"SKIP","floor":22},{"not_picked":["champ:BladeFlurry"],"picked":"SKIP","floor":25},{"not_picked":[],"picked":"champ:CrownThrow","floor":26},{"not_picked":["champ:BringItOn"],"picked":"SKIP","floor":28},{"not_picked":[],"picked":"champ:ArenaPreparation+1","floor":29},{"not_picked":[],"picked":"champ:CalledShot","floor":30},{"not_picked":["champ:CrookedStrike"],"picked":"SKIP","floor":31},{"not_picked":["champ:Circumvent"],"picked":"SKIP","floor":32},{"not_picked":[],"picked":"champ:StrikeOfGenius","floor":33},{"not_picked":["champ:FlashCut+1"],"picked":"SKIP","floor":36},{"not_picked":[],"picked":"champ:FanOfKnives+1","floor":37},{"not_picked":["champ:BringItOn"],"picked":"SKIP","floor":38},{"not_picked":["champ:DefensiveShout+1"],"picked":"SKIP","floor":40},{"not_picked":["champ:DefensiveShout+1"],"picked":"SKIP","floor":40},{"not_picked":["champ:PreemptiveStrike+1"],"picked":"SKIP","floor":42},{"not_picked":[],"picked":"champ:StanceDance+1","floor":45},{"not_picked":["champ:Parry"],"picked":"SKIP","floor":49},{"not_picked":["champ:BringItOn"],"picked":"SKIP","floor":52}],"player_experience":1374566,"relics_obtained":[{"floor":10,"key":"Lizard Tail"},{"floor":14,"key":"InkBottle"},{"floor":24,"key":"Pantograph"},{"floor":26,"key":"Unceasing Top"},{"floor":28,"key":"Pear"},{"floor":41,"key":"Shuriken"},{"floor":45,"key":"Molten Egg 2"},{"floor":52,"key":"champ:FightingForDummies"}],"event_choices":[],"is_beta":false,"boss_relics":[{"not_picked":["Tiny House","Calling Bell"],"picked":"Busted Crown"},{"not_picked":["Velvet Choker","Pandora\u0027s Box"],"picked":"Cursed Key"}],"items_purged_floors":[31,53],"is_endless":false,"potions_floor_spawned":[8,10,15,19,26,28,30,32,36,38,40,42],"ascension_level":0}}