{"host":"yassvrowvc2yfwp2","time":1614142426,"event":{"mods":["2.2 Compatiblity","Act Like it!","BaseMod","Better Note","Curses Come First","Dota2Spire","Downfall","HololiveMod","Jorbs\u0027s Wanderer Trilogy","Minty Spire (QoL Compilation)","Prisma Mod","Rare Cards Sparkle","Reimu£®≤©¿ˆ¡È√Œ£©","Replay The Spire","Say the Spire","Spicy Shops","StSLib","The Bug Knight","The Cursed","The Servant 0.9.4"],"gold_per_floor":[133,133,202,202,272,436,436,488,515,515,325,325,404,404,404,665,665,791,916,916,718,718,718,793,882,953,493,563,624,624,747,747,1003,1003,1081,970,1128,1128,1001,1001,1100,946,946,1107,1198,1340,1340,1438,1438,1597],"floor_reached":51,"language":"ZHS","playtime":1548,"items_purged":["Languid"],"score":1082,"play_id":"ff681289-dc27-443b-9f2c-cd10815a5036","local_time":"20210224125346","is_ascension_mode":true,"campfire_choices":[{"data":"Hololive_CallSakuraMiko","floor":7,"key":"SMITH"},{"data":"Hololive_CallSakuraMiko","floor":10,"key":"SMITH"},{"data":"Hololive_CallSakuraMiko","floor":12,"key":"SMITH"},{"data":"Hololive_CallSakuraMiko","floor":15,"key":"SMITH"},{"data":"Hololive_StrengthChampion","floor":23,"key":"SMITH"},{"data":"Hololive_ASMR","floor":30,"key":"SMITH"},{"data":"Hololive_StrengthChampion+1","floor":32,"key":"SMITH"},{"data":"Hololive_StrengthChampion+2","floor":40,"key":"SMITH"},{"data":"Hololive_StrengthChampion+3","floor":47,"key":"SMITH"},{"data":"Hololive_StrengthChampion+4","floor":49,"key":"SMITH"}],"circlet_count":0,"master_deck":["Hololive_Strike","Hololive_Defend+1","Hololive_Defend+1","Hololive_CallSakuraMiko+1","Hololive_CallSakuraMiko+1","Hololive_CallSakuraMiko+1","Hololive_CallSakuraMiko+1","Hololive_CallSakuraMiko+1","Hololive_CallSpadeEcho+1","Hololive_CallRosalyn","Hololive_StrengthChampion+5","Hololive_StrengthChampion","Hololive_ASMR+1","Hololive_StrengthChampion+3","Parasite"],"relics":["Hololive_TopUpMoney","Philosopher\u0027s Stone","Blue Candle","Centennial Puzzle","Anchor","ClockworkSouvenir","Runic Dome","Membership Card","War Paint","Counterbalance","Replay:WaspNest","Kunai","Lee\u0027s Waffle","FossilizedHelix","Replay:Bandana","Coffee Dripper","Shovel","ReplayTheSpireMod:CursedCoin","ReplayTheSpireMod:TigerMarble","RuthlessExorcism:ReiMu","Letter Opener","Molten Egg 2","Pocketwatch","DollysMirror","Pear"],"acts_visited":["Exordium","TheCity","TheBeyond"],"potions_floor_usage":[],"damage_taken":[{"damage":0,"enemies":"2 Louse","floor":1,"turns":3},{"damage":0,"enemies":"Jaw Worm","floor":3,"turns":3},{"damage":0,"enemies":"Small Slimes","floor":5,"turns":4},{"damage":0,"enemies":"Lagavulin","floor":6,"turns":8},{"damage":0,"enemies":"Looter","floor":8,"turns":3},{"damage":0,"enemies":"Exordium Thugs","floor":13,"turns":4},{"damage":26,"enemies":"Fading Forest","floor":16,"turns":11},{"damage":0,"enemies":"Chosen","floor":18,"turns":4},{"damage":0,"enemies":"Shell Parasite","floor":19,"turns":5},{"damage":0,"enemies":"Gremlin Leader","floor":25,"turns":4},{"damage":0,"enemies":"Snecko","floor":28,"turns":3},{"damage":8,"enemies":"Slavers","floor":29,"turns":4},{"damage":0,"enemies":"Centurion and Healer","floor":31,"turns":5},{"damage":0,"enemies":"Champ","floor":33,"turns":6},{"damage":0,"enemies":"Orb Walker","floor":35,"turns":2},{"damage":0,"enemies":"3 Darklings","floor":37,"turns":5},{"damage":0,"enemies":"Reptomancer","floor":41,"turns":2},{"damage":0,"enemies":"Spire Growth","floor":44,"turns":5},{"damage":0,"enemies":"Writhing Mass","floor":45,"turns":4},{"damage":0,"enemies":"Maw","floor":46,"turns":5},{"damage":0,"enemies":"Spire Growth","floor":48,"turns":4},{"damage":0,"enemies":"Time Eater","floor":50,"turns":7}],"seed_played":"9138756568209338350","potions_obtained":[{"floor":1,"key":"Death Potion"},{"floor":5,"key":"Regen Potion"},{"floor":19,"key":"Milkshake"}],"is_trial":false,"path_per_floor":["M","?","M","?","M","E","R","M","T","R","$","R","M","?","R","B",null,"M","M","?","$","?","R","?","E","T","$","M","E","R","M","R","B",null,"M","$","M","?","$","R","E","$","T","M","M","M","R","M","R","B",null],"character_chosen":"Hololive_HololiveCharacter","items_purchased":["ClockworkSouvenir","Hololive_CallRosalyn","Membership Card","War Paint","Hololive_StrengthChampion","Hololive_StrengthChampion","Hololive_ASMR","Kunai","Lee\u0027s Waffle","FossilizedHelix","Shovel","ReplayTheSpireMod:CursedCoin","ReplayTheSpireMod:TigerMarble","RuthlessExorcism:ReiMu","Letter Opener","Pocketwatch","DollysMirror"],"campfire_rested":0,"item_purchase_floors":[11,11,21,21,21,27,27,27,27,27,36,36,36,36,39,42,42],"current_hp_per_floor":[35,30,30,30,30,30,30,30,30,30,30,30,30,30,30,4,35,35,35,35,35,35,35,32,32,32,42,42,34,34,34,34,34,42,42,42,42,42,42,42,42,42,52,52,52,52,52,52,52,52],"gold":1597,"neow_bonus":"BOSS_RELIC","is_daily":false,"chose_seed":false,"campfire_upgraded":10,"win_rate":0.0,"timestamp":1614142426,"path_taken":["M","?","M","?","M","E","R","M","T","R","?","R","M","?","R","BOSS","M","M","?","?","?","R","?","E","T","$","M","E","R","M","R","BOSS","M","$","?","?","$","R","E","?","T","M","M","M","R","?","R","BOSS"],"items_purchased_type":["Relic","Card","Relic","Relic","Card","Card","Card","Relic","Relic","Relic","Relic","Relic","Relic","Relic","Relic","Relic","Relic"],"build_version":"2020-12-22","purchased_purges":1,"victory":true,"max_hp_per_floor":[35,35,35,35,35,35,35,35,35,35,35,35,35,35,35,35,35,35,35,35,35,35,35,35,35,35,42,42,42,42,42,42,42,42,42,42,42,42,42,42,42,42,52,52,52,52,52,52,52,52],"card_choices":[],"player_experience":2203595,"relics_obtained":[{"floor":6,"key":"Centennial Puzzle"},{"floor":9,"key":"Anchor"},{"floor":25,"key":"Counterbalance"},{"floor":26,"key":"Replay:WaspNest"},{"floor":29,"key":"Replay:Bandana"},{"floor":41,"key":"Molten Egg 2"},{"floor":43,"key":"Pear"}],"event_choices":[{"cards_removed":["Hololive_Defend"],"damage_healed":0,"gold_gain":0,"player_choice":"Purged","damage_taken":0,"max_hp_gain":0,"max_hp_loss":0,"event_name":"Purifier","floor":20,"gold_loss":0},{"damage_healed":0,"gold_gain":0,"player_choice":"Full Heal","damage_taken":0,"max_hp_gain":0,"max_hp_loss":0,"event_name":"Wheel of Change","floor":22,"gold_loss":0},{"damage_healed":0,"gold_gain":75,"player_choice":"Touch","damage_taken":3,"max_hp_gain":0,"max_hp_loss":0,"event_name":"FaceTrader","floor":24,"gold_loss":0},{"damage_healed":0,"gold_gain":0,"player_choice":"Got Potions","damage_taken":0,"max_hp_gain":0,"max_hp_loss":0,"event_name":"Lab","floor":38,"gold_loss":0}],"is_beta":false,"boss_relics":[{"not_picked":["Hololive_TopUpMoneyS","Abe\u0027s Treasure"],"picked":"Runic Dome"},{"not_picked":["Snecko Heart","Empty Cage"],"picked":"Coffee Dripper"}],"items_purged_floors":[36],"is_endless":false,"potions_floor_spawned":[1,5,19,28,29,33,35,41,46],"ascension_level":1}}