{"host":"fl9v8v0ogd4flw78","time":1614182467,"event":{"mods":["BaseMod","Downfall","Ekko","Gremlin Mod","Highlight Path","Koishi","Luminous","Marked Mod","Minty Spire (QoL Compilation)","Quick Restart","READ ME - Guardian Mod","Relic Stats","Replay The Spire","StSLib","Td1madao Mod","The Marked","The Servant 0.9.4"],"gold_per_floor":[119,137,147,157,177,177,20,39,39,53,84,94,106,106,106,106,106],"floor_reached":16,"language":"ZHS","playtime":919,"items_purged":[],"score":146,"play_id":"6be84d38-b938-4e89-8544-a3cb36c7b614","local_time":"20210225000107","is_ascension_mode":true,"campfire_choices":[{"data":"KidneyShot","floor":6.0,"key":"SMITH"},{"floor":15,"key":"REST"}],"circlet_count":0,"master_deck":["Strike_S","Strike_S","Strike_S","Strike_S","Defend_S","Defend_S","Defend_S","Defend_S","KidneyShot+1","Exchange","Desolation","Rewind","BottledTime","Rearm","Starlight","DualDimension","Rewind","Potential","TimeWarp","Defy"],"relics":["Uniform","Bronze Scales","Ancient Tea Set","PreservedInsect"],"acts_visited":["Exordium"],"potions_floor_usage":[16],"damage_taken":[{"damage":2.0,"enemies":"Cultist","floor":1.0,"turns":4.0},{"damage":4.0,"enemies":"Jaw Worm","floor":2.0,"turns":3.0},{"damage":6.0,"enemies":"Small Slimes","floor":3.0,"turns":3.0},{"damage":16.0,"enemies":"Exordium Wildlife","floor":4.0,"turns":8.0},{"damage":5.0,"enemies":"Gremlin Gang","floor":5.0,"turns":10.0},{"damage":4.0,"enemies":"2 Fungi Beasts","floor":8.0,"turns":3.0},{"damage":3.0,"enemies":"3 Louse","floor":10.0,"turns":4.0},{"damage":12.0,"enemies":"Lagavulin","floor":11.0,"turns":7.0},{"damage":0,"enemies":"Red Slaver","floor":12,"turns":3},{"damage":2,"enemies":"2 Fungi Beasts","floor":13,"turns":3},{"damage":24,"enemies":"The Guardian","floor":16,"turns":11}],"seed_played":"7934188699370944124","potions_obtained":[{"floor":1.0,"key":"ColorlessPotion"},{"floor":2.0,"key":"Swift Potion"},{"floor":4.0,"key":"SteroidPotion"},{"floor":13,"key":"Fire Potion"}],"is_trial":false,"path_per_floor":["M","M","M","M","M","R","$","M","T","M","E","M","M","?","R","B"],"character_chosen":"THE_SERVANT","items_purchased":["Bronze Scales"],"campfire_rested":1,"item_purchase_floors":[7],"current_hp_per_floor":[63,59,53,37,32,32,32,28,28,25,13,13,11,11,32,8,8],"gold":106,"neow_bonus":"TEN_PERCENT_HP_BONUS","is_daily":false,"chose_seed":false,"campfire_upgraded":1,"win_rate":0.0,"timestamp":1614182467,"path_taken":["M","M","M","M","M","R","$","M","T","M","E","?","M","?","R","BOSS"],"items_purchased_type":["Relic"],"build_version":"2020-12-22","purchased_purges":0,"victory":false,"max_hp_per_floor":[71,71,71,71,71,71,71,71,71,71,71,71,71,71,71,71,71],"relic_stats":{"counters":[11,59],"Bronze Scales":[81],"PreservedInsect":0,"obtain_stats":[{"Bronze Scales":7,"PreservedInsect":11,"Uniform":0,"Ancient Tea Set":9},{"Bronze Scales":5,"PreservedInsect":8,"Uniform":0,"Ancient Tea Set":6},{"Bronze Scales":28,"PreservedInsect":42,"Uniform":0,"Ancient Tea Set":31}]},"card_choices":[{"not_picked":["Moonlight","Shuttle"],"picked":"Desolation","floor":1.0},{"not_picked":["BottledTime","TimeTheft"],"picked":"Rewind","floor":2.0},{"not_picked":["Advance","Rewind"],"picked":"BottledTime","floor":3.0},{"not_picked":["Replace","Moondial"],"picked":"Rearm","floor":4.0},{"not_picked":["Advance","Spin"],"picked":"Starlight","floor":5.0},{"not_picked":["Gouge","KillingDoll"],"picked":"DualDimension","floor":8.0},{"not_picked":["Manipulate","Collapse"],"picked":"Rewind","floor":10.0},{"not_picked":["Spin","StarChef"],"picked":"Potential","floor":11.0},{"not_picked":["Potential","Revamp"],"picked":"TimeWarp","floor":12},{"not_picked":["Replace","BottledTime"],"picked":"Defy","floor":13}],"player_experience":541151,"relics_obtained":[{"floor":9.0,"key":"Ancient Tea Set"},{"floor":11.0,"key":"PreservedInsect"}],"event_choices":[{"damage_healed":0,"gold_gain":0,"player_choice":"0 cards matched","damage_taken":0,"max_hp_gain":0,"max_hp_loss":0,"event_name":"Match and Keep!","floor":14,"gold_loss":0,"cards_obtained":[]}],"is_beta":false,"boss_relics":[],"items_purged_floors":[],"is_endless":false,"potions_floor_spawned":[1,2,4,13],"killed_by":"The Guardian","ascension_level":7}}