{"host":"6r341r9cz00j2qc1","time":1614195545,"event":{"mods":["BaseMod","Better Third Choice","Downfall","Hermit","Lobotomy","LobotomyExtend","Minty Spire (QoL Compilation)","Replay The Spire","Shop Mod","StSLib"],"gold_per_floor":[118,118,43,43,56,56,85,85,85,85,85,98,24,24,24,124,124,137,157,157,157],"floor_reached":20,"language":"ENG","playtime":1104,"items_purged":["Pain"],"score":170,"play_id":"def797e1-46da-4057-b237-a2a4096fbbdf","local_time":"20210224203905","is_ascension_mode":false,"campfire_choices":[{"data":"Barrage","floor":6,"key":"SMITH"},{"floor":11,"key":"REST"},{"floor":15,"key":"REST"}],"circlet_count":0,"master_deck":["Strike_B","Strike_B","Strike_B","Strike_B","Defend_B","Defend_B","Defend_B","Defend_B","Zap","Dualcast","ReplayTheSpireMod:Private Reserves","Ball Lightning","Burn","Barrage+1","White Noise","Melter","Self Repair","ReplayTheSpireMod:Fabricate Wheel","Self Repair","Conserve Battery"],"relics":["Cracked Core","LetterFromLob","WarpedTongs","Replay:Arrowhead","ReplayTheSpireMod:TigerMarble","Ring of Chaos"],"acts_visited":["Exordium","TheCity"],"potions_floor_usage":[7,20,20],"damage_taken":[{"damage":1,"enemies":"Cultist","floor":1,"turns":3},{"damage":6,"enemies":"Jaw Worm","floor":5,"turns":3},{"damage":20,"enemies":"Lagavulin","floor":7,"turns":7},{"damage":0,"enemies":"2 Louse","floor":12,"turns":1},{"damage":41,"enemies":"Slime Boss","floor":16,"turns":12},{"damage":32,"enemies":"2 Thieves","floor":18,"turns":4},{"damage":0,"enemies":"Spheric Guardian","floor":19,"turns":1},{"damage":53,"enemies":"Masked Bandits","floor":20,"turns":3}],"seed_played":"-220091471319408480","potions_obtained":[{"floor":1,"key":"EssenceOfSteel"},{"floor":16,"key":"LiquidMemories"},{"floor":18,"key":"FearPotion"}],"is_trial":false,"path_per_floor":["M","?","$","?","M","R","E","?","T","$","R","M","$","M","R","B",null,"M","M","?"],"character_chosen":"DEFECT","items_purchased":["Self Repair"],"campfire_rested":2,"item_purchase_floors":[13],"current_hp_per_floor":[74,74,74,74,68,68,48,15,15,15,37,37,37,37,56,22,66,41,48,0,0],"gold":157,"neow_bonus":"RANDOM_COLORLESS","is_daily":false,"chose_seed":false,"campfire_upgraded":1,"win_rate":0.0,"timestamp":1614195545,"path_taken":["M","?","?","?","M","R","E","?","T","$","R","M","$","?","R","BOSS","M","M","?"],"items_purchased_type":["Card"],"build_version":"2020-12-22","purchased_purges":1,"victory":false,"max_hp_per_floor":[75,75,75,75,75,75,75,75,75,75,75,75,75,66,66,66,66,66,66,66,66],"card_choices":[{"not_picked":["Purity","Dark Shackles"],"picked":"ReplayTheSpireMod:Private Reserves","floor":0},{"not_picked":["Rebound","ReplaySort"],"picked":"Ball Lightning","floor":1},{"not_picked":["Gash","Cold Snap"],"picked":"Barrage","floor":5},{"not_picked":["Compile Driver","Conserve Battery"],"picked":"White Noise","floor":7},{"not_picked":["Conserve Battery","Fission"],"picked":"Melter","floor":12},{"not_picked":["ReplayRNGCard","Seek"],"picked":"ReplayTheSpireMod:Fabricate Wheel","floor":16},{"not_picked":["Gash","Conserve Battery"],"picked":"Self Repair","floor":18},{"not_picked":["ReplayTheSpireMod:System Scan","Barrage"],"picked":"Conserve Battery","floor":19}],"player_experience":557467,"relics_obtained":[{"floor":1,"key":"LetterFromLob"},{"floor":7,"key":"Replay:Arrowhead"}],"event_choices":[{"damage_healed":0,"gold_gain":0,"player_choice":"Rummage","damage_taken":0,"relics_obtained":["WarpedTongs"],"max_hp_gain":0,"max_hp_loss":0,"event_name":"Accursed Blacksmith","floor":2,"gold_loss":0,"cards_obtained":["Pain"]},{"damage_healed":74,"gold_gain":0,"player_choice":"Embrace Burn","damage_taken":0,"max_hp_gain":0,"max_hp_loss":75,"event_name":"betterThird:BetterShining","floor":4,"gold_loss":0},{"damage_healed":0,"gold_gain":0,"player_choice":"Relic ","damage_taken":33,"max_hp_gain":0,"max_hp_loss":0,"event_name":"betterThird:BetterScrap","floor":8,"gold_loss":0,"cards_obtained":["Finisher"]},{"damage_healed":0,"gold_gain":0,"player_choice":"Fought Bandits","damage_taken":0,"max_hp_gain":0,"max_hp_loss":0,"event_name":"Masked Bandits","floor":20,"gold_loss":0}],"is_beta":false,"boss_relics":[{"not_picked":["Coffee Dripper","Runic Dome"],"picked":"Ring of Chaos"}],"items_purged_floors":[3],"is_endless":false,"potions_floor_spawned":[1,16,18],"killed_by":"Masked Bandits","ascension_level":0}}