{"host":"8t5dkgm85abdp22d","time":1614168233,"event":{"mods":["100% Spire Juice","ATMod(阿瑾Mod)","Act Like it!","BaseMod","Colored Powertips","Conspire","Gensokyo","GungeonMod","Hallownest","Marisa（F雨　魔理沙）","Minty Spire (QoL Compilation)","MostiFishMod","Remilia（蕾米莉亚）","RumiaBox-露米娅的神秘盒子","Ryuuou龙王","StSLib","The Bug Knight","The Marked","UnlockEverythingMod","Waifu the Spire","WarShipGirlsR/战舰少女R mod","Yakumo Yukari mod"],"gold_per_floor":[116,136,149,199,209,238,48,48,48,48,60,95,112,141,141,220,220,234,249,249,249,249,281,297,330,330,330,345,365,385,428,469,469,469,541,541,560,137,172,172,206,231,231,259,259,289,339,1353,1313,1326,1326,1326,1326,1326,1326,400,402,1402],"floor_reached":59,"language":"ZHS","playtime":1967,"items_purged":["Strike_P","Strike_P+1","Defend_P+1"],"score":3107,"play_id":"a1ee3c04-63f7-446b-847d-13496feebc77","local_time":"20210224200353","is_ascension_mode":true,"campfire_choices":[{"data":"Eruption","floor":8.0,"key":"SMITH"},{"data":"Eruption","floor":15.0,"key":"SMITH"},{"data":"MostiFishMod:KamiSmash","floor":27,"key":"SMITH"},{"floor":33,"key":"REST"},{"data":"TalkToTheHand","floor":43,"key":"SMITH"},{"floor":51,"key":"RECALL"},{"floor":55,"key":"REST"}],"circlet_count":0,"master_deck":["AscendersBane","Strike_P+1","Strike_P+1","Defend_P+1","Defend_P+1","Defend_P+1","Eruption+1","Vigilance+1","Eruption+1","AT_IrregularMenstruation+1","BowlingBash+1","Scrawl+1","MostiFishMod:KamiSmash+1","FlurryOfBlows+1","Wish+1","WheelKick+1","Adaptation+1","Sanctity+1","MostiFishMod:DustFall+1","Ryuuou:NotRegret","TalkToTheHand+1","Wallop","Flash of Steel"],"relics":["AT_ATBox","DaveBox","DemoMod:RiddleOfLead","Jackal-EndForJourney","SynthV:TestCard","AT_RedNoBalance","conspire:DeflatedDodgeball","Akabeko","GoldenEye","SlaversCollar","GodSword4","Bottled Flame","DemoMod:PinkGuonStone","DemoMod:RatBoots","DemoMod:ResourcefulSack","DemoMod:PartiallyEatenCheese","RhineCircuit","HereWithMe","Bag of Preparation","Lee\u0027s Waffle","LastBattle","DemoMod:GlassGuonStoneRelic","PreservedInsect","DemoMod:WhiteGuonStone","Frozen Egg 2","Mercury Hourglass","Toolbox","DemoMod:MonsterBlood"],"acts_visited":["Exordium","TheCity","TheCity","TheBeyond","TheEnding"],"potions_floor_usage":[23,25,30,35,58],"damage_taken":[{"damage":7.0,"enemies":"2 Louse","floor":1.0,"turns":3.0},{"damage":0.0,"enemies":"Cultist","floor":2.0,"turns":3.0},{"damage":4.0,"enemies":"conspire:RoseBush","floor":3.0,"turns":2.0},{"damage":12.0,"enemies":"Large Slime","floor":5.0,"turns":7.0},{"damage":22.0,"enemies":"Lagavulin","floor":6.0,"turns":5.0},{"damage":1.0,"enemies":"Looter","floor":11.0,"turns":2.0},{"damage":0.0,"enemies":"HollowMod:MossKnight","floor":12.0,"turns":5.0},{"damage":0.0,"enemies":"Gremlin Gang","floor":13.0,"turns":1.0},{"damage":5.0,"enemies":"3 Sentries","floor":14.0,"turns":10.0},{"damage":10.0,"enemies":"Hexaghost","floor":16.0,"turns":6.0},{"damage":0.0,"enemies":"2 Thieves","floor":18.0,"turns":2.0},{"damage":0.0,"enemies":"conspire:FuzzyDice","floor":19.0,"turns":5.0},{"damage":0,"enemies":"conspire:SneckoGhost","floor":23,"turns":4},{"damage":0,"enemies":"Centurion and Healer","floor":24,"turns":3},{"damage":0,"enemies":"Gremlin Leader","floor":25,"turns":5},{"damage":0,"enemies":"DemoMod:4_Bullet_Kins","floor":28,"turns":1},{"damage":0,"enemies":"DemoMod:2_Veteran_bullet_kins_and_red_shotgun_kin","floor":29,"turns":2},{"damage":0,"enemies":"DemoMod:2_Mousers","floor":30,"turns":3},{"damage":10,"enemies":"DemoMod:Veteran_shot_gun_kin_and_red_shotgun_kin_with_gunsinger","floor":31,"turns":3},{"damage":0,"enemies":"DemoMod:Veteran_shot_gun_kin_and_blue_shotgun_kin","floor":32,"turns":2},{"damage":0,"enemies":"DemoMod:ResourcefulRat","floor":34,"turns":5},{"damage":6,"enemies":"DemoMod:ResourcefulRat","floor":35,"turns":9},{"damage":0,"enemies":"Orb Walker","floor":37,"turns":1},{"damage":0,"enemies":"3 Darklings","floor":39,"turns":2},{"damage":0,"enemies":"Spire Growth","floor":41,"turns":2},{"damage":0,"enemies":"Reptomancer","floor":42,"turns":1},{"damage":0,"enemies":"Nemesis","floor":44,"turns":1},{"damage":0,"enemies":"HollowMod:StalkingDevout","floor":46,"turns":1},{"damage":0,"enemies":"Spire Growth","floor":48,"turns":1},{"damage":0,"enemies":"Jaw Worm Horde","floor":50,"turns":1},{"damage":0,"enemies":"Donu and Deca","floor":52,"turns":2},{"damage":0,"enemies":"conspire:OrnateMirror","floor":53,"turns":1},{"damage":0,"enemies":"Shield and Spear","floor":57,"turns":1},{"damage":3,"enemies":"The Heart","floor":58,"turns":4}],"seed_played":"6175129132064981972","potions_obtained":[{"floor":5.0,"key":"Strength Potion"},{"floor":11.0,"key":"Swift Potion"},{"floor":16.0,"key":"Block Potion"},{"floor":23,"key":"SkillPotion"},{"floor":24,"key":"StancePotion"},{"floor":30,"key":"DistilledChaos"},{"floor":32,"key":"GamblersBrew"},{"floor":35,"key":"StancePotion"}],"is_trial":false,"path_per_floor":["M","M","M","?","M","E","$","R","T","$","M","E","M","E","R","B",null,"M","M","?","?","?","E","M","E","T","R","M","M","M","M","M","R","B","B",null,"M","$","M","?","?","E","R","E","T","E","?","M","?","M","R","B","B",null,"R","$","E","B",null],"character_chosen":"WATCHER","items_purchased":["DemoMod:GnawedKey","Bag of Preparation","Lee\u0027s Waffle","Wallop","Mercury Hourglass","Toolbox","DemoMod:MonsterBlood","Flash of Steel"],"campfire_rested":2,"item_purchase_floors":[7,38,38,56,56,56,56,56],"current_hp_per_floor":[71,71,67,67,55,33,33,33,33,33,38,39,39,34,34,29,66,39,39,39,39,39,39,39,46,75,75,42,42,42,32,32,57,57,51,77,77,92,92,92,92,92,92,92,92,92,92,92,92,92,92,92,92,92,92,99,99,96],"gold":1402,"neow_bonus":"BOSS_RELIC","is_daily":false,"chose_seed":false,"campfire_upgraded":4,"win_rate":0.0,"timestamp":1614168233,"path_taken":["M","M","M","?","?","E","?","R","T","$","M","E","M","E","R","BOSS","M","M","?","?","?","E","?","E","T","R","M","M","M","M","M","R","BOSS","BOSS","M","$","?","?","?","E","R","E","T","E","?","?","?","M","R","BOSS","BOSS","R","$","E","BOSS"],"items_purchased_type":["Relic","Relic","Relic","Card","Relic","Relic","Relic","Card"],"build_version":"2020-12-22","purchased_purges":3,"victory":true,"max_hp_per_floor":[78,78,78,78,78,78,78,78,78,78,78,78,78,78,78,78,78,78,78,78,78,78,78,78,85,85,85,85,85,85,85,85,85,85,85,85,85,92,92,92,92,92,92,92,92,92,92,92,92,92,92,92,92,92,92,99,99,99],"card_choices":[{"not_picked":["EmptyFist","PathToVictory","CutThroughFate"],"picked":"SKIP","floor":1.0},{"not_picked":["FollowUp","Protect","FlyingSleeves","MostiFishMod:StarWish","CutThroughFate"],"picked":"SKIP","floor":2.0},{"not_picked":["FollowUp","LikeWater","Worship","EmptyBody","EmptyFist"],"picked":"SKIP","floor":3.0},{"not_picked":["ThirdEye","WindmillStrike","EmptyMind","Vengeance"],"picked":"BowlingBash","floor":5.0},{"not_picked":["Conclude","Worship","BattleHymn","Perseverance","ClearTheMind"],"picked":"SKIP","floor":6.0},{"not_picked":["Meditate","EmptyBody","Study","Consecrate","SashWhip"],"picked":"SKIP","floor":11.0},{"not_picked":["Crescendo","BattleHymn","Conclude","BowlingBash","Judgement"],"picked":"SKIP","floor":12.0},{"not_picked":["Wireheading","Vengeance","CutThroughFate","ClearTheMind","FollowUp"],"picked":"SKIP","floor":13.0},{"not_picked":["Meditate","EmptyBody","Consecrate","PathToVictory"],"picked":"Scrawl","floor":14.0},{"not_picked":["MostiFishMod:Moonprays","Establishment","Vault","Scrawl"],"picked":"MostiFishMod:KamiSmash","floor":16.0},{"not_picked":["Halt","FlyingSleeves","AT_SoftenMuscles+1","Tantrum","ThirdEye"],"picked":"SKIP","floor":18.0},{"not_picked":["Fasting2","Protect","CarveReality","Consecrate"],"picked":"FlurryOfBlows","floor":19.0},{"not_picked":["Wireheading","FlurryOfBlows","Consecrate","CarveReality","Collect"],"picked":"SKIP","floor":23},{"not_picked":["Halt+1","CutThroughFate","MostiFishMod:Minus","FollowUp","MostiFishMod:Clarity"],"picked":"SKIP","floor":24},{"not_picked":["Vengeance","JustLucky+1","Crescendo","CrushJoints"],"picked":"Wish","floor":25},{"not_picked":["SashWhip","ThirdEye","PathToVictory+1","FollowUp","Study"],"picked":"SKIP","floor":28},{"not_picked":["EmptyFist","WindmillStrike","FollowUp","SpiritShield","ClearTheMind"],"picked":"SKIP","floor":29},{"not_picked":["Protect","WreathOfFlame","ClearTheMind","FollowUp+1","FlyingSleeves"],"picked":"SKIP","floor":30},{"not_picked":["CarveReality","Indignation","EmptyBody","MostiFishMod:ScryFuture+1"],"picked":"WheelKick","floor":31},{"not_picked":["Vault","MostiFishMod:PathToVictory","CutThroughFate","CrushJoints"],"picked":"Adaptation+1","floor":32},{"not_picked":["Crescendo","WaveOfTheHand+1","Evaluate","SandsOfTime"],"picked":"Sanctity","floor":36},{"not_picked":["SandsOfTime+1","Protect","EmptyFist","CutThroughFate","SashWhip"],"picked":"SKIP","floor":37},{"not_picked":["AT_DivineConfetti","CutThroughFate+1","Protect","EmptyFist"],"picked":"MostiFishMod:DustFall","floor":39},{"not_picked":["FlyingSleeves","CutThroughFate+1","MostiFishMod:LegendTransform","BowlingBash+1"],"picked":"TalkToTheHand","floor":41},{"not_picked":["CrushJoints","Weave+1","CutThroughFate","MostiFishMod:Clarity","EmptyFist"],"picked":"SKIP","floor":42},{"not_picked":["Swivel","PathToVictory","FlurryOfBlows","SashWhip","Crescendo"],"picked":"SKIP","floor":44},{"not_picked":["Judgement","ClearTheMind","Consecrate","CrushJoints+1","MostiFishMod:ScryFuture+1"],"picked":"SKIP","floor":46},{"not_picked":["AT_RealFormLess","EmptyBody","Consecrate+1","FlurryOfBlows","BowlingBash"],"picked":"SKIP","floor":48},{"not_picked":["Evaluate","CrushJoints","MostiFishMod:LegendTransform+1","MostiFishMod:Clarity+1","Protect"],"picked":"SKIP","floor":50},{"not_picked":["FearNoEvil+1","DeceiveReality","Nirvana+1","Halt","Evaluate"],"picked":"SKIP","floor":57}],"player_experience":139135,"relics_obtained":[{"floor":1.0,"key":"SynthV:TestCard"},{"floor":6.0,"key":"AT_SilverBalance"},{"floor":9.0,"key":"conspire:DeflatedDodgeball"},{"floor":12.0,"key":"Akabeko"},{"floor":14.0,"key":"GoldenEye"},{"floor":23,"key":"Bottled Flame"},{"floor":25,"key":"DemoMod:PinkGuonStone"},{"floor":36,"key":"DemoMod:RatBoots"},{"floor":36,"key":"DemoMod:ResourcefulSack"},{"floor":36,"key":"DemoMod:PartiallyEatenCheese"},{"floor":36,"key":"RhineCircuit"},{"floor":36,"key":"HereWithMe"},{"floor":42,"key":"LastBattle"},{"floor":44,"key":"PreservedInsect"},{"floor":45,"key":"DemoMod:WhiteGuonStone"},{"floor":46,"key":"Frozen Egg 2"}],"event_choices":[{"damage_healed":0.0,"max_hp_gain":0.0,"max_hp_loss":0.0,"gold_gain":50.0,"event_name":"Golden Shrine","player_choice":"Pray","floor":4.0,"gold_loss":0.0,"damage_taken":0.0},{"damage_healed":0.0,"max_hp_gain":0.0,"max_hp_loss":0.0,"gold_gain":0.0,"event_name":"The Mausoleum","player_choice":"Ignored","floor":20.0,"gold_loss":0.0,"damage_taken":0.0},{"damage_healed":0.0,"max_hp_gain":0.0,"max_hp_loss":0.0,"gold_gain":0.0,"event_name":"Back to Basics","player_choice":"Simplicity","floor":21.0,"gold_loss":0.0,"damage_taken":0.0,"cards_upgraded":["Strike_P","Strike_P","Strike_P","Defend_P","Defend_P","Defend_P","Defend_P"]},{"damage_healed":0.0,"max_hp_gain":0.0,"max_hp_loss":0.0,"gold_gain":0.0,"event_name":"WeMeetAgain","player_choice":"Gave Potion","floor":22.0,"gold_loss":0.0,"damage_taken":0.0,"relics_obtained":["GodSword4"]},{"damage_healed":0,"gold_gain":50,"player_choice":"Pray","damage_taken":0,"max_hp_gain":0,"max_hp_loss":0,"event_name":"Golden Shrine","floor":47,"gold_loss":0},{"damage_healed":0,"gold_gain":0,"player_choice":"Bought 3 Potions","damage_taken":0,"max_hp_gain":0,"max_hp_loss":0,"event_name":"The Woman in Blue","floor":49,"gold_loss":0}],"is_beta":false,"boss_relics":[{"not_picked":["EE1DDrone","Astrolabe"],"picked":"SlaversCollar"},{"not_picked":[]}],"items_purged_floors":[7,38,56],"is_endless":false,"potions_floor_spawned":[5,11,13,14,16,19,23,24,30,32,34,35,46,48,57],"ascension_level":20}}