{"host":"oigynbtg272c19pw","time":1614158475,"event":{"mods":["BaseMod","Colored Map","Minty Spire (QoL Compilation)","Relic Stats","Slay the Relics Exporter","StSLib"],"gold_per_floor":[119,128,48,68,96,140,140,177,202,202,21,49,14,14,14],"floor_reached":14,"playtime":329,"items_purged":["Regret"],"score":196,"play_id":"2db5f197-bad9-45ff-a2e4-4fe10791c741","local_time":"20210224102115","is_ascension_mode":true,"campfire_choices":[{"data":"Uppercut","floor":7,"key":"SMITH"},{"data":"Disarm","floor":10,"key":"SMITH"}],"circlet_count":0,"master_deck":["AscendersBane","Strike_R","Strike_R","Strike_R","Strike_R","Strike_R","Defend_R","Defend_R","Defend_R","Defend_R","Bash","Uppercut+1","Disarm+1","Pummel","Dark Embrace+1","Fire Breathing+1","Second Wind","Berserk+1"],"relics":["Burning Blood","NeowsBlessing","CeramicFish","Happy Flower","InkBottle","Frozen Egg 2","Bag of Preparation"],"acts_visited":["Exordium"],"potions_floor_usage":[8,8,14],"damage_taken":[{"damage":0,"enemies":"2 Louse","floor":1,"turns":1},{"damage":0,"enemies":"Small Slimes","floor":4,"turns":1},{"damage":0,"enemies":"Cultist","floor":5,"turns":1},{"damage":30,"enemies":"Gremlin Nob","floor":6,"turns":4},{"damage":41,"enemies":"3 Sentries","floor":8,"turns":11},{"damage":1,"enemies":"Exordium Wildlife","floor":12,"turns":4},{"damage":40,"enemies":"Gremlin Nob","floor":14,"turns":4}],"seed_played":"2542223229145806398","potions_obtained":[{"floor":5,"key":"Block Potion"},{"floor":6,"key":"SkillPotion"},{"floor":8,"key":"Energy Potion"}],"is_trial":false,"path_per_floor":["M","?","?","M","M","E","R","E","T","R","$","M","?","E"],"character_chosen":"IRONCLAD","items_purchased":["Fire Breathing+1","Second Wind"],"campfire_rested":0,"item_purchase_floors":[11,11],"current_hp_per_floor":[74,74,74,75,75,51,51,16,16,16,16,21,21,0,0],"gold":14,"neow_bonus":"THREE_ENEMY_KILL","is_daily":false,"chose_seed":false,"campfire_upgraded":2,"win_rate":0.0,"timestamp":1614158475,"path_taken":["M","?","?","?","M","E","R","E","T","R","$","M","?","E"],"items_purchased_type":["Card","Card"],"build_version":"2020-12-13","purchased_purges":1,"victory":false,"max_hp_per_floor":[75,75,75,75,75,75,75,75,75,75,75,75,75,75,75],"relic_stats":{"Happy Flower":[8],"counters":[7,26],"CeramicFish":72,"Bag of Preparation":[4],"obtain_stats":[{"NeowsBlessing":0,"Happy Flower":3,"CeramicFish":2,"Bag of Preparation":9,"Frozen Egg 2":8,"Burning Blood":0,"InkBottle":6},{"NeowsBlessing":0,"Happy Flower":1,"CeramicFish":1,"Bag of Preparation":5,"Frozen Egg 2":5,"Burning Blood":0,"InkBottle":4},{"NeowsBlessing":0,"Happy Flower":1,"CeramicFish":1,"Bag of Preparation":18,"Frozen Egg 2":18,"Burning Blood":0,"InkBottle":7}],"Burning Blood":25,"InkBottle":[4]},"card_choices":[{"not_picked":["Iron Wave","Combust","Havoc"],"picked":"SKIP","floor":1},{"not_picked":["Reckless Charge","Metallicize"],"picked":"Uppercut","floor":4},{"not_picked":["Pommel Strike","Flame Barrier"],"picked":"Disarm","floor":5},{"not_picked":["Heavy Blade","Clash"],"picked":"Pummel","floor":6},{"not_picked":["Pommel Strike","Headbutt"],"picked":"Dark Embrace+1","floor":8},{"not_picked":["True Grit","Body Slam"],"picked":"Berserk+1","floor":12}],"player_experience":1652161,"relics_obtained":[{"floor":6,"key":"InkBottle"},{"floor":8,"key":"Frozen Egg 2"},{"floor":9,"key":"Bag of Preparation"}],"event_choices":[{"damage_healed":0,"gold_gain":0,"player_choice":"Box","damage_taken":0,"relics_obtained":["CeramicFish"],"max_hp_gain":0,"max_hp_loss":0,"event_name":"Big Fish","floor":2,"gold_loss":0,"cards_obtained":["Regret"]},{"damage_healed":0,"gold_gain":0,"player_choice":"Paid Gold","damage_taken":0,"relics_obtained":["Happy Flower"],"max_hp_gain":0,"max_hp_loss":0,"event_name":"WeMeetAgain","floor":3,"gold_loss":80},{"damage_healed":0,"gold_gain":0,"player_choice":"Left Gold","damage_taken":0,"max_hp_gain":0,"max_hp_loss":0,"event_name":"World of Goop","floor":13,"gold_loss":35}],"is_beta":false,"boss_relics":[],"items_purged_floors":[11],"is_endless":false,"potions_floor_spawned":[5,6,8],"killed_by":"Gremlin Nob","ascension_level":20}}