{"host":"1vy6j31128f61x2z","time":1614187865,"event":{"mods":["AchievementEnabler","BaseMod","Colored Powertips","Minty Spire (QoL Compilation)","Permanent Neow","Random Character Button","Relic Stats"],"gold_per_floor":[12,12,12,32,51,51,82,98,98,98,141,141,141,179,179,309,309,334,353,353,374,374,412,436,436,436,470,470,44,69,194,194,314,314,328,328,349,349,56,56,56,81,81,81,115,115,39,79,79,79],"floor_reached":51,"language":"ENG","playtime":2573,"items_purged":["Strike_G"],"score":1404,"play_id":"7482fb19-2861-4609-8306-578b8b49612b","local_time":"20210224123105","is_ascension_mode":true,"campfire_choices":[{"data":"Blade Dance","floor":6.0,"key":"SMITH"},{"data":"Noxious Fumes","floor":10.0,"key":"SMITH"},{"data":"Backflip","floor":13.0,"key":"SMITH"},{"data":"Blur","floor":15.0,"key":"SMITH"},{"data":"A Thousand Cuts","floor":25.0,"key":"SMITH"},{"data":"Finisher","floor":28.0,"key":"SMITH"},{"data":"Choke","floor":32,"key":"SMITH"},{"data":"Backflip","floor":40,"key":"SMITH"},{"data":"Dodge and Roll","floor":44,"key":"SMITH"},{"data":"Footwork","floor":46,"key":"SMITH"},{"data":"Noxious Fumes","floor":49,"key":"SMITH"}],"circlet_count":0,"master_deck":["Strike_G+1","Defend_G","Defend_G","Defend_G+1","Defend_G","Defend_G","Survivor","Neutralize+1","Backflip+1","Blade Dance+1","Noxious Fumes+1","Blur+1","Choke+1","Venomology","Dodge and Roll+1","A Thousand Cuts+1","Footwork+1","Backflip+1","Finisher+1","Prepared+1","Backflip+1","Adrenaline+1","Cloak And Dagger+1","Infinite Blades","Noxious Fumes+1"],"relics":["Ring of the Snake","Tough Bandages","Golden Idol","Gambling Chip","Kunai","Ornamental Fan","Bronze Scales","Busted Crown","Bag of Preparation","Peace Pipe","Pear","Oddly Smooth Stone","War Paint","Bag of Marbles","Pocketwatch","Toxic Egg 2","HoveringKite","TwistedFunnel","Snake Skull","Whetstone","TungstenRod","Boot"],"acts_visited":["Exordium","TheCity","TheBeyond"],"potions_floor_usage":[35,42,50,50,50,50],"damage_taken":[{"damage":3.0,"enemies":"2 Louse","floor":1.0,"turns":4.0},{"damage":1.0,"enemies":"Jaw Worm","floor":4.0,"turns":6.0},{"damage":0.0,"enemies":"Cultist","floor":5.0,"turns":4.0},{"damage":36.0,"enemies":"Gremlin Nob","floor":7.0,"turns":5.0},{"damage":0.0,"enemies":"Looter","floor":8.0,"turns":4.0},{"damage":0.0,"enemies":"Lagavulin","floor":11.0,"turns":6.0},{"damage":0.0,"enemies":"Gremlin Nob","floor":14.0,"turns":3.0},{"damage":0.0,"enemies":"The Guardian","floor":16.0,"turns":9.0},{"damage":0.0,"enemies":"Chosen","floor":18.0,"turns":5.0},{"damage":0.0,"enemies":"2 Thieves","floor":19.0,"turns":4.0},{"damage":0.0,"enemies":"Centurion and Healer","floor":21.0,"turns":6.0},{"damage":2.0,"enemies":"Gremlin Leader","floor":23.0,"turns":6.0},{"damage":16.0,"enemies":"Snecko","floor":24.0,"turns":5.0},{"damage":0.0,"enemies":"Book of Stabbing","floor":27.0,"turns":4.0},{"damage":0,"enemies":"Sentry and Sphere","floor":30,"turns":2},{"damage":0,"enemies":"Colosseum Slavers","floor":31,"turns":3},{"damage":0,"enemies":"Colosseum Nobs","floor":31,"turns":4},{"damage":0,"enemies":"Automaton","floor":33,"turns":8},{"damage":0,"enemies":"3 Darklings","floor":35,"turns":2},{"damage":0,"enemies":"Orb Walker","floor":37,"turns":3},{"damage":0,"enemies":"Writhing Mass","floor":42,"turns":5},{"damage":0,"enemies":"Nemesis","floor":45,"turns":3},{"damage":0,"enemies":"Giant Head","floor":48,"turns":6},{"damage":11,"enemies":"Time Eater","floor":50,"turns":9}],"seed_played":"1869751498833374368","potions_obtained":[{"floor":1.0,"key":"FearPotion"},{"floor":8.0,"key":"Weak Potion"},{"floor":11.0,"key":"CultistPotion"},{"floor":16.0,"key":"Block Potion"},{"floor":27.0,"key":"Swift Potion"},{"floor":35,"key":"Fruit Juice"}],"is_trial":false,"path_per_floor":["M","?","?","M","M","R","E","M","T","R","E","?","R","E","R","B",null,"M","M","?","M","?","E","M","R","T","E","R","$","M","?","R","B",null,"M","?","M","?","$","R","?","M","T","R","E","R","$","E","R","B",null],"character_chosen":"THE_SILENT","items_purchased":["Backflip","War Paint","Bag of Marbles","TwistedFunnel","Snake Skull","Infinite Blades"],"campfire_rested":0,"item_purchase_floors":[29,29,29,39,39,47],"current_hp_per_floor":[60,60,60,59,59,59,23,23,23,23,23,23,23,23,23,23,55,55,55,55,55,55,53,37,37,47,47,47,47,47,47,47,47,68,73,73,73,73,73,73,73,73,73,73,73,73,73,73,73,62],"gold":79,"neow_bonus":"ONE_RARE_RELIC","is_daily":false,"chose_seed":false,"campfire_upgraded":11,"win_rate":0.0,"timestamp":1614187865,"path_taken":["M","?","?","M","M","R","E","M","T","R","E","?","R","E","R","BOSS","M","?","?","M","?","E","M","R","T","E","R","$","M","?","R","BOSS","M","?","?","?","$","R","?","M","T","R","E","R","$","E","R","BOSS"],"items_purchased_type":["Card","Relic","Relic","Relic","Relic","Card"],"build_version":"2020-12-22","purchased_purges":1,"victory":true,"max_hp_per_floor":[70,65,65,65,65,65,65,65,65,65,65,65,65,65,65,65,65,65,65,65,65,65,65,65,65,75,75,75,75,75,75,75,75,75,80,80,80,76,76,76,76,76,76,76,76,76,76,76,76,76],"relic_stats":{"counters":[24,116],"Golden Idol":200,"HoveringKite":[15],"Snake Skull":[20],"Bag of Preparation":[26],"Whetstone":["Neutralize","Strike_G"],"War Paint":["Backflip","Defend_G"],"Boot":[18],"Peace Pipe":0,"Tough Bandages":[438],"Busted Crown":28,"Ornamental Fan":[260],"Gambling Chip":[97],"Bronze Scales":[232],"Kunai":[68],"obtain_stats":[{"TwistedFunnel":39,"Pear":26,"Golden Idol":2,"Oddly Smooth Stone":27,"HoveringKite":34,"Snake Skull":39,"Bag of Preparation":22,"Whetstone":43,"War Paint":29,"Boot":48,"Peace Pipe":23,"Tough Bandages":0,"Busted Crown":17,"Ornamental Fan":11,"Gambling Chip":7,"Bronze Scales":14,"Bag of Marbles":29,"Kunai":9,"Toxic Egg 2":31,"TungstenRod":45,"Ring of the Snake":0,"Pocketwatch":31},{"TwistedFunnel":20,"Pear":13,"Golden Idol":1,"Oddly Smooth Stone":14,"HoveringKite":18,"Snake Skull":20,"Bag of Preparation":11,"Whetstone":21,"War Paint":14,"Boot":23,"Peace Pipe":12,"Tough Bandages":0,"Busted Crown":8,"Ornamental Fan":6,"Gambling Chip":4,"Bronze Scales":7,"Bag of Marbles":14,"Kunai":5,"Toxic Egg 2":17,"TungstenRod":22,"Ring of the Snake":0,"Pocketwatch":17},{"TwistedFunnel":93,"Pear":67,"Golden Idol":4,"Oddly Smooth Stone":71,"HoveringKite":88,"Snake Skull":93,"Bag of Preparation":56,"Whetstone":98,"War Paint":71,"Boot":107,"Peace Pipe":62,"Tough Bandages":0,"Busted Crown":41,"Ornamental Fan":29,"Gambling Chip":19,"Bronze Scales":32,"Bag of Marbles":71,"Kunai":23,"Toxic Egg 2":80,"TungstenRod":101,"Ring of the Snake":0,"Pocketwatch":80}],"TungstenRod":2,"Ring of the Snake":[48],"Pocketwatch":[9]},"card_choices":[{"not_picked":["Accuracy","Slice"],"picked":"Backflip","floor":1.0},{"not_picked":["Quick Slash","Underhanded Strike"],"picked":"Blade Dance","floor":4.0},{"not_picked":["Bouncing Flask","Deadly Poison"],"picked":"Noxious Fumes","floor":5.0},{"not_picked":["Prepared","Dash"],"picked":"Blur","floor":7.0},{"not_picked":["Dodge and Roll","Tactician"],"picked":"Choke","floor":8.0},{"not_picked":["Tactician","Slice"],"picked":"Venomology","floor":11.0},{"not_picked":["Flechettes","Bane"],"picked":"Dodge and Roll","floor":14.0},{"not_picked":["Die Die Die","Burst"],"picked":"A Thousand Cuts","floor":16.0},{"not_picked":["Outmaneuver"],"picked":"SKIP","floor":18.0},{"not_picked":["Noxious Fumes"],"picked":"SKIP","floor":19.0},{"not_picked":[],"picked":"Backflip","floor":21.0},{"not_picked":[],"picked":"Finisher","floor":23.0},{"not_picked":["Quick Slash"],"picked":"SKIP","floor":24.0},{"not_picked":[],"picked":"Prepared+1","floor":27.0},{"not_picked":["Distraction"],"picked":"SKIP","floor":30},{"not_picked":[],"picked":"Adrenaline+1","floor":33},{"not_picked":["Masterful Stab+1"],"picked":"SKIP","floor":35},{"not_picked":["Bane"],"picked":"SKIP","floor":37},{"not_picked":["Deadly Poison+1"],"picked":"SKIP","floor":42},{"not_picked":[],"picked":"Cloak And Dagger+1","floor":45},{"not_picked":[],"picked":"Noxious Fumes","floor":48}],"player_experience":140968,"relics_obtained":[{"floor":7.0,"key":"Gambling Chip"},{"floor":9.0,"key":"Kunai"},{"floor":11.0,"key":"Ornamental Fan"},{"floor":14.0,"key":"Bronze Scales"},{"floor":23.0,"key":"Peace Pipe"},{"floor":26.0,"key":"Pear"},{"floor":27.0,"key":"Oddly Smooth Stone"},{"floor":31,"key":"Pocketwatch"},{"floor":31,"key":"Toxic Egg 2"},{"floor":43,"key":"Whetstone"},{"floor":45,"key":"TungstenRod"},{"floor":48,"key":"Boot"}],"event_choices":[{"damage_healed":0.0,"max_hp_gain":0.0,"max_hp_loss":5.0,"gold_gain":0.0,"event_name":"Golden Idol","player_choice":"Lose Max HP","floor":2.0,"gold_loss":0.0,"damage_taken":0.0,"relics_obtained":["Golden Idol"]},{"damage_healed":0.0,"max_hp_gain":0.0,"max_hp_loss":0.0,"gold_gain":0.0,"event_name":"Liars Game","player_choice":"Ignored","floor":3.0,"gold_loss":0.0,"damage_taken":0.0},{"cards_removed":["Strike_G"],"damage_healed":0.0,"max_hp_gain":0.0,"max_hp_loss":0.0,"gold_gain":0.0,"event_name":"Purifier","player_choice":"Purged","floor":12.0,"gold_loss":0.0,"damage_taken":0.0},{"damage_healed":0.0,"max_hp_gain":0.0,"max_hp_loss":0.0,"gold_gain":0.0,"event_name":"The Library","player_choice":"Read","floor":20.0,"gold_loss":0.0,"damage_taken":0.0,"cards_obtained":["Footwork"]},{"damage_healed":0.0,"max_hp_gain":0.0,"max_hp_loss":0.0,"gold_gain":0.0,"event_name":"The Mausoleum","player_choice":"Opened","floor":22.0,"gold_loss":0.0,"damage_taken":0.0,"relics_obtained":["Bag of Preparation"]},{"damage_healed":0,"gold_gain":0,"player_choice":"Fight","damage_taken":0,"max_hp_gain":0,"max_hp_loss":0,"event_name":"Colosseum","floor":31,"gold_loss":0},{"damage_healed":0,"gold_gain":0,"player_choice":"Fought Nobs","damage_taken":0,"max_hp_gain":0,"max_hp_loss":0,"event_name":"Colosseum","floor":31,"gold_loss":0},{"cards_removed":["Strike_G"],"damage_healed":0,"gold_gain":0,"player_choice":"Card Removal","damage_taken":0,"max_hp_gain":0,"max_hp_loss":0,"event_name":"Wheel of Change","floor":36,"gold_loss":0},{"damage_healed":0,"gold_gain":0,"player_choice":"Max HP","damage_taken":0,"max_hp_gain":0,"max_hp_loss":4,"event_name":"Winding Halls","floor":38,"gold_loss":0},{"cards_removed":["Strike_G"],"damage_healed":0,"gold_gain":0,"player_choice":"Removed Attack","damage_taken":0,"max_hp_gain":0,"max_hp_loss":0,"event_name":"Falling","floor":41,"gold_loss":0}],"is_beta":false,"boss_relics":[{"not_picked":["Pandora\u0027s Box","Sozu"],"picked":"Busted Crown"},{"not_picked":["Philosopher\u0027s Stone","Runic Dome"],"picked":"HoveringKite"}],"items_purged_floors":[29],"is_endless":false,"potions_floor_spawned":[1,8,11,16,19,21,27,31,33,35,37],"ascension_level":9}}