{"host":"71mgpozmht821pzh","time":1614146308,"event":{"mods":["BaseMod","Downfall","Minty Spire (QoL Compilation)","Replay The Spire","StSLib"],"gold_per_floor":[111,128,140,27,46,72,91,91,91,117,142,156,156,167,181,199,199,303,303,323,173,184,184,23,54,74,90,116,116,116,150,166,1,1,104,104,143,143,162,46,73,73,73,73,73,136,136,161,161,177,177,177,177],"floor_reached":52,"language":"ENG","playtime":4536,"items_purged":["Defend_P","Defend_P","Defend_P"],"score":930,"play_id":"4682acc6-d874-45d5-bc26-c23fa640ccb0","local_time":"20210223235828","daily_mods":["downfall:WorldOfGoo","downfall:Hexed"],"is_ascension_mode":true,"campfire_choices":[{"data":"WaveOfTheHand","floor":30.0,"key":"SMITH"},{"data":"TalkToTheHand","floor":42,"key":"SMITH"},{"data":"TalkToTheHand","floor":44,"key":"SMITH"}],"circlet_count":11,"master_deck":["Strike_P+1","Strike_P+1","Strike_P+1","Eruption+1","Vigilance+1","TalkToTheHand+1","Replay:DivineShield+1","CarveReality+1","FearNoEvil+1","Wallop+1","Crescendo+1","ReachHeaven+1","CarveReality+1","Protect+1","LikeWater+1","ClearTheMind+1","FlyingSleeves+1","Wallop+1","Omniscience+1","MentalFortress+1","BowlingBash+1","Wallop+1","WaveOfTheHand+1","MentalFortress+1","ClearTheMind+1","WindmillStrike+1","Protect+1","TalkToTheHand+1","Wish+1","TalkToTheHand+1","Wireheading+1","Halt","Worship"],"relics":["PureWater","Velvet Choker","bronze:MakeshiftBattery","Medical Kit","bronze:DonusWashers","bronze:DecasWashers","bronze:BronzeIdol","Circlet","Blue Candle","Mark of the Bloom"],"acts_visited":["Exordium","TheCity","TheBeyond"],"potions_floor_usage":[35,52,52],"damage_taken":[{"damage":0.0,"enemies":"Cultist","floor":1.0,"turns":2.0},{"damage":0.0,"enemies":"2 Louse","floor":2.0,"turns":2.0},{"damage":0.0,"enemies":"Jaw Worm","floor":3.0,"turns":2.0},{"damage":0.0,"enemies":"2 Fungi Beasts","floor":5.0,"turns":2.0},{"damage":0.0,"enemies":"3 Sentries","floor":6.0,"turns":2.0},{"damage":0.0,"enemies":"Exordium Thugs","floor":7.0,"turns":2.0},{"damage":0.0,"enemies":"Gremlin Nob","floor":10.0,"turns":3.0},{"damage":0.0,"enemies":"Blue Slaver","floor":12.0,"turns":2.0},{"damage":0.0,"enemies":"Looter","floor":14.0,"turns":1.0},{"damage":0.0,"enemies":"Gremlin Gang","floor":15.0,"turns":1.0},{"damage":0.0,"enemies":"Red Slaver","floor":16.0,"turns":2.0},{"damage":2.0,"enemies":"Slime Boss","floor":18.0,"turns":6.0},{"damage":1.0,"enemies":"3 Byrds","floor":20.0,"turns":3.0},{"damage":0.0,"enemies":"2 Thieves","floor":22.0,"turns":2.0},{"damage":0.0,"enemies":"Book of Stabbing","floor":25.0,"turns":4.0},{"damage":0.0,"enemies":"Cultist and Chosen","floor":26.0,"turns":3.0},{"damage":0.0,"enemies":"Centurion and Healer","floor":27.0,"turns":3.0},{"damage":1.0,"enemies":"Slavers","floor":31.0,"turns":5.0},{"damage":0.0,"enemies":"Snake Plant","floor":32.0,"turns":3.0},{"damage":3,"enemies":"Pondfish","floor":35,"turns":11},{"damage":0,"enemies":"3 Shapes","floor":37,"turns":7},{"damage":0,"enemies":"3 Darklings","floor":39,"turns":6},{"damage":1,"enemies":"Jaw Worm Horde","floor":46,"turns":4},{"damage":0,"enemies":"Giant Head","floor":48,"turns":8},{"damage":0,"enemies":"Maw","floor":50,"turns":5},{"damage":84,"enemies":"Replay:Hell Engine","floor":52,"turns":9}],"seed_played":"5197075269083051275","potions_obtained":[{"floor":1.0,"key":"BlessingOfTheForge"},{"floor":5.0,"key":"SpeedPotion"},{"floor":6.0,"key":"ColorlessPotion"},{"floor":13.0,"key":"Fire Potion"},{"floor":13.0,"key":"Block Potion"},{"floor":14.0,"key":"PowerPotion"},{"floor":15.0,"key":"Strength Potion"},{"floor":16.0,"key":"Fruit Juice"},{"floor":22.0,"key":"SteroidPotion"},{"floor":32.0,"key":"Weak Potion"},{"floor":46,"key":"Fire Potion"}],"is_trial":true,"path_per_floor":["M","M","M","$","M","E","M","PTL","PTL","E","T","M","?","M","M","M","R","B",null,"M","$","M","?","$","E","M","M","T","?","R","E","M","$","R","B",null,"M","?","M","$","T","R","?","R","T","M","?","E","?","M","R","B"],"character_chosen":"WATCHER","items_purchased":["FearNoEvil","BowlingBash","WaveOfTheHand","MentalFortress","TalkToTheHand","TalkToTheHand","Wireheading"],"campfire_rested":0,"item_purchase_floors":[4,21,24,24,33,40,40],"current_hp_per_floor":[72,72,72,72,72,72,72,72,72,72,72,72,72,72,72,77,77,75,77,76,76,76,76,76,76,76,76,76,76,76,75,75,75,75,72,77,77,77,77,77,77,77,72,72,72,71,71,71,71,71,71,0,0],"gold":177,"neow_bonus":"","is_daily":false,"chose_seed":false,"campfire_upgraded":3,"win_rate":0.0,"timestamp":1614146308,"path_taken":["M","M","M","$","M","E","M","PTL","PTL","E","T","?","?","M","M","M","R","BOSS","M","$","M","?","$","E","M","?","T","?","R","E","M","?","R","BOSS","M","?","?","$","?","R","?","R","T","M","?","E","?","M","R","BOSS"],"items_purchased_type":["Card","Card","Card","Card","Card","Card","Card"],"build_version":"2020-12-22","purchased_purges":3,"victory":false,"max_hp_per_floor":[72,72,72,72,72,72,72,72,72,72,72,72,72,72,72,77,77,77,77,77,77,77,77,77,77,77,77,77,77,77,77,77,77,77,77,77,77,77,77,77,77,77,77,77,77,77,77,77,73,73,73,73,73],"card_choices":[{"not_picked":["Worship","CrushJoints"],"picked":"TalkToTheHand","floor":1.0},{"not_picked":["Replay:Cycle","Replay:Vibes"],"picked":"Replay:DivineShield","floor":2.0},{"not_picked":["CutThroughFate","Protect"],"picked":"CarveReality","floor":3.0},{"not_picked":["LikeWater","Sanctity"],"picked":"Wallop","floor":5.0},{"not_picked":["Prostrate","FollowUp"],"picked":"Crescendo","floor":6.0},{"not_picked":["Evaluate","Vengeance"],"picked":"ReachHeaven","floor":7.0},{"not_picked":["Vault","FlyingSleeves"],"picked":"CarveReality","floor":10.0},{"not_picked":["Replay:Battleflow","EmptyBody"],"picked":"Protect","floor":12.0},{"not_picked":["Protect","ThirdEye"],"picked":"LikeWater","floor":14.0},{"not_picked":["WindmillStrike","Halt"],"picked":"ClearTheMind","floor":15.0},{"not_picked":["Worship","BowlingBash"],"picked":"FlyingSleeves","floor":16.0},{"not_picked":["Scrawl","Alpha"],"picked":"Omniscience","floor":18.0},{"not_picked":["Consecrate","Vengeance"],"picked":"MentalFortress","floor":20.0},{"not_picked":["ThirdEye","Replay:BluntJabs"],"picked":"Wallop","floor":22.0},{"not_picked":["Crescendo","Sanctity","SashWhip"],"picked":"SKIP","floor":25.0},{"not_picked":["Replay:AtTheReady","BowlingBash","Consecrate"],"picked":"SKIP","floor":26.0},{"not_picked":["Replay:Vibes+1","CutThroughFate"],"picked":"ClearTheMind","floor":27.0},{"not_picked":["Replay:AtTheReady","WreathOfFlame"],"picked":"WindmillStrike","floor":31.0},{"not_picked":["FearNoEvil","CrushJoints"],"picked":"Protect+1","floor":32.0},{"not_picked":["Scrawl","MasterReality"],"picked":"Wish","floor":35},{"not_picked":["CutThroughFate","FlurryOfBlows+1","Replay:BluntJabs"],"picked":"SKIP","floor":37},{"not_picked":["Study","BowlingBash","Fasting2+1"],"picked":"SKIP","floor":39},{"not_picked":["SashWhip+1","Evaluate+1","FlyingSleeves+1"],"picked":"SKIP","floor":46},{"not_picked":["Vault","ClearTheMind+1","CutThroughFate+1"],"picked":"SKIP","floor":48},{"not_picked":["ClearTheMind+1","Replay:BluntJabs+1"],"picked":"Halt","floor":50}],"player_experience":6529064,"relics_obtained":[{"floor":6.0,"key":"Circlet"},{"floor":10.0,"key":"Circlet"},{"floor":11.0,"key":"Circlet"},{"floor":25.0,"key":"Circlet"},{"floor":28.0,"key":"Circlet"},{"floor":31.0,"key":"Circlet"},{"floor":41,"key":"Circlet"},{"floor":45,"key":"Circlet"},{"floor":48,"key":"Circlet"}],"event_choices":[{"damage_healed":0.0,"max_hp_gain":0.0,"max_hp_loss":0.0,"gold_gain":0.0,"event_name":"Lab","player_choice":"Got Potions","floor":13.0,"gold_loss":0.0,"damage_taken":0.0},{"damage_healed":0.0,"max_hp_gain":0.0,"max_hp_loss":0.0,"gold_gain":0.0,"event_name":"Upgrade Shrine","player_choice":"Upgraded","floor":23.0,"gold_loss":0.0,"damage_taken":0.0,"cards_upgraded":["TalkToTheHand"]},{"damage_healed":0.0,"max_hp_gain":0.0,"max_hp_loss":0.0,"gold_gain":0.0,"event_name":"The Mausoleum","player_choice":"Ignored","floor":29.0,"gold_loss":0.0,"damage_taken":0.0},{"damage_healed":0,"gold_gain":0,"player_choice":"Ignored","damage_taken":0,"max_hp_gain":0,"max_hp_loss":0,"event_name":"Beggar","floor":34,"gold_loss":0},{"damage_healed":0,"gold_gain":0,"player_choice":"Full Heal","damage_taken":0,"max_hp_gain":0,"max_hp_loss":0,"event_name":"Wheel of Change","floor":38,"gold_loss":0},{"damage_healed":0,"gold_gain":0,"player_choice":"Upgrade","damage_taken":0,"relics_obtained":["Mark of the Bloom"],"max_hp_gain":0,"max_hp_loss":0,"event_name":"MindBloom","floor":47,"gold_loss":0,"cards_upgraded":["Strike_P","Strike_P","Strike_P","Strike_P","Eruption","Vigilance","Replay:DivineShield","CarveReality","FearNoEvil","Wallop","Crescendo","ReachHeaven","CarveReality","Protect","LikeWater","ClearTheMind","FlyingSleeves","Wallop","Omniscience","MentalFortress","BowlingBash","Wallop","MentalFortress","ClearTheMind","WindmillStrike","Wish","Wireheading"]},{"damage_healed":0,"gold_gain":0,"player_choice":"Max HP","damage_taken":0,"max_hp_gain":0,"max_hp_loss":4,"event_name":"Winding Halls","floor":49,"gold_loss":0}],"is_beta":false,"boss_relics":[{"not_picked":["Circlet","Circlet"],"picked":"Circlet"},{"not_picked":["Circlet","Circlet"],"picked":"Circlet"}],"items_purged_floors":[4,21,33],"is_endless":false,"potions_floor_spawned":[1,5,6,14,15,16,22,25,32,46,48,50],"killed_by":"Replay:Hell Engine","ascension_level":1}}