{"host":"gyvm9iplrwbfzexe","time":1614207336,"event":{"mods":["BaseMod","Minty Spire (QoL Compilation)","StSLib"],"gold_per_floor":[116,129,54,66,83,108,108,108,108,128,128,168,187,218,218,343,343,359,374,50,68,83,127,127,166,166,166,191,191,12,26,26,146,146,169,169,189,214,184,220,220,245,245,284,284,302,41,60,60,60],"floor_reached":51,"language":"ENG","playtime":2908,"items_purged":["Strike_G"],"score":1173,"play_id":"dfb69c0f-49f7-4537-92de-ec3902f31397","local_time":"20210224165536","is_ascension_mode":true,"campfire_choices":[{"data":"Adrenaline","floor":8,"key":"SMITH"},{"floor":15,"key":"REST"},{"data":"After Image","floor":24,"key":"SMITH"},{"data":"Blade Dance","floor":29,"key":"SMITH"},{"floor":32,"key":"REST"},{"data":"Footwork","floor":41,"key":"SMITH"},{"floor":49,"key":"REST"}],"circlet_count":0,"master_deck":["Strike_G","Strike_G","Strike_G","Strike_G","Defend_G","Defend_G","Defend_G","Defend_G","Defend_G","Survivor","Neutralize","Backflip","Flying Knee","Masterful Stab","Adrenaline+1","Blade Dance","Underhanded Strike","Blade Dance+1","PiercingWail","Quick Slash","Underhanded Strike","Underhanded Strike","After Image+1","PiercingWail","Reflex+1","Flying Knee","Dagger Throw","Phantasmal Killer","PiercingWail+1","Blur","Flying Knee+1","Phantasmal Killer","Acrobatics","Underhanded Strike","Panache","Blur+1","Unload","Adrenaline","Underhanded Strike+1","Dagger Throw","Decay","Prepared","Parasite","Footwork+1","Prepared+1","Footwork","Infinite Blades+1","Blade Dance+1","Accuracy","Backflip"],"relics":["SacredBark","Mercury Hourglass","Prayer Wheel","Ice Cream","Golden Idol","Gambling Chip","Letter Opener","Bottled Flame","StoneCalendar","Kunai","Bird Faced Urn","WristBlade","Bottled Lightning","Pear","Tough Bandages","Cauldron"],"acts_visited":["Exordium","TheCity","TheBeyond"],"potions_floor_usage":[6,14,16,16,23,25,31,33,42,44,44,45,47,48,50,50,50],"damage_taken":[{"damage":3,"enemies":"Jaw Worm","floor":1,"turns":6},{"damage":0,"enemies":"2 Louse","floor":2,"turns":3},{"damage":1,"enemies":"Cultist","floor":4,"turns":3},{"damage":0,"enemies":"Large Slime","floor":5,"turns":4},{"damage":12,"enemies":"Lagavulin","floor":6,"turns":5},{"damage":5,"enemies":"Lots of Slimes","floor":10,"turns":2},{"damage":7,"enemies":"Gremlin Nob","floor":12,"turns":3},{"damage":0,"enemies":"3 Louse","floor":13,"turns":2},{"damage":2,"enemies":"Lagavulin","floor":14,"turns":5},{"damage":40,"enemies":"The Guardian","floor":16,"turns":9},{"damage":1,"enemies":"3 Byrds","floor":18,"turns":4},{"damage":0,"enemies":"Shell Parasite","floor":19,"turns":3},{"damage":13,"enemies":"Snecko","floor":21,"turns":4},{"damage":9,"enemies":"Sentry and Sphere","floor":22,"turns":4},{"damage":0,"enemies":"Gremlin Leader","floor":23,"turns":4},{"damage":18,"enemies":"Book of Stabbing","floor":25,"turns":5},{"damage":0,"enemies":"Chosen and Byrds","floor":28,"turns":6},{"damage":9,"enemies":"Centurion and Healer","floor":31,"turns":3},{"damage":0,"enemies":"Collector","floor":33,"turns":7},{"damage":0,"enemies":"Orb Walker","floor":35,"turns":2},{"damage":4,"enemies":"3 Shapes","floor":37,"turns":3},{"damage":30,"enemies":"Writhing Mass","floor":38,"turns":6},{"damage":0,"enemies":"Nemesis","floor":40,"turns":7},{"damage":21,"enemies":"3 Darklings","floor":42,"turns":3},{"damage":44,"enemies":"Giant Head","floor":44,"turns":8},{"damage":0,"enemies":"4 Shapes","floor":45,"turns":1},{"damage":4,"enemies":"Spire Growth","floor":46,"turns":3},{"damage":11,"enemies":"Maw","floor":48,"turns":6},{"damage":0,"enemies":"Donu and Deca","floor":50,"turns":8}],"seed_played":"-5594853600240127130","potions_obtained":[{"floor":2,"key":"Fire Potion"},{"floor":6,"key":"Weak Potion"},{"floor":10,"key":"LiquidBronze"},{"floor":12,"key":"Weak Potion"},{"floor":19,"key":"BlessingOfTheForge"},{"floor":21,"key":"CunningPotion"},{"floor":28,"key":"CunningPotion"},{"floor":35,"key":"PowerPotion"},{"floor":39,"key":"CultistPotion"},{"floor":39,"key":"CultistPotion"},{"floor":42,"key":"ColorlessPotion"},{"floor":44,"key":"SmokeBomb"},{"floor":47,"key":"Fruit Juice"},{"floor":47,"key":"Dexterity Potion"},{"floor":47,"key":"GhostInAJar"},{"floor":48,"key":"LiquidMemories"}],"is_trial":false,"path_per_floor":["M","M","$","M","M","E","?","R","T","M","?","E","M","E","R","B",null,"M","M","$","M","M","E","R","E","T","?","M","R","$","M","R","B",null,"M","?","M","M","?","E","R","M","T","E","M","M","$","M","R","B",null],"character_chosen":"THE_SILENT","items_purchased":["Masterful Stab","Bottled Flame","Dagger Throw","Explosive Potion","Panache","Accuracy","Cauldron"],"campfire_rested":3,"item_purchase_floors":[3,20,20,20,30,47,47],"current_hp_per_floor":[67,67,67,66,66,54,54,54,54,49,32,25,25,23,44,4,70,69,69,69,56,47,47,47,29,29,29,31,31,31,24,45,49,70,70,70,66,40,40,46,46,31,41,7,11,11,21,18,45,57],"gold":60,"neow_bonus":"BOSS_RELIC","is_daily":false,"chose_seed":false,"campfire_upgraded":4,"win_rate":0.0,"timestamp":1614207336,"path_taken":["M","M","$","M","M","E","?","R","T","M","?","E","?","E","R","BOSS","M","M","$","M","M","E","R","E","T","?","M","R","$","?","R","BOSS","M","?","M","?","?","E","R","M","T","E","M","M","?","M","R","BOSS"],"items_purchased_type":["Card","Relic","Card","Potion","Card","Card","Relic"],"build_version":"2020-12-22","purchased_purges":1,"victory":true,"max_hp_per_floor":[70,70,70,70,70,70,70,70,70,70,70,70,70,70,70,70,70,70,70,70,70,70,70,70,70,70,70,70,70,70,70,70,70,70,70,70,70,70,70,70,70,70,80,80,80,80,90,90,90,90],"card_choices":[{"not_picked":["Acrobatics","Heel Hook"],"picked":"Backflip","floor":1},{"not_picked":["Prepared","Backflip"],"picked":"Flying Knee","floor":2},{"not_picked":["Prepared","Dash"],"picked":"Adrenaline","floor":4},{"not_picked":["Reflex","Flying Knee"],"picked":"Blade Dance","floor":5},{"not_picked":["Night Terror","Backflip"],"picked":"Underhanded Strike","floor":6},{"not_picked":["Quick Slash","Poisoned Stab"],"picked":"Blade Dance","floor":10},{"not_picked":["Poisoned Stab","Eviscerate"],"picked":"PiercingWail","floor":10},{"not_picked":["Cloak And Dagger","Poisoned Stab"],"picked":"Quick Slash","floor":12},{"not_picked":["Finisher","Catalyst"],"picked":"Underhanded Strike","floor":13},{"not_picked":["Finisher","Catalyst"],"picked":"Underhanded Strike","floor":13},{"not_picked":["Quick Slash","Bane","Catalyst"],"picked":"SKIP","floor":14},{"not_picked":["Corpse Explosion","Doppelganger"],"picked":"After Image","floor":16},{"not_picked":["Bane","Predator"],"picked":"PiercingWail","floor":18},{"not_picked":["Crippling Poison","Quick Slash"],"picked":"Reflex+1","floor":18},{"not_picked":["Outmaneuver","Deflect"],"picked":"Flying Knee","floor":19},{"not_picked":["Caltrops","Cloak And Dagger","Dagger Spray"],"picked":"SKIP","floor":19},{"not_picked":["Blur","Poisoned Stab"],"picked":"Phantasmal Killer","floor":21},{"not_picked":["Dagger Spray","Slice"],"picked":"PiercingWail+1","floor":21},{"not_picked":["Heel Hook","Quick Slash"],"picked":"Blur","floor":22},{"not_picked":["Slice","Deadly Poison","Poisoned Stab+1"],"picked":"SKIP","floor":22},{"not_picked":["Skewer","Choke"],"picked":"Flying Knee+1","floor":23},{"not_picked":["Sucker Punch","Dodge and Roll","Glass Knife"],"picked":"SKIP","floor":25},{"not_picked":["Escape Plan","Catalyst"],"picked":"Acrobatics","floor":28},{"not_picked":["Expertise","Backflip"],"picked":"Underhanded Strike","floor":28},{"not_picked":["Backflip","Outmaneuver"],"picked":"Blur+1","floor":31},{"not_picked":["Finisher+1","Setup+1"],"picked":"Unload","floor":31},{"not_picked":["Burst","Envenom"],"picked":"Adrenaline","floor":33},{"not_picked":["Dodge and Roll","Concentrate+1"],"picked":"Underhanded Strike+1","floor":35},{"not_picked":["Finisher+1","Poisoned Stab"],"picked":"Dagger Throw","floor":35},{"not_picked":["Backflip+1","Dagger Throw"],"picked":"Prepared","floor":37},{"not_picked":["Crippling Poison+1","Slice","Underhanded Strike+1"],"picked":"SKIP","floor":37},{"not_picked":["Slice","Finisher+1"],"picked":"Footwork","floor":38},{"not_picked":["Quick Slash","Bane"],"picked":"Prepared+1","floor":38},{"not_picked":["Dagger Throw+1","Calculated Gamble+1"],"picked":"Footwork","floor":40},{"not_picked":["Bane","Quick Slash+1"],"picked":"Infinite Blades+1","floor":42},{"not_picked":["Caltrops+1","Expertise+1","Dagger Spray+1"],"picked":"SKIP","floor":42},{"not_picked":["Leg Sweep+1","Envenom"],"picked":"Blade Dance+1","floor":44},{"not_picked":["Bouncing Flask","Slice+1","Blade Dance"],"picked":"SKIP","floor":46},{"not_picked":["Deflect+1","Quick Slash+1","Dagger Spray"],"picked":"SKIP","floor":46},{"not_picked":["Acrobatics+1","Terror+1"],"picked":"Backflip","floor":48},{"not_picked":["Distraction+1","Noxious Fumes+1","Sucker Punch"],"picked":"SKIP","floor":48}],"player_experience":62775,"relics_obtained":[{"floor":6,"key":"Mercury Hourglass"},{"floor":9,"key":"Ice Cream"},{"floor":12,"key":"Gambling Chip"},{"floor":14,"key":"Letter Opener"},{"floor":23,"key":"StoneCalendar"},{"floor":25,"key":"Kunai"},{"floor":26,"key":"Bird Faced Urn"},{"floor":40,"key":"Bottled Lightning"},{"floor":43,"key":"Pear"},{"floor":44,"key":"Tough Bandages"}],"event_choices":[{"damage_healed":0,"gold_gain":0,"player_choice":"Searched \u00272\u0027 times","damage_taken":0,"relics_obtained":["Prayer Wheel"],"max_hp_gain":0,"max_hp_loss":0,"event_name":"Dead Adventurer","floor":7,"gold_loss":0},{"damage_healed":0,"gold_gain":0,"player_choice":"Take Damage","damage_taken":17,"relics_obtained":["Golden Idol"],"max_hp_gain":0,"max_hp_loss":0,"event_name":"Golden Idol","floor":11,"gold_loss":0},{"damage_healed":0,"gold_gain":0,"player_choice":"1 cards matched","damage_taken":0,"max_hp_gain":0,"max_hp_loss":0,"event_name":"Match and Keep!","floor":27,"gold_loss":0,"cards_obtained":["Phantasmal Killer"]},{"damage_healed":0,"gold_gain":0,"player_choice":"Cursed","damage_taken":0,"max_hp_gain":0,"max_hp_loss":0,"event_name":"Wheel of Change","floor":36,"gold_loss":0,"cards_obtained":["Decay"]},{"damage_healed":0,"gold_gain":0,"player_choice":"Bought 2 Potions","damage_taken":0,"max_hp_gain":0,"max_hp_loss":0,"event_name":"The Woman in Blue","floor":39,"gold_loss":0}],"is_beta":false,"boss_relics":[{"not_picked":["Fusion Hammer","Philosopher\u0027s Stone","Velvet Choker"]},{"not_picked":["Tiny House","Busted Crown"],"picked":"WristBlade"}],"items_purged_floors":[47],"is_endless":false,"potions_floor_spawned":[2,6,10,12,19,21,22,28,35,40,42,44,45,48],"ascension_level":4}}