{"host":"3po7ngt2j61s4rmj","time":1614207600,"event":{"mods":["BaseMod","Hermit","Minty Spire (QoL Compilation)","Relic Stats","Shade Mod","StSLib","The Cursed","The Jungle"],"gold_per_floor":[111,61,79,79,90,115,115,126,126,159,172,172,196,23,23,127,127,147,157,157,171,185,220,220,245,245,245,279,295,313,331,331,432,432,444,444,456,501,518,518,531,566,615,615,630,630,655,96,96,96,96,96,22,55,55],"floor_reached":56,"language":"ENG","playtime":7000,"items_purged":["hermit:Strike_Hermit"],"score":1624,"play_id":"7ddc4a83-98a5-4b7e-ad0b-5c9ab049c0a8","local_time":"20210224160000","is_ascension_mode":true,"campfire_choices":[{"floor":7,"key":"REST"},{"floor":12,"key":"REST"},{"data":"hermit:Showdown","floor":15,"key":"SMITH"},{"data":"hermit:CursedWeapon","floor":24,"key":"SMITH"},{"floor":32,"key":"REST"},{"data":"Secret Technique","floor":40,"key":"SMITH"},{"floor":44,"key":"REST"},{"floor":49,"key":"RECALL"},{"data":"Apotheosis","floor":52,"key":"SMITH"}],"circlet_count":0,"master_deck":["hermit:Strike_Hermit","hermit:Defend_Hermit","hermit:Defend_Hermit","hermit:Defend_Hermit","hermit:Defend_Hermit","hermit:Snapshot","hermit:Covet","hermit:FatalDesire+1","hermit:Desperado","hermit:LowProfile","hermit:Enervate","hermit:CursedWeapon+1","hermit:HighNoon","hermit:EyeOfTheStorm","hermit:Showdown+1","hermit:RoundhouseKick","hermit:ShadowCloak","hermit:LowProfile","hermit:Dissolve","hermit:Quickdraw","hermit:ShadowCloak","hermit:Determination+1","hermit:Cheat+1","hermit:Glare","hermit:Magnum","Secret Technique+1","hermit:LowProfile+1","hermit:DeadMansHand","hermit:Reprieve","Apotheosis+1","hermit:Enervate","hermit:SprayPray","hermit:Grudge+1"],"relics":["hermit:Momento","Pantograph","Sundial","Kunai","Odd Mushroom","Lantern","Busted Crown","theJungle:BirthdayCake","Centennial Puzzle","Boot","Thread and Needle","Omamori","SacredBark","Bird Faced Urn","Akabeko","Regal Pillow","Membership Card","Gambling Chip","Bag of Preparation","Ornamental Fan"],"acts_visited":["Exordium","theJungle:Jungle","TheBeyond","TheEnding"],"potions_floor_usage":[11,16,16,18,21,22,25,28,31,35,38,45,50,55],"damage_taken":[{"damage":6,"enemies":"Cultist","floor":1,"turns":3},{"damage":1,"enemies":"2 Louse","floor":3,"turns":2},{"damage":7,"enemies":"Jaw Worm","floor":5,"turns":2},{"damage":28,"enemies":"Lagavulin","floor":6,"turns":5},{"damage":12,"enemies":"3 Louse","floor":8,"turns":3},{"damage":15,"enemies":"Gremlin Nob","floor":10,"turns":3},{"damage":3,"enemies":"Looter","floor":11,"turns":2},{"damage":20,"enemies":"The Mushroom Lair","floor":13,"turns":2},{"damage":2,"enemies":"Slime Boss","floor":16,"turns":9},{"damage":19,"enemies":"theJungle:Flameango_and_Byrd","floor":18,"turns":6},{"damage":4,"enemies":"theJungle:GiantWrat","floor":19,"turns":6},{"damage":6,"enemies":"theJungle:SlimyTreeVines","floor":21,"turns":11},{"damage":2,"enemies":"Snake Plant","floor":22,"turns":4},{"damage":10,"enemies":"theJungle:Cassacara","floor":23,"turns":9},{"damage":16,"enemies":"theJungle:2_Phrogs","floor":25,"turns":7},{"damage":17,"enemies":"theJungle:MamaSnecko","floor":28,"turns":3},{"damage":2,"enemies":"theJungle:2_Flameangoes","floor":29,"turns":6},{"damage":18,"enemies":"theJungle:2_Snecko_Cultists","floor":30,"turns":3},{"damage":12,"enemies":"theJungle:JungleHuntersEncounter","floor":31,"turns":5},{"damage":9,"enemies":"theJungle:QueenSpyder","floor":33,"turns":8},{"damage":1,"enemies":"3 Darklings","floor":35,"turns":3},{"damage":6,"enemies":"3 Shapes","floor":37,"turns":3},{"damage":32,"enemies":"2 Orb Walkers","floor":38,"turns":4},{"damage":23,"enemies":"3 Darklings","floor":39,"turns":4},{"damage":19,"enemies":"4 Shapes","floor":41,"turns":6},{"damage":9,"enemies":"Nemesis","floor":42,"turns":5},{"damage":17,"enemies":"Jaw Worm Horde","floor":45,"turns":3},{"damage":25,"enemies":"Donu and Deca","floor":50,"turns":6},{"damage":26,"enemies":"Shield and Spear","floor":54,"turns":4},{"damage":90,"enemies":"The Heart","floor":55,"turns":11}],"seed_played":"-2806835618067995334","potions_obtained":[{"floor":3,"key":"hermit:Tonic"},{"floor":10,"key":"Dexterity Potion"},{"floor":11,"key":"Energy Potion"},{"floor":13,"key":"DistilledChaos"},{"floor":19,"key":"GamblersBrew"},{"floor":21,"key":"SpeedPotion"},{"floor":23,"key":"LiquidBronze"},{"floor":30,"key":"DistilledChaos"},{"floor":31,"key":"Dexterity Potion"},{"floor":35,"key":"FearPotion"},{"floor":38,"key":"SteroidPotion"},{"floor":45,"key":"Ancient Potion"}],"is_trial":false,"path_per_floor":["M","?","M","?","M","E","R","M","T","E","M","R","?","$","R","B",null,"M","M","?","M","M","E","R","E","T","?","E","M","M","M","R","B",null,"M","?","M","?","M","R","M","E","T","R","M","?","T","$","R","B",null,"R","$","E","B",null],"character_chosen":"HERMIT","items_purchased":["Lantern","hermit:LowProfile","Membership Card","Gambling Chip","hermit:Reprieve","Apotheosis","hermit:Enervate","hermit:SprayPray","Bag of Preparation"],"campfire_rested":4,"item_purchase_floors":[14,14,48,48,48,48,48,48,53],"current_hp_per_floor":[62,62,61,61,54,26,48,36,36,21,18,40,20,20,20,43,67,48,44,64,64,62,52,52,36,36,28,43,41,23,11,39,55,85,95,95,89,57,44,44,35,36,36,79,70,70,70,70,70,84,92,92,92,83,33],"gold":55,"neow_bonus":"TRANSFORM_TWO_CARDS","is_daily":false,"chose_seed":false,"campfire_upgraded":4,"win_rate":0.0,"timestamp":1614207600,"path_taken":["M","?","M","?","M","E","R","M","T","E","?","R","?","$","R","BOSS","M","M","?","M","M","E","R","E","T","?","E","M","M","M","R","BOSS","M","?","M","?","M","R","M","E","T","R","M","?","?","$","R","BOSS","R","$","E","BOSS"],"items_purchased_type":["Relic","Card","Relic","Relic","Card","Card","Card","Card","Relic"],"build_version":"2020-12-22","purchased_purges":1,"victory":true,"max_hp_per_floor":[75,75,75,75,75,75,75,75,75,75,75,75,75,75,75,75,75,75,75,95,95,95,95,95,95,95,95,95,95,95,95,95,95,95,95,95,95,95,95,95,95,95,95,95,95,95,95,95,95,95,95,95,95,95,95],"relic_stats":{"Regal Pillow":15,"counters":[30,148],"Bag of Preparation":[4],"Boot":[21],"Centennial Puzzle":[48],"Busted Crown":40,"Sundial":[30],"Ornamental Fan":[20],"Pantograph":87,"Bird Faced Urn":[53],"Gambling Chip":[5],"Kunai":[56],"obtain_stats":[{"Lantern":14,"Regal Pillow":43,"SacredBark":34,"Thread and Needle":26,"Omamori":28,"Bag of Preparation":53,"Odd Mushroom":13,"Boot":25,"Akabeko":42,"Centennial Puzzle":23,"Busted Crown":17,"Sundial":9,"Ornamental Fan":54,"Pantograph":6,"Bird Faced Urn":38,"Gambling Chip":48,"Kunai":10,"theJungle:BirthdayCake":20,"Membership Card":48,"hermit:Momento":0},{"Lantern":8,"Regal Pillow":26,"SacredBark":20,"Thread and Needle":15,"Omamori":16,"Bag of Preparation":28,"Odd Mushroom":8,"Boot":15,"Akabeko":26,"Centennial Puzzle":14,"Busted Crown":9,"Sundial":5,"Ornamental Fan":29,"Pantograph":4,"Bird Faced Urn":23,"Gambling Chip":27,"Kunai":6,"theJungle:BirthdayCake":11,"Membership Card":27,"hermit:Momento":0},{"Lantern":22,"Regal Pillow":124,"SacredBark":99,"Thread and Needle":74,"Omamori":77,"Bag of Preparation":133,"Odd Mushroom":22,"Boot":74,"Akabeko":124,"Centennial Puzzle":67,"Busted Crown":31,"Sundial":15,"Ornamental Fan":137,"Pantograph":12,"Bird Faced Urn":109,"Gambling Chip":127,"Kunai":18,"theJungle:BirthdayCake":43,"Membership Card":127,"hermit:Momento":0}]},"card_choices":[{"not_picked":["hermit:Combo","hermit:Headshot"],"picked":"hermit:LowProfile","floor":1},{"not_picked":["hermit:Quickdraw","hermit:Snipe"],"picked":"hermit:Enervate","floor":3},{"not_picked":["hermit:Glare","hermit:Grudge"],"picked":"hermit:CursedWeapon","floor":5},{"not_picked":["hermit:BodyArmor","hermit:FullyLoaded"],"picked":"hermit:HighNoon","floor":6},{"not_picked":["hermit:Manifest","hermit:Coalescence"],"picked":"hermit:EyeOfTheStorm","floor":8},{"not_picked":["hermit:SprayPray","hermit:TakeCover"],"picked":"hermit:Showdown","floor":10},{"not_picked":["hermit:Snipe","hermit:Headshot"],"picked":"hermit:RoundhouseKick","floor":11},{"not_picked":["hermit:Feint","hermit:Cheat"],"picked":"hermit:ShadowCloak","floor":13},{"not_picked":["hermit:BlackWind","hermit:Roughhouse"],"picked":"hermit:Dissolve","floor":16},{"not_picked":[],"picked":"hermit:Quickdraw","floor":18},{"not_picked":[],"picked":"hermit:ShadowCloak","floor":19},{"not_picked":[],"picked":"hermit:Determination+1","floor":21},{"not_picked":[],"picked":"hermit:Cheat+1","floor":22},{"not_picked":["hermit:Coalescence"],"picked":"SKIP","floor":23},{"not_picked":["hermit:Headshot"],"picked":"SKIP","floor":25},{"not_picked":["hermit:BodyArmor"],"picked":"SKIP","floor":28},{"not_picked":["hermit:LowProfile"],"picked":"SKIP","floor":29},{"not_picked":["hermit:Headshot"],"picked":"SKIP","floor":30},{"not_picked":[],"picked":"hermit:Glare","floor":31},{"not_picked":[],"picked":"hermit:Magnum","floor":33},{"not_picked":["hermit:GoldenBullet"],"picked":"SKIP","floor":35},{"not_picked":[],"picked":"Secret Technique","floor":36},{"not_picked":["hermit:HoleUp"],"picked":"SKIP","floor":37},{"not_picked":[],"picked":"hermit:LowProfile+1","floor":38},{"not_picked":["hermit:Dive"],"picked":"SKIP","floor":39},{"not_picked":[],"picked":"hermit:DeadMansHand","floor":41},{"not_picked":["hermit:Showdown"],"picked":"SKIP","floor":42},{"not_picked":["hermit:TakeAim+1"],"picked":"SKIP","floor":45},{"not_picked":[],"picked":"hermit:Grudge+1","floor":54}],"player_experience":1292815,"relics_obtained":[{"floor":6,"key":"Pantograph"},{"floor":9,"key":"Sundial"},{"floor":10,"key":"Kunai"},{"floor":13,"key":"Odd Mushroom"},{"floor":23,"key":"Centennial Puzzle"},{"floor":25,"key":"Boot"},{"floor":26,"key":"Thread and Needle"},{"floor":28,"key":"Omamori"},{"floor":38,"key":"Bird Faced Urn"},{"floor":42,"key":"Akabeko"},{"floor":43,"key":"Regal Pillow"},{"floor":54,"key":"Ornamental Fan"}],"event_choices":[{"cards_removed":["Shame"],"damage_healed":0,"gold_gain":0,"player_choice":"Card Removal","damage_taken":0,"max_hp_gain":0,"max_hp_loss":0,"event_name":"The Cleric","floor":2,"gold_loss":50},{"damage_healed":0,"gold_gain":0,"player_choice":"Upgraded","damage_taken":0,"max_hp_gain":0,"max_hp_loss":0,"event_name":"Upgrade Shrine","floor":4,"gold_loss":0,"cards_upgraded":["hermit:FatalDesire"]},{"damage_healed":0,"gold_gain":0,"player_choice":"Fought Mushrooms","damage_taken":0,"max_hp_gain":0,"max_hp_loss":0,"event_name":"Mushrooms","floor":13,"gold_loss":0},{"damage_healed":0,"gold_gain":0,"player_choice":"Memory 1","damage_taken":0,"max_hp_gain":0,"max_hp_loss":0,"event_name":"SensoryStone","floor":36,"gold_loss":0},{"damage_healed":0,"gold_gain":0,"player_choice":"Fight","damage_taken":0,"max_hp_gain":0,"max_hp_loss":0,"event_name":"Mysterious Sphere","floor":38,"gold_loss":0},{"damage_healed":0,"gold_gain":0,"player_choice":"Ignored","damage_taken":0,"max_hp_gain":0,"max_hp_loss":0,"event_name":"Tomb of Lord Red Mask","floor":46,"gold_loss":0}],"is_beta":false,"boss_relics":[{"not_picked":["Black Star","SlaversCollar"],"picked":"Busted Crown"},{"not_picked":["hermit:BartenderGlass","Pandora\u0027s Box"],"picked":"SacredBark"}],"items_purged_floors":[48],"is_endless":false,"potions_floor_spawned":[3,10,11,13,19,21,23,30,31,35,38,45],"ascension_level":7}}