{"host":"r4yhuzs0e1z69tr3","time":1614127863,"event":{"mods":["BaseMod","Minty Spire (QoL Compilation)","Rare Cards Sparkle"],"gold_per_floor":[119,294,38,77,77,77,118,187,238,261,261,322,110,154,154,261,261,313,359,359,197,226,226,268,268,303,228,164,164,164,173,173,286,286,337,346,97,123,142,142,200,226,235,235,246,246,272,12,12,12,12],"floor_reached":50,"language":"ENG","playtime":2133,"items_purged":["Doubt"],"score":541,"play_id":"92275365-911c-4bd6-b662-58efbad24b54","local_time":"20210223195103","is_ascension_mode":true,"campfire_choices":[{"data":"HandOfGreed","floor":6.0,"key":"SMITH"},{"data":"Echo Form","floor":11.0,"key":"SMITH"},{"floor":15.0,"key":"REST"},{"data":"Seek","floor":23.0,"key":"SMITH"},{"floor":25.0,"key":"REST"},{"data":"Self Repair","floor":30.0,"key":"SMITH"},{"data":"Electrodynamics","floor":32.0,"key":"SMITH"},{"data":"Tempest","floor":40.0,"key":"SMITH"},{"floor":44.0,"key":"REST"},{"data":"Fission","floor":46.0,"key":"SMITH"},{"floor":49.0,"key":"REST"}],"circlet_count":0,"master_deck":["Strike_B","Strike_B","Strike_B","Strike_B","Defend_B","Defend_B","Defend_B","Defend_B","Zap","Dualcast","Static Discharge","HandOfGreed+1","Redo","Redo","Echo Form+1","Ball Lightning","Core Surge","Seek+1","Electrodynamics+1","Chaos","Self Repair+1","Beam Cell","Hologram","Leap+1","Reboot","Parasite","Seek","Ball Lightning","Panache","Tempest+1","Chaos+1","Fission+1","Barrage","Normality","Hologram+1"],"relics":["Cracked Core","NeowsBlessing","CeramicFish","Pen Nib","Vajra","Strange Spoon","Cursed Key","Runic Capacitor","Gremlin Horn","Blood Vial","MutagenicStrength","Ornamental Fan","Inserter","Bottled Lightning","Shovel","Prayer Wheel","Cables"],"acts_visited":["Exordium","TheCity","TheBeyond"],"potions_floor_usage":[],"damage_taken":[{"damage":0.0,"enemies":"Small Slimes","floor":1.0,"turns":1.0},{"damage":0.0,"enemies":"Jaw Worm","floor":4.0,"turns":1.0},{"damage":0.0,"enemies":"Cultist","floor":7.0,"turns":1.0},{"damage":14.0,"enemies":"Gremlin Nob","floor":8.0,"turns":4.0},{"damage":5.0,"enemies":"Looter","floor":10.0,"turns":3.0},{"damage":17.0,"enemies":"3 Sentries","floor":12.0,"turns":5.0},{"damage":24.0,"enemies":"Large Slime","floor":14.0,"turns":5.0},{"damage":21.0,"enemies":"Hexaghost","floor":16.0,"turns":9.0},{"damage":19.0,"enemies":"Shell Parasite","floor":18.0,"turns":4.0},{"damage":0.0,"enemies":"Spheric Guardian","floor":19.0,"turns":3.0},{"damage":12.0,"enemies":"Snake Plant","floor":22.0,"turns":4.0},{"damage":49.0,"enemies":"Book of Stabbing","floor":24.0,"turns":5.0},{"damage":50.0,"enemies":"Collector","floor":33.0,"turns":7.0},{"damage":5.0,"enemies":"3 Shapes","floor":35.0,"turns":2.0},{"damage":8.0,"enemies":"Orb Walker","floor":38.0,"turns":3.0},{"damage":3.0,"enemies":"Transient","floor":39.0,"turns":5.0},{"damage":50.0,"enemies":"2 Orb Walkers","floor":41.0,"turns":4.0},{"damage":16.0,"enemies":"3 Darklings","floor":42.0,"turns":3.0},{"damage":5.0,"enemies":"Maw","floor":45.0,"turns":5.0},{"damage":24.0,"enemies":"Jaw Worm Horde","floor":47.0,"turns":2.0},{"damage":0,"enemies":"Awakened One","floor":50,"turns":1}],"seed_played":"3821104583949114865","potions_obtained":[{"floor":1.0,"key":"SpeedPotion"},{"floor":8.0,"key":"Fire Potion"},{"floor":10.0,"key":"EssenceOfSteel"},{"floor":12.0,"key":"DistilledChaos"},{"floor":14.0,"key":"SteroidPotion"},{"floor":18.0,"key":"LiquidMemories"},{"floor":19.0,"key":"Strength Potion"},{"floor":35.0,"key":"GamblersBrew"},{"floor":39.0,"key":"Block Potion"},{"floor":42.0,"key":"Regen Potion"}],"is_trial":false,"path_per_floor":["M","?","$","M","?","R","M","E","T","M","R","E","$","M","R","B",null,"M","M","?","$","M","R","E","R","T","?","$","?","R","T","R","B",null,"M","?","$","M","M","R","?","M","T","R","M","R","M","$","R","B"],"character_chosen":"DEFECT","items_purchased":["HandOfGreed","Seek","Strange Spoon","Runic Capacitor","Beam Cell","Reboot","Bottled Lightning","Cables"],"campfire_rested":4,"item_purchase_floors":[3,13,13,21,21,28,37,48],"current_hp_per_floor":[75,75,75,75,75,75,75,61,61,56,56,39,39,15,37,16,75,56,56,75,75,75,75,33,55,55,55,55,55,55,55,55,7,75,75,75,75,67,75,75,25,11,11,33,64,64,52,52,74,75,75],"gold":12,"neow_bonus":"THREE_ENEMY_KILL","is_daily":false,"chose_seed":false,"campfire_upgraded":7,"win_rate":0.0,"timestamp":1614127863,"path_taken":["M","?","$","M","?","R","M","E","T","?","R","E","$","M","R","BOSS","M","M","?","$","M","R","E","R","T","?","$","?","R","?","R","BOSS","M","?","$","M","M","R","?","M","T","R","M","R","M","$","R","BOSS"],"items_purchased_type":["Card","Card","Relic","Relic","Card","Card","Relic","Relic"],"build_version":"2020-12-22","purchased_purges":1,"victory":false,"max_hp_per_floor":[75,75,75,75,75,75,75,75,75,75,75,75,75,75,75,75,75,75,75,75,75,75,75,75,75,75,75,75,75,75,75,75,75,75,75,75,75,75,75,75,75,75,75,75,75,75,75,75,75,75,75],"card_choices":[{"not_picked":["Auto Shields","Leap"],"picked":"Static Discharge","floor":1.0},{"not_picked":["Go for the Eyes","Leap"],"picked":"Redo","floor":4.0},{"not_picked":["Reinforced Body","Storm"],"picked":"Redo","floor":7.0},{"not_picked":["Steam","Streamline"],"picked":"Echo Form","floor":8.0},{"not_picked":["Reprogram","Streamline"],"picked":"Ball Lightning","floor":10.0},{"not_picked":["Blizzard","Sunder"],"picked":"Core Surge","floor":12.0},{"not_picked":["Darkness","Stack","White Noise"],"picked":"SKIP","floor":14.0},{"not_picked":["Machine Learning","Hyperbeam"],"picked":"Electrodynamics","floor":16.0},{"not_picked":["Ball Lightning","Lockon"],"picked":"Chaos","floor":18.0},{"not_picked":["Defragment","Turbo"],"picked":"Self Repair","floor":19.0},{"not_picked":["Reprogram+1","Double Energy"],"picked":"Hologram","floor":22.0},{"not_picked":["Scrape+1","Conserve Battery"],"picked":"Leap+1","floor":24.0},{"not_picked":["Machine Learning","Reboot"],"picked":"Seek","floor":33.0},{"not_picked":["Conserve Battery+1","Steam+1"],"picked":"Ball Lightning","floor":35.0},{"not_picked":["Enlightenment","Forethought"],"picked":"Panache","floor":36.0},{"not_picked":["Steam+1","Sweeping Beam+1"],"picked":"Tempest","floor":38.0},{"not_picked":["Double Energy+1","Conserve Battery+1"],"picked":"Chaos+1","floor":39.0},{"not_picked":["Sweeping Beam+1","Leap+1"],"picked":"Fission","floor":41.0},{"not_picked":["Rebound+1","Undo"],"picked":"Barrage","floor":42.0},{"not_picked":["Stack","Steam+1","Steam Power+1"],"picked":"SKIP","floor":45.0},{"not_picked":["Coolheaded+1","Blizzard+1","Cold Snap"],"picked":"SKIP","floor":45.0},{"not_picked":["Redo","Ball Lightning"],"picked":"Hologram+1","floor":47.0},{"not_picked":["Steam","Reboot","Go for the Eyes"],"picked":"SKIP","floor":47.0}],"player_experience":179978,"relics_obtained":[{"floor":8.0,"key":"CeramicFish"},{"floor":9.0,"key":"Pen Nib"},{"floor":12.0,"key":"Vajra"},{"floor":24.0,"key":"Gremlin Horn"},{"floor":26.0,"key":"Blood Vial"},{"floor":31.0,"key":"Ornamental Fan"},{"floor":41.0,"key":"Shovel"},{"floor":43.0,"key":"Prayer Wheel"}],"event_choices":[{"damage_healed":0.0,"max_hp_gain":0.0,"max_hp_loss":0.0,"gold_gain":175.0,"event_name":"Liars Game","player_choice":"AGREE","floor":2.0,"gold_loss":0.0,"damage_taken":0.0,"cards_obtained":["Doubt"]},{"damage_healed":0.0,"max_hp_gain":0.0,"max_hp_loss":0.0,"gold_gain":0.0,"event_name":"Golden Idol","player_choice":"Ignored","floor":5.0,"gold_loss":0.0,"damage_taken":0.0},{"damage_healed":25.0,"max_hp_gain":0.0,"max_hp_loss":0.0,"gold_gain":0.0,"event_name":"The Library","player_choice":"Heal","floor":20.0,"gold_loss":0.0,"damage_taken":0.0},{"cards_removed":["Injury"],"damage_healed":0.0,"max_hp_gain":0.0,"max_hp_loss":0.0,"gold_gain":0.0,"event_name":"Beggar","player_choice":"Gave Gold","floor":27.0,"gold_loss":75.0,"damage_taken":0.0},{"damage_healed":0.0,"max_hp_gain":0.0,"max_hp_loss":0.0,"gold_gain":0.0,"event_name":"Drug Dealer","player_choice":"Inject Mutagens","floor":29.0,"gold_loss":0.0,"damage_taken":0.0,"relics_obtained":["MutagenicStrength"]},{"damage_healed":0.0,"max_hp_gain":0.0,"max_hp_loss":0.0,"gold_gain":0.0,"event_name":"SensoryStone","player_choice":"Memory 1","floor":36.0,"gold_loss":0.0,"damage_taken":0.0},{"damage_healed":0.0,"max_hp_gain":0.0,"max_hp_loss":0.0,"gold_gain":0.0,"event_name":"Mysterious Sphere","player_choice":"Fight","floor":41.0,"gold_loss":0.0,"damage_taken":0.0}],"is_beta":false,"boss_relics":[{"not_picked":["Busted Crown","Runic Pyramid"],"picked":"Cursed Key"},{"not_picked":["Runic Dome","SacredBark"],"picked":"Inserter"}],"items_purged_floors":[3],"is_endless":false,"potions_floor_spawned":[1,8,10,12,14,18,19,24,35,39,42],"killed_by":"Awakened One","ascension_level":1}}