{"host":"0cm5wy4nhuju7tij","time":1614153121,"event":{"mods":["2.2 Compatiblity","AchievementEnabler","BaseMod","Better Third Choice","BetterRewards","Colored Powertips","Curses Come First","Custom Start","Displayed Cursed Tome","Downfall","Energized Spire","Evolution","Filter the Spire","Fireblade Mod","Hermit","Highlight Path","Jess\u0027s Bottle","Minty Spire (QoL Compilation)","Permanent Neow","Poor People Problems","Relic Filter Mod","Shop Mod","Spicy Shops","StSLib","The Cursed","The Servant 0.9.4","TheSwordswoman","TheVacant","Weighted Paths"],"gold_per_floor":[109,128,139,154,167,201,201,229,253,253,269,269,269,303,303,403,403,420,434,434,434],"floor_reached":20,"language":"ENG","playtime":953,"items_purged":[],"score":196,"play_id":"40fc5f77-7c0b-42f2-b000-13605384328f","local_time":"20210224025201","is_ascension_mode":false,"campfire_choices":[{"floor":10,"key":"REST"},{"data":"FireBladeMod:AfterBurn","floor":12,"key":"SMITH"},{"floor":15,"key":"REST"}],"circlet_count":0,"master_deck":["FireBladeMod:ComboCleave","FireBladeMod:ComboCleave","FireBladeMod:ComboCleave","FireBladeMod:DefendFireBlade","FireBladeMod:DefendFireBlade","FireBladeMod:FlamingSword","FireBladeMod:FireBarrier","FireBladeMod:ScorchingStrike","FireBladeMod:ThirstForBlood","FireBladeMod:SoulStrike","FireBladeMod:SoulStrike","FireBladeMod:AfterBurn+1","FireBladeMod:SmashingEndurance","FireBladeMod:GetPumped","FireBladeMod:Shove","FireBladeMod:SoulStrike","FireBladeMod:RapidDodges","FireBladeMod:BattleStamina","FireBladeMod:SmokeScreen+1","FireBladeMod:WellPrepared+1","FireBladeMod:DoubleDash+1","FireBladeMod:Arson"],"relics":["FireBladeMod:DuelistLocket","EVO:Axolotl","Singing Bowl","FossilizedHelix","Bag of Marbles","Toy Ornithopter","Astrolabe"],"acts_visited":["Exordium","TheCity"],"potions_floor_usage":[],"damage_taken":[{"damage":1,"enemies":"Cultist","floor":1,"turns":3},{"damage":0,"enemies":"2 Louse","floor":2,"turns":2},{"damage":4,"enemies":"Small Slimes","floor":3,"turns":3},{"damage":6,"enemies":"Exordium Wildlife","floor":4,"turns":2},{"damage":9,"enemies":"2 Fungi Beasts","floor":5,"turns":3},{"damage":20,"enemies":"Lagavulin","floor":6,"turns":6},{"damage":28,"enemies":"Gremlin Nob","floor":8,"turns":4},{"damage":5,"enemies":"3 Louse","floor":11,"turns":2},{"damage":13,"enemies":"Lagavulin","floor":14,"turns":5},{"damage":34,"enemies":"Slime Boss","floor":16,"turns":9},{"damage":15,"enemies":"Spheric Guardian","floor":18,"turns":5},{"damage":25,"enemies":"2 Thieves","floor":19,"turns":4},{"damage":32,"enemies":"Sentry and Sphere","floor":20,"turns":4}],"seed_played":"745770813245879381","potions_obtained":[{"floor":1,"key":"BlessingOfTheForge"},{"floor":3,"key":"SkillPotion"},{"floor":4,"key":"Explosive Potion"}],"is_trial":false,"path_per_floor":["M","M","M","M","M","E","?","E","T","R","M","R","?","E","R","B",null,"M","M","M"],"character_chosen":"THE_FIREBLADE","items_purchased":[],"campfire_rested":2,"item_purchase_floors":[],"current_hp_per_floor":[69,69,65,59,50,30,53,25,25,46,41,41,41,28,49,15,70,55,32,0,0],"gold":434,"neow_bonus":"THREE_CARDS","is_daily":false,"chose_seed":false,"campfire_upgraded":1,"win_rate":0.0,"timestamp":1614153121,"path_taken":["M","M","M","M","M","E","?","E","T","R","M","R","?","E","R","BOSS","M","M","M"],"items_purchased_type":[],"build_version":"2020-12-22","purchased_purges":0,"victory":false,"max_hp_per_floor":[70,70,70,70,70,70,70,70,70,70,70,70,70,70,70,70,70,70,72,72,72],"card_choices":[{"not_picked":["FireBladeMod:Shove","FireBladeMod:Flames"],"picked":"FireBladeMod:ScorchingStrike","floor":0},{"not_picked":["FireBladeMod:BasicSmash","FireBladeMod:ThirdDegree"],"picked":"FireBladeMod:ThirstForBlood","floor":1},{"not_picked":["FireBladeMod:Flames","FireBladeMod:Turtle"],"picked":"FireBladeMod:SoulStrike","floor":2},{"not_picked":["FireBladeMod:FerventSlash","FireBladeMod:Shove"],"picked":"FireBladeMod:SoulStrike","floor":3},{"not_picked":["FireBladeMod:ComplexDefense","FireBladeMod:SpinningSmash"],"picked":"FireBladeMod:AfterBurn","floor":4},{"not_picked":["FireBladeMod:IronEndurance","FireBladeMod:Robust"],"picked":"FireBladeMod:SmashingEndurance","floor":5},{"not_picked":["FireBladeMod:Refreshment","FireBladeMod:BattleMage"],"picked":"FireBladeMod:GetPumped","floor":6},{"not_picked":["FireBladeMod:ComboSlashes","FireBladeMod:StingingSlash"],"picked":"FireBladeMod:Shove","floor":8},{"not_picked":["FireBladeMod:ComboCleave","FireBladeMod:Flames"],"picked":"FireBladeMod:SoulStrike","floor":11},{"not_picked":["FireBladeMod:WellPrepared","FireBladeMod:DoubleDash"],"picked":"FireBladeMod:RapidDodges","floor":14},{"not_picked":["FireBladeMod:BodyAsFuel","FireBladeMod:FinalSmash"],"picked":"FireBladeMod:BattleStamina","floor":16},{"not_picked":["FireBladeMod:StingingSlash","FireBladeMod:DoubleDash+1"],"picked":"FireBladeMod:Arson","floor":18},{"not_picked":["FireBladeMod:Feint","FireBladeMod:ComplexAttack+1","FireBladeMod:BackhandSwing"],"picked":"Singing Bowl","floor":19}],"player_experience":459187,"relics_obtained":[{"floor":6,"key":"Singing Bowl"},{"floor":8,"key":"FossilizedHelix"},{"floor":9,"key":"Bag of Marbles"},{"floor":14,"key":"Toy Ornithopter"}],"event_choices":[{"damage_healed":23,"gold_gain":0,"player_choice":"Banana","damage_taken":0,"max_hp_gain":0,"max_hp_loss":0,"event_name":"Big Fish","floor":7,"gold_loss":0},{"damage_healed":0,"gold_gain":0,"player_choice":"Got Potions","damage_taken":0,"max_hp_gain":0,"max_hp_loss":0,"event_name":"Lab","floor":13,"gold_loss":0}],"is_beta":false,"boss_relics":[{"not_picked":["Busted Crown","Sozu"],"picked":"Astrolabe"}],"items_purged_floors":[],"is_endless":false,"potions_floor_spawned":[1,3,4,5,19],"killed_by":"Sentry and Sphere","ascension_level":0}}