{"host":"d52brwsy6af8zvaq","time":1614194944,"event":{"mods":["AchievementEnabler","BaseMod","Bestiary","Highlight Path","Minty Spire (QoL Compilation)","Quick Restart","Relic Stats","ojb\u0027s Better Paths Mod"],"gold_per_floor":[111,130,130,149,168,168,195,195,195,173,173,186,196,196,196],"floor_reached":14,"language":"ENG","playtime":382,"items_purged":[],"score":188,"play_id":"eb2d7fb2-4451-4458-affc-6da4d3a87b15","local_time":"20210224122904","is_ascension_mode":true,"campfire_choices":[{"data":"Biased Cognition","floor":6.0,"key":"SMITH"},{"floor":8.0,"key":"REST"},{"data":"Zap","floor":11.0,"key":"SMITH"}],"circlet_count":0,"master_deck":["AscendersBane","Strike_B","Strike_B","Strike_B","Strike_B","Defend_B","Defend_B","Defend_B","Defend_B","Zap+1","Dualcast","Biased Cognition+1","Self Repair","Hologram","Sweeping Beam","Core Surge","Hologram","Turbo","Beam Cell"],"relics":["Cracked Core","HornCleat"],"acts_visited":["Exordium"],"potions_floor_usage":[],"damage_taken":[{"damage":7.0,"enemies":"Small Slimes","floor":1.0,"turns":3.0},{"damage":1.0,"enemies":"Cultist","floor":2.0,"turns":3.0},{"damage":7.0,"enemies":"2 Louse","floor":4.0,"turns":3.0},{"damage":10.0,"enemies":"Gremlin Gang","floor":5.0,"turns":4.0},{"damage":45.0,"enemies":"3 Sentries","floor":7.0,"turns":8.0},{"damage":4.0,"enemies":"Exordium Thugs","floor":10.0,"turns":4.0},{"damage":6.0,"enemies":"Red Slaver","floor":12.0,"turns":3.0},{"damage":6,"enemies":"Looter","floor":13,"turns":2},{"damage":56,"enemies":"Gremlin Nob","floor":14,"turns":4}],"seed_played":"-1844036487850077984","potions_obtained":[{"floor":3.0,"key":"Swift Potion"},{"floor":3.0,"key":"Ancient Potion"},{"floor":4.0,"key":"DistilledChaos"},{"floor":5.0,"key":"SteroidPotion"}],"is_trial":false,"path_per_floor":["M","M","?","M","M","R","E","R","T","M","R","M","M","E"],"character_chosen":"DEFECT","items_purchased":[],"campfire_rested":1,"item_purchase_floors":[],"current_hp_per_floor":[57,63,63,63,60,60,22,43,43,46,46,47,48,0,0],"gold":196,"neow_bonus":"ONE_RANDOM_RARE_CARD","is_daily":false,"chose_seed":false,"campfire_upgraded":2,"win_rate":0.0,"timestamp":1614194944,"path_taken":["M","M","?","M","?","R","E","R","T","M","R","M","M","E"],"items_purchased_type":[],"build_version":"2020-12-22","purchased_purges":0,"victory":false,"max_hp_per_floor":[71,71,71,71,71,71,71,71,71,71,71,71,71,71,71],"relic_stats":{"counters":[9,34],"obtain_stats":[{"HornCleat":7,"Cracked Core":0},{"HornCleat":5,"Cracked Core":0},{"HornCleat":21,"Cracked Core":0}]},"card_choices":[{"not_picked":["Conserve Battery","Streamline"],"picked":"Self Repair","floor":1.0},{"not_picked":["Go for the Eyes","Turbo"],"picked":"Hologram","floor":2.0},{"not_picked":["Hello World","Steam Power","Redo"],"picked":"SKIP","floor":4.0},{"not_picked":["Barrage","Darkness"],"picked":"Sweeping Beam","floor":5.0},{"not_picked":["Static Discharge","Genetic Algorithm"],"picked":"Core Surge","floor":7.0},{"not_picked":["Rebound","Compile Driver"],"picked":"Hologram","floor":10.0},{"not_picked":["Double Energy","Go for the Eyes"],"picked":"Turbo","floor":12.0},{"not_picked":["Compile Driver","Thunder Strike"],"picked":"Beam Cell","floor":13}],"player_experience":2357295,"relics_obtained":[{"floor":7.0,"key":"HornCleat"}],"event_choices":[{"damage_healed":0.0,"max_hp_gain":0.0,"max_hp_loss":0.0,"gold_gain":0.0,"event_name":"Lab","player_choice":"Got Potions","floor":3.0,"gold_loss":0.0,"damage_taken":0.0}],"is_beta":false,"boss_relics":[],"items_purged_floors":[],"is_endless":false,"potions_floor_spawned":[4,5,7,10],"killed_by":"Gremlin Nob","ascension_level":20}}