{"host":"vxgtqwpb0ulpisda","time":1614208797,"event":{"mods":["BaseMod","Bestiary","Minty Spire (QoL Compilation)","Relic Stats","ojb\u0027s Info Mod"],"gold_per_floor":[115,115,129,144,155,155,183,183,183,183,197,197,221,265,265,384,384,404,447,447,461,480,519,519,519,519],"floor_reached":25,"language":"ENG","playtime":1675,"items_purged":[],"score":335,"play_id":"0e4fc70e-6544-41f2-a6e0-071c6b8333f3","local_time":"20210224181957","is_ascension_mode":true,"campfire_choices":[{"data":"Dualcast","floor":6,"key":"SMITH"},{"data":"Zap","floor":8,"key":"SMITH"},{"data":"Blizzard","floor":12,"key":"SMITH"},{"data":"Fusion","floor":15,"key":"SMITH"},{"floor":24,"key":"REST"}],"circlet_count":0,"master_deck":["Strike_B","Strike_B","Strike_B","Defend_B","Defend_B","Defend_B","Zap+1","Dualcast+1","Ball Lightning","Blizzard+1","Go for the Eyes","Chill","Coolheaded","Rainbow","Fusion+1","Compile Driver","Creative AI","Self Repair","Consume","Thunder Strike","Self Repair","Tempest+1","Creative AI"],"relics":["Cracked Core","Dead Branch","Gremlin Horn","Golden Idol","InkBottle","Busted Crown","Red Mask","Kunai"],"acts_visited":["Exordium","TheCity"],"potions_floor_usage":[13,14,18,23,23,25],"damage_taken":[{"damage":0,"enemies":"2 Louse","floor":1,"turns":1},{"damage":1,"enemies":"Cultist","floor":3,"turns":3},{"damage":0,"enemies":"Small Slimes","floor":4,"turns":3},{"damage":11,"enemies":"3 Louse","floor":5,"turns":3},{"damage":24,"enemies":"Gremlin Nob","floor":7,"turns":4},{"damage":0,"enemies":"Large Slime","floor":11,"turns":4},{"damage":0,"enemies":"Exordium Thugs","floor":13,"turns":3},{"damage":0,"enemies":"Lagavulin","floor":14,"turns":5},{"damage":13,"enemies":"Hexaghost","floor":16,"turns":10},{"damage":3,"enemies":"2 Thieves","floor":18,"turns":3},{"damage":10,"enemies":"Masked Bandits","floor":19,"turns":4},{"damage":13,"enemies":"Shell Parasite","floor":21,"turns":4},{"damage":24,"enemies":"Shelled Parasite and Fungi","floor":22,"turns":5},{"damage":43,"enemies":"Gremlin Leader","floor":23,"turns":8},{"damage":57,"enemies":"Book of Stabbing","floor":25,"turns":5}],"seed_played":"669806962505904898","potions_obtained":[{"floor":1,"key":"Block Potion"},{"floor":7,"key":"EssenceOfSteel"},{"floor":11,"key":"SkillPotion"},{"floor":16,"key":"SteroidPotion"},{"floor":18,"key":"BlessingOfTheForge"},{"floor":19,"key":"Explosive Potion"},{"floor":23,"key":"LiquidMemories"}],"is_trial":false,"path_per_floor":["M","?","M","M","M","R","E","R","T","?","M","R","M","E","R","B",null,"M","?","?","M","M","E","R","E"],"character_chosen":"DEFECT","items_purchased":[],"campfire_rested":1,"item_purchase_floors":[],"current_hp_per_floor":[82,82,81,81,70,70,46,46,46,46,46,46,46,46,46,33,70,67,64,64,58,48,19,43,0,0],"gold":519,"neow_bonus":"TWENTY_PERCENT_HP_BONUS","is_daily":false,"chose_seed":false,"campfire_upgraded":4,"win_rate":0.0,"timestamp":1614208797,"path_taken":["M","?","M","?","M","R","E","R","T","?","M","R","M","E","R","BOSS","M","?","?","M","M","E","R","E"],"items_purchased_type":[],"build_version":"2020-12-22","purchased_purges":0,"victory":false,"max_hp_per_floor":[89,89,89,89,89,89,89,89,89,82,82,82,82,82,82,82,82,82,82,82,82,82,82,82,82,82],"relic_stats":{"Busted Crown":10,"Gremlin Horn":[12,12],"counters":[15,65],"Golden Idol":69,"Dead Branch":[24],"Kunai":[2],"obtain_stats":[{"Busted Crown":17,"Gremlin Horn":9,"Golden Idol":10,"Dead Branch":7,"Red Mask":19,"Kunai":23,"Cracked Core":0,"InkBottle":14},{"Busted Crown":9,"Gremlin Horn":5,"Golden Idol":5,"Dead Branch":5,"Red Mask":11,"Kunai":14,"Cracked Core":0,"InkBottle":8},{"Busted Crown":36,"Gremlin Horn":14,"Golden Idol":14,"Dead Branch":14,"Red Mask":43,"Kunai":60,"Cracked Core":0,"InkBottle":26}],"InkBottle":[20]},"card_choices":[{"not_picked":["Go for the Eyes","Tempest"],"picked":"Ball Lightning","floor":1},{"not_picked":["Force Field","Double Energy"],"picked":"Blizzard","floor":3},{"not_picked":["Hologram","Rip and Tear"],"picked":"Go for the Eyes","floor":4},{"not_picked":["Stack","Go for the Eyes"],"picked":"Chill","floor":5},{"not_picked":["Go for the Eyes","Undo"],"picked":"Coolheaded","floor":7},{"not_picked":["Coolheaded","Compile Driver"],"picked":"Rainbow","floor":11},{"not_picked":["Leap","Stack"],"picked":"Fusion","floor":13},{"not_picked":["Conserve Battery","Leap"],"picked":"Compile Driver","floor":14},{"not_picked":["Reboot","Buffer"],"picked":"Creative AI","floor":16},{"not_picked":[],"picked":"Self Repair","floor":18},{"not_picked":[],"picked":"Self Repair","floor":21},{"not_picked":[],"picked":"Tempest+1","floor":22},{"not_picked":[],"picked":"Creative AI","floor":23}],"player_experience":439922,"relics_obtained":[{"floor":7,"key":"Dead Branch"},{"floor":9,"key":"Gremlin Horn"},{"floor":14,"key":"InkBottle"},{"floor":19,"key":"Red Mask"},{"floor":23,"key":"Kunai"}],"event_choices":[{"cards_removed":["Decay"],"damage_healed":0,"gold_gain":0,"player_choice":"Purged","damage_taken":0,"max_hp_gain":0,"max_hp_loss":0,"event_name":"Purifier","floor":2,"gold_loss":0},{"damage_healed":0,"gold_gain":0,"player_choice":"Lose Max HP","damage_taken":0,"relics_obtained":["Golden Idol"],"max_hp_gain":0,"max_hp_loss":7,"event_name":"Golden Idol","floor":10,"gold_loss":0},{"damage_healed":0,"gold_gain":0,"player_choice":"Fought Bandits","damage_taken":0,"max_hp_gain":0,"max_hp_loss":0,"event_name":"Masked Bandits","floor":19,"gold_loss":0},{"damage_healed":0,"gold_gain":0,"cards_transformed":["Strike_B","Defend_B"],"player_choice":"Became Test Subject","damage_taken":0,"max_hp_gain":0,"max_hp_loss":0,"event_name":"Drug Dealer","floor":20,"gold_loss":0,"cards_obtained":["Consume","Thunder Strike"]}],"is_beta":false,"boss_relics":[{"not_picked":["Sozu","Runic Dome"],"picked":"Busted Crown"}],"items_purged_floors":[],"is_endless":false,"potions_floor_spawned":[1,7,11,16,18,19,23],"killed_by":"Book of Stabbing","ascension_level":6}}