{"host":"7jag2woc339g1nhm","time":1614176846,"event":{"mods":["AchievementEnabler","BaseMod","Bestiary","DeckTracker","Minty Spire (QoL Compilation)"],"gold_per_floor":[217,217,229,106,125,125,141,141,221,221,234,249,249,287,287,408,408,427,443,183,183,283,283,299,322,322,353,378,477,567,363,363,363,363],"floor_reached":33,"language":"ENG","playtime":3263,"items_purged":["Injury","Defend_P"],"score":367,"play_id":"cb250532-651b-4826-bef6-5c8a95bfd0bd","local_time":"20210225005726","is_ascension_mode":false,"campfire_choices":[{"data":"Eruption","floor":6,"key":"SMITH"},{"data":"ClearTheMind","floor":15,"key":"SMITH"},{"data":"FlyingSleeves","floor":23,"key":"SMITH"},{"floor":32,"key":"REST"}],"circlet_count":0,"master_deck":["Strike_P","Strike_P","Strike_P","Strike_P","Defend_P","Defend_P","Eruption+1","Vigilance","Protect","FearNoEvil","FlyingSleeves+1","Tantrum","ClearTheMind+1","Scrawl+1","WheelKick","ThirdEye","TalkToTheHand","LikeWater","Ragnarok","CutThroughFate","CutThroughFate+1","Conclude","TalkToTheHand","Consecrate","WindmillStrike+1"],"relics":["PureWater","Mercury Hourglass","Golden Idol","Bag of Marbles","Sozu","Lantern","Eternal Feather","Ancient Tea Set","Membership Card"],"acts_visited":["Exordium","TheCity"],"potions_floor_usage":[12,14,14,14,16],"damage_taken":[{"damage":0,"enemies":"Cultist","floor":1,"turns":5},{"damage":2,"enemies":"Small Slimes","floor":3,"turns":3},{"damage":6,"enemies":"Jaw Worm","floor":5,"turns":2},{"damage":1,"enemies":"3 Louse","floor":7,"turns":2},{"damage":2,"enemies":"Blue Slaver","floor":11,"turns":2},{"damage":0,"enemies":"Exordium Thugs","floor":12,"turns":1},{"damage":28,"enemies":"3 Sentries","floor":14,"turns":4},{"damage":13,"enemies":"Hexaghost","floor":16,"turns":6},{"damage":0,"enemies":"3 Byrds","floor":18,"turns":4},{"damage":2,"enemies":"Shell Parasite","floor":19,"turns":2},{"damage":0,"enemies":"Sentry and Sphere","floor":24,"turns":1},{"damage":0,"enemies":"Snake Plant","floor":25,"turns":1},{"damage":20,"enemies":"Book of Stabbing","floor":27,"turns":4},{"damage":15,"enemies":"Snecko","floor":28,"turns":5},{"damage":97,"enemies":"Automaton","floor":33,"turns":6}],"seed_played":"-1806783738372747467","potions_obtained":[{"floor":1,"key":"Swift Potion"},{"floor":5,"key":"LiquidBronze"},{"floor":7,"key":"Fruit Juice"},{"floor":12,"key":"AttackPotion"},{"floor":14,"key":"LiquidMemories"}],"is_trial":false,"path_per_floor":["M","?","M","$","M","R","M","?","T","$","M","M","?","E","R","B",null,"M","M","$","?","?","R","M","M","T","E","M","?","?","$","R","B"],"character_chosen":"WATCHER","items_purchased":["Tantrum","ClearTheMind","Lantern","Conclude","Membership Card"],"campfire_rested":1,"item_purchase_floors":[4,4,20,20,31],"current_hp_per_floor":[72,72,70,70,64,64,63,63,63,63,61,66,66,38,38,25,77,77,75,75,75,75,75,75,75,75,55,40,40,28,28,66,0,0],"gold":363,"neow_bonus":"HUNDRED_GOLD","is_daily":false,"chose_seed":false,"campfire_upgraded":3,"win_rate":0.0,"timestamp":1614176846,"path_taken":["M","?","M","?","?","R","M","?","T","$","?","M","?","E","R","BOSS","M","M","$","?","?","R","M","?","T","E","M","?","?","$","R","BOSS"],"items_purchased_type":["Card","Card","Relic","Card","Relic"],"build_version":"2020-12-22","purchased_purges":2,"victory":false,"max_hp_per_floor":[72,72,72,72,72,72,72,72,72,72,72,77,77,77,77,77,77,77,77,77,77,77,77,77,77,77,77,77,77,77,77,77,77,77],"card_choices":[{"not_picked":["Pray","Halt"],"picked":"Protect","floor":1},{"not_picked":["WaveOfTheHand","Collect"],"picked":"FlyingSleeves","floor":3},{"not_picked":["Crescendo","BowlingBash"],"picked":"Scrawl","floor":5},{"not_picked":["SashWhip","PathToVictory"],"picked":"WheelKick","floor":7},{"not_picked":["SashWhip","PathToVictory"],"picked":"ThirdEye","floor":11},{"not_picked":["FlyingSleeves","Nirvana"],"picked":"TalkToTheHand","floor":12},{"not_picked":["BattleHymn","Indignation"],"picked":"LikeWater","floor":14},{"not_picked":["Brilliance","Judgement"],"picked":"Ragnarok","floor":16},{"not_picked":["WreathOfFlame+1","SignatureMove+1"],"picked":"CutThroughFate","floor":18},{"not_picked":["SashWhip","Consecrate"],"picked":"CutThroughFate+1","floor":19},{"not_picked":["FollowUp+1","Halt","Evaluate"],"picked":"SKIP","floor":24},{"not_picked":["CutThroughFate","PathToVictory+1"],"picked":"Consecrate","floor":25},{"not_picked":["Swivel+1","Devotion"],"picked":"WindmillStrike+1","floor":27},{"not_picked":["Halt","Fasting2+1","FollowUp"],"picked":"SKIP","floor":28}],"player_experience":127512,"relics_obtained":[{"floor":9,"key":"Mercury Hourglass"},{"floor":14,"key":"Bag of Marbles"},{"floor":26,"key":"Eternal Feather"},{"floor":27,"key":"Ancient Tea Set"}],"event_choices":[{"damage_healed":0,"gold_gain":0,"cards_transformed":["Defend_P"],"player_choice":"Transformed","damage_taken":0,"max_hp_gain":0,"max_hp_loss":0,"event_name":"Transmorgrifier","floor":2,"gold_loss":0,"cards_obtained":["FearNoEvil"]},{"damage_healed":0,"gold_gain":0,"player_choice":"Upgraded","damage_taken":0,"max_hp_gain":0,"max_hp_loss":0,"event_name":"Upgrade Shrine","floor":8,"gold_loss":0,"cards_upgraded":["Scrawl"]},{"damage_healed":0,"gold_gain":0,"player_choice":"Take Wound","damage_taken":0,"relics_obtained":["Golden Idol"],"max_hp_gain":0,"max_hp_loss":0,"event_name":"Golden Idol","floor":13,"gold_loss":0,"cards_obtained":["Injury"]},{"damage_healed":0,"gold_gain":0,"player_choice":"Read","damage_taken":0,"max_hp_gain":0,"max_hp_loss":0,"event_name":"The Library","floor":21,"gold_loss":0,"cards_obtained":["TalkToTheHand"]},{"damage_healed":0,"gold_gain":100,"player_choice":"Pray","damage_taken":0,"max_hp_gain":0,"max_hp_loss":0,"event_name":"Golden Shrine","floor":22,"gold_loss":0},{"damage_healed":0,"gold_gain":99,"player_choice":"Stole From Cult","damage_taken":0,"max_hp_gain":0,"max_hp_loss":0,"event_name":"Nest","floor":29,"gold_loss":0},{"damage_healed":0,"gold_gain":90,"player_choice":"GOLD ","damage_taken":12,"max_hp_gain":0,"max_hp_loss":0,"event_name":"Knowing Skull","floor":30,"potions_obtained":[],"gold_loss":0,"cards_obtained":[]}],"is_beta":false,"boss_relics":[{"not_picked":["Fusion Hammer","Empty Cage"],"picked":"Sozu"}],"items_purged_floors":[20,31],"is_endless":false,"potions_floor_spawned":[1,5,7,12,14,18,24,27,28],"killed_by":"Automaton","ascension_level":0}}