{"host":"ovivighfa421z0zp","time":1614180576,"event":{"mods":["BaseMod","Colored Map","DeckTracker","Keyboard Shortcuts","Minty Spire (QoL Compilation)","Permanent Neow","Quick Restart","Replay The Spire","StSLib","SuperFastMode","The Cursed","The Hierophant"],"gold_per_floor":[118,131,131,56,72,72,89,89,89,81,104,104,115,165,192,226,226,346,346,365,28,28,57,77,77],"floor_reached":24,"language":"KOR","playtime":721,"items_purged":["hierophant:Strike_Hierophant","ReplayTheSpireMod:Restless Dread"],"score":294,"play_id":"79b230c3-f463-432c-9be3-e583bfa7db6e","local_time":"20210225002936","is_ascension_mode":true,"campfire_choices":[{"data":"hierophant:PassingBell","floor":6,"key":"SMITH"},{"data":"hierophant:OrnateBuckler","floor":12,"key":"SMITH"},{"data":"hierophant:LocustPlague","floor":17,"key":"SMITH"}],"circlet_count":0,"master_deck":["AscendersBane","hierophant:Punish","hierophant:Defend_Hierophant","hierophant:Defend_Hierophant","hierophant:Defend_Hierophant","hierophant:Defend_Hierophant","hierophant:ChurchCoffers+1","hierophant:ThreeLashes","hierophant:MorningPrayer","hierophant:PassingBell+1","hierophant:OrnateBuckler+1","hierophant:FlamingChariot","hierophant:LocustPlague+1","ReplayTheSpireMod:Restless Dread","hierophant:Kindle","hierophant:Martyrdom+1","hierophant:EyeForCoin+1","hierophant:SecretStash+1","Injury","hierophant:Patience+1","hierophant:SolarFlare+1","hierophant:WrathOfGod+1"],"relics":["hierophant:PropheticMaskRelic","Strawberry","Centennial Puzzle","ReplayTheSpireMod:Ring of Exchange","Ring of Greed","Replay:Bandana","The Courier","Blue Doll","Astrolabe","Golden Egg"],"acts_visited":["Exordium","TheCity"],"potions_floor_usage":[7,13,18,20],"damage_taken":[{"damage":2,"enemies":"Jaw Worm","floor":1,"turns":3},{"damage":1,"enemies":"Cultist","floor":2,"turns":4},{"damage":0,"enemies":"2 Louse","floor":5,"turns":2},{"damage":26,"enemies":"Gremlin Nob","floor":7,"turns":4},{"damage":0,"enemies":"Looter","floor":10,"turns":2},{"damage":2,"enemies":"Exordium Thugs","floor":13,"turns":5},{"damage":0,"enemies":"3 Louse","floor":16,"turns":2},{"damage":86,"enemies":"Fading Forest","floor":18,"turns":11},{"damage":5,"enemies":"2 Thieves","floor":20,"turns":3},{"damage":9,"enemies":"Shell Parasite","floor":23,"turns":3},{"damage":13,"enemies":"Cultist and Chosen","floor":24,"turns":2}],"seed_played":"2138193904759215916","potions_obtained":[{"floor":3,"key":"FairyPotion"},{"floor":3,"key":"Swift Potion"},{"floor":3,"key":"Venom Potion"},{"floor":5,"key":"Energy Potion"},{"floor":7,"key":"PowerPotion"},{"floor":13,"key":"AttackPotion"},{"floor":20,"key":"ColorlessPotion"}],"is_trial":false,"path_per_floor":["M","M","?","$","M","R","E","PTL","PTL","M","T","R","M","?","T","M","R","B",null,"M","$","?","M","M"],"character_chosen":"HIEROPHANT","items_purchased":["Golden Egg","hierophant:SolarFlare"],"campfire_rested":0,"item_purchase_floors":[21,21],"current_hp_per_floor":[66,65,65,65,65,65,46,46,46,46,46,46,44,44,44,44,44,3,62,57,57,57,48,35,35],"gold":77,"neow_bonus":"UPGRADE_CARD","is_daily":false,"chose_seed":false,"campfire_upgraded":3,"win_rate":0.0,"timestamp":1614180576,"path_taken":["M","M","?","?","M","R","E","PTL","PTL","M","T","R","M","?","?","M","R","BOSS","M","$","?","M","M"],"items_purchased_type":["Relic","Card"],"build_version":"2020-12-22","purchased_purges":2,"victory":false,"max_hp_per_floor":[75,75,75,75,75,75,82,82,82,82,82,82,82,82,82,82,82,82,82,82,82,82,82,82,82],"card_choices":[{"not_picked":["hierophant:OrnateBuckler","hierophant:AuricBeam"],"picked":"hierophant:ThreeLashes","floor":1},{"not_picked":["hierophant:Charity","hierophant:Upheaval"],"picked":"hierophant:MorningPrayer","floor":2},{"not_picked":["hierophant:RustyCrate","hierophant:Purify"],"picked":"hierophant:PassingBell","floor":5},{"not_picked":["hierophant:ConvertCurrency","hierophant:SolarFlare","hierophant:CoinFling"],"picked":"SKIP","floor":7},{"not_picked":["hierophant:Charity","hierophant:Mercenaries"],"picked":"hierophant:OrnateBuckler","floor":10},{"not_picked":["hierophant:TollTheBells","hierophant:HolyVerse"],"picked":"hierophant:FlamingChariot","floor":13},{"not_picked":["hierophant:HammerAndAnvil","hierophant:AuricBeam"],"picked":"hierophant:LocustPlague","floor":16},{"not_picked":["hierophant:AuricForm","hierophant:DeathKnell"],"picked":"hierophant:Kindle","floor":18},{"not_picked":["hierophant:AuricShield","hierophant:FlamingChariot"],"picked":"hierophant:Patience+1","floor":20},{"not_picked":["hierophant:Racketeering","hierophant:PassingBell+1"],"picked":"hierophant:WrathOfGod","floor":23}],"player_experience":861493,"relics_obtained":[{"floor":7,"key":"Strawberry"},{"floor":11,"key":"Centennial Puzzle"},{"floor":14,"key":"ReplayTheSpireMod:Ring of Exchange"},{"floor":14,"key":"Ring of Greed"},{"floor":14,"key":"Replay:Bandana"},{"floor":14,"key":"The Courier"},{"floor":15,"key":"Blue Doll"}],"event_choices":[{"damage_healed":0,"gold_gain":0,"player_choice":"Got Potions","damage_taken":0,"max_hp_gain":0,"max_hp_loss":0,"event_name":"Lab","floor":3,"gold_loss":0},{"damage_healed":0,"gold_gain":0,"player_choice":"Ignored","damage_taken":0,"max_hp_gain":0,"max_hp_loss":0,"event_name":"Ghosts","floor":22,"gold_loss":0}],"is_beta":false,"boss_relics":[{"not_picked":["PrismaticShard","Ring of Chaos"],"picked":"Astrolabe"}],"items_purged_floors":[4,21],"is_endless":false,"potions_floor_spawned":[5,7,13,20],"killed_by":"Cultist and Chosen","ascension_level":10}}