{"host":"a3oe3gstxz77c7qu","time":1614126408,"event":{"mods":["2.2 Compatiblity","Act Like it!","Astrologer","BaseMod","Bestiary","Better Altar","Better Match","Better Note","Better Skull","Better Third Choice","Block Reminder","Curses Come First","Custom Start","Dark Map","Friendly Minions","GifTheSpireLib","Hallownest","Hermit","Jorbs\u0027s Wanderer Trilogy","Library of Ruina","Lobotomy","LobotomyExtend","Marisa????????","Minty Spire (QoL Compilation)","Permanent Neow","Quick Restart","Relic Filter Mod","Relic Stats","Ruina","Smile Girya","Spire Arcade","StSLib","The Bug Knight","The Cursed","The Disciple","Uncapped","Unknown Chances"],"gold_per_floor":[112,12,12,25,25,51,70,70,70,99,2,20,20,40,40,141,141,152,152,164,164,8,8,25,55,82,93,105,119,119,119,119],"floor_reached":31,"language":"ENG","playtime":1969,"items_purged":[],"score":282,"play_id":"8fa6ecd2-3894-471e-9b16-96fd3eb72d79","local_time":"20210224002648","is_ascension_mode":false,"campfire_choices":[{"floor":13,"key":"REST"},{"data":"HandlingWork","floor":15,"key":"SMITH"},{"floor":23,"key":"REST"},{"data":"AlloutWar","floor":30,"key":"SMITH"}],"circlet_count":0,"master_deck":["LightAttack","LightDefense","LightDefense","ChargeAndCover","FocusedStrikes","TheArtOfRapidSteps+1","GuardingStance","HandlingWork+1","AlloutWar+1","ViolentFlame","SharpenedBlade","SunsetBlade","HighKick","FieryWaltz","TieShanKao","HighSpeedStabbing+1","SnakesPrey+1","DarkCloud+1","ClassAndRespect","HighSpeedStabbing+1","QueenOfHatred","FairyFestival"],"relics":["PageOfLibrarian","CogitoBucket","RabbitCall","LetterFromLob","Bottled Lightning","PageOfGreed","Odd Mushroom","AspirationHeart","Astrolabe","DollysMirror","ChangeAnything","PageOfTheQueenOfHatred","PageOfTheKnightOfDespair"],"acts_visited":["Exordium","Exordium"],"potions_floor_usage":[6,10,16,24,25,28,31,31],"damage_taken":[{"damage":0,"enemies":"Cultist","floor":1,"turns":3},{"damage":0,"enemies":"2 Louse","floor":4,"turns":3},{"damage":18,"enemies":"Lagavulin","floor":6,"turns":10},{"damage":0,"enemies":"Small Slimes","floor":7,"turns":5},{"damage":20,"enemies":"The Mushroom Lair","floor":10,"turns":7},{"damage":17,"enemies":"Looter","floor":12,"turns":5},{"damage":3,"enemies":"2 Fungi Beasts","floor":14,"turns":3},{"damage":17,"enemies":"The Guardian","floor":16,"turns":8},{"damage":23,"enemies":"ruina:Nosferatu","floor":18,"turns":5},{"damage":34,"enemies":"ruina:BadWolf","floor":20,"turns":5},{"damage":22,"enemies":"ruina:KnightOfDespair","floor":24,"turns":6},{"damage":8,"enemies":"ruina:Mountain","floor":25,"turns":4},{"damage":19,"enemies":"ruina:KingOfGreed","floor":27,"turns":4},{"damage":9,"enemies":"ruina:Nos_and_Bat","floor":28,"turns":5},{"damage":6,"enemies":"ruina:QueenOfHate","floor":29,"turns":4},{"damage":30,"enemies":"ruina:RoadHome","floor":31,"turns":3}],"seed_played":"5487813680885705595","potions_obtained":[{"floor":6,"key":"Energy Potion"},{"floor":10,"key":"SteroidPotion"},{"floor":12,"key":"Energy Potion"},{"floor":14,"key":"AttackPotion"},{"floor":18,"key":"Energy Potion"},{"floor":24,"key":"EssenceOfSteel"},{"floor":25,"key":"SneckoOil"},{"floor":27,"key":"ColorlessPotion"}],"is_trial":false,"path_per_floor":["M","$","?","M","?","E","M","?","T","?","$","M","R","M","R","B",null,"M","?","M","?","$","R","M","E","T","M","M","M","R","E"],"character_chosen":"Librarian","items_purchased":["GuardingStance","Strength Potion","SunsetBlade","HighKick","DollysMirror"],"campfire_rested":2,"item_purchase_floors":[2,2,11,11,22],"current_hp_per_floor":[60,60,60,60,60,42,42,65,65,45,45,38,62,59,59,42,80,57,57,23,23,23,47,25,17,17,7,15,19,19,0,0],"gold":119,"neow_bonus":"","is_daily":false,"chose_seed":false,"campfire_upgraded":2,"win_rate":0.0,"timestamp":1614126408,"path_taken":["M","$","?","?","?","E","M","?","T","?","?","M","R","M","R","BOSS","M","?","M","?","?","R","M","E","T","M","M","M","R","E"],"items_purchased_type":["Card","Potion","Card","Card","Relic"],"build_version":"2020-12-22","purchased_purges":0,"victory":false,"max_hp_per_floor":[78,78,78,62,62,78,70,70,70,70,70,80,80,80,80,80,80,80,80,80,80,80,80,80,85,85,85,85,85,85,85,85],"relic_stats":{"counters":[18,82],"Astrolabe":["HighSpeedStabbing","SnakesPrey","DarkCloud"],"obtain_stats":[{"RabbitCall":0,"PageOfTheQueenOfHatred":25,"Astrolabe":17,"AspirationHeart":12,"Odd Mushroom":10,"PageOfLibrarian":0,"PageOfGreed":9,"CogitoBucket":0,"DollysMirror":22,"PageOfTheKnightOfDespair":26,"LetterFromLob":1,"Bottled Lightning":6,"ChangeAnything":24},{"RabbitCall":0,"PageOfTheQueenOfHatred":14,"Astrolabe":9,"AspirationHeart":7,"Odd Mushroom":5,"PageOfLibrarian":0,"PageOfGreed":4,"CogitoBucket":0,"DollysMirror":11,"PageOfTheKnightOfDespair":14,"LetterFromLob":1,"Bottled Lightning":3,"ChangeAnything":13},{"RabbitCall":0,"PageOfTheQueenOfHatred":66,"Astrolabe":45,"AspirationHeart":34,"Odd Mushroom":28,"PageOfLibrarian":0,"PageOfGreed":21,"CogitoBucket":0,"DollysMirror":55,"PageOfTheKnightOfDespair":66,"LetterFromLob":3,"Bottled Lightning":16,"ChangeAnything":62}]},"card_choices":[{"not_picked":["AutomatedMovement","DarkCloud","StructuralAnalysis"],"picked":"TheArtOfRapidSteps","floor":1},{"not_picked":["CrumblingArmor","ShyLook","Murderer"],"picked":"Singing Bowl","floor":1},{"not_picked":["DeepDrag","HandleRequest","Gamble"],"picked":"HandlingWork","floor":4},{"not_picked":["SpiderBud","MHz","Yin"],"picked":"Singing Bowl","floor":4},{"not_picked":["ShrineToMusic","StructuralAnalysis","Punishment"],"picked":"AlloutWar","floor":6},{"not_picked":["MHz","UniverseFragment","PunishingBird"],"picked":"Singing Bowl","floor":6},{"not_picked":["FocusFire","DarkCloud","EnergyCycle"],"picked":"ViolentFlame","floor":7},{"not_picked":["Wellcheers","CrumblingArmor","Freischutz"],"picked":"Singing Bowl","floor":7},{"not_picked":["AlloutWar","GuardingStance","DimensionalRift"],"picked":"SharpenedBlade","floor":10},{"not_picked":["OldLady","FairyFestival","Murderer"],"picked":"Singing Bowl","floor":10},{"not_picked":["DarkCloud","NightInTheBackstreets","MindPrepared"],"picked":"FieryWaltz","floor":12},{"not_picked":["OSAHOGD","FairyFestival","SpiderBud"],"picked":"Singing Bowl","floor":12},{"not_picked":["Murderer","UniverseFragment","NakedNest"],"picked":"Singing Bowl","floor":14},{"not_picked":["Thrust","DarkCloud","StructuralAnalysis","SpearedSweep"],"picked":"SKIP","floor":14},{"not_picked":["Punishment","UnforgettableMelody"],"picked":"TieShanKao","floor":16},{"not_picked":["Scorched","SpiderBud","CrumblingArmor"],"picked":"Singing Bowl","floor":16},{"not_picked":["MHz","Freischutz","BeautyBeast"],"picked":"Singing Bowl","floor":18},{"not_picked":["HiddenBlade","SpearedSweep+1","Observe","SuppressingShot"],"picked":"SKIP","floor":18},{"not_picked":["Thrust","LossOfSenses","GuardingStance"],"picked":"ClassAndRespect","floor":20},{"not_picked":["Bloodbath","GalaxyChild","UniverseFragment"],"picked":"Singing Bowl","floor":20},{"not_picked":["ShyLook","BigBadWolf","BeautyBeast"],"picked":"Singing Bowl","floor":24},{"not_picked":["DarkCloud","ForTheFamily","Marionette","SuppressingShot"],"picked":"SKIP","floor":24},{"not_picked":["Porccubus","OSAHOGD"],"picked":"QueenOfHatred","floor":25},{"not_picked":["Quickness","Parry","Overcharge","HighKick"],"picked":"SKIP","floor":25},{"not_picked":["Yin","LittleHelper","HappyTeddy"],"picked":"Singing Bowl","floor":27},{"not_picked":["Leap_lor","ClassAndRespect","Rewind","Overcharge"],"picked":"SKIP","floor":27},{"not_picked":["Leap_lor","ClassAndRespect","Rewind","Overcharge"],"picked":"SKIP","floor":27},{"not_picked":["LongBird","Freischutz","HeroicMonk"],"picked":"Singing Bowl","floor":28},{"not_picked":["UnforgettableMelody","StructuralAnalysis","GuardingStance","DarkCloud"],"picked":"SKIP","floor":28},{"not_picked":["CrumblingArmor","RedShoes","SingingMachine"],"picked":"Singing Bowl","floor":29},{"not_picked":["FieryBird","Variant"],"picked":"FairyFestival","floor":29},{"not_picked":["UnavoidableGaze","HandleRequest","ForTheFamily","SetFire+1"],"picked":"SKIP","floor":29}],"player_experience":980671,"relics_obtained":[{"floor":1,"key":"LetterFromLob"},{"floor":6,"key":"Bottled Lightning"},{"floor":9,"key":"PageOfGreed"},{"floor":10,"key":"Odd Mushroom"},{"floor":25,"key":"PageOfTheQueenOfHatred"},{"floor":26,"key":"PageOfTheKnightOfDespair"}],"event_choices":[{"damage_healed":0,"gold_gain":0,"player_choice":"Upgraded","damage_taken":0,"max_hp_gain":0,"max_hp_loss":0,"event_name":"Upgrade Shrine","floor":3,"gold_loss":0,"cards_upgraded":["TheArtOfRapidSteps"]},{"damage_healed":0,"gold_gain":0,"player_choice":"Ignored","damage_taken":0,"max_hp_gain":0,"max_hp_loss":0,"event_name":"Liars Game","floor":5,"gold_loss":0},{"damage_healed":23,"gold_gain":0,"player_choice":"Banana","damage_taken":0,"max_hp_gain":0,"max_hp_loss":0,"event_name":"Big Fish","floor":8,"gold_loss":0},{"damage_healed":0,"gold_gain":0,"player_choice":"Fought Mushrooms","damage_taken":0,"max_hp_gain":0,"max_hp_loss":0,"event_name":"Mushrooms","floor":10,"gold_loss":0}],"is_beta":false,"boss_relics":[{"not_picked":["Busted Crown","Pandora\u0027s Box"],"picked":"Astrolabe"}],"items_purged_floors":[],"is_endless":false,"potions_floor_spawned":[6,10,12,14,18,24,25,27],"killed_by":"ruina:RoadHome","ascension_level":0}}