{"host":"1vy6j31128f61x2z","time":1614129986,"event":{"mods":["AchievementEnabler","BaseMod","Colored Powertips","Minty Spire (QoL Compilation)","Permanent Neow"],"gold_per_floor":[111,129,141,91,91,123,123,149,149,183,183,198,198,216,216,315,315,333,333,344,344,12,44,57,57,57,57,86,109,121,160,172,280,292,323,81,96,0,11,44,44,44,98,64,89,89,120,137,137,137],"floor_reached":51,"language":"ENG","playtime":2850,"items_purged":[],"score":1513,"play_id":"d0b78d65-68aa-462c-8071-a13aebc90813","local_time":"20210223202626","is_ascension_mode":true,"campfire_choices":[{"floor":7,"key":"REST"},{"floor":15,"key":"REST"},{"floor":27,"key":"REST"},{"data":"Strike_G","floor":32,"key":"PURGE"},{"data":"Strike_G","floor":41,"key":"PURGE"},{"data":"Strike_G","floor":49,"key":"PURGE"}],"circlet_count":0,"master_deck":["Defend_G","Defend_G","Defend_G","Defend_G","Defend_G","Survivor","Neutralize","PiercingWail","Footwork","Infinite Blades","Storm of Steel","Escape Plan","Malaise","Blade Dance","Deadly Poison","Envenom","CurseOfTheBell","Calculated Gamble","Backflip+1","Infinite Blades","Backflip+1","Dodge and Roll+1","J.A.X.+1","Blade Dance+1","After Image","PiercingWail+1","Adrenaline+1","Crippling Poison+1","Noxious Fumes","Cloak And Dagger+1","Quick Slash+1","Catalyst+1","Finisher","Acrobatics+1","A Thousand Cuts"],"relics":["Fusion Hammer","Blue Candle","Bag of Marbles","Centennial Puzzle","White Beast Statue","HornCleat","Calling Bell","Dream Catcher","InkBottle","Thread and Needle","Enchiridion","Tiny Chest","Toxic Egg 2","Art of War","Peace Pipe","PreservedInsect","MawBank","Bag of Preparation","Black Star","TwistedFunnel","Red Mask","Eternal Feather","Torii","Meat on the Bone","Blood Vial","FossilizedHelix","Ice Cream","Juzu Bracelet","Orichalcum"],"acts_visited":["Exordium","TheCity","TheBeyond"],"potions_floor_usage":[8,8,16,33,50,50],"damage_taken":[{"damage":6,"enemies":"Jaw Worm","floor":1,"turns":6},{"damage":0,"enemies":"2 Louse","floor":2,"turns":4},{"damage":0,"enemies":"Small Slimes","floor":3,"turns":4},{"damage":16,"enemies":"Lagavulin","floor":6,"turns":13},{"damage":10,"enemies":"Gremlin Nob","floor":8,"turns":5},{"damage":4,"enemies":"Lagavulin","floor":10,"turns":10},{"damage":0,"enemies":"3 Louse","floor":12,"turns":5},{"damage":6,"enemies":"Exordium Wildlife","floor":14,"turns":4},{"damage":47,"enemies":"Slime Boss","floor":16,"turns":12},{"damage":0,"enemies":"3 Byrds","floor":18,"turns":6},{"damage":5,"enemies":"2 Thieves","floor":20,"turns":4},{"damage":1,"enemies":"Book of Stabbing","floor":23,"turns":7},{"damage":0,"enemies":"Snecko","floor":24,"turns":6},{"damage":4,"enemies":"Gremlin Leader","floor":28,"turns":6},{"damage":12,"enemies":"Slavers","floor":31,"turns":6},{"damage":6,"enemies":"Collector","floor":33,"turns":7},{"damage":0,"enemies":"Orb Walker","floor":35,"turns":5},{"damage":0,"enemies":"3 Darklings","floor":37,"turns":4},{"damage":0,"enemies":"4 Shapes","floor":39,"turns":5},{"damage":3,"enemies":"Giant Head","floor":40,"turns":5},{"damage":0,"enemies":"Nemesis","floor":45,"turns":5},{"damage":0,"enemies":"Giant Head","floor":47,"turns":5},{"damage":0,"enemies":"Spire Growth","floor":48,"turns":5},{"damage":7,"enemies":"Awakened One","floor":50,"turns":7}],"seed_played":"7568316887106010774","potions_obtained":[{"floor":2,"key":"BlessingOfTheForge"},{"floor":3,"key":"Regen Potion"},{"floor":6,"key":"PowerPotion"},{"floor":10,"key":"Ancient Potion"},{"floor":12,"key":"Weak Potion"},{"floor":16,"key":"EssenceOfSteel"},{"floor":20,"key":"CunningPotion"},{"floor":23,"key":"CunningPotion"},{"floor":33,"key":"Regen Potion"},{"floor":35,"key":"PowerPotion"},{"floor":39,"key":"CultistPotion"}],"is_trial":false,"path_per_floor":["M","M","M","?","?","E","R","E","T","E","?","M","?","M","R","B",null,"M","?","M","?","$","E","M","?","T","R","E","T","$","E","R","B",null,"M","$","M","?","M","E","R","T","T","$","E","?","E","M","R","B",null],"character_chosen":"THE_SILENT","items_purchased":["Infinite Blades","Toxic Egg 2","Noxious Fumes","Cloak And Dagger+1","TwistedFunnel","Catalyst+1"],"campfire_rested":3,"item_purchase_floors":[22,22,36,36,36,44],"current_hp_per_floor":[57,57,57,57,50,34,55,45,45,41,41,41,34,28,49,17,57,57,41,36,36,36,35,35,35,35,56,52,52,52,40,40,34,61,61,61,61,61,61,58,70,70,70,70,70,66,66,66,66,59],"gold":137,"neow_bonus":"BOSS_RELIC","is_daily":false,"chose_seed":false,"campfire_upgraded":0,"win_rate":0.0,"timestamp":1614129986,"path_taken":["M","M","M","?","?","E","R","E","T","E","?","M","?","M","R","BOSS","M","?","M","?","$","E","M","?","T","R","E","?","$","E","R","BOSS","M","$","M","?","M","E","R","?","T","$","E","?","E","M","R","BOSS"],"items_purchased_type":["Card","Relic","Card","Card","Relic","Card"],"build_version":"2020-12-22","purchased_purges":0,"victory":true,"max_hp_per_floor":[70,70,70,70,70,70,70,70,70,70,70,70,70,70,70,70,70,70,70,70,70,70,70,70,70,70,70,70,70,70,70,70,70,70,70,70,70,70,70,70,70,70,70,70,70,66,66,66,66,66],"card_choices":[{"not_picked":["Noxious Fumes","Deflect"],"picked":"PiercingWail","floor":1},{"not_picked":["Infinite Blades","Underhanded Strike"],"picked":"Footwork","floor":2},{"not_picked":["Sucker Punch","PiercingWail"],"picked":"Infinite Blades","floor":3},{"not_picked":["Caltrops","PiercingWail"],"picked":"Storm of Steel","floor":6},{"not_picked":["Caltrops","Catalyst"],"picked":"Escape Plan","floor":8},{"not_picked":["Dagger Throw","Acrobatics"],"picked":"Malaise","floor":10},{"not_picked":["Flechettes","Escape Plan"],"picked":"Blade Dance","floor":12},{"not_picked":["Distraction","Dagger Spray"],"picked":"Deadly Poison","floor":14},{"not_picked":["Bullet Time","Glass Knife"],"picked":"Envenom","floor":16},{"not_picked":["Concentrate","Bane"],"picked":"Calculated Gamble","floor":18},{"not_picked":["Crippling Poison","Tactician"],"picked":"Backflip+1","floor":20},{"not_picked":["Noxious Fumes","Leg Sweep+1"],"picked":"Backflip+1","floor":23},{"not_picked":["Concentrate+1","Calculated Gamble+1"],"picked":"Dodge and Roll+1","floor":24},{"not_picked":["Dagger Spray+1","Finisher+1"],"picked":"Blade Dance+1","floor":27},{"not_picked":["Eviscerate","Outmaneuver+1"],"picked":"After Image","floor":28},{"not_picked":["Prepared+1","Night Terror+1"],"picked":"PiercingWail+1","floor":31},{"not_picked":["Malaise+1","Envenom"],"picked":"Adrenaline+1","floor":33},{"not_picked":["Outmaneuver+1","Underhanded Strike+1"],"picked":"Crippling Poison+1","floor":35},{"not_picked":["Underhanded Strike+1","Bouncing Flask+1"],"picked":"Quick Slash+1","floor":37},{"not_picked":["Flechettes","Flying Knee","Dagger Spray+1"],"picked":"SKIP","floor":39},{"not_picked":["Prepared+1","Dagger Throw","Flying Knee+1"],"picked":"SKIP","floor":40},{"not_picked":["Setup+1","Finisher","Underhanded Strike"],"picked":"SKIP","floor":45},{"not_picked":["Setup+1","Underhanded Strike"],"picked":"Finisher","floor":45},{"not_picked":["Choke","Backstab+1"],"picked":"Acrobatics+1","floor":47},{"not_picked":["Well Laid Plans","Finisher+1"],"picked":"A Thousand Cuts","floor":48}],"player_experience":135246,"relics_obtained":[{"floor":6,"key":"Bag of Marbles"},{"floor":8,"key":"Centennial Puzzle"},{"floor":9,"key":"White Beast Statue"},{"floor":10,"key":"HornCleat"},{"floor":17,"key":"Dream Catcher"},{"floor":17,"key":"InkBottle"},{"floor":17,"key":"Thread and Needle"},{"floor":19,"key":"Enchiridion"},{"floor":23,"key":"Art of War"},{"floor":26,"key":"Peace Pipe"},{"floor":28,"key":"PreservedInsect"},{"floor":29,"key":"MawBank"},{"floor":31,"key":"Bag of Preparation"},{"floor":40,"key":"Eternal Feather"},{"floor":40,"key":"Torii"},{"floor":42,"key":"Meat on the Bone"},{"floor":43,"key":"Blood Vial"},{"floor":45,"key":"FossilizedHelix"},{"floor":45,"key":"Ice Cream"},{"floor":47,"key":"Juzu Bracelet"},{"floor":47,"key":"Orichalcum"}],"event_choices":[{"cards_removed":["Strike_G"],"damage_healed":0,"gold_gain":0,"player_choice":"Card Removal","damage_taken":0,"max_hp_gain":0,"max_hp_loss":0,"event_name":"The Cleric","floor":4,"gold_loss":50},{"damage_healed":0,"gold_gain":0,"player_choice":"Success","damage_taken":7,"relics_obtained":["Blue Candle"],"max_hp_gain":0,"max_hp_loss":0,"event_name":"Scrap Ooze","floor":5,"gold_loss":0},{"damage_healed":0,"gold_gain":0,"player_choice":"Ignored","damage_taken":0,"max_hp_gain":0,"max_hp_loss":0,"event_name":"Liars Game","floor":11,"gold_loss":0},{"cards_removed":["Strike_G"],"damage_healed":0,"gold_gain":0,"player_choice":"Card Removal","damage_taken":7,"max_hp_gain":0,"max_hp_loss":0,"event_name":"Golden Wing","floor":13,"gold_loss":0},{"damage_healed":0,"gold_gain":0,"player_choice":"Obtained Book","damage_taken":16,"max_hp_gain":0,"max_hp_loss":0,"event_name":"Cursed Tome","floor":19,"gold_loss":0},{"damage_healed":0,"gold_gain":0,"player_choice":"Opened","damage_taken":0,"relics_obtained":["Tiny Chest"],"max_hp_gain":0,"max_hp_loss":0,"event_name":"The Mausoleum","floor":21,"gold_loss":0},{"damage_healed":0,"gold_gain":0,"player_choice":"Obtain J.A.X.","damage_taken":0,"max_hp_gain":0,"max_hp_loss":0,"event_name":"Drug Dealer","floor":25,"gold_loss":0,"cards_obtained":["J.A.X."]},{"damage_healed":0,"gold_gain":0,"player_choice":"Paid","damage_taken":0,"relics_obtained":["Red Mask"],"max_hp_gain":0,"max_hp_loss":0,"event_name":"Tomb of Lord Red Mask","floor":38,"gold_loss":96},{"damage_healed":0,"gold_gain":0,"player_choice":"Max HP","damage_taken":0,"max_hp_gain":0,"max_hp_loss":4,"event_name":"Winding Halls","floor":46,"gold_loss":0}],"is_beta":false,"boss_relics":[{"not_picked":["Sozu","SlaversCollar"],"picked":"Calling Bell"},{"not_picked":["HoveringKite","Cursed Key"],"picked":"Black Star"}],"items_purged_floors":[],"is_endless":false,"potions_floor_spawned":[2,3,6,10,12,14,16,18,20,23,24,28,31,33,35,37,39,40,45,47,48],"ascension_level":8}}