{"host":"lv7etzzgwahaenh9","time":1614153745,"event":{"mods":["AchievementEnabler","BaseMod","Colored Map","Colored Powertips","Highlight Path","Minty Spire (QoL Compilation)","Permanent Neow","Quick Restart","Random Character Button","StSLib"],"gold_per_floor":[17,17,27,27,41,41,70,86,109,138,149,181,198,208,208,284,284,304,320,320,50,60,60,74,106,131,131,148,148,174,188,188,260,260,277,296,321,321,333,333,360,360,436,456,482,95,105,136,136,136,136],"floor_reached":50,"language":"ENG","playtime":2355,"items_purged":["Pain","Strike_B"],"score":1123,"play_id":"77db42e6-e011-4145-b36b-200da63b4480","local_time":"20210224000225","is_ascension_mode":true,"campfire_choices":[{"data":"Biased Cognition","floor":6.0,"key":"SMITH"},{"data":"Sunder","floor":15.0,"key":"SMITH"},{"data":"Defragment","floor":23.0,"key":"SMITH"},{"data":"Defragment","floor":27,"key":"SMITH"},{"data":"Zap","floor":29,"key":"SMITH"},{"data":"Defragment","floor":32,"key":"SMITH"},{"data":"Defragment","floor":40,"key":"SMITH"},{"data":"Creative AI","floor":42,"key":"SMITH"},{"floor":49,"key":"RECALL"}],"circlet_count":0,"master_deck":["AscendersBane","Strike_B","Strike_B","Defend_B","Defend_B","Defend_B","Defend_B","Zap+1","Dualcast","Steam","Ball Lightning","Rainbow","Auto Shields","Biased Cognition+1","Cold Snap","Cold Snap","Steam","Compile Driver","Barrage","Capacitor","Cold Snap","Leap","Self Repair","Sunder+1","Core Surge","Loop","Defragment+1","Storm","Defragment+1","Glacier","Defragment+1","Creative AI+1","Chill","Defragment+1","Static Discharge","Meteor Strike","Machine Learning+1"],"relics":["Cracked Core","Prayer Wheel","Potion Belt","Centennial Puzzle","Regal Pillow","Dream Catcher","Coffee Dripper","WarpedTongs","Pantograph","Strawberry","Meat on the Bone","SlaversCollar","Ginger","Omamori","Frozen Egg 2","Bottled Lightning","Blue Candle"],"acts_visited":["Exordium","TheCity","TheBeyond"],"potions_floor_usage":[25,25,25,25,30,39,41,45,47],"damage_taken":[{"damage":3.0,"enemies":"2 Louse","floor":1.0,"turns":3.0},{"damage":0.0,"enemies":"Small Slimes","floor":3.0,"turns":3.0},{"damage":0.0,"enemies":"Cultist","floor":5.0,"turns":2.0},{"damage":10.0,"enemies":"Lagavulin","floor":7.0,"turns":5.0},{"damage":0.0,"enemies":"Looter","floor":8.0,"turns":3.0},{"damage":12.0,"enemies":"Gremlin Nob","floor":10.0,"turns":4.0},{"damage":4.0,"enemies":"Red Slaver","floor":11.0,"turns":4.0},{"damage":4.0,"enemies":"Lagavulin","floor":12.0,"turns":5.0},{"damage":0.0,"enemies":"Lots of Slimes","floor":13.0,"turns":3.0},{"damage":0.0,"enemies":"Looter","floor":14.0,"turns":3.0},{"damage":6.0,"enemies":"Slime Boss","floor":16.0,"turns":10.0},{"damage":2.0,"enemies":"Chosen","floor":18.0,"turns":3.0},{"damage":0.0,"enemies":"Spheric Guardian","floor":19.0,"turns":3.0},{"damage":4.0,"enemies":"3 Cultists","floor":22.0,"turns":5.0},{"damage":18.0,"enemies":"Snecko","floor":24.0,"turns":4.0},{"damage":3,"enemies":"Slavers","floor":25,"turns":5},{"damage":7,"enemies":"Shelled Parasite and Fungi","floor":28,"turns":4},{"damage":11,"enemies":"Book of Stabbing","floor":30,"turns":4},{"damage":1,"enemies":"Centurion and Healer","floor":31,"turns":6},{"damage":22,"enemies":"Automaton","floor":33,"turns":8},{"damage":4,"enemies":"3 Darklings","floor":35,"turns":8},{"damage":2,"enemies":"Orb Walker","floor":36,"turns":4},{"damage":0,"enemies":"Mind Bloom Boss Battle","floor":37,"turns":5},{"damage":11,"enemies":"3 Darklings","floor":39,"turns":8},{"damage":30,"enemies":"Nemesis","floor":41,"turns":7},{"damage":21,"enemies":"Maw","floor":44,"turns":5},{"damage":4,"enemies":"Reptomancer","floor":45,"turns":5},{"damage":34,"enemies":"Transient","floor":47,"turns":5},{"damage":26,"enemies":"Nemesis","floor":48,"turns":9},{"damage":58,"enemies":"Awakened One","floor":50,"turns":5}],"seed_played":"1496142426307989747","potions_obtained":[{"floor":1.0,"key":"Fruit Juice"},{"floor":3.0,"key":"ColorlessPotion"},{"floor":7.0,"key":"SpeedPotion"},{"floor":11.0,"key":"Block Potion"},{"floor":12.0,"key":"Fire Potion"},{"floor":19.0,"key":"FocusPotion"},{"floor":31,"key":"FearPotion"},{"floor":33,"key":"SpeedPotion"},{"floor":37,"key":"PowerPotion"},{"floor":39,"key":"EssenceOfSteel"},{"floor":44,"key":"ColorlessPotion"}],"is_trial":false,"path_per_floor":["M","?","M","?","M","R","E","M","T","E","M","E","M","M","R","B",null,"M","M","?","$","M","R","M","E","T","R","M","R","E","M","R","B",null,"M","M","?","?","M","R","E","R","T","M","E","$","M","E","R","B"],"character_chosen":"DEFECT","items_purchased":["Defragment","EntropicBrew","Bottled Lightning"],"campfire_rested":0,"item_purchase_floors":[21,21,46],"current_hp_per_floor":[61,61,61,66,66,66,56,56,56,44,40,36,36,43,43,44,68,66,66,66,66,67,67,49,53,60,60,60,60,49,48,48,61,81,84,82,88,88,87,87,67,67,67,53,49,49,27,23,23,0,0],"gold":136,"neow_bonus":"ONE_RARE_RELIC","is_daily":false,"chose_seed":false,"campfire_upgraded":8,"win_rate":0.0,"timestamp":1614153745,"path_taken":["M","?","M","?","M","R","E","M","T","E","M","E","M","M","R","BOSS","M","M","?","$","M","R","M","E","T","R","M","R","E","M","R","BOSS","M","M","?","?","M","R","E","R","T","M","E","$","M","E","R","BOSS"],"items_purchased_type":["Card","Potion","Relic"],"build_version":"2020-12-22","purchased_purges":2,"victory":false,"max_hp_per_floor":[71,71,71,76,76,76,76,76,76,76,76,76,76,76,76,76,76,76,76,76,76,81,81,81,81,88,88,88,88,88,88,88,88,88,88,88,88,88,88,88,88,88,88,88,88,88,88,88,88,88,88],"card_choices":[{"not_picked":["Compile Driver","Barrage"],"picked":"Steam","floor":1.0},{"not_picked":["Cold Snap","Streamline"],"picked":"Ball Lightning","floor":1.0},{"not_picked":["Stack","Gash"],"picked":"Auto Shields","floor":3.0},{"not_picked":["Scrape","Steam Power"],"picked":"Biased Cognition","floor":3.0},{"not_picked":["Barrage","Stack"],"picked":"Cold Snap","floor":5.0},{"not_picked":["Streamline","Ball Lightning"],"picked":"Cold Snap","floor":5.0},{"not_picked":["Undo","Scrape"],"picked":"Steam","floor":7.0},{"not_picked":["Barrage","White Noise"],"picked":"Compile Driver","floor":8.0},{"not_picked":["Stack","Doom and Gloom"],"picked":"Barrage","floor":8.0},{"not_picked":["Consume","White Noise"],"picked":"Capacitor","floor":10.0},{"not_picked":["Tempest","Thunder Strike"],"picked":"Cold Snap","floor":11.0},{"not_picked":["Conserve Battery","Compile Driver"],"picked":"Leap","floor":11.0},{"not_picked":["Stack","Gash","Fusion"],"picked":"SKIP","floor":12.0},{"not_picked":["Cold Snap","Capacitor"],"picked":"Self Repair","floor":13.0},{"not_picked":["Stack","Capacitor","Coolheaded"],"picked":"SKIP","floor":13.0},{"not_picked":["Steam","Self Repair"],"picked":"Sunder","floor":14.0},{"not_picked":["Chaos","Genetic Algorithm","Steam Power"],"picked":"SKIP","floor":14.0},{"not_picked":["Biased Cognition","Meteor Strike"],"picked":"Core Surge","floor":16.0},{"not_picked":["Sweeping Beam","Steam"],"picked":"Loop","floor":18.0},{"not_picked":["Streamline","Redo","Turbo"],"picked":"SKIP","floor":18.0},{"not_picked":["Gash","Chaos","Beam Cell+1"],"picked":"SKIP","floor":19.0},{"not_picked":["Steam","Beam Cell+1","Rebound"],"picked":"SKIP","floor":19.0},{"not_picked":["Compile Driver","Hologram+1"],"picked":"Storm","floor":22.0},{"not_picked":["Darkness","Hologram","Streamline"],"picked":"SKIP","floor":22.0},{"not_picked":["Rebound","Blizzard","Go for the Eyes"],"picked":"SKIP","floor":24.0},{"not_picked":["Double Energy","Aggregate","Coolheaded"],"picked":"SKIP","floor":24.0},{"not_picked":["Lockon","Conserve Battery"],"picked":"Defragment","floor":25},{"not_picked":["Compile Driver+1","Go for the Eyes","Scrape"],"picked":"SKIP","floor":28},{"not_picked":["Conserve Battery","Genetic Algorithm+1","Ball Lightning"],"picked":"SKIP","floor":28},{"not_picked":["Hologram","Compile Driver"],"picked":"Glacier","floor":30},{"not_picked":["Ball Lightning","Compile Driver"],"picked":"Defragment","floor":31},{"not_picked":["Fusion","Core Surge","Hologram"],"picked":"SKIP","floor":31},{"not_picked":["Multi-Cast","Biased Cognition"],"picked":"Creative AI","floor":33},{"not_picked":["Self Repair","Undo"],"picked":"Chill","floor":35},{"not_picked":["Sweeping Beam+1","Recycle","Gash+1"],"picked":"SKIP","floor":35},{"not_picked":["Chaos","Streamline","FTL"],"picked":"SKIP","floor":36},{"not_picked":["Hello World","Conserve Battery","Compile Driver"],"picked":"SKIP","floor":36},{"not_picked":["Turbo+1","Conserve Battery"],"picked":"Defragment","floor":37},{"not_picked":["Compile Driver","Redo","Conserve Battery+1"],"picked":"SKIP","floor":39},{"not_picked":["Conserve Battery","Ball Lightning","Gash"],"picked":"SKIP","floor":39},{"not_picked":["FTL","Hello World+1"],"picked":"Static Discharge","floor":41},{"not_picked":["Sweeping Beam","Hello World"],"picked":"Meteor Strike","floor":44},{"not_picked":["Aggregate","Cold Snap","Barrage+1"],"picked":"SKIP","floor":44},{"not_picked":["Blizzard","Loop+1"],"picked":"Machine Learning+1","floor":45},{"not_picked":["Streamline","Steam","Leap+1"],"picked":"SKIP","floor":47},{"not_picked":["Leap","Auto Shields","Go for the Eyes"],"picked":"SKIP","floor":47},{"not_picked":["Barrage","Consume","Ball Lightning"],"picked":"SKIP","floor":48}],"player_experience":546394,"relics_obtained":[{"floor":7.0,"key":"Potion Belt"},{"floor":9.0,"key":"Centennial Puzzle"},{"floor":10.0,"key":"Regal Pillow"},{"floor":12.0,"key":"Dream Catcher"},{"floor":25,"key":"Pantograph"},{"floor":26,"key":"Strawberry"},{"floor":30,"key":"Meat on the Bone"},{"floor":37,"key":"Ginger"},{"floor":41,"key":"Omamori"},{"floor":45,"key":"Frozen Egg 2"},{"floor":48,"key":"Blue Candle"}],"event_choices":[{"damage_healed":0.0,"max_hp_gain":0.0,"max_hp_loss":0.0,"gold_gain":0.0,"cards_transformed":["Strike_B"],"event_name":"Living Wall","player_choice":"Change","floor":2.0,"gold_loss":0.0,"damage_taken":0.0,"cards_obtained":["Rainbow"]},{"damage_healed":0.0,"max_hp_gain":5.0,"max_hp_loss":0.0,"gold_gain":0.0,"event_name":"Big Fish","player_choice":"Donut","floor":4.0,"gold_loss":0.0,"damage_taken":0.0},{"damage_healed":0.0,"max_hp_gain":0.0,"max_hp_loss":0.0,"gold_gain":0.0,"event_name":"Accursed Blacksmith","player_choice":"Rummage","floor":20.0,"gold_loss":0.0,"damage_taken":0.0,"relics_obtained":["WarpedTongs"],"cards_obtained":["Pain"]},{"damage_healed":0,"gold_gain":0,"player_choice":"Fight","damage_taken":0,"max_hp_gain":0,"max_hp_loss":0,"event_name":"MindBloom","floor":37,"gold_loss":0},{"damage_healed":0,"gold_gain":0,"player_choice":"Ignored","damage_taken":0,"max_hp_gain":0,"max_hp_loss":0,"event_name":"Tomb of Lord Red Mask","floor":38,"gold_loss":0}],"is_beta":false,"boss_relics":[{"not_picked":["Astrolabe","Tiny House"],"picked":"Coffee Dripper"},{"not_picked":["Snecko Eye","Black Star"],"picked":"SlaversCollar"}],"items_purged_floors":[21,46],"is_endless":false,"potions_floor_spawned":[1,3,7,11,12,19,31,33,37,39,44],"killed_by":"Awakened One","ascension_level":16}}