{"host":"j1lpsl3dsviy43h8","time":1614154091,"event":{"mods":["AchievementEnabler","BaseMod","BetterRewards","Card Forge","Duelist Mod","GifTheSpireLib","Minty Spire (QoL Compilation)","Shop Mod","StSLib","The Wild Card","Unceasing Turn Reminder"],"gold_per_floor":[140,29,43,62,62,96,96,122,122,122,197,216,216,227,227,359,359,439,499,137,137,137,137,230,281,354,88,147,195,195,266,266,400,400,437,450,450,84,0,0,75,75,75,151,171,263,96,187,187,247],"floor_reached":51,"language":"ENG","playtime":2814,"items_purged":[],"score":2221,"play_id":"91f85f34-742b-4b13-bb33-91c5c51c926b","local_time":"20210224030811","is_ascension_mode":true,"campfire_choices":[{"floor":7,"key":"REST"},{"data":"theDuelist:Mountain","floor":10,"key":"SMITH"},{"floor":13,"key":"REST"},{"floor":15,"key":"REST"},{"floor":23,"key":"REST"},{"floor":32,"key":"REST"},{"floor":40,"key":"REST"},{"floor":49,"key":"REST"}],"circlet_count":0,"master_deck":["AscendersBane","theDuelist:BabyDragon+1","theDuelist:CaveDragon+1","Mayhem+1","theDuelist:MirageDragon+1","theDuelist:AncientRules+1","theDuelist:DefenseZone+5","theDuelist:Pyrorex+1","theDuelist:DragonCaptureJar+6","theDuelist:MirageDragon+1","theDuelist:GaiaDragonChamp+1","theDuelist:AncientPixieDragon+1","theDuelist:Mountain+1","theDuelist:BlueEyes+1","theDuelist:LordD+1","theDuelist:Mountain+1","theDuelist:BlackBrutdrago+1","theDuelist:DragonMastery+1","theDuelist:BSkullDragon+1","theDuelist:Nameless:Magic:YamiForm+1","theDuelist:Nameless:Power:MaskedDragon+1","theDuelist:Nameless:Greed:MagnumShield+3","theDuelist:HourglassLife+1","theDuelist:Nameless:Magic:GravityLash+1","theDuelist:Nameless:Greed:GracefulCharity+1","theDuelist:Nameless:Greed:BerserkerCrush+6","theDuelist:TailSwipe+1","theDuelist:EyeTimaeus+1","theDuelist:SliferSky+1","theDuelist:MetalDragon+1","theDuelist:CaveDragon+1","theDuelist:BabyDragon+1","theDuelist:OrbMetronome+1","theDuelist:TotemDragon+1","theDuelist:MetalDragon+1","theDuelist:FiveHeaded+1","theDuelist:BerserkScales+1","theDuelist:GravityLash+1","theDuelist:EyeTimaeus+1","Mayhem"],"relics":["theDuelist:MillenniumPuzzle","theDuelist:CardPoolRelic","theDuelist:CardPoolBasicRelic","theDuelist:BoosterPackPoolRelic","theDuelist:CardPoolAddRelic","theDuelist:CardPoolMinusRelic","theDuelist:CardPoolSaveRelic","theDuelist:CardPoolOptionsRelic","Hammer of Thor","Seething Fire","Anvil of the Gods","CaptainsWheel","theDuelist:BoosterPackMonsterEgg","Runic Capacitor","Gambling Chip","Calipers","theDuelist:MillenniumRod","Magic Flower","theDuelist:GiftAnubis","Runic Dome","Ancient Tea Set","theDuelist:ElectricToken","Toxic Egg 2","Self Forming Clay","theDuelist:DragonRelicC","Tingsha","Fusion Hammer","Regal Pillow","theDuelist:MillenniumRod","Du-Vu Doll","Tough Bandages","theDuelist:DuelistTeaSet","Turnip"],"acts_visited":["Exordium","TheCity","TheBeyond"],"potions_floor_usage":[16,16,50,50],"damage_taken":[{"damage":8,"enemies":"Small Slimes","floor":1,"turns":3},{"damage":0,"enemies":"Cultist","floor":3,"turns":2},{"damage":0,"enemies":"Jaw Worm","floor":4,"turns":2},{"damage":0,"enemies":"Lagavulin","floor":6,"turns":4},{"damage":0,"enemies":"Gremlin Nob","floor":8,"turns":3},{"damage":11,"enemies":"Looter","floor":12,"turns":2},{"damage":8,"enemies":"Blue Slaver","floor":14,"turns":2},{"damage":27,"enemies":"The Guardian","floor":16,"turns":10},{"damage":0,"enemies":"Chosen","floor":18,"turns":3},{"damage":19,"enemies":"2 Thieves","floor":19,"turns":3},{"damage":0,"enemies":"Gremlin Leader","floor":24,"turns":4},{"damage":0,"enemies":"Centurion and Healer","floor":25,"turns":2},{"damage":13,"enemies":"Shelled Parasite and Fungi","floor":28,"turns":5},{"damage":0,"enemies":"Slavers","floor":29,"turns":5},{"damage":0,"enemies":"Sentry and Sphere","floor":31,"turns":4},{"damage":0,"enemies":"Collector","floor":33,"turns":5},{"damage":23,"enemies":"3 Darklings","floor":35,"turns":3},{"damage":0,"enemies":"Orb Walker","floor":36,"turns":2},{"damage":0,"enemies":"Reptomancer","floor":41,"turns":2},{"damage":8,"enemies":"Maw","floor":44,"turns":3},{"damage":0,"enemies":"Spire Growth","floor":45,"turns":4},{"damage":7,"enemies":"Giant Head","floor":46,"turns":4},{"damage":6,"enemies":"Reptomancer","floor":48,"turns":4},{"damage":15,"enemies":"Donu and Deca","floor":50,"turns":3}],"seed_played":"1617183313782477034","potions_obtained":[{"floor":16,"key":"theDuelist:FreezingPotion"},{"floor":24,"key":"theDuelist:BurningPotionB"},{"floor":41,"key":"CultistPotion"}],"is_trial":false,"path_per_floor":["M","?","M","M","$","E","R","E","T","R","?","M","R","M","R","B",null,"M","M","$","?","?","R","E","M","T","$","M","E","?","M","R","B",null,"M","M","?","$","?","R","E","$","T","M","M","E","$","E","R","B",null],"character_chosen":"THE_DUELIST","items_purchased":["CaptainsWheel","theDuelist:BoosterPackMonsterEgg","Runic Capacitor","Mayhem","theDuelist:MirageDragon","theDuelist:AncientRules","theDuelist:DefenseZone","theDuelist:Pyrorex","Strength Potion","theDuelist:DestructPotionPotB","Ancient Tea Set","theDuelist:OrbMetronome","theDuelist:DragonRelicC","Regal Pillow","Mayhem","theDuelist:DuelistTeaSet"],"campfire_rested":7,"item_purchase_floors":[0,0,0,0,0,0,0,0,0,0,20,20,27,38,38,47],"current_hp_per_floor":[55,55,55,55,55,55,70,70,70,70,59,48,69,61,70,43,63,63,51,51,51,43,64,70,70,70,70,70,70,65,65,70,70,70,47,47,59,59,59,82,82,82,82,74,74,76,76,81,82,67],"gold":247,"neow_bonus":"","is_daily":false,"chose_seed":false,"campfire_upgraded":1,"win_rate":0.0,"timestamp":1614154091,"path_taken":["M","?","?","M","$","E","R","E","T","R","?","M","R","M","R","BOSS","M","M","$","?","?","R","E","?","T","$","M","E","?","M","R","BOSS","M","M","?","?","?","R","E","$","T","M","M","E","?","E","R","BOSS"],"items_purchased_type":["Relic","Relic","Relic","Card","Card","Card","Card","Card","Potion","Potion","Relic","Card","Relic","Relic","Card","Relic"],"build_version":"2020-12-22","purchased_purges":0,"victory":true,"max_hp_per_floor":[70,70,70,70,70,70,70,70,70,70,70,70,70,70,70,70,70,70,70,70,70,70,70,70,70,70,70,70,70,70,70,70,70,70,70,70,82,82,82,82,82,82,82,82,82,82,82,82,82,82],"card_choices":[{"not_picked":["theDuelist:BlackBrachios+1","theDuelist:CyberTwinDragon+1","theDuelist:Kabazauls+1","theDuelist:TrihornedDragon+1"],"picked":"theDuelist:BarrelDragon+1","floor":1},{"not_picked":["theDuelist:LesserDragon","theDuelist:MadSwordBeast"],"picked":"theDuelist:DragonCaptureJar","floor":1},{"not_picked":["theDuelist:Earthquake","theDuelist:BlackPtera"],"picked":"theDuelist:HazyFlameHydra","floor":3},{"not_picked":["theDuelist:Kabazauls+1","theDuelist:MadSwordBeast+1","theDuelist:Freezadon+1","theDuelist:StarlightRoad","theDuelist:GenesisDragon+1"],"picked":"SKIP","floor":3},{"not_picked":["theDuelist:MoltenDestruction","theDuelist:BabyDragon+1","theDuelist:Earthquake","theDuelist:BusterBlader+1"],"picked":"theDuelist:MirageDragon+1","floor":4},{"not_picked":["theDuelist:BlackPtera","theDuelist:CyberValley"],"picked":"theDuelist:GaiaDragonChamp","floor":4},{"not_picked":["theDuelist:BlackStego+1","theDuelist:SnowDragon+1","theDuelist:MadSwordBeast+1","theDuelist:Frostosaurus+1"],"picked":"theDuelist:SilverDragon+1","floor":6},{"not_picked":["theDuelist:ArtifactIgnition","theDuelist:ViceDragon"],"picked":"theDuelist:AncientPixieDragon","floor":6},{"not_picked":["theDuelist:Earthquake","theDuelist:EvolutionBurst","theDuelist:SilverWing","theDuelist:ArtifactIgnition"],"picked":"theDuelist:Mountain","floor":8},{"not_picked":["theDuelist:CyberDragonVier","theDuelist:HazyFlameHydra"],"picked":"theDuelist:BlueEyes","floor":8},{"not_picked":["theDuelist:CyberValley+1","theDuelist:TwinHeadedFire+1","theDuelist:BlackStego+1","theDuelist:DragonMirror"],"picked":"theDuelist:LordD+1","floor":12},{"not_picked":["theDuelist:DragonPiper","theDuelist:BusterBlader","theDuelist:BlackVeloci"],"picked":"SKIP","floor":12},{"not_picked":["theDuelist:ArtifactSanctum","theDuelist:Berserking","theDuelist:TyrantWing"],"picked":"theDuelist:Mountain","floor":14},{"not_picked":["theDuelist:SeismicShockwave","theDuelist:WhiteHowling"],"picked":"theDuelist:BlackBrutdrago","floor":14},{"not_picked":["theDuelist:GravityLash","theDuelist:BlueDuston+1","theDuelist:Lancephorhynchus+1","theDuelist:StardustDragon+1"],"picked":"theDuelist:DragonMastery","floor":16},{"not_picked":["theDuelist:SurvivalFittest","theDuelist:StardustDragon"],"picked":"theDuelist:BSkullDragon","floor":16},{"not_picked":["theDuelist:CurseDragon+1","theDuelist:CyberValley+1","theDuelist:CaveDragon+1","theDuelist:HazyFlameHydra+1","theDuelist:Vandalgyon+1"],"picked":"SKIP","floor":18},{"not_picked":["theDuelist:Kabazauls","theDuelist:BlackVeloci","theDuelist:CoralDragon"],"picked":"SKIP","floor":18},{"not_picked":["theDuelist:SpiralSpearStrike","theDuelist:GoldSarcophagus","theDuelist:DragonRavine","theDuelist:DragonTreasure+1","theDuelist:StampingDestruction"],"picked":"SKIP","floor":19},{"not_picked":["theDuelist:SurvivalFittest","theDuelist:YamataDragon","theDuelist:CyberDragonDrei"],"picked":"SKIP","floor":19},{"not_picked":["theDuelist:BlackStego+1","theDuelist:BlackTyranno+1","theDuelist:MadFlameKaiju+1","theDuelist:GiantRex+1","theDuelist:MadSwordBeast+1"],"picked":"SKIP","floor":24},{"not_picked":["theDuelist:SphereChaos+1","theDuelist:CyberLaserDragon","theDuelist:CurseDragon"],"picked":"SKIP","floor":24},{"not_picked":["theDuelist:Berserking","theDuelist:CyberDragonSieger+1","theDuelist:DragonRavine","theDuelist:CyberLaserDragon+1"],"picked":"theDuelist:TotemDragon+1","floor":25},{"not_picked":["theDuelist:BabyDragon+1","theDuelist:CyberneticRevolution+1","theDuelist:MegafleetDragon+1"],"picked":"SKIP","floor":25},{"not_picked":["theDuelist:BlackStego+1","theDuelist:LavaDragon+1","theDuelist:CyberDragonNachster+1","theDuelist:MadSwordBeast+1","theDuelist:BeserkDragon+1"],"picked":"SKIP","floor":28},{"not_picked":["theDuelist:CloudianGhost+1","theDuelist:TwinBarrelDragon","theDuelist:AtomicScrapDragon"],"picked":"SKIP","floor":28},{"not_picked":["theDuelist:BlacklandFireDragon+1","theDuelist:DarkDriceratops+1","theDuelist:SnowdustDragon+1","theDuelist:VoidOgreDragon+1"],"picked":"theDuelist:MetalDragon+1","floor":29},{"not_picked":["theDuelist:DarkDriceratops","theDuelist:CyberDragonCore+1","theDuelist:EvolutionBurst+1"],"picked":"SKIP","floor":29},{"not_picked":["theDuelist:BlackStego+1","theDuelist:BusterBlader+1","theDuelist:LesserDragon+1","theDuelist:TwinHeadedFire+1","theDuelist:TrihornedDragon+1"],"picked":"SKIP","floor":31},{"not_picked":["theDuelist:MirageDragon+1","theDuelist:DragonZombie","theDuelist:Duoterion+1"],"picked":"SKIP","floor":31},{"not_picked":["theDuelist:BSkullDragon+1","theDuelist:BlasterDragonInfernos+1","theDuelist:OceanDragonLord+1","theDuelist:Scapegoat+1"],"picked":"theDuelist:FiveHeaded+1","floor":33},{"not_picked":["theDuelist:Lancephorhynchus","theDuelist:SliferSky"],"picked":"theDuelist:BerserkScales","floor":33},{"not_picked":["theDuelist:BSkullDragon+1","theDuelist:FiveHeaded+1","theDuelist:QueenDragunDjinn+1","theDuelist:TailSwipe"],"picked":"theDuelist:GravityLash+1","floor":35},{"not_picked":["theDuelist:AxeDespair+1","theDuelist:SphereChaos+1","theDuelist:Duoterion+1"],"picked":"SKIP","floor":35},{"not_picked":["theDuelist:DragonZombie+1","theDuelist:HazyFlameHydra+1","theDuelist:BlueEyes+1","theDuelist:WhiteHowling"],"picked":"theDuelist:EyeTimaeus+1","floor":36},{"not_picked":["theDuelist:SafeZone+1","theDuelist:BusterDrake+1","theDuelist:ArtifactIgnition+1"],"picked":"SKIP","floor":36},{"not_picked":["theDuelist:DarkHorus+1","theDuelist:CloudianGhost+1","theDuelist:CoralDragon+1","theDuelist:Earthquake+1","theDuelist:BusterBlader+1"],"picked":"SKIP","floor":41},{"not_picked":["theDuelist:AncientGearGadjiltron","theDuelist:ScrapIronScarecrow+1","theDuelist:WhiteHowling"],"picked":"SKIP","floor":41},{"not_picked":["theDuelist:DarkDriceratops+1","theDuelist:VoidOgreDragon+1","theDuelist:ExploderDragon+1","theDuelist:WaterDragonCluster+1","theDuelist:BusterBladerDDS+1"],"picked":"SKIP","floor":44},{"not_picked":["theDuelist:DarkDriceratops","theDuelist:Kabazauls","theDuelist:CyberneticOverflow+1"],"picked":"SKIP","floor":44},{"not_picked":["theDuelist:BlackStego+1","theDuelist:BlackTyranno+1","theDuelist:MadFlameKaiju+1","theDuelist:BarrelDragon+1","theDuelist:MadSwordBeast+1"],"picked":"SKIP","floor":45},{"not_picked":["theDuelist:CyberValley+1","theDuelist:LesserDragon","theDuelist:CyberDragonDrei+1"],"picked":"SKIP","floor":45},{"not_picked":["theDuelist:Beatraptor+1","theDuelist:BabyDragon+1","theDuelist:CyberValley+1","theDuelist:DefenseZone+1","theDuelist:CyberDragonDrei+1"],"picked":"SKIP","floor":46},{"not_picked":["theDuelist:EvilMind+1","theDuelist:AncientRules+1","theDuelist:FluteSummoning+1"],"picked":"SKIP","floor":46},{"not_picked":["theDuelist:CyberDragonInfinity+1","theDuelist:SoulCharge+1","theDuelist:ArmedDragon5+1","theDuelist:Sabersaurus+1","theDuelist:OceanDragonLord+1"],"picked":"SKIP","floor":48},{"not_picked":["theDuelist:MirageDragon","theDuelist:SeismicShockwave","theDuelist:SilverDragon+1"],"picked":"SKIP","floor":48}],"player_experience":360088,"relics_obtained":[{"floor":6,"key":"Calipers"},{"floor":8,"key":"theDuelist:MillenniumRod"},{"floor":9,"key":"Magic Flower"},{"floor":24,"key":"Toxic Egg 2"},{"floor":26,"key":"Self Forming Clay"},{"floor":29,"key":"Tingsha"},{"floor":41,"key":"Du-Vu Doll"},{"floor":46,"key":"Tough Bandages"},{"floor":48,"key":"Turnip"}],"event_choices":[{"damage_healed":0,"gold_gain":0,"player_choice":"Paid Gold","damage_taken":0,"relics_obtained":["Gambling Chip"],"max_hp_gain":0,"max_hp_loss":0,"event_name":"WeMeetAgain","floor":2,"gold_loss":111},{"damage_healed":0,"gold_gain":75,"player_choice":"Gather Gold","damage_taken":11,"max_hp_gain":0,"max_hp_loss":0,"event_name":"World of Goop","floor":11,"gold_loss":0},{"damage_healed":0,"gold_gain":0,"player_choice":"Smashed Altar","damage_taken":0,"max_hp_gain":0,"max_hp_loss":0,"event_name":"Forgotten Altar","floor":21,"gold_loss":0,"cards_obtained":["Decay"]},{"damage_healed":0,"gold_gain":0,"player_choice":"Dig - random Duelist relic","duelist":true,"damage_taken":0,"max_hp_gain":0,"max_hp_loss":0,"event_name":"Aknamkanon\u0027s Tomb","floor":22,"gold_loss":0},{"damage_healed":0,"gold_gain":0,"player_choice":"Punched","damage_taken":5,"max_hp_gain":0,"max_hp_loss":0,"event_name":"Designer","floor":30,"gold_loss":0},{"damage_healed":0,"gold_gain":0,"player_choice":"Break - +12 Max HP","duelist":true,"damage_taken":0,"max_hp_gain":0,"max_hp_loss":0,"event_name":"Tomb of the Nameless","floor":37,"gold_loss":0},{"damage_healed":0,"gold_gain":0,"player_choice":"Duplicated Relic - Millennium Rod","duelist":true,"damage_taken":0,"max_hp_gain":0,"max_hp_loss":0,"event_name":"Relic Duplicator","floor":39,"gold_loss":0}],"is_beta":false,"boss_relics":[{"not_picked":["Runic Pyramid","Empty Cage"],"picked":"Runic Dome"},{"not_picked":["HoveringKite","Runic Cube"],"picked":"Fusion Hammer"}],"items_purged_floors":[],"is_endless":false,"potions_floor_spawned":[12,14,16,24,25,29,31,33,35,36,41],"ascension_level":17}}