{"host":"0ueeacaatm8t6jyh","time":1614145222,"event":{"mods":["AchievementEnabler","BaseMod","Colored Powertips","Minty Spire (QoL Compilation)","Quick Restart","Rare Cards Sparkle","Shop Mod","StSLib"],"gold_per_floor":[110,35,35,48,48,48,59,91,91,91,110,110,121,154,154,226,226,237,66,66,78,78],"floor_reached":21,"language":"ZHS","playtime":871,"items_purged":["Defend_G"],"score":413,"play_id":"1f2f6e82-3c7e-4fa2-8f91-9b3f3f4d96e1","local_time":"20210224134022","is_ascension_mode":true,"campfire_choices":[{"data":"Neutralize","floor":6.0,"key":"SMITH"},{"data":"Prepared","floor":10,"key":"SMITH"},{"floor":15,"key":"REST"}],"circlet_count":0,"master_deck":["AscendersBane","Strike_G","Strike_G","Strike_G","Strike_G","Defend_G","Defend_G","Defend_G","Defend_G","Survivor","Neutralize+1","Backflip","Prepared+1","Decay","Acrobatics","Footwork","Malaise","Writhe"],"relics":["Cursed Key","Matryoshka","Kunai","HornCleat","Bag of Preparation","Philosopher\u0027s Stone","Lee\u0027s Waffle","MawBank"],"acts_visited":["Exordium","TheCity"],"potions_floor_usage":[8,14,16],"damage_taken":[{"damage":2.0,"enemies":"Jaw Worm","floor":1.0,"turns":5.0},{"damage":4.0,"enemies":"Cultist","floor":4.0,"turns":4.0},{"damage":0.0,"enemies":"Small Slimes","floor":7.0,"turns":3.0},{"damage":0,"enemies":"3 Sentries","floor":8,"turns":2},{"damage":0,"enemies":"2 Fungi Beasts","floor":11,"turns":4},{"damage":11,"enemies":"3 Louse","floor":13,"turns":4},{"damage":30,"enemies":"Gremlin Nob","floor":14,"turns":6},{"damage":4,"enemies":"The Guardian","floor":16,"turns":24},{"damage":25,"enemies":"3 Byrds","floor":18,"turns":10},{"damage":9,"enemies":"Shell Parasite","floor":21,"turns":6}],"seed_played":"-2774347500861797024","potions_obtained":[{"floor":1.0,"key":"AttackPotion"},{"floor":7.0,"key":"LiquidBronze"},{"floor":13,"key":"SteroidPotion"},{"floor":16,"key":"Regen Potion"}],"is_trial":false,"path_per_floor":["M","$","?","M","?","R","M","E","T","R","M","$","M","E","R","B",null,"M","$","?","M"],"character_chosen":"THE_SILENT","items_purchased":["Lee\u0027s Waffle"],"campfire_rested":1,"item_purchase_floors":[19],"current_hp_per_floor":[57,57,62,58,58,58,58,58,58,58,58,58,47,17,38,34,62,37,78,78,69,69],"gold":78,"neow_bonus":"BOSS_RELIC","is_daily":false,"chose_seed":false,"campfire_upgraded":2,"win_rate":0.0,"timestamp":1614145222,"path_taken":["M","$","?","M","?","R","?","E","T","R","M","?","M","E","R","BOSS","M","$","?","M"],"items_purchased_type":["Relic"],"build_version":"2020-12-22","purchased_purges":1,"victory":false,"max_hp_per_floor":[66,66,71,71,71,71,71,71,71,71,71,71,71,71,71,71,71,71,78,78,78,78],"card_choices":[{"not_picked":["Finisher","Flying Knee"],"picked":"Backflip","floor":1.0},{"not_picked":["Setup","Underhanded Strike"],"picked":"Prepared","floor":4.0},{"not_picked":["Backflip","Dagger Spray","Dodge and Roll"],"picked":"SKIP","floor":7.0},{"not_picked":["Quick Slash","Terror","Unload"],"picked":"SKIP","floor":8},{"not_picked":["All Out Attack","Poisoned Stab"],"picked":"Acrobatics","floor":11},{"not_picked":["Outmaneuver","Skewer"],"picked":"Footwork","floor":13},{"not_picked":["Finisher","Setup","Cloak And Dagger"],"picked":"SKIP","floor":14},{"not_picked":["Unload","Night Terror"],"picked":"Malaise","floor":16},{"not_picked":["Underhanded Strike+1","Caltrops","Slice"],"picked":"SKIP","floor":18}],"player_experience":579623,"relics_obtained":[{"floor":8,"key":"Matryoshka"},{"floor":9,"key":"Kunai"},{"floor":9,"key":"HornCleat"},{"floor":14,"key":"Bag of Preparation"}],"event_choices":[{"damage_healed":0.0,"max_hp_gain":5.0,"max_hp_loss":0.0,"gold_gain":0.0,"event_name":"Big Fish","player_choice":"Donut","floor":3.0,"gold_loss":0.0,"damage_taken":0.0},{"cards_removed":["Strike_G"],"damage_healed":0.0,"max_hp_gain":0.0,"max_hp_loss":0.0,"gold_gain":0.0,"event_name":"Bonfire Elementals","player_choice":"Offered Basic","floor":5.0,"gold_loss":0.0,"damage_taken":0.0},{"damage_healed":0,"gold_gain":0,"player_choice":"Opened","damage_taken":0,"relics_obtained":["MawBank"],"max_hp_gain":0,"max_hp_loss":0,"event_name":"The Mausoleum","floor":20,"gold_loss":0,"cards_obtained":["Writhe"]}],"is_beta":false,"boss_relics":[{"not_picked":["Empty Cage","SlaversCollar"],"picked":"Philosopher\u0027s Stone"}],"items_purged_floors":[2],"is_endless":false,"potions_floor_spawned":[1,7,13,16],"killed_by":"Shell Parasite","ascension_level":19}}