{"host":"1n4zh8skucxnzijq","time":1614202592,"event":{"mods":["AchievementEnabler","BaseMod","Minty Spire (QoL Compilation)","Quick Restart"],"gold_per_floor":[114,114,131,131,281,309,309,338,412,443,458,458,218,228,228,299,299,312,328,308,100,119,119,119],"floor_reached":23,"language":"ENG","playtime":4491,"items_purged":["Doubt","Strike_G"],"score":468,"play_id":"8704c106-a8a9-4ab8-8f76-6b95704a5a5c","local_time":"20210224213632","is_ascension_mode":true,"campfire_choices":[{"data":"Dagger Spray","floor":7,"key":"SMITH"},{"floor":12,"key":"REST"},{"data":"Eviscerate","floor":15,"key":"SMITH"}],"circlet_count":0,"master_deck":["AscendersBane","Strike_G","Strike_G","Strike_G","Defend_G","Defend_G","Defend_G","Defend_G","Defend_G","Survivor","Neutralize","Flying Knee","Dagger Throw","Dagger Spray+1","Dagger Spray","Dagger Throw","Eviscerate+1","Adrenaline","Cloak And Dagger+1","Finisher","Footwork"],"relics":["Ring of the Snake","NeowsBlessing","Strawberry","Tingsha","Bottled Flame","Lantern","Orichalcum","Philosopher\u0027s Stone","Membership Card"],"acts_visited":["Exordium","TheCity"],"potions_floor_usage":[8,8,10,16,16,22,23,23],"damage_taken":[{"damage":0,"enemies":"Jaw Worm","floor":1,"turns":1},{"damage":0,"enemies":"Cultist","floor":3,"turns":1},{"damage":0,"enemies":"Gremlin Nob","floor":6,"turns":1},{"damage":19,"enemies":"Lagavulin","floor":8,"turns":10},{"damage":28,"enemies":"Gremlin Nob","floor":10,"turns":4},{"damage":0,"enemies":"2 Louse","floor":11,"turns":1},{"damage":0,"enemies":"2 Fungi Beasts","floor":14,"turns":1},{"damage":22,"enemies":"Slime Boss","floor":16,"turns":10},{"damage":5,"enemies":"3 Byrds","floor":18,"turns":4},{"damage":14,"enemies":"Chosen","floor":19,"turns":4},{"damage":33,"enemies":"Snake Plant","floor":22,"turns":4},{"damage":6,"enemies":"Cultist and Chosen","floor":23,"turns":3}],"seed_played":"-4704784642265891251","potions_obtained":[{"floor":2,"key":"BlessingOfTheForge"},{"floor":2,"key":"Block Potion"},{"floor":8,"key":"GamblersBrew"},{"floor":10,"key":"LiquidMemories"},{"floor":11,"key":"SkillPotion"},{"floor":14,"key":"DistilledChaos"},{"floor":19,"key":"ColorlessPotion"},{"floor":20,"key":"Dexterity Potion"},{"floor":22,"key":"SpeedPotion"}],"is_trial":false,"path_per_floor":["M","?","M","?","?","E","R","E","T","E","M","R","$","M","R","B",null,"M","M","?","$","M","M"],"character_chosen":"THE_SILENT","items_purchased":["Orichalcum","Membership Card"],"campfire_rested":1,"item_purchase_floors":[13,21],"current_hp_per_floor":[59,59,59,52,52,59,59,40,40,12,12,33,33,33,33,11,58,53,39,39,39,6,0,0],"gold":119,"neow_bonus":"THREE_ENEMY_KILL","is_daily":false,"chose_seed":false,"campfire_upgraded":2,"win_rate":0.0,"timestamp":1614202592,"path_taken":["M","?","?","?","?","E","R","E","T","E","M","R","$","M","R","BOSS","M","M","?","$","?","M"],"items_purchased_type":["Relic","Relic"],"build_version":"2020-12-22","purchased_purges":2,"victory":false,"max_hp_per_floor":[66,66,66,66,66,73,73,73,73,73,73,73,73,73,73,73,73,73,73,73,73,73,73,73],"card_choices":[{"not_picked":["Slice","Underhanded Strike"],"picked":"Flying Knee","floor":1},{"not_picked":["Dodge and Roll","Prepared"],"picked":"Dagger Throw","floor":3},{"not_picked":["PiercingWail","Concentrate"],"picked":"Dagger Spray","floor":6},{"not_picked":["Bane","Choke"],"picked":"Dagger Spray","floor":8},{"not_picked":["Skewer","Well Laid Plans","Riddle With Holes"],"picked":"SKIP","floor":10},{"not_picked":["Skewer","Crippling Poison"],"picked":"Dagger Throw","floor":11},{"not_picked":["Underhanded Strike","Acrobatics"],"picked":"Eviscerate","floor":14},{"not_picked":["After Image","Malaise"],"picked":"Adrenaline","floor":16},{"not_picked":["Leg Sweep","Predator"],"picked":"Cloak And Dagger+1","floor":18},{"not_picked":["Deadly Poison","Catalyst"],"picked":"Finisher","floor":19},{"not_picked":["Deadly Poison","Sucker Punch+1"],"picked":"Footwork","floor":22}],"player_experience":1175937,"relics_obtained":[{"floor":6,"key":"Strawberry"},{"floor":8,"key":"Tingsha"},{"floor":9,"key":"Bottled Flame"},{"floor":10,"key":"Lantern"}],"event_choices":[{"damage_healed":0,"gold_gain":0,"player_choice":"Got Potions","damage_taken":0,"max_hp_gain":0,"max_hp_loss":0,"event_name":"Lab","floor":2,"gold_loss":0},{"cards_removed":["Strike_G"],"damage_healed":0,"gold_gain":0,"player_choice":"Card Removal","damage_taken":7,"max_hp_gain":0,"max_hp_loss":0,"event_name":"Golden Wing","floor":4,"gold_loss":0},{"damage_healed":0,"gold_gain":150,"player_choice":"AGREE","damage_taken":0,"max_hp_gain":0,"max_hp_loss":0,"event_name":"Liars Game","floor":5,"gold_loss":0,"cards_obtained":["Doubt"]},{"damage_healed":0,"gold_gain":0,"player_choice":"Bought 1 Potion","damage_taken":0,"max_hp_gain":0,"max_hp_loss":0,"event_name":"The Woman in Blue","floor":20,"gold_loss":0}],"is_beta":false,"boss_relics":[{"not_picked":["Ectoplasm","Snecko Eye"],"picked":"Philosopher\u0027s Stone"}],"items_purged_floors":[13,21],"is_endless":false,"potions_floor_spawned":[8,10,11,14,19,22],"killed_by":"Cultist and Chosen","ascension_level":20}}