{"host":"5h6e4l6hpn0p5lap","time":1614131695,"event":{"mods":["AchievementEnabler","BaseMod","Better Altar","Better Match","Better Sensory Stone","Better Skull","Better Third Choice","Colored Map","Filter the Spire","Minty Spire (QoL Compilation)","StSLib"],"gold_per_floor":[118,39,39,4,4,31,31,61,61,74,96,96,122,122,122,221,221,238,251,265,77,90,90,116,136,160,173,184,184,35,65,65,161,161,181,195,195,214,264,292,70,70,70],"floor_reached":42,"language":"ENG","playtime":1316,"items_purged":["Defend_R","Bash+1"],"score":818,"play_id":"fdf4209c-99b9-4fbb-b462-0990f9f1e381","local_time":"20210223205455","is_ascension_mode":true,"campfire_choices":[{"data":"Whirlwind","floor":7,"key":"SMITH"},{"data":"Perfected Strike","floor":12,"key":"SMITH"},{"data":"Perfected Strike","floor":15,"key":"SMITH"},{"floor":23,"key":"REST"},{"floor":29,"key":"REST"},{"floor":32,"key":"REST"}],"circlet_count":0,"master_deck":["Strike_R","Strike_R","Strike_R","Strike_R","Strike_R","Defend_R+1","Defend_R","Defend_R","Perfected Strike+1","Whirlwind+1","Twin Strike","Sword Boomerang","Shrug It Off","Perfected Strike+1","Pommel Strike","Double Tap","Seeing Red","Anger","Shrug It Off","Wild Strike","Flex","Pommel Strike","Headbutt+1","Limit Break","Thunderclap+1","Battle Trance+1","Armaments+1","Ghostly Armor"],"relics":["Burning Blood","NeowsBlessing","Kunai","Meat on the Bone","Ornamental Fan","Odd Mushroom","Boot","Letter Opener","SlaversCollar","Bag of Marbles","Bronze Scales","Regal Pillow","Sozu","Orichalcum","Ice Cream","Pen Nib","Chemical X"],"acts_visited":["Exordium","TheCity","TheBeyond"],"potions_floor_usage":[13,13,16,19,31,33],"damage_taken":[{"damage":0,"enemies":"2 Louse","floor":1,"turns":1},{"damage":0,"enemies":"Lagavulin","floor":6,"turns":1},{"damage":0,"enemies":"Gremlin Nob","floor":8,"turns":1},{"damage":1,"enemies":"Small Slimes","floor":10,"turns":3},{"damage":6,"enemies":"The Mushroom Lair","floor":11,"turns":2},{"damage":2,"enemies":"3 Sentries","floor":13,"turns":4},{"damage":0,"enemies":"Slime Boss","floor":16,"turns":5},{"damage":52,"enemies":"2 Thieves","floor":18,"turns":4},{"damage":30,"enemies":"Shell Parasite","floor":19,"turns":5},{"damage":18,"enemies":"Centurion and Healer","floor":20,"turns":5},{"damage":16,"enemies":"Snake Plant","floor":22,"turns":3},{"damage":29,"enemies":"Slavers","floor":24,"turns":2},{"damage":9,"enemies":"Snecko","floor":25,"turns":4},{"damage":20,"enemies":"Shelled Parasite and Fungi","floor":27,"turns":4},{"damage":6,"enemies":"Centurion and Healer","floor":28,"turns":4},{"damage":25,"enemies":"Book of Stabbing","floor":31,"turns":4},{"damage":75,"enemies":"Collector","floor":33,"turns":9},{"damage":3,"enemies":"Orb Walker","floor":35,"turns":2},{"damage":0,"enemies":"3 Shapes","floor":36,"turns":3},{"damage":41,"enemies":"3 Darklings","floor":38,"turns":4},{"damage":23,"enemies":"Mind Bloom Boss Battle","floor":39,"turns":9},{"damage":49,"enemies":"Reptomancer","floor":40,"turns":7},{"damage":36,"enemies":"Giant Head","floor":42,"turns":5}],"seed_played":"-6653010080540799881","potions_obtained":[{"floor":8,"key":"Block Potion"},{"floor":10,"key":"AttackPotion"},{"floor":13,"key":"Strength Potion"},{"floor":16,"key":"HeartOfIron"},{"floor":18,"key":"ElixirPotion"},{"floor":24,"key":"Ancient Potion"},{"floor":25,"key":"Fire Potion"},{"floor":28,"key":"Block Potion"}],"is_trial":false,"path_per_floor":["M","$","?","?","?","E","R","E","T","M","?","R","E","?","R","B",null,"M","M","M","$","M","R","E","M","T","M","M","R","$","E","R","B",null,"M","M","?","M","?","E","$","E"],"character_chosen":"IRONCLAD","items_purchased":["Whirlwind","Seeing Red","Anger","Pommel Strike","Ghostly Armor","Chemical X"],"campfire_rested":3,"item_purchase_floors":[2,21,21,30,41,41],"current_hp_per_floor":[78,78,62,80,85,85,85,85,85,85,85,85,85,85,85,85,85,51,39,39,39,41,66,55,52,52,50,50,75,75,56,85,28,71,74,80,80,57,52,21,21,0,0],"gold":70,"neow_bonus":"THREE_ENEMY_KILL","is_daily":false,"chose_seed":false,"campfire_upgraded":3,"win_rate":0.0,"timestamp":1614131695,"path_taken":["M","$","?","?","?","E","R","E","T","M","?","R","E","?","R","BOSS","M","M","M","$","M","R","E","M","T","M","M","R","$","E","R","BOSS","M","M","?","?","?","E","$","E"],"items_purchased_type":["Card","Card","Card","Card","Card","Relic"],"build_version":"2020-12-22","purchased_purges":2,"victory":false,"max_hp_per_floor":[80,80,80,80,85,85,85,85,85,85,85,85,85,85,85,85,85,85,85,85,85,85,85,85,85,85,85,85,85,85,85,85,85,85,85,85,85,85,85,85,85,85,85],"card_choices":[{"not_picked":["Body Slam","Shrug It Off"],"picked":"Perfected Strike","floor":1},{"not_picked":["Headbutt","Sever Soul"],"picked":"Twin Strike","floor":6},{"not_picked":["Uppercut","Combust"],"picked":"Sword Boomerang","floor":8},{"not_picked":["Clash","Entrench"],"picked":"Shrug It Off","floor":10},{"not_picked":["Armaments","Havoc"],"picked":"Perfected Strike","floor":11},{"not_picked":["Demon Form","Hemokinesis"],"picked":"Pommel Strike","floor":13},{"not_picked":["Clash+1","Thunderclap","Carnage"],"picked":"SKIP","floor":18},{"not_picked":["Wild Strike","Havoc+1"],"picked":"Double Tap","floor":19},{"not_picked":["Sentinel","Second Wind","Iron Wave"],"picked":"SKIP","floor":20},{"not_picked":["Armaments","Clothesline+1"],"picked":"Shrug It Off","floor":22},{"not_picked":["Infernal Blade+1","Clash","Blood for Blood"],"picked":"SKIP","floor":24},{"not_picked":["Shockwave","Anger"],"picked":"Wild Strike","floor":25},{"not_picked":["Iron Wave","Havoc+1"],"picked":"Flex","floor":27},{"not_picked":["Burning Pact","Flex","Body Slam"],"picked":"SKIP","floor":28},{"not_picked":["Clothesline","Twin Strike"],"picked":"Headbutt+1","floor":31},{"not_picked":["Fiend Fire","Immolate"],"picked":"Limit Break","floor":33},{"not_picked":["Pummel","Infernal Blade","Rampage+1"],"picked":"SKIP","floor":35},{"not_picked":["Fire Breathing+1","Warcry"],"picked":"Thunderclap+1","floor":36},{"not_picked":["Thunderclap","Cleave","Exhume"],"picked":"SKIP","floor":38},{"not_picked":["Second Wind+1","Headbutt"],"picked":"Battle Trance+1","floor":39},{"not_picked":["Heavy Blade","Combust"],"picked":"Armaments+1","floor":40}],"player_experience":1163769,"relics_obtained":[{"floor":6,"key":"Kunai"},{"floor":8,"key":"Meat on the Bone"},{"floor":9,"key":"Ornamental Fan"},{"floor":11,"key":"Odd Mushroom"},{"floor":13,"key":"Boot"},{"floor":24,"key":"Bag of Marbles"},{"floor":26,"key":"Bronze Scales"},{"floor":31,"key":"Regal Pillow"},{"floor":39,"key":"Ice Cream"},{"floor":40,"key":"Pen Nib"}],"event_choices":[{"damage_healed":78,"gold_gain":0,"player_choice":"Upgrade","damage_taken":16,"max_hp_gain":0,"max_hp_loss":80,"event_name":"betterThird:BetterShining","floor":3,"gold_loss":0,"cards_upgraded":["Defend_R","Bash"]},{"damage_healed":20,"gold_gain":0,"player_choice":"Healed","damage_taken":0,"max_hp_gain":0,"max_hp_loss":0,"event_name":"The Cleric","floor":4,"gold_loss":35},{"damage_healed":0,"gold_gain":0,"player_choice":"Donut","damage_taken":0,"max_hp_gain":5,"max_hp_loss":0,"event_name":"Big Fish","floor":5,"gold_loss":0},{"damage_healed":0,"gold_gain":0,"player_choice":"Fought Mushrooms","damage_taken":0,"max_hp_gain":0,"max_hp_loss":0,"event_name":"Mushrooms","floor":11,"gold_loss":0},{"damage_healed":0,"gold_gain":0,"player_choice":"Searched \u00271\u0027 times","damage_taken":0,"relics_obtained":["Letter Opener"],"max_hp_gain":0,"max_hp_loss":0,"event_name":"Dead Adventurer","floor":14,"gold_loss":0},{"damage_healed":0,"gold_gain":0,"player_choice":"Gave Potion","damage_taken":0,"relics_obtained":["Orichalcum"],"max_hp_gain":0,"max_hp_loss":0,"event_name":"WeMeetAgain","floor":37,"gold_loss":0},{"damage_healed":0,"gold_gain":0,"player_choice":"Fight","damage_taken":0,"max_hp_gain":0,"max_hp_loss":0,"event_name":"MindBloom","floor":39,"gold_loss":0}],"is_beta":false,"boss_relics":[{"not_picked":["SacredBark","Runic Dome"],"picked":"SlaversCollar"},{"not_picked":["Cursed Key","Black Blood"],"picked":"Sozu"}],"items_purged_floors":[21,30],"is_endless":false,"potions_floor_spawned":[8,10,13,16,18,24,25,28,36,39],"killed_by":"Giant Head","ascension_level":8}}