{"host":"i0avyit1s6jb1siw","time":1614205238,"event":{"mods":["BaseMod","DeckTracker","Dota2Spire","Minty Spire (QoL Compilation)","Quick Restart","StSLib","SuperFastMode"],"gold_per_floor":[17,32,45,59,74,109,109,143,161,161,185,110,110,110,35,55,55,130,130,141,160,85,85,85,85,113,113,113,167,177,16,16,42,42,42,42,113,113,132,47,66,80,80,80,115,115,115,130,155,183,183,163,189,189,189,189,189,189,5,33,33],"floor_reached":62,"language":"ENG","playtime":2085,"items_purged":["Defend_P"],"score":3036,"play_id":"5d86c020-fecc-407f-9358-837040bf61ff","local_time":"20210224232038","is_ascension_mode":true,"campfire_choices":[{"data":"Eruption","floor":7,"key":"SMITH"},{"data":"1","floor":14,"key":"LIFT"},{"data":"2","floor":17,"key":"LIFT"},{"data":"3","floor":25,"key":"LIFT"},{"data":"CrushJoints","floor":27,"key":"SMITH"},{"data":"Wallop","floor":32,"key":"SMITH"},{"data":"CutThroughFate","floor":36,"key":"SMITH"},{"floor":44,"key":"RECALL"},{"data":"MentalFortress","floor":46,"key":"SMITH"},{"data":"MentalFortress","floor":51,"key":"SMITH"},{"data":"Vault","floor":54,"key":"SMITH"},{"data":"WaveOfTheHand","floor":58,"key":"SMITH"}],"circlet_count":0,"master_deck":["AscendersBane","Defend_P","Defend_P+1","Eruption+1","Vigilance+1","Weave+1","CutThroughFate+1","CrushJoints+1","Wallop+1","SandsOfTime+1","ThirdEye+1","Wallop+1","JustLucky+1","LessonLearned","JustLucky","CutThroughFate","InnerPeace+1","Nirvana+1","Alpha+1","Meditate+1","Meditate+1","CutThroughFate+1","Tantrum","MentalFortress+1","Wireheading+1","MentalFortress+1","WaveOfTheHand+1","ThirdEye","Vault+1","Fasting2"],"relics":["PureWater","Lizard Tail","Girya","Anchor","Coffee Dripper","Dota2Spire:BlackKingBar","Eternal Feather","Bag of Marbles","ClockworkSouvenir","WingedGreaves","Astrolabe","Dota2Spire:OctarineCore","Boot","Dota2Spire:PhaseBoots","Gremlin Horn","Ice Cream"],"acts_visited":["Exordium","TheCity","TheBeyond","TheEnding"],"potions_floor_usage":[6,18,49,55,61],"damage_taken":[{"damage":12,"enemies":"Cultist","floor":1,"turns":4},{"damage":0,"enemies":"2 Louse","floor":2,"turns":3},{"damage":0,"enemies":"Small Slimes","floor":3,"turns":2},{"damage":3,"enemies":"Looter","floor":4,"turns":2},{"damage":0,"enemies":"3 Louse","floor":5,"turns":3},{"damage":18,"enemies":"3 Sentries","floor":6,"turns":6},{"damage":0,"enemies":"Gremlin Nob","floor":8,"turns":3},{"damage":17,"enemies":"Large Slime","floor":9,"turns":4},{"damage":0,"enemies":"Gremlin Gang","floor":16,"turns":3},{"damage":17,"enemies":"Hexaghost","floor":18,"turns":8},{"damage":0,"enemies":"Chosen","floor":20,"turns":3},{"damage":24,"enemies":"3 Byrds","floor":21,"turns":4},{"damage":0,"enemies":"Book of Stabbing","floor":26,"turns":3},{"damage":0,"enemies":"Cultist and Chosen","floor":30,"turns":2},{"damage":6,"enemies":"Slavers","floor":33,"turns":3},{"damage":4,"enemies":"Champ","floor":37,"turns":7},{"damage":1,"enemies":"Orb Walker","floor":39,"turns":3},{"damage":46,"enemies":"3 Darklings","floor":41,"turns":5},{"damage":18,"enemies":"Writhing Mass","floor":42,"turns":6},{"damage":0,"enemies":"Giant Head","floor":45,"turns":5},{"damage":15,"enemies":"Sphere and 2 Shapes","floor":48,"turns":6},{"damage":7,"enemies":"Nemesis","floor":49,"turns":3},{"damage":15,"enemies":"Reptomancer","floor":50,"turns":5},{"damage":21,"enemies":"Nemesis","floor":53,"turns":5},{"damage":34,"enemies":"Time Eater","floor":55,"turns":8},{"damage":20,"enemies":"Donu and Deca","floor":56,"turns":7},{"damage":0,"enemies":"Shield and Spear","floor":60,"turns":4},{"damage":45,"enemies":"The Heart","floor":61,"turns":8}],"seed_played":"-4135356416196150583","potions_obtained":[{"floor":1,"key":"Regen Potion"},{"floor":3,"key":"FairyPotion"},{"floor":16,"key":"Regen Potion"},{"floor":18,"key":"SpeedPotion"},{"floor":20,"key":"FairyPotion"},{"floor":48,"key":"SkillPotion"},{"floor":49,"key":"SmokeBomb"},{"floor":52,"key":"Weak Potion"}],"is_trial":false,"path_per_floor":["M","M","M","M","M","E","R","E","M","T","T","$","?","R","?","M","R","B",null,"M","M","?","?","?","R","E","R","T","T","M","$","R","E","$","?","R","B",null,"M","$","M","M","?","R","E","R","T","M","E","E","R","?","E","R","B","B",null,"R","$","E","B",null],"character_chosen":"WATCHER","items_purchased":["ClockworkSouvenir","Tantrum","Fasting2","DistilledChaos","Energy Potion"],"campfire_rested":0,"item_purchase_floors":[31,40,59,59,59],"current_hp_per_floor":[49,49,49,46,46,43,43,43,26,26,26,26,19,19,19,19,19,17,55,55,31,31,31,31,31,31,31,31,31,31,31,43,37,37,37,49,45,62,61,61,15,20,56,56,56,56,56,41,34,19,34,34,13,28,16,28,49,56,56,56,11],"gold":33,"neow_bonus":"THREE_RARE_CARDS","is_daily":false,"chose_seed":false,"campfire_upgraded":8,"win_rate":0.0,"timestamp":1614205238,"path_taken":["M","?","M","M","M","E","R","E","M","T","T","$","?","R","?","M","R","BOSS","M","M","?","?","?","R","E","R","T","T","M","$","R","E","$","?","R","BOSS","M","$","M","?","?","R","E","R","T","M","E","E","R","?","E","R","BOSS","BOSS","R","$","E","BOSS"],"items_purchased_type":["Relic","Card","Card","Potion","Potion"],"build_version":"2020-12-22","purchased_purges":1,"victory":true,"max_hp_per_floor":[68,68,68,68,68,68,68,68,68,68,68,68,68,68,68,68,68,68,68,68,68,68,68,68,68,68,68,68,68,68,68,68,68,68,68,68,68,68,68,68,68,68,56,56,56,56,56,56,56,56,56,56,56,56,56,56,56,56,56,56,56],"card_choices":[{"not_picked":["CutThroughFate","Study"],"picked":"Weave","floor":1},{"not_picked":["Swivel","PathToVictory"],"picked":"CutThroughFate","floor":2},{"not_picked":["PathToVictory","FlyingSleeves"],"picked":"CrushJoints","floor":3},{"not_picked":["EmptyFist","Conclude"],"picked":"Wallop","floor":4},{"not_picked":["JustLucky","Alpha"],"picked":"SandsOfTime","floor":5},{"not_picked":["FollowUp","PathToVictory","Protect"],"picked":"SKIP","floor":6},{"not_picked":["PathToVictory","Omniscience"],"picked":"ThirdEye","floor":8},{"not_picked":["PathToVictory","SignatureMove"],"picked":"Wallop","floor":9},{"not_picked":["ReachHeaven","WreathOfFlame"],"picked":"JustLucky","floor":16},{"not_picked":["DeusExMachina","Judgement"],"picked":"LessonLearned","floor":18},{"not_picked":["LikeWater","FlurryOfBlows"],"picked":"JustLucky","floor":20},{"not_picked":["Prostrate","Study"],"picked":"CutThroughFate","floor":21},{"not_picked":["ThirdEye","Crescendo"],"picked":"InnerPeace+1","floor":26},{"not_picked":["JustLucky","FlyingSleeves","ClearTheMind"],"picked":"SKIP","floor":30},{"not_picked":["Devotion","WaveOfTheHand"],"picked":"Nirvana+1","floor":33},{"not_picked":["ThirdEye","EmptyBody"],"picked":"CutThroughFate+1","floor":39},{"not_picked":["JustLucky","Alpha"],"picked":"MentalFortress","floor":41},{"not_picked":["CrushJoints","FlurryOfBlows","FlyingSleeves+1"],"picked":"SKIP","floor":42},{"not_picked":["Prostrate+1","DevaForm"],"picked":"Wireheading","floor":45},{"not_picked":["CrushJoints+1","Crescendo"],"picked":"MentalFortress","floor":48},{"not_picked":["Evaluate+1","MentalFortress"],"picked":"WaveOfTheHand","floor":49},{"not_picked":["DeceiveReality+1","EmptyBody+1"],"picked":"ThirdEye","floor":50},{"not_picked":["FlurryOfBlows+1","Indignation"],"picked":"Vault","floor":53},{"not_picked":["Consecrate","Indignation","MasterReality"],"picked":"SKIP","floor":60}],"player_experience":2513170,"relics_obtained":[{"floor":6,"key":"Lizard Tail"},{"floor":10,"key":"Girya"},{"floor":11,"key":"Anchor"},{"floor":26,"key":"Dota2Spire:BlackKingBar"},{"floor":28,"key":"Eternal Feather"},{"floor":29,"key":"Bag of Marbles"},{"floor":33,"key":"WingedGreaves"},{"floor":45,"key":"Dota2Spire:OctarineCore"},{"floor":49,"key":"Boot"},{"floor":50,"key":"Dota2Spire:PhaseBoots"},{"floor":53,"key":"Gremlin Horn"},{"floor":60,"key":"Ice Cream"}],"event_choices":[{"cards_removed":["Strike_P"],"damage_healed":0,"gold_gain":0,"player_choice":"Card Removal","damage_taken":7,"max_hp_gain":0,"max_hp_loss":0,"event_name":"Golden Wing","floor":13,"gold_loss":0},{"damage_healed":0,"gold_gain":0,"player_choice":"Left Gold","damage_taken":0,"max_hp_gain":0,"max_hp_loss":0,"event_name":"World of Goop","floor":15,"gold_loss":75},{"cards_removed":["Strike_P"],"damage_healed":0,"gold_gain":0,"player_choice":"Gave Gold","damage_taken":0,"max_hp_gain":0,"max_hp_loss":0,"event_name":"Beggar","floor":22,"gold_loss":75},{"damage_healed":0,"gold_gain":0,"player_choice":"Ignored","damage_taken":0,"max_hp_gain":0,"max_hp_loss":0,"event_name":"The Mausoleum","floor":23,"gold_loss":0},{"damage_healed":0,"gold_gain":0,"player_choice":"Ignored","damage_taken":0,"max_hp_gain":0,"max_hp_loss":0,"event_name":"Cursed Tome","floor":24,"gold_loss":0},{"damage_healed":0,"gold_gain":0,"player_choice":"Forge","damage_taken":0,"max_hp_gain":0,"max_hp_loss":0,"event_name":"Accursed Blacksmith","floor":35,"gold_loss":0,"cards_upgraded":["JustLucky"]},{"damage_healed":56,"gold_gain":0,"player_choice":"Heal","damage_taken":0,"max_hp_gain":0,"max_hp_loss":12,"event_name":"The Moai Head","floor":43,"gold_loss":0},{"damage_healed":0,"gold_gain":0,"player_choice":"Bought 1 Potion","damage_taken":0,"max_hp_gain":0,"max_hp_loss":0,"event_name":"The Woman in Blue","floor":52,"gold_loss":0}],"is_beta":false,"boss_relics":[{"not_picked":["Cursed Key","SacredBark"],"picked":"Coffee Dripper"},{"not_picked":["Tiny House","Fusion Hammer"],"picked":"Astrolabe"}],"items_purged_floors":[12],"is_endless":false,"potions_floor_spawned":[1,3,16,18,20,21,41,48,49],"ascension_level":20}}