{"host":"71mgpozmht821pzh","time":1614140795,"event":{"mods":["BaseMod","Downfall","Minty Spire (QoL Compilation)","Replay The Spire","StSLib"],"gold_per_floor":[118,118,118,134,134,166,186,29,29,45,45,63,63,88,88,185,185,198,215,215,235,246,246,246,246,246,14,41,59,84,84,84,181,181,200,213,1212,1212,512,512,525,544,544,558,585,598,598,627,627,661],"floor_reached":51,"language":"ENG","playtime":4260,"items_purged":["Regret","Amnesia"],"score":956,"play_id":"6fe1dd79-6d71-4505-a6b9-9d5ae6eb9991","local_time":"20210223222635","daily_mods":["downfall:ChampStances","Cursed Run","Uncertain Future"],"is_ascension_mode":true,"campfire_choices":[{"data":"Replay:GuardianBash","floor":11,"key":"SMITH"},{"data":"Guardian:PolyBeam","floor":13,"key":"SMITH"},{"data":"Guardian:DonusPower","floor":15,"key":"SMITH"},{"data":"Guardian:ShieldCharger","floor":23,"key":"SMITH"},{"data":"Guardian:AncientConstruct","floor":25,"key":"SMITH"},{"data":"Guardian:Repulse","floor":32,"key":"SMITH"},{"data":"Guardian:TemporalStrike","floor":40,"key":"SMITH"},{"floor":47,"key":"REST"},{"floor":49,"key":"REST"}],"circlet_count":0,"master_deck":["Guardian:Strike_Guardian","Guardian:Strike_Guardian","Guardian:Strike_Guardian+1","Guardian:Strike_Guardian","Guardian:Defend_Guardian","Guardian:Defend_Guardian","Guardian:Defend_Guardian+1","Guardian:Defend_Guardian","Guardian:TwinSlam","Guardian:RefractedBeam","Replay:GuardianBash+1","Guardian:Planning","Guardian:DonusPower+1","CommonCold","Guardian:PolyBeam+1","ReplayTheSpireMod:Doomed","Guardian:AncientConstruct+1","Guardian:PrimingBeam","Guardian:ShieldCharger+1","Guardian:Recover+1","Guardian:Suspension+1","Decay","Spreading Infection","Guardian:Repulse+1","Guardian:TemporalStrike+1","Normality","Normality","Guardian:ArmoredProtocol","Guardian:ArmoredProtocol","Guardian:Repulse+1","Spreading Infection","Guardian:SpikerProtocol","Guardian:DecasProtection","Guardian:TemporalShield+1","Amnesia"],"relics":["Cursed Key","Darkstone Periapt","Du-Vu Doll","champ:ChampStancesModRelic","Ring of Misfortune","Ring of Fury","Replay:Towering Pillar of Hats","Gremlin Food","Orichalcum","Quantum Egg","Bottled Flame","Ring of Chaos","Durian","Medical Kit","Bronze Scales","Pen Nib","GremlinMask","ReplayTheSpireMod:DimensionalGlitch","Boot","Snack Pack","Mercury Hourglass","MealTicket","Replay:Bandana"],"acts_visited":["Exordium","TheCity","TheBeyond"],"potions_floor_usage":[35,50,50],"damage_taken":[{"damage":0,"enemies":"2 Louse","floor":1,"turns":2},{"damage":0,"enemies":"Small Slimes","floor":4,"turns":2},{"damage":23,"enemies":"3 Sentries","floor":6,"turns":3},{"damage":10,"enemies":"Jaw Worm","floor":7,"turns":1},{"damage":0,"enemies":"Blue Slaver","floor":10,"turns":2},{"damage":4,"enemies":"Gremlin Gang","floor":12,"turns":2},{"damage":5,"enemies":"Gremlin Nob","floor":14,"turns":2},{"damage":0,"enemies":"Slime Boss","floor":16,"turns":2},{"damage":0,"enemies":"3 Byrds","floor":18,"turns":3},{"damage":12,"enemies":"Chosen","floor":19,"turns":3},{"damage":17,"enemies":"Sentry and Sphere","floor":21,"turns":3},{"damage":2,"enemies":"Shelled Parasite and Fungi","floor":22,"turns":3},{"damage":17,"enemies":"Gremlin Leader","floor":28,"turns":3},{"damage":1,"enemies":"Centurion and Healer","floor":29,"turns":3},{"damage":9,"enemies":"Book of Stabbing","floor":30,"turns":3},{"damage":8,"enemies":"Champ","floor":33,"turns":8},{"damage":11,"enemies":"3 Darklings","floor":35,"turns":2},{"damage":0,"enemies":"Orb Walker","floor":36,"turns":2},{"damage":21,"enemies":"4 Shapes","floor":41,"turns":5},{"damage":0,"enemies":"Sphere and 2 Shapes","floor":42,"turns":8},{"damage":0,"enemies":"Spire Growth","floor":44,"turns":4},{"damage":32,"enemies":"R_Hoarder","floor":45,"turns":3},{"damage":4,"enemies":"Writhing Mass","floor":46,"turns":4},{"damage":34,"enemies":"Nemesis","floor":48,"turns":3},{"damage":14,"enemies":"Replay:Hell Engine","floor":50,"turns":4}],"seed_played":"-1793693961831549016","potions_obtained":[{"floor":6,"key":"SteroidPotion"},{"floor":10,"key":"Energy Potion"},{"floor":14,"key":"ColorlessPotion"},{"floor":16,"key":"DistilledChaos"},{"floor":29,"key":"AttackPotion"},{"floor":35,"key":"Cursed Concoction"},{"floor":38,"key":"Elixir"},{"floor":45,"key":"Energy Potion"}],"is_trial":true,"path_per_floor":["M","?","?","M","?","E","M","$","T","M","R","M","R","E","R","B",null,"M","M","?","M","M","R","?","R","T","$","E","M","E","?","R","B",null,"M","M","?","?","$","R","M","M","T","M","E","M","R","E","R","B",null],"character_chosen":"GUARDIAN","items_purchased":["Orichalcum","Medical Kit","Boot","Snack Pack","Guardian:ArmoredProtocol","Guardian:Gem_White","Guardian:Gem_Crimson"],"campfire_rested":2,"item_purchase_floors":[8,27,39,39,39,39,39],"current_hp_per_floor":[80,80,80,80,86,83,83,83,89,89,89,85,85,90,90,96,98,98,96,96,94,92,92,98,98,109,109,102,101,92,92,92,90,121,110,110,122,122,122,122,102,103,109,109,84,81,122,89,130,131],"gold":661,"neow_bonus":"","is_daily":false,"chose_seed":false,"campfire_upgraded":7,"win_rate":0.0,"timestamp":1614140795,"path_taken":["M","?","?","M","?","E","M","$","T","M","R","M","R","E","R","BOSS","M","M","?","M","M","R","?","R","T","$","E","M","E","?","R","BOSS","M","M","?","?","$","R","M","?","T","M","E","M","R","E","R","BOSS"],"items_purchased_type":["Relic","Relic","Relic","Relic","Card","Card","Card"],"build_version":"2020-12-22","purchased_purges":2,"victory":true,"max_hp_per_floor":[80,80,80,80,86,86,86,86,92,92,92,92,92,92,92,98,98,98,98,98,98,98,98,104,104,115,115,115,115,115,115,115,121,121,121,121,133,133,133,133,133,133,139,139,139,139,139,139,139,145],"card_choices":[{"not_picked":["Guardian:TemporalShield","Guardian:TemporalStrike"],"picked":"Guardian:RefractedBeam","floor":1},{"not_picked":["Guardian:PrimingBeam","Guardian:RollAttack"],"picked":"Guardian:Planning","floor":4},{"not_picked":["Guardian:PrismaticBarrier","Guardian:WalkerClaw"],"picked":"Guardian:DonusPower","floor":6},{"not_picked":["Guardian:PrimingBeam","Guardian:VentSteam","Guardian:Recover"],"picked":"SKIP","floor":7},{"not_picked":["Guardian:BodySlam","Guardian:Reroute"],"picked":"Guardian:PolyBeam","floor":10},{"not_picked":["Guardian:Gem_Lightblue","Guardian:Planning"],"picked":"Guardian:Gem_Cyan","floor":12},{"not_picked":["Guardian:PrimingBeam","Guardian:ChargeCore"],"picked":"Guardian:Gem_Crimson","floor":14},{"not_picked":["Guardian:TimeSifter","Guardian:ExploitGems"],"picked":"Guardian:AncientConstruct","floor":16},{"not_picked":["Guardian:ChargeCore","Guardian:PrimingBeam+1"],"picked":"Guardian:Gem_Lightblue","floor":18},{"not_picked":["Guardian:Emergency","Guardian:BronzeArmor"],"picked":"Guardian:PrimingBeam","floor":19},{"not_picked":["Guardian:ShieldCharger","Guardian:FuturePlans+1"],"picked":"Guardian:Recover+1","floor":21},{"not_picked":["Guardian:Gem_Crimson","Guardian:Gem_Blue"],"picked":"Guardian:Suspension+1","floor":22},{"not_picked":["Guardian:Incinerate","Guardian:PrimingBeam"],"picked":"Guardian:Gem_Red","floor":28},{"not_picked":["Guardian:BaubleBeam","Guardian:Gem_Fragmented"],"picked":"Guardian:Repulse","floor":29},{"not_picked":["Guardian:CrystalBeam","Guardian:VentSteam"],"picked":"Guardian:Gem_Red","floor":30},{"not_picked":["Guardian:Gem_Red","Guardian:ChargeCore+1"],"picked":"Guardian:Gem_White","floor":35},{"not_picked":["Guardian:Gem_Red","Guardian:PrismaticBarrier"],"picked":"Guardian:TemporalStrike","floor":36},{"not_picked":["Guardian:FierceBash","Guardian:Reroute"],"picked":"Guardian:Repulse+1","floor":41},{"not_picked":["Guardian:Planning","Guardian:ChargeCore+1","Guardian:CrystalBeam+1"],"picked":"SKIP","floor":42},{"not_picked":["Guardian:TemporalStrike","Guardian:Reroute+1"],"picked":"Guardian:SpikerProtocol","floor":44},{"not_picked":["Guardian:WalkerClaw","Guardian:Reroute"],"picked":"Guardian:DecasProtection","floor":45},{"not_picked":["Guardian:Suspension+1","Guardian:PiercingHide"],"picked":"Guardian:TemporalShield+1","floor":46},{"not_picked":["Guardian:WalkerClaw","Guardian:DonusPower","Guardian:FuturePlans+1"],"picked":"SKIP","floor":48}],"player_experience":6524804,"relics_obtained":[{"floor":2,"key":"Ring of Misfortune"},{"floor":2,"key":"Ring of Fury"},{"floor":6,"key":"Gremlin Food"},{"floor":9,"key":"Quantum Egg"},{"floor":14,"key":"Bottled Flame"},{"floor":26,"key":"Durian"},{"floor":28,"key":"Bronze Scales"},{"floor":30,"key":"Pen Nib"},{"floor":43,"key":"Mercury Hourglass"},{"floor":45,"key":"MealTicket"},{"floor":48,"key":"Replay:Bandana"}],"event_choices":[{"damage_healed":0,"gold_gain":0,"player_choice":"Box","damage_taken":0,"relics_obtained":["Replay:Towering Pillar of Hats"],"max_hp_gain":0,"max_hp_loss":0,"event_name":"Big Fish","floor":5,"gold_loss":0,"cards_obtained":["Regret"]},{"damage_healed":0,"gold_gain":0,"player_choice":"Read","damage_taken":0,"max_hp_gain":0,"max_hp_loss":0,"event_name":"The Library","floor":20,"gold_loss":0,"cards_obtained":["Guardian:ShieldCharger"]},{"damage_healed":0,"gold_gain":0,"player_choice":"Smashed Altar","damage_taken":0,"max_hp_gain":0,"max_hp_loss":0,"event_name":"Forgotten Altar","floor":24,"gold_loss":0,"cards_obtained":["Decay"]},{"damage_healed":0,"gold_gain":0,"player_choice":"Trade","damage_taken":0,"relics_obtained":["GremlinMask"],"max_hp_gain":0,"max_hp_loss":0,"event_name":"FaceTrader","floor":31,"gold_loss":0},{"damage_healed":0,"gold_gain":999,"player_choice":"Gold","damage_taken":0,"max_hp_gain":0,"max_hp_loss":0,"event_name":"MindBloom","floor":37,"gold_loss":0,"cards_obtained":["Normality","Normality"]},{"damage_healed":0,"gold_gain":0,"player_choice":"Got Potions","damage_taken":0,"max_hp_gain":0,"max_hp_loss":0,"event_name":"Lab","floor":38,"gold_loss":0}],"is_beta":false,"boss_relics":[{"not_picked":["sneckomod:SneckoTalon","SlaversCollar"],"picked":"Ring of Chaos"},{"not_picked":["Runic Pyramid","expansioncontent:StudyCardRelic"],"picked":"ReplayTheSpireMod:DimensionalGlitch"}],"items_purged_floors":[27,39],"is_endless":false,"potions_floor_spawned":[6,10,14,16,21,22,29,30,35,36,45,46],"ascension_level":3}}