{"host":"w2kjv12xyhtt0cv2","time":1614176741,"event":{"mods":["10 clothes from DAL","100% Spire Juice","Act Like it!","BaseMod","Colored Map","Friendly Minions","Gensokyo","GifTheSpireLib","Highlight Path","Hubris","Library of Ruina","Minty Spire (QoL Compilation)","Quick Restart","Relic Stats","Reliquary","Replay The Spire","Ring Of Destiny","Robot Space Explorer","Shop Mod","Spicy Shops","StSLib","The Dragon Tamer","UnlockEverythingMod","Waifu the Spire","[IsaacMod]以撒尖塔","[功能]功能增强和修复MOD","【功能Mod】Neow奖励","【功能Mod】聪明的最终Boss","【遗物卡牌】REMEMod","没有小屋子和绿帽子啦"],"gold_per_floor":[112,204,4,4,4,34,121,154,207,239,253,285,343,343,343,343,343],"floor_reached":16,"language":"ZHS","playtime":554,"items_purged":["RingOfDestiny:Strike_SU"],"score":229,"play_id":"9412f6f9-58ac-43cd-bb8f-9a8ea9e4e0af","local_time":"20210224222541","is_ascension_mode":true,"campfire_choices":[{"data":"RingOfDestiny:Doomsday","floor":15,"key":"SMITH"}],"circlet_count":0,"master_deck":["RingOfDestiny:Defend_SU","RingOfDestiny:Defend_SU","RingOfDestiny:Defend_SU","RingOfDestiny:Strike_SU","RingOfDestiny:MaliciousBarrier","RingOfDestiny:DoomsdayStrike","RingOfDestiny:PowerOfGreed","RingOfDestiny:PowerOfEnvy","Moonworks:Gamble","RingOfDestiny:DoomsdayEcho","RingOfDestiny:Doomsday+1","RingOfDestiny:SummonOfDoomsday"],"relics":["REME_ComplimentaryCards","HushsDoor","PunchingBag","reliquary:ThirdArm","DALC_TWO","reliquary:NewFriend","Gremlin Food","RingOfDestiny:RingOfSoul","Quantum Egg","hubris:SphereOfDissonance","hubris:Towel"],"acts_visited":["Exordium"],"potions_floor_usage":[],"damage_taken":[{"damage":0.0,"enemies":"Small Slimes","floor":1.0,"turns":3.0},{"damage":2,"enemies":"Lagavulin","floor":6,"turns":4},{"damage":13,"enemies":"3 Sentries","floor":8,"turns":4},{"damage":0,"enemies":"Gremlin Nob","floor":10,"turns":1},{"damage":0,"enemies":"Cultist","floor":11,"turns":1},{"damage":5,"enemies":"Lagavulin","floor":12,"turns":4},{"damage":1498,"enemies":"Slime Boss","floor":16,"turns":2}],"seed_played":"-1115159532047005756","potions_obtained":[{"floor":6,"key":"SteroidPotion"},{"floor":12,"key":"LiquidBronze"},{"floor":13,"key":"SneckoOil"}],"is_trial":false,"path_per_floor":["M","?","$","?","$","E","?","E","T","E","M","E","?","?","R","B"],"character_chosen":"Summoner","items_purchased":["DALC_TWO"],"campfire_rested":0,"item_purchase_floors":[3],"current_hp_per_floor":[88,73,73,73,73,71,56,43,43,43,43,38,38,38,38,0,0],"gold":343,"neow_bonus":"BOSS_RELIC","is_daily":false,"chose_seed":false,"campfire_upgraded":1,"win_rate":0.0,"timestamp":1614176741,"path_taken":["M","?","$","?","$","E","?","E","T","E","M","E","?","?","R","BOSS"],"items_purchased_type":["Relic"],"build_version":"2020-12-22","purchased_purges":1,"victory":false,"max_hp_per_floor":[88,88,88,88,88,88,88,88,88,88,88,88,88,88,88,88,88],"relic_stats":{"counters":[7,19],"obtain_stats":[{"KeepersGift":0,"Gremlin Food":9,"PunchingBag":0,"Quantum Egg":12,"hubris:SphereOfDissonance":13,"hubris:Towel":14,"RingOfDestiny:DemonicContract":0,"reliquary:ThirdArm":0,"DALC_TWO":3,"RingOfDestiny:RingOfSoul":10,"reliquary:NewFriend":6,"HushsDoor":0,"REME_ComplimentaryCards":0},{"KeepersGift":0,"Gremlin Food":3,"PunchingBag":0,"Quantum Egg":6,"hubris:SphereOfDissonance":6,"hubris:Towel":6,"RingOfDestiny:DemonicContract":0,"reliquary:ThirdArm":0,"DALC_TWO":1,"RingOfDestiny:RingOfSoul":4,"reliquary:NewFriend":2,"HushsDoor":0,"REME_ComplimentaryCards":0},{"KeepersGift":0,"Gremlin Food":11,"PunchingBag":0,"Quantum Egg":17,"hubris:SphereOfDissonance":17,"hubris:Towel":17,"RingOfDestiny:DemonicContract":0,"reliquary:ThirdArm":0,"DALC_TWO":3,"RingOfDestiny:RingOfSoul":12,"reliquary:NewFriend":7,"HushsDoor":0,"REME_ComplimentaryCards":0}]},"card_choices":[{"not_picked":[],"picked":"ChaosCard","floor":0.0},{"not_picked":["RingOfDestiny:MaliciousRelease","RingOfDestiny:PowerOfGluttony","RingOfDestiny:MaliciousSuppress"],"picked":"SKIP","floor":1.0},{"not_picked":["RingOfDestiny:MaliciousRelease","RingOfDestiny:PowerOfGluttony","RingOfDestiny:MaliciousSuppress"],"picked":"SKIP","floor":1.0},{"not_picked":["RingOfDestiny:DoomsdayStrike","RingOfDestiny:DemonGovernor"],"picked":"RingOfDestiny:DoomsdayEcho","floor":6},{"not_picked":["RingOfDestiny:RingOfGreed","RingOfDestiny:GripOfMaster"],"picked":"RingOfDestiny:Doomsday","floor":8},{"not_picked":["RingOfDestiny:MaliciousBarrier","RingOfDestiny:FeastOfDoomsday","RingOfDestiny:SoulAccumulation"],"picked":"SKIP","floor":10},{"not_picked":["RingOfDestiny:Demonic","RingOfDestiny:FeastOfDoomsday","RingOfDestiny:SoulAccumulation"],"picked":"SKIP","floor":11},{"not_picked":["RingOfDestiny:LazyCloak","RingOfDestiny:MaliciousConversion"],"picked":"RingOfDestiny:SummonOfDoomsday","floor":12}],"player_experience":47087,"relics_obtained":[{"floor":6,"key":"reliquary:NewFriend"},{"floor":9,"key":"Gremlin Food"},{"floor":10,"key":"RingOfDestiny:RingOfSoul"},{"floor":12,"key":"Quantum Egg"},{"floor":13,"key":"hubris:SphereOfDissonance"}],"event_choices":[{"cards_removed":["RingOfDestiny:Strike_SU"],"damage_healed":0,"gold_gain":0,"player_choice":"Forget","damage_taken":0,"max_hp_gain":0,"max_hp_loss":0,"event_name":"Living Wall","floor":4,"gold_loss":0}],"is_beta":false,"boss_relics":[],"items_purged_floors":[3],"is_endless":false,"potions_floor_spawned":[6,12],"killed_by":"Slime Boss","ascension_level":3}}