{"host":"xsuxkwaivmtd234a","time":1614177864,"event":{"mods":["BaseMod","Bestiary","Colored Map","Minty Spire (QoL Compilation)","Relic Stats","StSLib"],"gold_per_floor":[119,131,145,161,161,161,195,195,195,224,235,247,247,266,266,266,266],"floor_reached":16,"language":"ENG","playtime":757,"items_purged":[],"score":171,"play_id":"d1e66695-d026-4bb5-90ec-0a350f5b2af4","local_time":"20210224094424","is_ascension_mode":true,"campfire_choices":[{"data":"Go for the Eyes","floor":6,"key":"SMITH"},{"floor":8,"key":"REST"},{"data":"Loop","floor":15,"key":"SMITH"}],"circlet_count":0,"master_deck":["AscendersBane","Strike_B","Strike_B","Strike_B","Defend_B","Defend_B","Defend_B","Defend_B","Zap","Dualcast","Go for the Eyes+1","Hologram","Turbo","Beam Cell","Doom and Gloom","Loop+1","Melter","White Noise"],"relics":["Philosopher\u0027s Stone","Nunchaku","Mango","Lantern"],"acts_visited":["Exordium"],"potions_floor_usage":[7,11,16],"damage_taken":[{"damage":3,"enemies":"Jaw Worm","floor":1,"turns":3},{"damage":0,"enemies":"Cultist","floor":2,"turns":4},{"damage":6,"enemies":"2 Louse","floor":3,"turns":2},{"damage":14,"enemies":"2 Fungi Beasts","floor":4,"turns":4},{"damage":17,"enemies":"3 Sentries","floor":7,"turns":6},{"damage":24,"enemies":"Lagavulin","floor":10,"turns":6},{"damage":8,"enemies":"Exordium Wildlife","floor":11,"turns":2},{"damage":8,"enemies":"Large Slime","floor":12,"turns":5},{"damage":0,"enemies":"2 Fungi Beasts","floor":14,"turns":3},{"damage":14,"enemies":"Hexaghost","floor":16,"turns":7}],"seed_played":"-3442967146749249694","potions_obtained":[{"floor":4,"key":"AttackPotion"},{"floor":10,"key":"LiquidMemories"},{"floor":12,"key":"Block Potion"}],"is_trial":false,"path_per_floor":["M","M","M","M","?","R","E","R","T","E","M","M","?","M","R","B"],"character_chosen":"DEFECT","items_purchased":[],"campfire_rested":1,"item_purchase_floors":[],"current_hp_per_floor":[65,65,59,45,45,45,28,50,50,40,32,24,12,12,12,0,0],"gold":266,"neow_bonus":"BOSS_RELIC","is_daily":false,"chose_seed":false,"campfire_upgraded":2,"win_rate":0.0,"timestamp":1614177864,"path_taken":["M","M","M","M","?","R","E","R","T","E","M","?","?","M","R","BOSS"],"items_purchased_type":[],"build_version":"2020-12-22","purchased_purges":0,"victory":false,"max_hp_per_floor":[75,75,75,75,75,75,75,75,75,89,89,89,89,89,89,89,89],"relic_stats":{"Nunchaku":[4],"counters":[10,42],"obtain_stats":[{"Nunchaku":7,"Lantern":13,"Philosopher\u0027s Stone":0,"Mango":10,"Cracked Core":0},{"Nunchaku":5,"Lantern":8,"Philosopher\u0027s Stone":0,"Mango":6,"Cracked Core":0},{"Nunchaku":19,"Lantern":32,"Philosopher\u0027s Stone":0,"Mango":25,"Cracked Core":0}]},"card_choices":[{"not_picked":["Barrage","Conserve Battery"],"picked":"Go for the Eyes","floor":1},{"not_picked":["Chaos","Stack"],"picked":"Hologram","floor":2},{"not_picked":["Stack","Force Field"],"picked":"Turbo","floor":3},{"not_picked":["Rebound","Go for the Eyes"],"picked":"Beam Cell","floor":4},{"not_picked":["Coolheaded","Reinforced Body"],"picked":"Loop","floor":7},{"not_picked":["Steam","Conserve Battery"],"picked":"Melter","floor":10},{"not_picked":["Blizzard","Hologram","Redo"],"picked":"SKIP","floor":11},{"not_picked":["Scrape","Streamline"],"picked":"White Noise","floor":12},{"not_picked":["Gash","Force Field","Aggregate"],"picked":"SKIP","floor":14}],"player_experience":1364031,"relics_obtained":[{"floor":7,"key":"Nunchaku"},{"floor":10,"key":"Mango"}],"event_choices":[{"damage_healed":0,"gold_gain":0,"cards_transformed":["Strike_B"],"player_choice":"Transformed","damage_taken":0,"max_hp_gain":0,"max_hp_loss":0,"event_name":"Transmorgrifier","floor":5,"gold_loss":0,"cards_obtained":["Doom and Gloom"]},{"damage_healed":0,"gold_gain":0,"player_choice":"Success","damage_taken":12,"relics_obtained":["Lantern"],"max_hp_gain":0,"max_hp_loss":0,"event_name":"Scrap Ooze","floor":13,"gold_loss":0}],"is_beta":false,"boss_relics":[],"items_purged_floors":[],"is_endless":false,"potions_floor_spawned":[4,10,12],"killed_by":"Hexaghost","ascension_level":10}}