{"host":"vrsxkkch9ccrec7k","time":1614211076,"event":{"mods":["Act Like it!","BaseMod","Bestiary","Better Altar","Better Match","Better Note","Better Sensory Stone","Better Skull","Better Third Choice","Better Vampires","Downfall","Minty Spire (QoL Compilation)","Permanent Neow","Relic Stats","Spicy Shops","StSLib"],"gold_per_floor":[99,114,133,151,169,169,169,169],"floor_reached":6,"language":"ENG","playtime":364,"items_purged":[],"score":55,"play_id":"162fd199-afe4-4c6e-895f-b49cb7af939e","local_time":"20210224185756","is_ascension_mode":true,"campfire_choices":[{"data":"sneckomod:SnekBite","floor":1,"key":"SMITH"}],"circlet_count":0,"master_deck":["sneckomod:Strike","sneckomod:Strike","sneckomod:Strike","sneckomod:Defend","sneckomod:Defend","sneckomod:Defend","sneckomod:TailWhip+1","sneckomod:SnekBite+1","sneckomod:Unknown","sneckomod:Unknown","sneckomod:IronFang","sneckomod:UnknownUncommonAttack","sneckomod:MorePower","sneckomod:QuickBite","sneckomod:UnknownUncommonAttack+1"],"relics":["sneckomod:SneckoSoul"],"acts_visited":[],"potions_floor_usage":[],"damage_taken":[{"damage":5,"enemies":"Small Slimes","floor":2,"turns":3},{"damage":7,"enemies":"Jaw Worm","floor":3,"turns":4},{"damage":0,"enemies":"2 Louse","floor":4,"turns":2},{"damage":25,"enemies":"Lots of Slimes","floor":5,"turns":7},{"damage":0,"enemies":"Lagavulin","floor":6,"turns":1}],"seed_played":"5197526553687661817","potions_obtained":[],"is_trial":false,"path_per_floor":["R","M","M","M","M","E"],"character_chosen":"THE_SNECKO","items_purchased":[],"campfire_rested":0,"item_purchase_floors":[],"current_hp_per_floor":[81,76,69,69,44,44,44,44],"gold":169,"neow_bonus":"UPGRADE_CARD","is_daily":false,"chose_seed":false,"campfire_upgraded":1,"win_rate":0.0,"timestamp":1614211076,"path_taken":["R","M","M","M","M","E"],"items_purchased_type":[],"build_version":"2020-12-22","purchased_purges":0,"victory":false,"max_hp_per_floor":[90,90,90,90,90,90,90,90],"relic_stats":{"counters":[5,17],"obtain_stats":[{"sneckomod:SneckoSoul":0},{"sneckomod:SneckoSoul":0},{"sneckomod:SneckoSoul":0}]},"card_choices":[{"not_picked":["sneckomod:UnknownBlock","sneckomod:WideSting"],"picked":"sneckomod:IronFang","floor":2},{"not_picked":["sneckomod:Unknown1Cost","sneckomod:Nope"],"picked":"sneckomod:UnknownUncommonAttack","floor":3},{"not_picked":["sneckomod:SnekBeam","sneckomod:ImprovisedAttack"],"picked":"sneckomod:MorePower","floor":4},{"not_picked":["sneckomod:SnekBeam","sneckomod:IronFang"],"picked":"sneckomod:QuickBite","floor":5},{"not_picked":["sneckomod:UnknownUncommonSkill+1","sneckomod:UnknownCommonSkill+1"],"picked":"sneckomod:UnknownUncommonAttack+1","floor":5}],"player_experience":2022616,"relics_obtained":[],"event_choices":[],"is_beta":false,"boss_relics":[],"items_purged_floors":[],"is_endless":false,"potions_floor_spawned":[],"killed_by":"Lagavulin","ascension_level":9}}