{"host":"5dhwd44u3dydylwe","time":1614134390,"event":{"mods":["AchievementEnabler","BaseMod","BetterRewards","Dota2Spire","Duelist Mod","GifTheSpireLib","Hubris","Minty Spire (QoL Compilation)","Shop Mod","StSLib","Wandering Minibosses"],"gold_per_floor":[141,141,159,200,214,246,246,171,171,171,185,197,213,239,389,414,414,488,488,488,566,566,581,592,604,188,188,475,508,165,165,165,165,165,190,190,190,206,206,281,281,281,357,357,376,92,109,134,146,146,172,172,185,208,221,221,241,274,327,355,355,355,355,355,355,355,13,42,42],"floor_reached":70,"language":"ENG","playtime":4643,"items_purged":["theDuelist:Sparks","theDuelist:Sparks","theDuelist:CastleWalls","theDuelist:ArchfiendSoldier","Doubt","theDuelist:Yoko","theDuelist:DummyGolem"],"score":5817,"play_id":"1898ddea-106d-4ad5-a7c7-da8af34f3404","local_time":"20210224103950","is_ascension_mode":true,"campfire_choices":[{"data":"theDuelist:BrilliantFusion","floor":7,"key":"SMITH"},{"data":"theDuelist:FireReaper","floor":10,"key":"SMITH"},{"data":"theDuelist:FireReaper+1","floor":17,"key":"SMITH"},{"data":"theDuelist:FireReaper+2","floor":20,"key":"SMITH"},{"data":"theDuelist:CrimsonKnightVampire","floor":31,"key":"SMITH"},{"data":"theDuelist:FireReaper+3","floor":34,"key":"SMITH"},{"data":"theDuelist:GiantAxeMummy","floor":36,"key":"SMITH"},{"data":"theDuelist:VampireVamp","floor":39,"key":"SMITH"},{"data":"theDuelist:Wildfire","floor":42,"key":"SMITH"},{"data":"theDuelist:Wildfire+1","floor":52,"key":"SMITH"},{"floor":56,"key":"RECALL"},{"data":"theDuelist:Wildfire+2","floor":61,"key":"SMITH"},{"data":"theDuelist:Wildfire+3","floor":62,"key":"SMITH"},{"data":"theDuelist:AcidTrapHole","floor":66,"key":"SMITH"}],"circlet_count":0,"master_deck":["Apotheosis+1","AscendersBane","theDuelist:CastleWalls","theDuelist:ClownZombie","theDuelist:PatricianDarkness","theDuelist:ShallowGrave","theDuelist:Polymerization+1","theDuelist:BrilliantFusion+1","theDuelist:GiantAxeMummy+1","theDuelist:Mispolymerization+1","theDuelist:FireReaper+4","theDuelist:GhostrickYeti","theDuelist:CallGrave","theDuelist:VendreadNightmare","theDuelist:CrimsonKnightVampire+1","theDuelist:VampireVamp+1","theDuelist:Wildfire+4","theDuelist:CallGrave","CurseOfTheBell","theDuelist:VampireDomination","theDuelist:Raigeki+1","theDuelist:AcidTrapHole+1","theDuelist:Kuribohrn","theDuelist:YukiMusume+1","theDuelist:YukiOnnaIce+1"],"relics":["theDuelist:MillenniumPuzzle","theDuelist:CardPoolRelic","theDuelist:CardPoolBasicRelic","theDuelist:BoosterPackPoolRelic","theDuelist:CardPoolAddRelic","theDuelist:CardPoolMinusRelic","theDuelist:CardPoolSaveRelic","theDuelist:CardPoolOptionsRelic","Meat on the Bone","Sundial","Bag of Preparation","theDuelist:MillenniumStone","Happy Flower","theDuelist:ElectricToken","Eternal Feather","Dota2Spire:PowerTreads","Potion Belt","Dota2Spire:AghanimScepter","Dota2Spire:Satanic","Bag of Marbles","Strawberry","Dota2Spire:MaskOfMadness","Snecko Eye","Dota2Spire:RefresherOrb","Membership Card","Dota2Spire:ArcaneBoots","War Paint","Charon\u0027s Ashes","Dota2Spire:OctarineCore","Lee\u0027s Waffle","Boot","Dota2Spire:BladeMail","hubris:TenFootPole","Toy Ornithopter","hubris:ScarierMask","Calling Bell","Dota2Spire:ShadowBlade","theDuelist:MonsterEggRelic","Turnip","Dota2Spire:Mjollnir","Thread and Needle","Dota2Spire:EchoSabre","Ornamental Fan","Du-Vu Doll","Dota2Spire:OrchidMalevolence","Dota2Spire:AssaultCuirass","TwistedFunnel","hubris:DisguiseKit"],"acts_visited":["Exordium","TheCity","TheBeyond","TheEnding"],"potions_floor_usage":[69,69,69,69],"damage_taken":[{"damage":0,"enemies":"Cultist","floor":1,"turns":2},{"damage":2,"enemies":"Jaw Worm","floor":3,"turns":2},{"damage":8,"enemies":"Small Slimes","floor":4,"turns":5},{"damage":6,"enemies":"Looter","floor":5,"turns":3},{"damage":5,"enemies":"Lagavulin","floor":6,"turns":3},{"damage":0,"enemies":"3 Louse","floor":11,"turns":4},{"damage":0,"enemies":"Red Slaver","floor":12,"turns":1},{"damage":1,"enemies":"2 Fungi Beasts","floor":13,"turns":6},{"damage":0,"enemies":"Gremlin Nob","floor":14,"turns":2},{"damage":36,"enemies":"Lagavulin","floor":16,"turns":5},{"damage":10,"enemies":"Slime Boss","floor":18,"turns":6},{"damage":5,"enemies":"Slime Boss","floor":21,"turns":2},{"damage":9,"enemies":"2 Thieves","floor":23,"turns":3},{"damage":25,"enemies":"Shell Parasite","floor":24,"turns":5},{"damage":0,"enemies":"Centurion and Healer","floor":25,"turns":2},{"damage":18,"enemies":"3 Cultists","floor":28,"turns":7},{"damage":0,"enemies":"theDuelist:KaibaA2","floor":29,"turns":2},{"damage":5,"enemies":"Gremlin Leader","floor":35,"turns":2},{"damage":0,"enemies":"Snake Plant","floor":38,"turns":1},{"damage":0,"enemies":"Automaton","floor":40,"turns":4},{"damage":5,"enemies":"Automaton","floor":43,"turns":3},{"damage":0,"enemies":"Orb Walker","floor":45,"turns":1},{"damage":0,"enemies":"3 Darklings","floor":47,"turns":1},{"damage":0,"enemies":"Mind Bloom Boss Battle","floor":48,"turns":1},{"damage":0,"enemies":"Sphere and 2 Shapes","floor":49,"turns":1},{"damage":0,"enemies":"Giant Head","floor":51,"turns":3},{"damage":0,"enemies":"Transient","floor":53,"turns":6},{"damage":0,"enemies":"Writhing Mass","floor":55,"turns":1},{"damage":32,"enemies":"4 Shapes","floor":57,"turns":2},{"damage":0,"enemies":"Reptomancer","floor":58,"turns":1},{"damage":2,"enemies":"2 Orb Walkers","floor":59,"turns":2},{"damage":0,"enemies":"Nemesis","floor":60,"turns":4},{"damage":0,"enemies":"Time Eater","floor":63,"turns":2},{"damage":0,"enemies":"Awakened One","floor":64,"turns":4},{"damage":0,"enemies":"Shield and Spear","floor":68,"turns":1},{"damage":5,"enemies":"The Heart","floor":69,"turns":5}],"seed_played":"1159699103141377429","potions_obtained":[{"floor":3,"key":"theDuelist:VoidBottle"},{"floor":6,"key":"theDuelist:BottledKuriboh"},{"floor":47,"key":"GhostInAJar"},{"floor":57,"key":"theDuelist:BarricadePotion"},{"floor":68,"key":"theDuelist:BottledKuriboh"}],"is_trial":false,"path_per_floor":["M","?","M","M","M","E","R","?","T","R","M","M","M","E","?","E","R","B",null,"R","B",null,"M","M","M","$","?","M","E","$","R","T","T","R","E","R","?","M","R","B",null,"R","B",null,"M","$","M","?","M","?","E","R","M","T","M","R","M","E","?","E","R","R","B","B",null,"R","$","E","B",null],"character_chosen":"THE_DUELIST","items_purchased":["Meat on the Bone","theDuelist:Polymerization","Sundial","Apotheosis","Bag of Preparation","theDuelist:MillenniumStone","Happy Flower","theDuelist:ElectricToken","theDuelist:BrilliantFusion","Eternal Feather","theDuelist:GiantAxeMummy","Dota2Spire:PowerTreads","Potion Belt","Dota2Spire:AghanimScepter","Dota2Spire:Satanic","theDuelist:Mispolymerization","theDuelist:SealedPack","FearPotion","Membership Card","Dota2Spire:ArcaneBoots","War Paint","Dota2Spire:OctarineCore","Lee\u0027s Waffle","Dota2Spire:Mjollnir","Dota2Spire:AssaultCuirass","TwistedFunnel","CultistPotion","theDuelist:IcePotion"],"campfire_rested":0,"item_purchase_floors":[0,0,0,0,0,0,0,0,0,0,0,0,0,0,0,0,0,0,26,26,26,30,30,46,67,67,67,67],"current_hp_per_floor":[33,33,43,35,41,54,60,60,60,66,66,66,65,72,72,48,57,47,47,56,51,68,59,46,46,46,46,40,40,81,81,81,81,81,76,81,81,81,81,81,81,81,76,80,80,80,80,80,80,80,80,81,81,81,81,81,49,49,47,47,59,71,71,71,79,81,81,81,81],"gold":42,"neow_bonus":"","is_daily":false,"chose_seed":false,"campfire_upgraded":13,"win_rate":0.0,"timestamp":1614134390,"path_taken":["M","?","M","M","M","E","R","?","T","R","M","M","M","E","?","E","R","BOSS","R","BOSS","M","M","M","$","?","M","E","$","R","T","T","R","E","R","?","?","R","BOSS","R","BOSS","M","$","M","?","M","?","E","R","M","T","M","R","M","E","?","E","R","R","BOSS","BOSS","R","$","E","BOSS"],"items_purchased_type":["Relic","Card","Relic","Card","Relic","Relic","Relic","Card","Card","Relic","Card","Relic","Relic","Relic","Relic","Card","Potion","Potion","Relic","Relic","Relic","Relic","Relic","Relic","Relic","Relic","Potion","Potion"],"build_version":"2020-12-22","purchased_purges":7,"victory":true,"max_hp_per_floor":[67,67,67,67,67,67,67,67,67,67,67,67,67,74,74,74,74,74,74,74,74,74,74,74,74,74,74,74,74,81,81,81,81,81,81,81,81,81,81,81,81,81,81,81,81,81,81,81,81,81,81,81,81,81,81,81,81,81,81,81,81,81,81,81,81,81,81,81,81],"card_choices":[{"not_picked":["theDuelist:SummonedSkull","theDuelist:DoubleCoston","theDuelist:VampireSucker","theDuelist:VendreadNights"],"picked":"theDuelist:Yoko","floor":1},{"not_picked":["theDuelist:GhostrickJackfrost","theDuelist:VampireDesire","theDuelist:GhostrickAlucard","theDuelist:GoblinZombie","theDuelist:DoomcaliberKnight"],"picked":"SKIP","floor":3},{"not_picked":["theDuelist:VampireLady","theDuelist:VampireBaby","theDuelist:Mezuki","theDuelist:PhantomGhost"],"picked":"theDuelist:FireReaper","floor":4},{"not_picked":["theDuelist:LightningDarts","theDuelist:Mudora","theDuelist:RainbowOverdragon","theDuelist:WingedKuriboh","theDuelist:WormWarlord"],"picked":"SKIP","floor":5},{"not_picked":["theDuelist:WingedKuriboh","theDuelist:BigEye","theDuelist:BattleguardKing","theDuelist:PotDichotomy","theDuelist:SphereKuriboh"],"picked":"SKIP","floor":6},{"not_picked":["theDuelist:GraniteLoyalist","theDuelist:MillenniumGolem","theDuelist:MudragonSwamp","theDuelist:AttackTheMoon","theDuelist:Mudora"],"picked":"SKIP","floor":11},{"not_picked":["theDuelist:BattleOx","theDuelist:BattleguardKing","theDuelist:WingedKuriboh","theDuelist:DarklordSuperbia","theDuelist:RainbowOverdragon"],"picked":"SKIP","floor":12},{"not_picked":["theDuelist:BattleOx","theDuelist:GilfordLegend","theDuelist:Sangan","theDuelist:WingedKuriboh","theDuelist:ForbiddenLance"],"picked":"SKIP","floor":13},{"not_picked":["theDuelist:DarklordMarie","theDuelist:Mezuki","theDuelist:FireReaper","theDuelist:BattleFusion","theDuelist:Tengu"],"picked":"SKIP","floor":14},{"not_picked":["theDuelist:DarklordMarie","theDuelist:VampireSorcerer","theDuelist:FusionTag","theDuelist:AntiFusionDevice"],"picked":"theDuelist:GhostrickYeti","floor":16},{"not_picked":["theDuelist:Tierra","theDuelist:InstantFusion","theDuelist:FusionGuard","theDuelist:DecayedCommander"],"picked":"theDuelist:CallGrave","floor":18},{"not_picked":["theDuelist:FeatherShot","theDuelist:PutridPudding","theDuelist:ArchfiendCommander","theDuelist:CallGrave"],"picked":"theDuelist:VendreadNightmare","floor":21},{"not_picked":["theDuelist:FusionWeapon","theDuelist:PrematureBurial","theDuelist:GhostrickAlucard","theDuelist:VampireDomain","theDuelist:VampireGenesis"],"picked":"SKIP","floor":23},{"not_picked":["theDuelist:VampireHunter","theDuelist:VendreadBattlelord","theDuelist:RevendreadSlayer+1","theDuelist:GhostrickSkeleton","theDuelist:GhostrickGhoul"],"picked":"SKIP","floor":24},{"not_picked":["theDuelist:FossilSkullknight+1","theDuelist:EarthquakeGiant","theDuelist:LabyrinthWall","theDuelist:RainbowOverdragon"],"picked":"theDuelist:DummyGolem","floor":25},{"not_picked":["theDuelist:ShadowVampire","theDuelist:VendreadBattlelord","theDuelist:RevendreadExecutor","theDuelist:GhostrickJiangshi+1","theDuelist:GhostrickAlucard"],"picked":"SKIP","floor":28},{"not_picked":["theDuelist:VendreadCore","theDuelist:RevendreadExecutor","theDuelist:GhostrickWarwolf","theDuelist:GhostrickMummy+1"],"picked":"theDuelist:CrimsonKnightVampire","floor":29},{"not_picked":["theDuelist:VampireHunter+1","theDuelist:VampireDragon","theDuelist:GhostrickYeti","theDuelist:GhostrickSkeleton","theDuelist:Dakki"],"picked":"SKIP","floor":35},{"not_picked":["theDuelist:VendreadStriges","theDuelist:VendreadAnima","theDuelist:GhostrickYeti","theDuelist:GhostrickStein+1"],"picked":"theDuelist:VampireVamp","floor":38},{"not_picked":["theDuelist:ArchfiendCommander","theDuelist:DarkMasterZorc+1","theDuelist:VendreadStriges","theDuelist:OverpoweringEye"],"picked":"theDuelist:Wildfire","floor":40},{"not_picked":["theDuelist:ZombieMaster","theDuelist:FusionGuard+1","theDuelist:DecayedCommander","theDuelist:BookLife"],"picked":"theDuelist:CallGrave","floor":43},{"not_picked":["theDuelist:BottomlessTrapHole","theDuelist:FiendishChain","theDuelist:HauntedShrine+1","theDuelist:AntiFusionDevice"],"picked":"theDuelist:VampireDomination","floor":45},{"not_picked":["theDuelist:BattleOx+1","theDuelist:GraniteLoyalist","theDuelist:Sangan","theDuelist:DarklordSuperbia"],"picked":"theDuelist:Raigeki+1","floor":47},{"not_picked":["theDuelist:GhostrickYeti+1","theDuelist:GhostrickMummy","theDuelist:Gernia","theDuelist:CrimsonKnightVampire"],"picked":"theDuelist:AcidTrapHole","floor":49},{"not_picked":["theDuelist:PutridPudding","theDuelist:DarkMasterZorc+1","theDuelist:VendreadStriges","theDuelist:VendreadDaybreak","theDuelist:BookEclipse"],"picked":"SKIP","floor":51},{"not_picked":["theDuelist:ArchfiendHeiress","theDuelist:UltraPolymerization","theDuelist:SpiritPharaoh","theDuelist:VampireHunter","theDuelist:BookEclipse"],"picked":"SKIP","floor":53},{"not_picked":["theDuelist:ArchfiendSoldier","theDuelist:AmbitiousGofer","theDuelist:WightLady","theDuelist:VampireLady+1","theDuelist:RegenMummy"],"picked":"SKIP","floor":55},{"not_picked":["theDuelist:GauntletWarrior","theDuelist:GraniteLoyalist","theDuelist:HeavyStorm","theDuelist:ReleaseFromStone"],"picked":"theDuelist:Kuribohrn","floor":57},{"not_picked":["theDuelist:VampireRedBaron+1","theDuelist:Bonecrusher+1"],"picked":"theDuelist:YukiMusume+1","floor":58},{"not_picked":["theDuelist:GiantOrc","theDuelist:FireReaper","theDuelist:GarbageLord+1","theDuelist:BeastTalwar","theDuelist:Chewbone+1"],"picked":"SKIP","floor":60},{"not_picked":["theDuelist:GarbageLord+1","theDuelist:Zombyra+1","theDuelist:PainPainter+1","theDuelist:WightLady+1"],"picked":"theDuelist:YukiOnnaIce+1","floor":68}],"player_experience":311452,"relics_obtained":[{"floor":6,"key":"Bag of Marbles"},{"floor":14,"key":"Strawberry"},{"floor":16,"key":"Dota2Spire:MaskOfMadness"},{"floor":29,"key":"Charon\u0027s Ashes"},{"floor":32,"key":"Boot"},{"floor":33,"key":"Dota2Spire:BladeMail"},{"floor":35,"key":"hubris:TenFootPole"},{"floor":44,"key":"Dota2Spire:ShadowBlade"},{"floor":44,"key":"theDuelist:MonsterEggRelic"},{"floor":44,"key":"Turnip"},{"floor":48,"key":"Thread and Needle"},{"floor":54,"key":"Dota2Spire:EchoSabre"},{"floor":58,"key":"Ornamental Fan"},{"floor":59,"key":"Du-Vu Doll"},{"floor":60,"key":"Dota2Spire:OrchidMalevolence"},{"floor":68,"key":"hubris:DisguiseKit"}],"event_choices":[{"damage_healed":0,"gold_gain":0,"player_choice":"Leave","duelist":true,"damage_taken":0,"max_hp_gain":0,"max_hp_loss":0,"event_name":"Tomb of the Nameless","floor":2,"gold_loss":0},{"cards_removed":["theDuelist:SummonedSkull"],"damage_healed":0,"gold_gain":0,"player_choice":"Card Removal","damage_taken":0,"max_hp_gain":0,"max_hp_loss":0,"event_name":"The Cleric","floor":8,"gold_loss":75},{"damage_healed":0,"gold_gain":150,"player_choice":"AGREE","damage_taken":0,"max_hp_gain":0,"max_hp_loss":0,"event_name":"Liars Game","floor":15,"gold_loss":0,"cards_obtained":["Doubt"]},{"damage_healed":0,"gold_gain":0,"player_choice":"Leave","duelist":true,"damage_taken":0,"max_hp_gain":0,"max_hp_loss":0,"event_name":"Relic Duplicator","floor":27,"gold_loss":0},{"damage_healed":0,"gold_gain":0,"player_choice":"Gave Potion","damage_taken":0,"relics_obtained":["Toy Ornithopter"],"max_hp_gain":0,"max_hp_loss":0,"event_name":"WeMeetAgain","floor":37,"gold_loss":0},{"damage_healed":0,"gold_gain":0,"player_choice":"Fight","damage_taken":0,"max_hp_gain":0,"max_hp_loss":0,"event_name":"MindBloom","floor":48,"gold_loss":0},{"cards_removed":["theDuelist:ArmoredZombie"],"damage_healed":0,"gold_gain":0,"player_choice":"Removed Skill","damage_taken":0,"max_hp_gain":0,"max_hp_loss":0,"event_name":"Falling","floor":50,"gold_loss":0},{"damage_healed":0,"gold_gain":0,"player_choice":"Fight","damage_taken":0,"max_hp_gain":0,"max_hp_loss":0,"event_name":"Mysterious Sphere","floor":59,"gold_loss":0}],"is_beta":false,"boss_relics":[{"not_picked":["SacredBark","hubris:Backtick"],"picked":"Snecko Eye"},{"not_picked":["Tiny House","Mark of Pain"],"picked":"Dota2Spire:RefresherOrb"},{"not_picked":["theDuelist:MillenniumKey","hubris:HollowSoul"],"picked":"hubris:ScarierMask"},{"not_picked":["Cursed Key","theDuelist:ElectricKey"],"picked":"Calling Bell"}],"items_purged_floors":[0,0,0,0,26,30,46],"is_endless":false,"potions_floor_spawned":[3,5,6,11,13,18,23,24,25,35,47,55,57,58,68],"ascension_level":20}}