{"host":"2qpilcmj89x3pncz","time":1614133773,"event":{"mods":["100% Spire Juice","2.2 Compatiblity","Act Like it!","Aspiration","BaseMod","BetterRewards","Colored Map","Colored Powertips","Conjunction","Conspire","Dota2Spire","Duelist Mod","Evolution","GifTheSpireLib","Grow up Mod","Halation","Hubris","Infinite Spire","Jedi Mod","Library of Ruina","Library of Ruina Extra","Mimic Mod","Minty Spire (QoL Compilation)","Poem Panic","Quarter Circle Forward PUNCH!","Quick Restart","Replay The Spire","Ruina","Shop Mod","Spicy Shops","Spikes Relics","StSLib","Strawberry Spire","Stuff the Spire","SuperFastMode","The Poker Player","The Servant 0.9.4","Wandering Minibosses"],"gold_per_floor":[120,131,147,36,36,136,162,172,242,223,292,303,303,151,151,250,250,267,267,267,285,285,285,298,329,353,381,399,399,399,412,412,512,512,529,540,558,558,558,558,558,558,558,578,611,636,651,651,682,694,694,694,694],"floor_reached":54,"language":"ENG","playtime":2520,"items_purged":["LightDefense"],"score":793,"play_id":"421d7953-3ed2-4c4e-93bd-d20f0d5ad110","local_time":"20210224022933","is_ascension_mode":true,"campfire_choices":[{"data":"ReplayTheSpireMod:Brewmster","floor":13,"key":"SMITH"},{"data":"SilentMist","floor":15,"key":"SMITH"},{"floor":23,"key":"RECALL"},{"data":"AGoldenOpportunity","floor":30,"key":"SMITH"},{"data":"FrontalAssault","floor":32,"key":"SMITH"},{"data":"ruina:Thirst","floor":42,"key":"SMITH"},{"data":"Reload","floor":48,"key":"SMITH"},{"data":"SilentMist","floor":51,"key":"SMITH"}],"circlet_count":0,"master_deck":["ReplayTheSpireMod:Brewmster+1","FleetFootsteps+1","BurningFlash+1","TendonChords+1","SilentMist+1","CrackOfDawn+1","AGoldenOpportunity+1","Doubt","Rampage_lor+1","DarkCloud+1","LightDefense+1","LightAttack","LightAttack","LightDefense","ChargeAndCover","FocusedStrikes","AsThePrescriptOrders","SnakesPrey","SilentMist+1","Parry2+1","Parry2+1","Overpower","MindPrepared","DirtyBlow","Reload+1","QuickSuppression","SummaryJudgment","ruina:Thirst+1","RulesOfTheBackstreets","FrontalAssault+1","RepressedFlesh","QuickSuppression+1","Unlock1+1","QuickSuppression","GuardingStance+1","Quickness+1"],"relics":["PageOfLibrarian","EVO:Axolotl","PageOfTheQueenOfHatred","PageOfBigBird","strawberrySpire:GlyphStone","PageOfTheKnightOfDespair","PageOfGreed","PageOfWrath","wanderingMiniBosses:CarrionFlame","PageOfNihil","PageOfSpiderBud","hubris:TerracottaHorce","hubris:Reverence","infinitespire:Lychee Nut","infinitespire:ShieldingShard","theDuelist:MillenniumKey","qcfpunch:Dark_Gi","PageOfPinocchio","halation:PinkSoulGem","PageOfLaetitia","StuffTheSpire:Tea","Replay:Bottled Eggs"],"acts_visited":["Exordium","ruina:Briah","TheBeyond"],"potions_floor_usage":[1,7,7,8,10,12,12,12,12,12,12,16,21,24,31,31,33,44,44,45,47,47,52,52,52,53,53,53,53],"damage_taken":[{"damage":12,"enemies":"Cultist","floor":1,"turns":7},{"damage":5,"enemies":"Small Slimes","floor":2,"turns":6},{"damage":0,"enemies":"2 Louse","floor":3,"turns":3},{"damage":21,"enemies":"Lagavulin","floor":7,"turns":8},{"damage":13,"enemies":"Large Slime","floor":8,"turns":7},{"damage":2,"enemies":"Exordium Thugs","floor":10,"turns":5},{"damage":112,"enemies":"Exordium Wildlife","floor":12,"turns":11},{"damage":2,"enemies":"Fading Forest","floor":16,"turns":11},{"damage":0,"enemies":"ruina:BadWolf","floor":18,"turns":4},{"damage":4,"enemies":"ruina:3_Bats","floor":21,"turns":4},{"damage":0,"enemies":"ruina:KingOfGreed","floor":24,"turns":4},{"damage":15,"enemies":"ruina:RoadHome","floor":25,"turns":4},{"damage":6,"enemies":"ruina:Mountain","floor":27,"turns":5},{"damage":0,"enemies":"ruina:Woodsman","floor":28,"turns":3},{"damage":13,"enemies":"ruina:QueenOfHate","floor":31,"turns":9},{"damage":0,"enemies":"ruina:Ozma","floor":33,"turns":6},{"damage":12,"enemies":"3 Darklings","floor":35,"turns":3},{"damage":0,"enemies":"3 Shapes","floor":36,"turns":2},{"damage":0,"enemies":"Transient","floor":37,"turns":5},{"damage":0,"enemies":"Maw","floor":44,"turns":4},{"damage":0,"enemies":"3 Darklings","floor":45,"turns":4},{"damage":0,"enemies":"Nemesis","floor":46,"turns":3},{"damage":0,"enemies":"3 Darklings","floor":47,"turns":2},{"damage":0,"enemies":"Giant Head","floor":49,"turns":3},{"damage":0,"enemies":"Spire Growth","floor":50,"turns":3},{"damage":0,"enemies":"Replay:Hell Engine","floor":52,"turns":4}],"seed_played":"4563924564154954858","potions_obtained":[{"floor":7,"key":"Adrenaline Potion"},{"floor":10,"key":"EssenceOfSteel"},{"floor":12,"key":"Strength Potion"},{"floor":28,"key":"Venom Potion"}],"is_trial":false,"path_per_floor":["M","M","M","$","?","?","E","M","T","M","T","M","R","$","R","B",null,"M","?","?","M","?","R","M","E","T","E","M","?","R","M","R","B",null,"M","M","M","T","PTL","PTL","?","R","?","M","MIM","E","M","R","E","M","R","B",null,null],"character_chosen":"Librarian","items_purchased":["PageOfTheQueenOfHatred","AsThePrescriptOrders","SnakesPrey","SilentMist","Parry2","ReplayTheSpireMod:Brewmster","PageOfBigBird","FleetFootsteps+1","strawberrySpire:GlyphStone","SilentMist","PageOfSpiderBud"],"campfire_rested":0,"item_purchase_floors":[0,0,0,0,0,0,0,0,0,4,14],"current_hp_per_floor":[73,87,102,112,122,132,132,142,152,167,177,108,118,128,138,175,232,247,257,267,279,289,299,318,248,258,277,288,226,236,240,250,265,183,185,203,213,223,233,243,253,263,273,283,293,303,313,323,342,352,362,372,382],"gold":694,"neow_bonus":"","is_daily":false,"chose_seed":false,"campfire_upgraded":7,"win_rate":0.0,"timestamp":1614133773,"path_taken":["M","?","M","?","?","?","E","M","T","?","?","M","R","$","R","BOSS","M","?","?","M","?","R","M","E","T","E","M","?","R","M","R","BOSS","M","M","?","?","PTL","PTL","?","R","?","M","MIM","E","M","R","E","?","R","BOSS"],"items_purchased_type":["Relic","Card","Card","Card","Card","Card","Relic","Card","Relic","Card","Relic"],"build_version":"2020-12-22","purchased_purges":1,"victory":true,"max_hp_per_floor":[82,92,102,112,122,132,142,158,168,178,188,198,208,218,228,238,248,258,268,278,288,298,308,318,258,268,278,288,226,236,246,256,265,183,193,203,213,223,233,243,253,263,273,283,293,303,322,332,342,352,362,372,382],"card_choices":[{"not_picked":["WillOfThePrescript","Rewind","SuppressingShot","BackAttack","WrathOfTorment","HandleRequest","ClassAndRespect","EnergyShield"],"picked":"Overpower","floor":1},{"not_picked":["CombatPreparation","PinpointShot","BiAn","UndertakePrescript","ToWhereThePrescriptPoints","FlashOfSunup","SavageMode","TheRedNotes"],"picked":"MindPrepared","floor":2},{"not_picked":["UnavoidableGaze","HandleRequest","CombatPreparation","Juggling","Parry2","HighKick","WillOfThePrescript","ForTheFamily"],"picked":"DirtyBlow","floor":3},{"not_picked":["VioletBlade","EnergyShield","FleetFootsteps","MultiHit","BackAttack","Riposte","DefenseOrder","UpbeatPerformance"],"picked":"Reload","floor":7},{"not_picked":["Pound","DestructiveImpact","LoosenUp","GuidanceOfTheGears","MultiHit","AutomatedMovement","Diversion","WillOfThePrescript","WillBeTasty"],"picked":"SKIP","floor":8},{"not_picked":["HeavyPeaks","YouOnlyLiveOnce","CookingPrep","SuppressingShot","HiddenBlade","BiAn","SpearedSweep","Outburst"],"picked":"QuickSuppression","floor":10},{"not_picked":["NightInTheBackstreets","OpportunitySpotted","Parry","GuidanceOfTheGears","RatsGuideToSurvival","HandlingWork","DesperateStruggle","StrongStrike"],"picked":"SummaryJudgment","floor":12},{"not_picked":["Tttonst","Eradication"],"picked":"CrackOfDawn","floor":16},{"not_picked":["EnergyCycle","SnakeSlit","SearingSword","GuardingStance","Punishment","UncannyStrike","ChiWen","SerpentSwordTechnique"],"picked":"AGoldenOpportunity","floor":18},{"not_picked":["PreparedMind+1","TendonChords","FleetFootsteps","GuardingStance","FlashOfSunup","SilentNight","HiddenBlade","ToOvercomeCrisis"],"picked":"RulesOfTheBackstreets","floor":21},{"not_picked":["PreemptiveStrike","UncannyStrike+1","Standoff","SinglePointStab","GrazeTheGrass","StrongStrike","BackAttack","SenseQuarry"],"picked":"FrontalAssault","floor":24},{"not_picked":["UpbeatPerformance","CookingPrep+1","WillOfThePrescript+1","Track","UnavoidableGaze","SummaryJudgment","DevastatingThrash+1","Pound+1"],"picked":"Rampage_lor+1","floor":25},{"not_picked":["SuppressingShot","SmokingPipe+1","GreatSerpentsImpact","MindCrush","MultiBlock","EnergyStrike","Preparation","Thrust"],"picked":"DarkCloud+1","floor":27},{"not_picked":["Rewind","NightInTheBackstreets","Preparation","StayCalm+1","WillOfThePrescript","PinpointShot","Observe","RatsGuideToSurvival","SkitterAway"],"picked":"SKIP","floor":28},{"not_picked":["LawAndOrder","GuidanceOfTheGears+1","Quickness","TimeForALittleTest","Pound","OpportunitySpotted","Reload+1","BladeWhirl+1","SuanNi"],"picked":"SKIP","floor":31},{"not_picked":["Observe","LeRegole"],"picked":"RepressedFlesh","floor":33},{"not_picked":["FlashingStrike+1","InkOver","Ripple","Standoff","DevastatingThrash","FleshFillet","SnakesPrey","GreatSerpentsImpact","UpbeatPerformance"],"picked":"SKIP","floor":35},{"not_picked":["HandlingWork+1","RepressedFlesh","StrongStrike","Thirst","InkOver+1","StrikeDown","PreemptiveStrike+1","Unlock1"],"picked":"QuickSuppression+1","floor":36},{"not_picked":["NonstopAssault","FrontalAssault+1","Crush+1","CoordinatedAssault","HiddenBlade+1","TimeForALittleTest","Parry","DirtyBlow+1","SuanNi"],"picked":"SKIP","floor":37},{"not_picked":["MindWhip+1","CutIn+1","SteelKnuckles","EnergyShield","GreatSerpentsImpact","Pound","HiddenBlade+1","Standoff","FleetEdge+1"],"picked":"SKIP","floor":44},{"not_picked":["InhaleSmoke","MultiBlock","HighSpeedStabbing+1","GuardingStance","EnergyShield","PreemptiveStrike","BiAn","Reload+1"],"picked":"Unlock1+1","floor":45},{"not_picked":["RipSpace","ToOvercomeCrisis+1","Diversion","BoundaryOfDeath","SpearedSweep","ToWhereThePrescriptPoints+1","LossOfSenses+1","Gigigig"],"picked":"QuickSuppression","floor":46},{"not_picked":["ChiWen+1","CombatPreparation+1","Standoff+1","SharpSwipe+1","RepressedFlesh","GreatSerpentsImpact","BackstreetsDash+1","Faith"],"picked":"GuardingStance+1","floor":47},{"not_picked":["Pound","GroundSmash","BlazingStrike","SetFire+1","IdentifyWeakpoint+1","MultiHit","Riposte+1","Parry+1"],"picked":"Quickness+1","floor":49},{"not_picked":["Overpower+1","FierceCharge+1","FleetFootsteps+1","FlashOfSunup+1","SinglePointStab","CleanUp","Unlock1","DarkCloud","SparkingSpear"],"picked":"SKIP","floor":50}],"player_experience":249019,"relics_obtained":[{"floor":7,"key":"PageOfTheKnightOfDespair"},{"floor":9,"key":"PageOfGreed"},{"floor":11,"key":"PageOfWrath"},{"floor":12,"key":"wanderingMiniBosses:CarrionFlame"},{"floor":12,"key":"PageOfNihil"},{"floor":25,"key":"infinitespire:Lychee Nut"},{"floor":27,"key":"infinitespire:ShieldingShard"},{"floor":38,"key":"PageOfPinocchio"},{"floor":45,"key":"PageOfLaetitia"},{"floor":46,"key":"StuffTheSpire:Tea"},{"floor":49,"key":"Replay:Bottled Eggs"}],"event_choices":[{"damage_healed":0,"gold_gain":0,"player_choice":"Disagree","damage_taken":0,"max_hp_gain":0,"max_hp_loss":0,"event_name":"conspire:LoneGhost","floor":5,"gold_loss":0},{"damage_healed":0,"gold_gain":100,"player_choice":"Pray","damage_taken":0,"max_hp_gain":0,"max_hp_loss":0,"event_name":"Golden Shrine","floor":6,"gold_loss":0},{"cards_removed":["Dodge"],"damage_healed":0,"gold_gain":0,"player_choice":"Removed Skill","damage_taken":0,"max_hp_gain":0,"max_hp_loss":0,"event_name":"Falling","floor":41,"gold_loss":0}],"is_beta":false,"boss_relics":[{"not_picked":["Replay:Bronze Core","halation:Yufonium"],"picked":"hubris:TerracottaHorce"},{"not_picked":["hubris:HollowSoul","Busted Crown"],"picked":"qcfpunch:Dark_Gi"}],"items_purged_floors":[0],"is_endless":false,"potions_floor_spawned":[2,7,10,12,16,18,21,28,31,36,37,46,49],"ascension_level":1}}