{"host":"t6r1isv2bex5ovch","time":1614129225,"event":{"mods":["AchievementEnabler","Act Like it!","Aspiration","BaseMod","Better Altar","Better Match","Better Note","Better Sensory Stone","Better Skull","Better Third Choice","Better Vampires","Bossed Relics","Colored Powertips","Displayed Cursed Tome","Evolution","Fox Events","Hubris","Minty Spire (QoL Compilation)","Reliquary","Ruina","StSLib"],"gold_per_floor":[112,124,136,61,76,103,103,103,103],"floor_reached":8,"language":"ENG","playtime":468,"items_purged":["Defend_R"],"score":73,"play_id":"53c2a15f-1079-48d1-9f36-f16abcf42df2","local_time":"20210224121345","is_ascension_mode":true,"campfire_choices":[{"floor":7,"key":"RECALL"}],"circlet_count":0,"master_deck":["Strike_R","Strike_R","Strike_R","Strike_R","Strike_R","Defend_R","Defend_R","Defend_R","Bash","Fire Breathing","Shrug It Off"],"relics":["Burning Blood","EVO:Axolotl","Ginger"],"acts_visited":["Exordium"],"potions_floor_usage":[5,8],"damage_taken":[{"damage":4,"enemies":"Small Slimes","floor":1,"turns":3},{"damage":11,"enemies":"Jaw Worm","floor":2,"turns":4},{"damage":14,"enemies":"2 Louse","floor":3,"turns":3},{"damage":23,"enemies":"Large Slime","floor":5,"turns":5},{"damage":40,"enemies":"Gremlin Nob","floor":6,"turns":5},{"damage":32,"enemies":"Lagavulin","floor":8,"turns":3}],"seed_played":"-1158647394136674322","potions_obtained":[{"floor":1,"key":"SteroidPotion"},{"floor":6,"key":"DuplicationPotion"}],"is_trial":false,"path_per_floor":["M","M","M","$","M","E","R","E"],"character_chosen":"IRONCLAD","items_purchased":[],"campfire_rested":0,"item_purchase_floors":[],"current_hp_per_floor":[88,83,75,75,58,24,24,0,0],"gold":103,"neow_bonus":"TEN_PERCENT_HP_BONUS","is_daily":false,"chose_seed":false,"campfire_upgraded":0,"win_rate":0.0,"timestamp":1614129225,"path_taken":["M","M","M","$","M","E","R","E"],"items_purchased_type":[],"build_version":"2020-12-22","purchased_purges":1,"victory":false,"max_hp_per_floor":[88,88,88,88,88,88,88,88,88],"card_choices":[{"not_picked":["Inflame","Heavy Blade","Twin Strike"],"picked":"SKIP","floor":1},{"not_picked":["Havoc","Flex"],"picked":"Fire Breathing","floor":2},{"not_picked":["True Grit","Body Slam","Clash"],"picked":"SKIP","floor":3},{"not_picked":["Clash","Fiend Fire","Evolve"],"picked":"SKIP","floor":5},{"not_picked":["Pommel Strike","Hemokinesis"],"picked":"Shrug It Off","floor":6}],"player_experience":386243,"relics_obtained":[{"floor":6,"key":"Ginger"}],"event_choices":[],"is_beta":false,"boss_relics":[],"items_purged_floors":[4],"is_endless":false,"potions_floor_spawned":[1,6],"killed_by":"Lagavulin","ascension_level":5}}