{"host":"c9ttvwlbe8exn2np","time":1614178570,"event":{"mods":["BaseMod","Library of Ruina","Library of Ruina Extra","Minty Spire (QoL Compilation)","Quick Restart","StSLib","SuperFastMode"],"gold_per_floor":[118,131,131,131,141,174,174,202,229,229,241,255,255,271,271,402,402,425,138,161,161,174,174,215,215,215,238,273,398,398,413,413,534,534,549,549,549,238,301,345,370,370,396,437,460,504,525,546,546,546,546,546,546,61,95,95],"floor_reached":57,"language":"KOR","playtime":1469,"items_purged":[],"score":1842,"play_id":"5bcd2653-a693-4171-a8d6-8ddbfc05de00","local_time":"20210224235610","is_ascension_mode":false,"campfire_choices":[{"data":"DegradedPillar","floor":7,"key":"SMITH"},{"data":"DegradedPillar","floor":10,"key":"SMITH"},{"data":"DegradedFairy","floor":15,"key":"SMITH"},{"data":"DegradedLock","floor":23,"key":"SMITH"},{"data":"DegradedFairy","floor":25,"key":"SMITH"},{"data":"UnforgettableMelody","floor":30,"key":"SMITH"},{"data":"DegradedChain","floor":32,"key":"SMITH"},{"floor":42,"key":"RECALL"},{"data":"DegradedChain","floor":49,"key":"SMITH"},{"data":"SavageMode","floor":53,"key":"SMITH"}],"circlet_count":0,"master_deck":["DegradedFairy+1","DegradedFairy+1","DegradedFairy+1","DegradedChain+1","DegradedChain+1","DegradedLock+1","DegradedPillar+1","DegradedPillar+1","DegradedShockwave+1","Parry2","HardRehearsal","Faith","Outburst","FrontalAssault","UnforgettableMelody+1","TheRedNotes","SnakesPrey","TheRedNotes+1","Sadistic Nature","Bandage Up","Dark Shackles","Madness","Madness","AsThePrescriptOrders+1","GrazeTheGrass+1","FrontalAssault+1","Decay","SavageMode+1","FrontalAssault+1","InnerArdor","HandleRequest+1","ShrineToMusic+1","Sadistic Nature+1","UnforgettableMelody+1"],"relics":["Black Star","PageOfTodaysShyLook","PageOfPorccubus","Potion Belt","PageOfSingingMachine","Lantern","Golden Idol","Philosopher\u0027s Stone","Unceasing Top","PageOfSnowWhitesApple","Bird Faced Urn","Question Card","Pen Nib","FossilizedHelix","Ginger","PageOfPinocchio","Cursed Key","Mango","Prayer Wheel","Vajra","Dream Catcher","PageOfSpiderBud","Happy Flower","War Paint","Frozen Egg 2","PageOfLaetitia","PageOfWizard","Ice Cream","Lizard Tail"],"acts_visited":["Exordium","TheCity","TheBeyond","TheEnding"],"potions_floor_usage":[],"damage_taken":[{"damage":0,"enemies":"Cultist","floor":1,"turns":2},{"damage":0,"enemies":"Small Slimes","floor":2,"turns":1},{"damage":0,"enemies":"2 Louse","floor":5,"turns":2},{"damage":0,"enemies":"Lagavulin","floor":6,"turns":3},{"damage":0,"enemies":"3 Sentries","floor":8,"turns":1},{"damage":0,"enemies":"2 Fungi Beasts","floor":11,"turns":2},{"damage":0,"enemies":"Gremlin Gang","floor":12,"turns":1},{"damage":0,"enemies":"3 Louse","floor":14,"turns":1},{"damage":0,"enemies":"Slime Boss","floor":16,"turns":3},{"damage":0,"enemies":"Spheric Guardian","floor":18,"turns":1},{"damage":0,"enemies":"3 Byrds","floor":20,"turns":2},{"damage":0,"enemies":"Sentry and Sphere","floor":22,"turns":1},{"damage":0,"enemies":"Slavers","floor":24,"turns":1},{"damage":0,"enemies":"Centurion and Healer","floor":27,"turns":2},{"damage":0,"enemies":"Gremlin Leader","floor":28,"turns":2},{"damage":0,"enemies":"Colosseum Slavers","floor":29,"turns":1},{"damage":0,"enemies":"Colosseum Nobs","floor":29,"turns":2},{"damage":0,"enemies":"Chosen and Byrds","floor":31,"turns":1},{"damage":0,"enemies":"RedHoodMercenary","floor":33,"turns":4},{"damage":0,"enemies":"Orb Walker","floor":35,"turns":1},{"damage":0,"enemies":"Mind Bloom Boss Battle","floor":39,"turns":2},{"damage":0,"enemies":"Giant Head","floor":40,"turns":3},{"damage":0,"enemies":"3 Darklings","floor":41,"turns":2},{"damage":0,"enemies":"Reptomancer","floor":44,"turns":2},{"damage":0,"enemies":"Maw","floor":45,"turns":2},{"damage":0,"enemies":"Nemesis","floor":46,"turns":1},{"damage":0,"enemies":"Sphere and 2 Shapes","floor":47,"turns":2},{"damage":0,"enemies":"Transient","floor":48,"turns":5},{"damage":0,"enemies":"Time Eater","floor":50,"turns":2},{"damage":0,"enemies":"Shield and Spear","floor":55,"turns":1},{"damage":6,"enemies":"The Heart","floor":56,"turns":3}],"seed_played":"-980568392507085523","potions_obtained":[{"floor":5,"key":"SteroidPotion"},{"floor":6,"key":"Explosive Potion"},{"floor":8,"key":"Dexterity Potion"},{"floor":14,"key":"Energy Potion"},{"floor":16,"key":"Ancient Potion"}],"is_trial":false,"path_per_floor":["M","M","T","?","M","E","R","E","T","R","M","M","?","M","R","B",null,"M","$","M","?","M","R","E","R","T","M","E","?","R","M","R","B",null,"M","?","?","$","?","E","M","R","T","E","M","E","M","M","R","B",null,null,"R","$","E","B",null],"character_chosen":"Librarian","items_purchased":["Unceasing Top","Mango","PageOfWizard","ShrineToMusic+1","Sadistic Nature+1"],"campfire_rested":0,"item_purchase_floors":[19,38,54,54,54],"current_hp_per_floor":[60,60,60,42,42,42,42,42,42,42,42,42,20,20,20,20,90,90,90,90,81,81,81,81,81,81,81,83,87,87,87,87,90,90,90,80,69,83,91,103,103,103,103,104,104,104,104,104,104,104,104,104,104,104,104,104],"gold":95,"neow_bonus":"BOSS_RELIC","is_daily":false,"chose_seed":false,"campfire_upgraded":9,"win_rate":0.0,"timestamp":1614178570,"path_taken":["M","M","?","?","M","E","R","E","T","R","M","M","?","M","R","BOSS","M","$","M","?","?","R","E","R","T","M","E","?","R","M","R","BOSS","M","?","?","$","?","E","M","R","T","E","M","E","M","M","R","BOSS","R","$","E","BOSS"],"items_purchased_type":["Relic","Relic","Relic","Card","Card"],"build_version":"2020-12-22","purchased_purges":0,"victory":true,"max_hp_per_floor":[90,90,90,90,90,90,90,90,90,90,90,90,90,90,90,90,90,90,90,90,90,90,90,90,90,90,90,90,90,90,90,90,90,90,90,90,90,104,104,104,104,104,104,104,104,104,104,104,104,104,104,104,104,104,104,104],"card_choices":[{"not_picked":["Clone","SkitterAway"],"picked":"Parry2","floor":1},{"not_picked":["Creak","Reload","SunsetBlade"],"picked":"SKIP","floor":2},{"not_picked":["FaintMemories","HandleRequest"],"picked":"HardRehearsal","floor":5},{"not_picked":["WillProduceFineSilk","ShrineToMusic","SharpSwipe"],"picked":"SKIP","floor":6},{"not_picked":["ClassAndRespect","MindWhip"],"picked":"Faith","floor":8},{"not_picked":["UpbeatPerformance","DarkCloud"],"picked":"Outburst","floor":11},{"not_picked":["ChargeUp","SuppressingShot"],"picked":"FrontalAssault","floor":12},{"not_picked":["ClassAndRespect","BackstreetsDash","SuppressingShot"],"picked":"SKIP","floor":14},{"not_picked":["SenseQuarry","WillProduceFineSilk"],"picked":"UnforgettableMelody","floor":16},{"not_picked":["ForcefulGesture","ClassAndRespect","DarkCloud"],"picked":"SKIP","floor":18},{"not_picked":["SilentMist","EnergyStrike+1","DefenseOrder+1"],"picked":"SKIP","floor":20},{"not_picked":["UndertakePrescript","Faith"],"picked":"TheRedNotes","floor":22},{"not_picked":["LeRegole","WillBeTasty","ButterflySlash"],"picked":"SKIP","floor":24},{"not_picked":["ButterflySlash","SuppressingShot","Outburst","Feast"],"picked":"SKIP","floor":27},{"not_picked":["GuidanceOfTheGears","RhinoRam","BackAttack"],"picked":"SnakesPrey","floor":28},{"not_picked":["ChargeUp","GuidanceOfTheGears","QuickSuppression"],"picked":"TheRedNotes+1","floor":29},{"not_picked":["EnergyShield","Eject+1","SharpenedBlade","UpbeatPerformance+1"],"picked":"SKIP","floor":31},{"not_picked":["RapidGashes+1","Parry2","SummaryJudgment","UncannyStrike+1"],"picked":"SKIP","floor":35},{"not_picked":["Purity","Dark Shackles","Deep Breath"],"picked":"Sadistic Nature","floor":36},{"not_picked":["Deep Breath","Impatience","Madness"],"picked":"Bandage Up","floor":36},{"not_picked":["Blind","Flash of Steel","Good Instincts"],"picked":"Dark Shackles","floor":36},{"not_picked":["HandleRequest","HardRehearsal","WillOfThePrescript"],"picked":"AsThePrescriptOrders","floor":39},{"not_picked":["AGoldenOpportunity+1","FlashOfSunup+1","DirtyBlow"],"picked":"GrazeTheGrass+1","floor":40},{"not_picked":["SturdyDefense+1","Standoff+1","RhinoRam+1"],"picked":"FrontalAssault","floor":41},{"not_picked":["FleetEdge","Parry2","EnergyStrike+1","SharpSwipe"],"picked":"SKIP","floor":41},{"not_picked":["FlowOfTheSword+1","PuppetBlockade+1","Faith"],"picked":"SavageMode","floor":44},{"not_picked":["Faith","ViolentFlame","TendonChords"],"picked":"FrontalAssault+1","floor":45},{"not_picked":["UpbeatPerformance+1","DarkCloud+1","AutonomousRush","SkitterAway"],"picked":"SKIP","floor":45},{"not_picked":["Reload+1","ClassAndRespect+1","Standoff","ConcentratedFire+1"],"picked":"SKIP","floor":46},{"not_picked":["BulkyImpact+1","SharpSwipe+1","Diversion+1"],"picked":"InnerArdor","floor":47},{"not_picked":["CrackOfDawn","BiteOff+1","SnakesPrey+1","Standoff"],"picked":"SKIP","floor":47},{"not_picked":["RapidGashes+1","SuppressingShot+1","SnakesPrey+1"],"picked":"HandleRequest+1","floor":48},{"not_picked":["PinpointShot","AbsorbImpact+1","EnergyStrike+1","DirtyBlow"],"picked":"SKIP","floor":48},{"not_picked":["UpbeatPerformance","TendonChords","Parry2+1"],"picked":"UnforgettableMelody+1","floor":55}],"player_experience":554794,"relics_obtained":[{"floor":6,"key":"PageOfTodaysShyLook"},{"floor":6,"key":"PageOfPorccubus"},{"floor":8,"key":"Potion Belt"},{"floor":8,"key":"PageOfSingingMachine"},{"floor":9,"key":"Lantern"},{"floor":24,"key":"PageOfSnowWhitesApple"},{"floor":24,"key":"Bird Faced Urn"},{"floor":26,"key":"Question Card"},{"floor":28,"key":"Pen Nib"},{"floor":28,"key":"FossilizedHelix"},{"floor":29,"key":"Ginger"},{"floor":29,"key":"PageOfPinocchio"},{"floor":39,"key":"Prayer Wheel"},{"floor":40,"key":"Vajra"},{"floor":40,"key":"Dream Catcher"},{"floor":43,"key":"PageOfSpiderBud"},{"floor":44,"key":"Happy Flower"},{"floor":44,"key":"War Paint"},{"floor":46,"key":"Frozen Egg 2"},{"floor":46,"key":"PageOfLaetitia"},{"floor":55,"key":"Ice Cream"},{"floor":55,"key":"Lizard Tail"}],"event_choices":[{"damage_healed":0,"gold_gain":0,"player_choice":"Entered Light","damage_taken":18,"max_hp_gain":0,"max_hp_loss":0,"event_name":"Shining Light","floor":4,"gold_loss":0,"cards_upgraded":["DegradedShockwave","DegradedFairy"]},{"damage_healed":0,"gold_gain":0,"player_choice":"Take Damage","damage_taken":22,"relics_obtained":["Golden Idol"],"max_hp_gain":0,"max_hp_loss":0,"event_name":"Golden Idol","floor":13,"gold_loss":0},{"damage_healed":0,"gold_gain":0,"player_choice":"Damaged","damage_taken":9,"max_hp_gain":0,"max_hp_loss":0,"event_name":"Wheel of Change","floor":21,"gold_loss":0},{"damage_healed":0,"gold_gain":0,"player_choice":"Fight","damage_taken":0,"max_hp_gain":0,"max_hp_loss":0,"event_name":"Colosseum","floor":29,"gold_loss":0},{"damage_healed":0,"gold_gain":0,"player_choice":"Fought Nobs","damage_taken":0,"max_hp_gain":0,"max_hp_loss":0,"event_name":"Colosseum","floor":29,"gold_loss":0},{"damage_healed":0,"gold_gain":0,"player_choice":"Memory 3","damage_taken":10,"max_hp_gain":0,"max_hp_loss":0,"event_name":"SensoryStone","floor":36,"gold_loss":0},{"damage_healed":0,"gold_gain":0,"player_choice":"Embrace Madness","damage_taken":11,"max_hp_gain":0,"max_hp_loss":0,"event_name":"Winding Halls","floor":37,"gold_loss":0,"cards_obtained":["Madness","Madness"]},{"damage_healed":0,"gold_gain":0,"player_choice":"Fight","damage_taken":0,"max_hp_gain":0,"max_hp_loss":0,"event_name":"MindBloom","floor":39,"gold_loss":0}],"is_beta":false,"boss_relics":[{"not_picked":["Empty Cage","Tiny House"],"picked":"Philosopher\u0027s Stone"},{"not_picked":["SlaversCollar","Astrolabe"],"picked":"Cursed Key"}],"items_purged_floors":[],"is_endless":false,"potions_floor_spawned":[5,6,8,14,16,18,20,24,28,29,44,45,48,55],"ascension_level":0}}