{"host":"6pic12dj9p7186mz","time":1614151418,"event":{"mods":["BaseMod","Minty Spire (QoL Compilation)","Permanent Neow","Relic Stats","StSLib"],"gold_per_floor":[118,137,35,53,53,53,82,82,82,82,95,130,142,156,156,255,255,275,287,32,32,47,47,47],"floor_reached":23,"language":"ENG","playtime":1211,"items_purged":["Strike_R","Strike_R"],"score":294,"play_id":"b00a69e3-1255-46f1-9533-cad00efee068","local_time":"20210224012338","is_ascension_mode":true,"campfire_choices":[{"data":"Bash","floor":6,"key":"SMITH"},{"data":"Feed","floor":8,"key":"SMITH"},{"data":"True Grit","floor":10,"key":"SMITH"},{"data":"Pommel Strike","floor":15,"key":"SMITH"}],"circlet_count":0,"master_deck":["Strike_R","Strike_R","Defend_R","Defend_R","Defend_R","Defend_R","Bash+1","Sword Boomerang","Pommel Strike+1","Twin Strike","True Grit+1","Feed+1","Exhume","Shockwave","Exhume","Intimidate+1","True Grit","Fiend Fire","True Grit"],"relics":["Black Blood","Oddly Smooth Stone","Sundial","White Beast Statue"],"acts_visited":["Exordium","TheCity"],"potions_floor_usage":[2,7,12,13,16,16,18,19,22,23,23,23],"damage_taken":[{"damage":4,"enemies":"Small Slimes","floor":1,"turns":4},{"damage":6,"enemies":"Cultist","floor":2,"turns":3},{"damage":12,"enemies":"Jaw Worm","floor":4,"turns":2},{"damage":17,"enemies":"Gremlin Nob","floor":7,"turns":4},{"damage":1,"enemies":"Blue Slaver","floor":11,"turns":4},{"damage":36,"enemies":"3 Sentries","floor":12,"turns":11},{"damage":0,"enemies":"3 Louse","floor":13,"turns":3},{"damage":3,"enemies":"2 Fungi Beasts","floor":14,"turns":5},{"damage":43,"enemies":"Slime Boss","floor":16,"turns":14},{"damage":41,"enemies":"2 Thieves","floor":18,"turns":4},{"damage":51,"enemies":"Spheric Guardian","floor":19,"turns":8},{"damage":44,"enemies":"Centurion and Healer","floor":22,"turns":11},{"damage":57,"enemies":"Slavers","floor":23,"turns":5}],"seed_played":"-4038088857469094061","potions_obtained":[{"floor":2,"key":"EntropicBrew"},{"floor":7,"key":"PowerPotion"},{"floor":13,"key":"HeartOfIron"},{"floor":14,"key":"Swift Potion"},{"floor":16,"key":"Energy Potion"},{"floor":18,"key":"Energy Potion"},{"floor":19,"key":"SneckoOil"},{"floor":21,"key":"BloodPotion"},{"floor":21,"key":"Weak Potion"},{"floor":22,"key":"SkillPotion"}],"is_trial":false,"path_per_floor":["M","M","$","M","?","R","E","R","T","R","M","E","M","M","R","B",null,"M","M","$","?","M","E"],"character_chosen":"IRONCLAD","items_purchased":["Twin Strike","Fiend Fire"],"campfire_rested":0,"item_purchase_floors":[3,20],"current_hp_per_floor":[80,80,80,74,67,67,56,56,56,56,65,39,53,64,64,31,108,87,52,52,52,28,0,0],"gold":47,"neow_bonus":"RANDOM_COMMON_RELIC","is_daily":false,"chose_seed":false,"campfire_upgraded":4,"win_rate":0.0,"timestamp":1614151418,"path_taken":["M","M","$","M","?","R","E","R","T","R","M","E","M","M","R","BOSS","M","M","$","?","?","E"],"items_purchased_type":["Card","Card"],"build_version":"2020-12-22","purchased_purges":2,"victory":false,"max_hp_per_floor":[80,80,80,80,80,80,80,80,80,80,84,88,96,104,104,108,108,116,120,120,120,128,132,132],"relic_stats":{"counters":[13,78],"Sundial":[14],"Black Blood":88,"obtain_stats":[{"Sundial":9,"Oddly Smooth Stone":0,"Black Blood":17,"Burning Blood":0,"White Beast Statue":12},{"Sundial":4,"Oddly Smooth Stone":0,"Black Blood":9,"Burning Blood":0,"White Beast Statue":6},{"Sundial":13,"Oddly Smooth Stone":0,"Black Blood":50,"Burning Blood":0,"White Beast Statue":28}]},"card_choices":[{"not_picked":["True Grit","Heavy Blade"],"picked":"Sword Boomerang","floor":1},{"not_picked":["Fire Breathing","Rage"],"picked":"Pommel Strike","floor":2},{"not_picked":["Iron Wave","Carnage"],"picked":"True Grit","floor":4},{"not_picked":["Battle Trance","Entrench"],"picked":"Feed","floor":7},{"not_picked":["Flex","Twin Strike","Body Slam"],"picked":"SKIP","floor":11},{"not_picked":["Armaments","Flex"],"picked":"Exhume","floor":12},{"not_picked":["Body Slam","Blood for Blood","Wild Strike"],"picked":"SKIP","floor":13},{"not_picked":["Clash","Iron Wave"],"picked":"Shockwave","floor":14},{"not_picked":["Brutality","Demon Form"],"picked":"Exhume","floor":16},{"not_picked":["Pommel Strike","Entrench+1"],"picked":"Intimidate+1","floor":18},{"not_picked":["Iron Wave","Clash+1"],"picked":"True Grit","floor":19},{"not_picked":["Cleave+1","Perfected Strike+1"],"picked":"True Grit","floor":22}],"player_experience":58320,"relics_obtained":[{"floor":9,"key":"Sundial"},{"floor":12,"key":"White Beast Statue"}],"event_choices":[{"cards_removed":["Strike_R"],"damage_healed":0,"gold_gain":0,"player_choice":"Card Removal","damage_taken":7,"max_hp_gain":0,"max_hp_loss":0,"event_name":"Golden Wing","floor":5,"gold_loss":0},{"damage_healed":0,"gold_gain":0,"player_choice":"Got Potions","damage_taken":0,"max_hp_gain":0,"max_hp_loss":0,"event_name":"Lab","floor":21,"gold_loss":0}],"is_beta":false,"boss_relics":[{"not_picked":["Runic Cube","Cursed Key"],"picked":"Black Blood"}],"items_purged_floors":[3,20],"is_endless":false,"potions_floor_spawned":[2,4,7,13,14,16,18,19,22],"killed_by":"Slavers","ascension_level":4}}