{"host":"yq9izw6r1wt570l5","time":1614191525,"event":{"mods":["AchievementEnabler","BaseMod","BetterRewards","Colored Powertips","Downfall","Hermit","Infinite Spire","Jorbs\u0027s Wanderer Trilogy","Minty Spire (QoL Compilation)","Replay The Spire","StSLib","The Bladedancer","The Cursed","The Runesmith"],"gold_per_floor":[116,116,116,116,116,116,132,160,160,160,192,204,204,221,221,221,221],"floor_reached":16,"language":"ENG","playtime":872,"items_purged":[],"score":108,"play_id":"387eaa4e-d9a6-40b7-aed0-51a6e531d6e6","local_time":"20210224153205","is_ascension_mode":false,"campfire_choices":[{"data":"hermit:ShadowCloak","floor":6,"key":"SMITH"},{"data":"hermit:Determination","floor":10,"key":"SMITH"},{"data":"hermit:Determination","floor":13,"key":"SMITH"},{"floor":15,"key":"REST"}],"circlet_count":0,"master_deck":["hermit:Strike_Hermit","hermit:Strike_Hermit","hermit:Strike_Hermit","hermit:Strike_Hermit","hermit:Defend_Hermit+1","hermit:Defend_Hermit","hermit:Defend_Hermit","hermit:Defend_Hermit","hermit:Snapshot+1","hermit:Covet","hermit:ShadowCloak+1","Regret","hermit:Determination+1","Pot Of Greed","Pot Of Greed","hermit:Desperado","hermit:Midnight","hermit:Determination+1","hermit:Virtue","hermit:Quickdraw"],"relics":["hermit:Momento","infinitespire:Broken Mirror","Grinning Jar","Prayer Wheel","Omamori"],"acts_visited":["Exordium"],"potions_floor_usage":[14,14],"damage_taken":[{"damage":0,"enemies":"2 Louse","floor":1,"turns":2},{"damage":0,"enemies":"Small Slimes","floor":7,"turns":3},{"damage":36,"enemies":"Lagavulin","floor":8,"turns":10},{"damage":23,"enemies":"3 Sentries","floor":11,"turns":7},{"damage":0,"enemies":"Jaw Worm","floor":12,"turns":3},{"damage":28,"enemies":"Lots of Slimes","floor":14,"turns":4},{"damage":43,"enemies":"Fading Forest","floor":16,"turns":7}],"seed_played":"1236016183995883376","potions_obtained":[{"floor":1,"key":"sneckomod:MuddlingPotion"},{"floor":8,"key":"infinitespire:BlackPotion"},{"floor":12,"key":"hermit:Eclipse"}],"is_trial":false,"path_per_floor":["M","?","?","$","?","R","M","E","T","R","E","M","R","M","R","B"],"character_chosen":"HERMIT","items_purchased":[],"campfire_rested":1,"item_purchase_floors":[],"current_hp_per_floor":[75,75,75,75,75,75,75,39,39,39,16,16,16,8,30,0,0],"gold":221,"neow_bonus":"RANDOM_EVENT","is_daily":false,"chose_seed":false,"campfire_upgraded":3,"win_rate":0.0,"timestamp":1614191525,"path_taken":["M","?","?","$","?","R","M","E","T","R","E","M","R","M","R","BOSS"],"items_purchased_type":[],"build_version":"2020-12-22","purchased_purges":0,"victory":false,"max_hp_per_floor":[75,75,75,75,75,75,75,75,75,75,75,75,75,75,75,75,75],"card_choices":[{"not_picked":["hermit:WideOpen","hermit:Misfire"],"picked":"hermit:ShadowCloak","floor":1},{"not_picked":["hermit:Feint","hermit:Brawl"],"picked":"hermit:Determination","floor":7},{"not_picked":["hermit:Shortfuse","hermit:HoleUp"],"picked":"hermit:Desperado","floor":8},{"not_picked":["hermit:Spite","hermit:BodyArmor"],"picked":"hermit:Midnight","floor":11},{"not_picked":["hermit:CalledShot","hermit:ItchyTrigger"],"picked":"hermit:Determination","floor":12},{"not_picked":["hermit:Virtue","hermit:Maintenance","hermit:Gambit"],"picked":"SKIP","floor":12},{"not_picked":["hermit:Maintenance","hermit:Gambit"],"picked":"hermit:Virtue","floor":12},{"not_picked":["hermit:CalledShot","hermit:Manifest"],"picked":"hermit:Quickdraw","floor":14},{"not_picked":["hermit:Enervate","hermit:LowProfile","hermit:Coalescence"],"picked":"SKIP","floor":14}],"player_experience":97817,"relics_obtained":[{"floor":8,"key":"Grinning Jar"},{"floor":9,"key":"Prayer Wheel"},{"floor":11,"key":"Omamori"}],"event_choices":[{"damage_healed":0,"gold_gain":0,"player_choice":"Grow","damage_taken":0,"max_hp_gain":0,"max_hp_loss":0,"event_name":"Living Wall","floor":3,"gold_loss":0,"cards_upgraded":["hermit:Snapshot"]},{"damage_healed":0,"gold_gain":0,"player_choice":"Box","damage_taken":0,"relics_obtained":["infinitespire:Broken Mirror"],"max_hp_gain":0,"max_hp_loss":0,"event_name":"Big Fish","floor":5,"gold_loss":0,"cards_obtained":["Regret"]}],"is_beta":false,"boss_relics":[],"items_purged_floors":[],"is_endless":false,"potions_floor_spawned":[1,8,12],"killed_by":"Fading Forest","ascension_level":0}}