{"host":"gk9qdtkqd8dwfeg2","time":1614176657,"event":{"mods":["ATMod(∞¢Ë™Mod)","Act Like it!","BaseMod","Colored Powertips","Gensokyo","Minty Spire (QoL Compilation)","Quick Restart","Reimu£®≤©¿ˆ¡È√Œ£©","Remilia£®¿Ÿ√◊¿Ú—«£©","Shop Mod","StSLib","TestMod","The Servant 0.9.4","Waifu the Spire","Youmu£®ªÍ∆«—˝√Œ£©"],"gold_per_floor":[117,134,154,8,8,37,55,82,107,107,142,294,294,344,344,447,447,541,576,701,701,202,258,319,409,409,568,635,585,642,666,666,792,792,880,880,820,912,1004,1055,1055,1055,1055,1055,1055,1055,690,690,690,815,840,840,840,328,413,438],"floor_reached":57,"language":"ZHS","playtime":2703,"items_purged":["Strike_G","Underhanded Strike","All Out Attack"],"score":3217,"play_id":"2e5a4c25-ac8b-4fb5-ba71-d00213eb08e3","local_time":"20210224222417","is_ascension_mode":true,"campfire_choices":[{"data":"AT_FamilyPortrait","floor":10.0,"key":"SMITH"},{"data":"ReincarnationSword","floor":13.0,"key":"SMITH"},{"data":"Noxious Fumes","floor":15.0,"key":"SMITH"},{"data":"Barrier","floor":32.0,"key":"SMITH"},{"data":"Burning Pact","floor":41.0,"key":"SMITH"},{"data":"Chrysalis","floor":46.0,"key":"SMITH"},{"floor":49.0,"key":"RECALL"},{"data":"Well Laid Plans","floor":53,"key":"SMITH"}],"circlet_count":0,"master_deck":["AscendersBane","Survivor","Neutralize","AT_FamilyPortrait+1","AT_TwilightShroud","Noxious Fumes+1","Escape Plan","testmod-PerfectCombo","ReincarnationSword+1","ShiftingGears","Duplication","Barrier+1","BattleHymn","GearUp","Acrobatics","HakureiPhantom:ReiMu","Chrysalis+1","Well Laid Plans+1","Distraction+1","Tools of the Trade","Endless Agony","HumanGodSword","Gensokyo:CustomPotion","Burning Pact+1","Bloodletting+1","Grand Finale+1"],"relics":["Ring of the Snake","testmod-TestBox","AT_ATBox","testmod-Brilliant","NeowsBlessing","PrismaticShard","Gensokyo:Justice","Gambling Chip","AT_MibuBalloonWealth","Orichalcum","Juzu Bracelet","Happy Flower","testmod-SaigiyounoYou","Incense Burner","Ginger","MerchantsRug","testmod-RandomTest","Snake Skull","testmod-Muramasa","testmod-IndustrialRevolution","AT_BellDemon","AT_ImmortalShieldbow","testmod-Antiphasic","Bronze Scales","AT_SilvercatRing","HandDrill","OrangePellets","Centennial Puzzle","AT_BladeRuinedKing"],"acts_visited":["Exordium","Gensokyo:Gensokyo","Gensokyo:Gensokyoer","TheEnding"],"potions_floor_usage":[51,51,56,56],"damage_taken":[{"damage":0.0,"enemies":"Gensokyo:Python","floor":1.0,"turns":1.0},{"damage":0.0,"enemies":"Gensokyo:Gryphon","floor":2.0,"turns":1.0},{"damage":0.0,"enemies":"Gensokyo:3_Fairies","floor":3.0,"turns":1.0},{"damage":0.0,"enemies":"Gensokyo:Cirno","floor":6.0,"turns":6.0},{"damage":4.0,"enemies":"Gensokyo:VengefulSpirit","floor":7.0,"turns":3.0},{"damage":12.0,"enemies":"Gensokyo:Mamizou","floor":8.0,"turns":10.0},{"damage":0.0,"enemies":"Gensokyo:LivingMonolith","floor":11.0,"turns":3.0},{"damage":0.0,"enemies":"Gensokyo:Cirno","floor":12.0,"turns":4.0},{"damage":25.0,"enemies":"Gensokyo:Kokoro","floor":16.0,"turns":11.0},{"damage":0.0,"enemies":"Gensokyo:3_Dogs","floor":18.0,"turns":1.0},{"damage":0.0,"enemies":"Gensokyo:CosmicMonolith","floor":19.0,"turns":3.0},{"damage":13.0,"enemies":"Gensokyo:CosmicMonolith","floor":20.0,"turns":10.0},{"damage":35.0,"enemies":"Gensokyo:Tenshi","floor":23.0,"turns":5.0},{"damage":18.0,"enemies":"Gensokyo:Slime_Group","floor":24.0,"turns":3.0},{"damage":0.0,"enemies":"Gensokyo:3_Gloops","floor":25.0,"turns":2.0},{"damage":0.0,"enemies":"Gensokyo:Reisen","floor":27.0,"turns":3.0},{"damage":0.0,"enemies":"Gensokyo:Monolith_and_Dog","floor":28.0,"turns":1.0},{"damage":13.0,"enemies":"Gensokyo:Koishi","floor":30.0,"turns":7.0},{"damage":28.0,"enemies":"Gensokyo:Eternal_Rivals","floor":33.0,"turns":8.0},{"damage":0.0,"enemies":"Gensokyo:3_Boulders","floor":35.0,"turns":1.0},{"damage":0.0,"enemies":"Gensokyo:3_Bats","floor":38.0,"turns":1.0},{"damage":0.0,"enemies":"Gensokyo:3_Boulders","floor":39.0,"turns":1.0},{"damage":0.0,"enemies":"Gensokyo:Marisa","floor":40.0,"turns":4.0},{"damage":0.0,"enemies":"Gensokyo:Yuyuko","floor":50.0,"turns":1.0},{"damage":6,"enemies":"Gensokyo:Scarlet_Devils","floor":51,"turns":3},{"damage":0,"enemies":"Shield and Spear","floor":55,"turns":5},{"damage":23,"enemies":"The Heart","floor":56,"turns":6}],"seed_played":"-8876861185880012498","potions_obtained":[{"floor":2.0,"key":"Poison Potion"},{"floor":6.0,"key":"SpeedPotion"},{"floor":7.0,"key":"Poison Potion"},{"floor":23.0,"key":"GamblersBrew"},{"floor":25.0,"key":"SpeedPotion"},{"floor":28.0,"key":"Swift Potion"}],"is_trial":false,"path_per_floor":["M","M","M","COS","?","E","M","E","T","R","M","E","R","T","R","B",null,"M","M","?","?","$","E","M","M","T","E","M","?","E","T","R","B",null,"M","?","?","M","M","E","R","?","T","?","?","R","$","?","R","B","B",null,"R","$","E","B",null],"character_chosen":"THE_SILENT","items_purchased":["MerchantsRug","testmod-RandomTest","AT_SilvercatRing","HandDrill","OrangePellets","Centennial Puzzle","DistilledChaos","SkillPotion"],"campfire_rested":0,"item_purchase_floors":[22,22,47,47,54,54,54,54],"current_hp_per_floor":[59,59,59,59,59,59,55,43,43,43,43,43,43,43,43,20,55,58,61,66,66,66,41,29,43,43,50,54,61,61,61,61,70,72,73,73,73,73,73,73,73,73,73,73,73,73,73,73,73,73,73,73,73,73,73,70],"gold":438,"neow_bonus":"THREE_ENEMY_KILL","is_daily":false,"chose_seed":false,"campfire_upgraded":7,"win_rate":0.0,"timestamp":1614176657,"path_taken":["M","M","M","COS","?","E","M","E","T","R","M","E","R","?","R","BOSS","M","M","?","?","$","E","M","M","T","E","M","?","E","?","R","BOSS","M","?","?","M","M","E","R","?","T","?","?","R","$","?","R","BOSS","BOSS","R","$","E","BOSS"],"items_purchased_type":["Relic","Relic","Relic","Relic","Relic","Relic","Potion","Potion"],"build_version":"2020-12-22","purchased_purges":3,"victory":true,"max_hp_per_floor":[66,66,66,66,66,66,66,66,66,66,66,66,66,66,66,66,66,66,66,66,66,66,66,66,66,66,66,66,73,73,73,73,73,73,73,73,73,73,73,73,73,73,73,73,73,73,73,73,73,73,73,73,73,73,73,73],"card_choices":[{"not_picked":["Sucker Punch","Heel Hook"],"picked":"AT_TwilightShroud","floor":1.0},{"not_picked":["PiercingWail","Quick Slash"],"picked":"Noxious Fumes","floor":2.0},{"not_picked":["Concentrate","Dagger Spray"],"picked":"Backflip","floor":3.0},{"not_picked":["Clash","WindmillStrike"],"picked":"Escape Plan","floor":6.0},{"not_picked":["Sword Boomerang","CrescentMoonSlash"],"picked":"testmod-PerfectCombo","floor":7.0},{"not_picked":["Pommel Strike","Ricochet"],"picked":"ReincarnationSword","floor":8.0},{"not_picked":["DiffusionOfMisfortune","Iron Wave","Redo"],"picked":"SKIP","floor":11.0},{"not_picked":["OrbThrow:ReiMu","PathToVictory"],"picked":"ShiftingGears","floor":12.0},{"not_picked":["A Thousand Cuts","Authority:ReiMu"],"picked":"Duplication","floor":16.0},{"not_picked":["Unruled","Prepared","Amulet:ReiMu"],"picked":"SKIP","floor":18.0},{"not_picked":["ConstancyOfTheConventionalTruth","StarOfDavid"],"picked":"Barrier","floor":19.0},{"not_picked":["testmod-LifeRuler","Hello World"],"picked":"BattleHymn","floor":23.0},{"not_picked":["Foresight","Moonlight"],"picked":"GearUp","floor":24.0},{"not_picked":["CareerPray:ReiMu","Havoc","Indignation"],"picked":"SKIP","floor":25.0},{"not_picked":["SlashClearingTheSixSenses","Halt+1","Hemokinesis"],"picked":"SKIP","floor":27.0},{"not_picked":["SealNeedle:ReiMu","EmergencyRegeneration"],"picked":"Acrobatics","floor":28.0},{"not_picked":["testmod-RepeatForm","Alleviate"],"picked":"HakureiPhantom:ReiMu","floor":30.0},{"not_picked":["Brutality","HellCatastrophe"],"picked":"Chrysalis","floor":33.0},{"not_picked":["Sunder","PhosphoricSlash"],"picked":"HumanGodSword","floor":35.0},{"not_picked":["SpreadBorder2:ReiMu","ScarletDevil","Dropkick"],"picked":"SKIP","floor":38.0},{"not_picked":["Rearm+1","Potential"],"picked":"Burning Pact","floor":39.0},{"not_picked":["Bloodletting","Stack","Consecrate"],"picked":"SKIP","floor":40.0},{"not_picked":["Stack","Consecrate"],"picked":"Bloodletting","floor":40.0},{"not_picked":["Rebound+1","VampireSweep","CrescentMoonSlash"],"picked":"SKIP","floor":55}],"player_experience":834164,"relics_obtained":[{"floor":6.0,"key":"Gambling Chip"},{"floor":8.0,"key":"AT_MibuBalloonWealth"},{"floor":9.0,"key":"Orichalcum"},{"floor":12.0,"key":"Juzu Bracelet"},{"floor":14.0,"key":"Happy Flower"},{"floor":20.0,"key":"Incense Burner"},{"floor":20.0,"key":"Ginger"},{"floor":23.0,"key":"Snake Skull"},{"floor":27.0,"key":"Regal Pillow"},{"floor":30.0,"key":"testmod-Muramasa"},{"floor":31.0,"key":"testmod-IndustrialRevolution"},{"floor":39.0,"key":"AT_ImmortalShieldbow"},{"floor":40.0,"key":"testmod-Antiphasic"},{"floor":40.0,"key":"Bronze Scales"},{"floor":43.0,"key":"testmod-CyclicPeriapt"},{"floor":55,"key":"AT_BladeRuinedKing"}],"event_choices":[],"is_beta":false,"boss_relics":[{"not_picked":["Runic Pyramid","testmod-Nine"],"picked":"testmod-SaigiyounoYou"},{"not_picked":["testmod-Prudence","testmod-Fanaticism"],"picked":"Pandora\u0027s Box"}],"items_purged_floors":[22,47,54],"is_endless":false,"potions_floor_spawned":[2,6,7,8,19,23,25,27,28,30,38,40],"ascension_level":20}}