{"host":"hbrjinenk1akq1dy","time":1614147751,"event":{"mods":["AchievementEnabler","BaseMod","Bestiary","Colored Map","Colored Powertips","Curses Come First","Highlight Path","Minty Spire (QoL Compilation)","Permanent Neow","Quick Restart","StSLib","SuperFastMode"],"gold_per_floor":[413,17,27,27,202,235,235,253,253,286,37,67,67,67],"floor_reached":13,"language":"ENG","playtime":562,"items_purged":["Strike_P","Regret"],"score":96,"play_id":"ac9dfbe8-5426-49f9-9849-b589e56dff66","local_time":"20210224142231","is_ascension_mode":true,"campfire_choices":[{"floor":7,"key":"REST"}],"circlet_count":0,"master_deck":["Strike_P","Strike_P","Strike_P","Defend_P","Defend_P","Defend_P","Defend_P","Eruption","Vigilance","CutThroughFate","Consecrate","Doubt","BowlingBash","Halt"],"relics":["PureWater","Old Coin","Turnip","Bird Faced Urn","Dream Catcher","Frozen Egg 2","Bag of Preparation","Ancient Tea Set"],"acts_visited":["Exordium"],"potions_floor_usage":[10],"damage_taken":[{"damage":0.0,"enemies":"2 Louse","floor":1.0,"turns":2.0},{"damage":0.0,"enemies":"Jaw Worm","floor":3.0,"turns":3.0},{"damage":34,"enemies":"Gremlin Nob","floor":6,"turns":4},{"damage":9,"enemies":"Small Slimes","floor":8,"turns":5},{"damage":39,"enemies":"Lagavulin","floor":10,"turns":8},{"damage":2,"enemies":"3 Sentries","floor":13,"turns":2}],"seed_played":"-8513031087040893387","potions_obtained":[{"floor":6,"key":"BottledMiracle"},{"floor":10,"key":"Energy Potion"}],"is_trial":false,"path_per_floor":["M","$","M","?","?","E","R","M","T","E","$","?","E"],"character_chosen":"WATCHER","items_purchased":["Turnip","Consecrate","Ancient Tea Set"],"campfire_rested":1,"item_purchase_floors":[2,2,11],"current_hp_per_floor":[65,65,65,65,65,31,50,41,41,2,2,2,0,0],"gold":67,"neow_bonus":"ONE_RARE_RELIC","is_daily":false,"chose_seed":false,"campfire_upgraded":0,"win_rate":0.0,"timestamp":1614147751,"path_taken":["M","$","M","?","?","E","R","M","T","E","$","?","E"],"items_purchased_type":["Relic","Card","Relic"],"build_version":"2020-12-22","purchased_purges":2,"victory":false,"max_hp_per_floor":[65,65,65,65,65,65,65,65,65,65,65,65,65,65],"card_choices":[{"not_picked":["FlurryOfBlows","CrushJoints"],"picked":"CutThroughFate","floor":1.0},{"not_picked":["Nirvana","Consecrate","Prostrate"],"picked":"SKIP","floor":3.0},{"not_picked":["Prostrate","Indignation"],"picked":"BowlingBash","floor":6},{"not_picked":["BowlingBash","ReachHeaven"],"picked":"Halt","floor":7},{"not_picked":["PathToVictory","FlyingSleeves","Halt"],"picked":"SKIP","floor":8},{"not_picked":["PathToVictory","ConjureBlade","Consecrate"],"picked":"SKIP","floor":10}],"player_experience":252422,"relics_obtained":[{"floor":6,"key":"Dream Catcher"},{"floor":9,"key":"Frozen Egg 2"},{"floor":10,"key":"Bag of Preparation"}],"event_choices":[{"damage_healed":0.0,"max_hp_gain":0.0,"max_hp_loss":0.0,"gold_gain":0.0,"event_name":"Big Fish","player_choice":"Box","floor":4.0,"gold_loss":0.0,"damage_taken":0.0,"relics_obtained":["Bird Faced Urn"],"cards_obtained":["Regret"]},{"damage_healed":0.0,"max_hp_gain":0.0,"max_hp_loss":0.0,"gold_gain":175.0,"event_name":"Liars Game","player_choice":"AGREE","floor":5.0,"gold_loss":0.0,"damage_taken":0.0,"cards_obtained":["Doubt"]},{"damage_healed":0,"gold_gain":30,"player_choice":"Searched \u00272\u0027 times","damage_taken":0,"max_hp_gain":0,"max_hp_loss":0,"event_name":"Dead Adventurer","floor":12,"gold_loss":0}],"is_beta":false,"boss_relics":[],"items_purged_floors":[2,11],"is_endless":false,"potions_floor_spawned":[6,10],"killed_by":"3 Sentries","ascension_level":1}}