{"host":"i0avyit1s6jb1siw","time":1614173809,"event":{"mods":["BaseMod","DeckTracker","Dota2Spire","Minty Spire (QoL Compilation)","Quick Restart","StSLib","SuperFastMode"],"gold_per_floor":[116,32,32,32,49,83,93,93,119,119,145,179,179,179,193,212,212,283,283,294,294,294,294,70,100,117,130,130,130,146,146,163,213,241,241,318,318,333,239,239,239],"floor_reached":40,"language":"ENG","playtime":945,"items_purged":["Defend_P","Strike_P"],"score":984,"play_id":"e0149eae-be54-47ae-9e09-4152db0b1506","local_time":"20210224143649","is_ascension_mode":true,"campfire_choices":[{"data":"Adaptation","floor":8,"key":"SMITH"},{"data":"CrushJoints","floor":14,"key":"SMITH"},{"data":"Fasting2","floor":17,"key":"SMITH"},{"data":"Meditate","floor":31,"key":"SMITH"},{"data":"Ghostly","floor":35,"key":"SMITH"}],"circlet_count":0,"master_deck":["AscendersBane","Strike_P","Strike_P","Defend_P","Defend_P","Defend_P","Eruption+1","Vigilance","Adaptation+1","Tantrum","InnerPeace","Fasting2+1","CrushJoints+1","Halt","ThirdEye","Protect","Vault","ClearTheMind","Ghostly+1","Ghostly","Ghostly","Prostrate","FlurryOfBlows","MentalFortress+1","Meditate+1","Tantrum","Worship","LessonLearned","Protect+1","Adaptation"],"relics":["PureWater","NeowsBlessing","Dota2Spire:EtherealBlade","Art of War","Letter Opener","Bag of Marbles","Regal Pillow","Dota2Spire:RefresherOrb","Membership Card","Tiny Chest","Gambling Chip","Du-Vu Doll","Snecko Eye"],"acts_visited":["Exordium","TheCity","TheBeyond"],"potions_floor_usage":[18,25,38,40],"damage_taken":[{"damage":0,"enemies":"2 Louse","floor":1,"turns":2},{"damage":0,"enemies":"Cultist","floor":5,"turns":1},{"damage":0,"enemies":"Lagavulin","floor":6,"turns":2},{"damage":1,"enemies":"Jaw Worm","floor":7,"turns":4},{"damage":6,"enemies":"Gremlin Nob","floor":9,"turns":3},{"damage":7,"enemies":"3 Sentries","floor":12,"turns":4},{"damage":1,"enemies":"Exordium Wildlife","floor":15,"turns":3},{"damage":11,"enemies":"Looter","floor":16,"turns":2},{"damage":8,"enemies":"The Guardian","floor":18,"turns":6},{"damage":0,"enemies":"Spheric Guardian","floor":20,"turns":4},{"damage":0,"enemies":"Gremlin Leader","floor":25,"turns":4},{"damage":0,"enemies":"2 Thieves","floor":26,"turns":2},{"damage":1,"enemies":"3 Cultists","floor":27,"turns":8},{"damage":0,"enemies":"Centurion and Healer","floor":30,"turns":5},{"damage":7,"enemies":"Shelled Parasite and Fungi","floor":32,"turns":4},{"damage":1,"enemies":"Book of Stabbing","floor":34,"turns":5},{"damage":24,"enemies":"Automaton","floor":36,"turns":8},{"damage":13,"enemies":"3 Darklings","floor":38,"turns":6},{"damage":48,"enemies":"2 Orb Walkers","floor":40,"turns":5}],"seed_played":"675042081161388940","potions_obtained":[{"floor":1,"key":"CultistPotion"},{"floor":6,"key":"BlessingOfTheForge"},{"floor":18,"key":"Strength Potion"},{"floor":30,"key":"BottledMiracle"},{"floor":32,"key":"DistilledChaos"},{"floor":36,"key":"Fruit Juice"},{"floor":38,"key":"Block Potion"}],"is_trial":false,"path_per_floor":["M","$","?","$","M","E","M","R","E","T","T","E","?","R","M","M","R","B",null,"M","?","?","?","$","E","M","M","T","T","M","R","M","?","E","R","B",null,"M","$","?"],"character_chosen":"WATCHER","items_purchased":["Tantrum","Membership Card","Prostrate","Adaptation"],"campfire_rested":0,"item_purchase_floors":[2,24,24,39],"current_hp_per_floor":[61,61,66,66,66,66,65,65,59,59,59,52,52,52,51,40,40,32,63,63,63,36,36,36,36,36,35,35,35,35,35,28,28,27,27,3,28,15,15,0,0],"gold":239,"neow_bonus":"THREE_ENEMY_KILL","is_daily":false,"chose_seed":false,"campfire_upgraded":5,"win_rate":0.0,"timestamp":1614173809,"path_taken":["M","$","?","$","M","E","M","R","E","T","T","E","?","R","?","M","R","BOSS","M","?","?","?","$","E","?","M","T","T","M","R","M","?","E","R","BOSS","M","$","?"],"items_purchased_type":["Card","Relic","Card","Card"],"build_version":"2020-12-22","purchased_purges":2,"victory":false,"max_hp_per_floor":[68,68,73,73,73,73,73,73,73,73,73,73,73,73,73,73,73,73,73,73,73,36,36,36,36,36,36,36,36,36,36,36,36,36,36,36,36,36,36,41,41],"card_choices":[{"not_picked":["Indignation","DeceiveReality"],"picked":"Adaptation","floor":1},{"not_picked":["Protect","Indignation"],"picked":"InnerPeace","floor":5},{"not_picked":["BowlingBash","EmptyBody"],"picked":"Fasting2","floor":6},{"not_picked":["PathToVictory","BowlingBash"],"picked":"CrushJoints","floor":7},{"not_picked":["Fasting2","Vengeance"],"picked":"Halt","floor":9},{"not_picked":["Vengeance","Ragnarok","CutThroughFate"],"picked":"SKIP","floor":12},{"not_picked":["CutThroughFate","BowlingBash"],"picked":"Protect","floor":15},{"not_picked":["BowlingBash","Protect","Halt"],"picked":"SKIP","floor":16},{"not_picked":["Devotion","SpiritShield"],"picked":"Vault","floor":18},{"not_picked":["JustLucky","BowlingBash"],"picked":"ClearTheMind","floor":20},{"not_picked":["BowlingBash","EmptyFist"],"picked":"FlurryOfBlows","floor":25},{"not_picked":["EmptyBody","JustLucky"],"picked":"MentalFortress+1","floor":26},{"not_picked":["Evaluate","InnerPeace+1"],"picked":"Meditate","floor":27},{"not_picked":["Evaluate","EmptyBody"],"picked":"Tantrum","floor":30},{"not_picked":["ClearTheMind","BowlingBash","Conclude"],"picked":"SKIP","floor":32},{"not_picked":["Wireheading","SignatureMove"],"picked":"Worship","floor":34},{"not_picked":["DevaForm","Judgement"],"picked":"LessonLearned","floor":36},{"not_picked":["WreathOfFlame","Evaluate"],"picked":"Protect+1","floor":38}],"player_experience":2497442,"relics_obtained":[{"floor":6,"key":"Dota2Spire:EtherealBlade"},{"floor":9,"key":"Art of War"},{"floor":10,"key":"Letter Opener"},{"floor":11,"key":"Bag of Marbles"},{"floor":12,"key":"Regal Pillow"},{"floor":25,"key":"Tiny Chest"},{"floor":28,"key":"Gambling Chip"},{"floor":29,"key":"Du-Vu Doll"}],"event_choices":[{"damage_healed":0,"gold_gain":0,"player_choice":"Donut","damage_taken":0,"max_hp_gain":5,"max_hp_loss":0,"event_name":"Big Fish","floor":3,"gold_loss":0},{"damage_healed":0,"gold_gain":0,"cards_transformed":["Strike_P"],"player_choice":"Transformed","damage_taken":0,"max_hp_gain":0,"max_hp_loss":0,"event_name":"Transmorgrifier","floor":13,"gold_loss":0,"cards_obtained":["ThirdEye"]},{"damage_healed":0,"gold_gain":0,"player_choice":"Ignored","damage_taken":0,"max_hp_gain":0,"max_hp_loss":0,"event_name":"Vampires","floor":21,"gold_loss":0},{"damage_healed":0,"gold_gain":0,"player_choice":"Became a Ghost","damage_taken":0,"max_hp_gain":0,"max_hp_loss":37,"event_name":"Ghosts","floor":22,"gold_loss":0,"cards_obtained":["Ghostly","Ghostly","Ghostly"]},{"damage_healed":0,"gold_gain":0,"player_choice":"0 cards matched","damage_taken":0,"max_hp_gain":0,"max_hp_loss":0,"event_name":"Match and Keep!","floor":23,"gold_loss":0,"cards_obtained":[]},{"damage_healed":0,"gold_gain":50,"player_choice":"Stole From Cult","damage_taken":0,"max_hp_gain":0,"max_hp_loss":0,"event_name":"Nest","floor":33,"gold_loss":0},{"damage_healed":0,"gold_gain":0,"player_choice":"Fight","damage_taken":0,"max_hp_gain":0,"max_hp_loss":0,"event_name":"Mysterious Sphere","floor":40,"gold_loss":0}],"is_beta":false,"boss_relics":[{"not_picked":["Pandora\u0027s Box","Runic Pyramid"],"picked":"Dota2Spire:RefresherOrb"},{"not_picked":["Black Star","Cursed Key"],"picked":"Snecko Eye"}],"items_purged_floors":[24,39],"is_endless":false,"potions_floor_spawned":[1,6,7,15,16,18,30,32,34,36,38],"killed_by":"2 Orb Walkers","ascension_level":20}}