{"host":"y2nx07t75db4hs5p","time":1614143797,"event":{"mods":["Act Like it!","BaseMod","Gensokyo","Lobotomy","LobotomyExtend","Minty Spire (QoL Compilation)","StSLib"],"gold_per_floor":[113,124,137,148,248,248,278,295,322,336,350,381,381,399,399,503,503,503,503],"floor_reached":18,"language":"ZHS","playtime":611,"items_purged":[],"score":176,"play_id":"3cebfd4a-d08d-4bc5-baa0-1bfe1994aa85","local_time":"20210224131637","is_ascension_mode":false,"campfire_choices":[],"circlet_count":0,"master_deck":["LongBird","SpecialBullet","SpecialBullet","SpecialBullet","SpecialBullet","SpecialBullet","SpecialBullet","SpecialBullet","SpecialBullet","SecurityCode","DisciplinaryCode","CentralCode","DaCapo+1","ScreamingWedge","RedEyes+1","Mimicry","WelfareCode","PunishingBird","Pinks+1"],"relics":["CogitoBucket","NeowsBlessing","RabbitCall","LetterFromLob","Bronze Scales","HellTrain","Happy Flower","Justitia_r","Runic Dome","Moonlight_r"],"acts_visited":["Gensokyo:Gensokyo","Gensokyo:Gensokyoer"],"potions_floor_usage":[7,14,16],"damage_taken":[{"damage":0,"enemies":"Gensokyo:3_Fairies","floor":1,"turns":1},{"damage":0,"enemies":"Gensokyo:2_Kodama","floor":2,"turns":1},{"damage":0,"enemies":"Gensokyo:Gryphon","floor":3,"turns":1},{"damage":12,"enemies":"Gensokyo:2_Rabbits","floor":4,"turns":3},{"damage":43,"enemies":"Gensokyo:Cirno","floor":7,"turns":5},{"damage":0,"enemies":"Gensokyo:LivingMonolith","floor":8,"turns":12},{"damage":19,"enemies":"Gensokyo:Gryphon_and_Rabbit","floor":10,"turns":4},{"damage":11,"enemies":"Gensokyo:3_Kodama","floor":11,"turns":4},{"damage":23,"enemies":"Gensokyo:Mamizou","floor":12,"turns":7},{"damage":36,"enemies":"Gensokyo:CorruptedTreant","floor":14,"turns":5},{"damage":6,"enemies":"Gensokyo:Yukari","floor":16,"turns":6}],"seed_played":"-2628151826937152942","potions_obtained":[{"floor":3,"key":"Explosive Potion"},{"floor":4,"key":"Fire Potion"},{"floor":8,"key":"Weak Potion"},{"floor":14,"key":"AttackPotion"},{"floor":16,"key":"LiquidBronze"}],"is_trial":false,"path_per_floor":["M","M","M","M","?","R","E","M","T","M","M","E","R","M","R","B",null,"M"],"character_chosen":"Angela","items_purchased":[],"campfire_rested":0,"item_purchase_floors":[],"current_hp_per_floor":[70,70,70,70,70,70,41,55,55,50,53,44,44,22,22,34,70,29,29],"gold":503,"neow_bonus":"THREE_ENEMY_KILL","is_daily":false,"chose_seed":false,"campfire_upgraded":0,"win_rate":0.0,"timestamp":1614143797,"path_taken":["M","?","?","M","?","R","E","M","T","M","M","E","R","M","R","BOSS","M"],"items_purchased_type":[],"build_version":"2020-12-22","purchased_purges":0,"victory":false,"max_hp_per_floor":[70,70,70,70,70,70,70,70,70,70,70,70,70,70,70,70,70,70,70],"card_choices":[{"not_picked":["TodaysExpression","FourthMatchFlame"],"picked":"SKIP","floor":1},{"not_picked":["Ecstasy"],"picked":"DaCapo","floor":2},{"not_picked":["LifeForTheDareDevil","Penitence"],"picked":"SKIP","floor":3},{"not_picked":["Reverberation"],"picked":"ScreamingWedge","floor":4},{"not_picked":["Penitence"],"picked":"RedEyes","floor":7},{"not_picked":["Wingbeat","Lantern"],"picked":"SKIP","floor":8},{"not_picked":["ScreamingWedge","Gaze"],"picked":"SKIP","floor":10},{"not_picked":["PunishingBird","MHz"],"picked":"LongBird","floor":11},{"not_picked":["Penitence","Loneliness"],"picked":"SKIP","floor":11},{"not_picked":["Pleasure","Loneliness"],"picked":"SKIP","floor":12},{"not_picked":["Soda"],"picked":"Mimicry","floor":14},{"not_picked":["Murderer","SpiderBud"],"picked":"PunishingBird","floor":16},{"not_picked":["Mimicry"],"picked":"Pinks","floor":16}],"player_experience":326081,"relics_obtained":[{"floor":1,"key":"LetterFromLob"},{"floor":7,"key":"Bronze Scales"},{"floor":12,"key":"Happy Flower"}],"event_choices":[],"is_beta":false,"boss_relics":[{"not_picked":["SlaversCollar","Philosopher\u0027s Stone"],"picked":"Runic Dome"}],"items_purged_floors":[],"is_endless":false,"potions_floor_spawned":[3,4,8,14,16],"ascension_level":0}}