{"host":"i0asdmq0kdsv7cgz","time":1614174810,"event":{"mods":["BaseMod","Colored Map","Downfall","Gold Saver","Hubris","Minty Spire (QoL Compilation)","Replay The Spire","StSLib"],"gold_per_floor":[678,678,678,695,711,790,810,820,820,820,344,344,344,387,427,327,400,421,22,47,77,186,186,186,217,217,249,287,19,42,104,128,165,65,113,113,16,54,93,126,263,263,263,305,341,341,296,329,400,437,516,552,552,552,552,554,454,494,532,565,602,640,680,708,708,726,726,726],"floor_reached":66,"language":"ENG","playtime":6169,"items_purged":["Languid","Pain","bronze:Strike"],"score":1017,"play_id":"7d41e1cd-f033-4c5d-ab2c-46237b9c8bd8","local_time":"20210224145330","is_ascension_mode":false,"campfire_choices":[{"data":"bronze:Goto","floor":1,"key":"SMITH"},{"floor":13,"key":"RECALL"},{"floor":16,"key":"REST"},{"data":"bronze:ShipIt","floor":24,"key":"SMITH"},{"data":"bronze:Defend","floor":34,"key":"SMITH"},{"data":"bronze:SpaghettiCode","floor":54,"key":"SMITH"},{"data":"bronze:Terminator","floor":57,"key":"SMITH"}],"circlet_count":0,"master_deck":["bronze:Strike","bronze:Strike","bronze:Strike","bronze:Defend","bronze:Defend","bronze:Defend","bronze:Defend","bronze:Replicate","bronze:Branch","bronze:WhirlingStrike","bronze:Constructor","bronze:BitShift","bronze:GetLatest+1","bronze:AlphaBuild","bronze:Repair","bronze:ChildClass+1","bronze:ShipIt+1","bronze:FineTuning","bronze:Fortify","bronze:FineTuning","bronze:FineTuning","bronze:OilSpill","bronze:Constructor","bronze:Optimize","bronze:Philosophize+1","bronze:Shell","bronze:ChosenStrike","bronze:BuggyMess+1","bronze:FineTuning","bronze:BronzeOrb","bronze:CutThrough+1","expansioncontent:LastStand","bronze:CleanCode","bronze:Overload+1","bronze:Optimize+1","bronze:SpaghettiCode+1","bronze:Terminator+1","bronze:Backtrace+1","bronze:ClassDefault+1","bronze:BronzeOrb+1","bronze:FineTuning+1","hubris:NaturalOne"],"relics":["bronze:BronzeCore","Bag of Marbles","hubris:CrystalStatue","Replay:Bandana","hubris:Reverence","Simple Rune","downfall:HeartBlessingRed","Centennial Puzzle","Snack Pack","Toolbox","bronze:MakeshiftBattery","hubris:PeanutButter","Bottled Flame","BranchBurnRelic","downfall:HeartBlessingBlue","Bottled Tornado","WarpedTongs","Runic Pyramid","Membership Card","Akabeko","Letter Opener","hubris:FunFungus","Replay:Bottled Snecko","Replay:WaspNest","hubris:Icosahedron","Vajra","downfall:HeartBlessingGreen","bronze:SilverBullet"],"acts_visited":["Exordium","TheCity","TheBeyond","TheEnding"],"potions_floor_usage":[8,19,20,22,22,32,48,48,49,58,63,66,66],"damage_taken":[{"damage":53,"enemies":"Jaw Worm","floor":4,"turns":15},{"damage":2,"enemies":"Small Slimes","floor":5,"turns":4},{"damage":0,"enemies":"Cultist","floor":7,"turns":4},{"damage":0,"enemies":"Exordium Wildlife","floor":8,"turns":3},{"damage":0,"enemies":"downfall:FleeingMerchant","floor":11,"turns":4},{"damage":13,"enemies":"Lagavulin","floor":14,"turns":8},{"damage":0,"enemies":"3 Louse","floor":15,"turns":3},{"damage":0,"enemies":"Gremlin Nob","floor":17,"turns":1},{"damage":2,"enemies":"Blue Slaver","floor":18,"turns":2},{"damage":2,"enemies":"downfall:FleeingMerchant","floor":19,"turns":5},{"damage":8,"enemies":"Large Slime","floor":20,"turns":2},{"damage":8,"enemies":"Lots of Slimes","floor":21,"turns":2},{"damage":46,"enemies":"IC_STATUS_ARCHETYPE","floor":22,"turns":10},{"damage":4,"enemies":"Shell Parasite","floor":25,"turns":2},{"damage":0,"enemies":"downfall:LooterAlt2","floor":27,"turns":2},{"damage":0,"enemies":"3 Cultists","floor":28,"turns":3},{"damage":0,"enemies":"downfall:FleeingMerchant","floor":29,"turns":4},{"damage":0,"enemies":"Slavers","floor":31,"turns":5},{"damage":0,"enemies":"Centurion and Healer","floor":32,"turns":5},{"damage":22,"enemies":"Shelled Parasite and Fungi","floor":33,"turns":3},{"damage":0,"enemies":"Replay:Snechameleon","floor":35,"turns":5},{"damage":11,"enemies":"downfall:FleeingMerchant","floor":37,"turns":4},{"damage":8,"enemies":"Snake Plant","floor":38,"turns":4},{"damage":0,"enemies":"Centurion and Healer","floor":39,"turns":8},{"damage":0,"enemies":"Cultist and Chosen","floor":40,"turns":4},{"damage":12,"enemies":"SI_MIRROR_ARCHETYPE","floor":41,"turns":4},{"damage":13,"enemies":"3 Shapes","floor":44,"turns":4},{"damage":2,"enemies":"3 Darklings","floor":45,"turns":5},{"damage":0,"enemies":"downfall:FleeingMerchant","floor":47,"turns":4},{"damage":0,"enemies":"Jaw Worm Horde","floor":48,"turns":3},{"damage":5,"enemies":"2 Orb Walkers","floor":49,"turns":3},{"damage":18,"enemies":"4 Shapes","floor":50,"turns":4},{"damage":5,"enemies":"Maw","floor":52,"turns":9},{"damage":52,"enemies":"Nemesis","floor":56,"turns":5},{"damage":2,"enemies":"R_Hoarder","floor":58,"turns":7},{"damage":0,"enemies":"Spire Growth","floor":59,"turns":2},{"damage":0,"enemies":"4 Shapes","floor":60,"turns":2},{"damage":0,"enemies":"3 Darklings","floor":61,"turns":2},{"damage":0,"enemies":"Spire Growth","floor":62,"turns":2},{"damage":15,"enemies":"Maw","floor":63,"turns":5},{"damage":87,"enemies":"DF_ARCHETYPE_ORBS","floor":64,"turns":8},{"damage":92,"enemies":"downfall:CharBossMerchant","floor":66,"turns":6}],"seed_played":"8512283269083447745","potions_obtained":[{"floor":4,"key":"Flashbang"},{"floor":5,"key":"AttackPotion"},{"floor":18,"key":"sneckomod:MuddlingPotion"},{"floor":20,"key":"bronze:FreeFunctionsPotion"},{"floor":21,"key":"Regen Potion"},{"floor":31,"key":"Block Potion"},{"floor":32,"key":"Fruit Juice"},{"floor":33,"key":"Explosive Potion"},{"floor":44,"key":"SkillPotion"},{"floor":52,"key":"Weak Potion"},{"floor":58,"key":"PowerPotion"}],"is_trial":false,"path_per_floor":["R","PTL","PTL","M","M","?","M","M","T","?","$","?","R","E","M","R","?","M","$","M","M","B",null,"R","M","?","M","M","$","T","E","M","M","R","E","?","$","M","M","M","B",null,"R_BF","M","M","?","$","M","?","M","T","M","T","R","?","E","R","E","M","M","M","M","M","B",null,"E"],"character_chosen":"THE_AUTOMATON","items_purchased":["Replay:Bandana","hubris:Reverence","Snack Pack","Toolbox","hubris:PeanutButter","Membership Card","Akabeko","Letter Opener"],"campfire_rested":1,"item_purchase_floors":[11,11,19,19,29,47,47,47],"current_hp_per_floor":[70,70,70,17,15,15,15,15,15,15,15,15,15,9,16,37,37,42,48,42,43,19,70,70,70,70,70,70,70,70,70,75,55,65,85,85,76,70,81,85,85,85,85,78,83,73,75,79,85,71,71,85,85,85,85,42,42,78,82,85,85,85,75,17,85,0,0,0],"gold":726,"neow_bonus":"TWO_FIFTY_GOLD","is_daily":false,"chose_seed":false,"campfire_upgraded":5,"win_rate":0.0,"timestamp":1614174810,"path_taken":["R","PTL","PTL","M","M","?","M","M","T","?","?","?","R","E","M","R","?","M","$","?","M","BOSS","R","M","?","M","M","$","T","E","M","M","R","E","?","$","?","M","M","BOSS","R_BF","M","M","?","$","M","?","M","?","M","T","R","?","E","R","E","M","M","M","M","M","BOSS","E"],"items_purchased_type":["Relic","Relic","Relic","Relic","Relic","Relic","Relic","Relic"],"build_version":"2020-12-22","purchased_purges":3,"victory":false,"max_hp_per_floor":[70,70,70,70,70,70,70,70,70,70,70,70,70,70,70,70,70,70,70,70,70,70,70,70,70,70,70,70,70,70,70,75,75,85,85,85,85,85,85,85,85,85,85,85,85,85,85,85,85,85,85,85,85,85,85,85,85,85,85,85,85,85,85,85,85,85,85,85],"card_choices":[{"not_picked":["bronze:Overheat","bronze:BuggyMess"],"picked":"bronze:Branch","floor":4},{"not_picked":["bronze:Branch","bronze:Return"],"picked":"bronze:WhirlingStrike","floor":5},{"not_picked":["bronze:WildBeam","bronze:BugBarrage"],"picked":"bronze:Constructor","floor":6},{"not_picked":["bronze:Invalidate","bronze:DigitalCarnage"],"picked":"bronze:BitShift","floor":6},{"not_picked":["bronze:Frontload","bronze:WhirlingStrike"],"picked":"bronze:GetLatest","floor":7},{"not_picked":["bronze:Frontload","bronze:Branch"],"picked":"bronze:AlphaBuild","floor":8},{"not_picked":["bronze:WhirlingStrike","bronze:BugBarrage"],"picked":"bronze:Repair","floor":11},{"not_picked":["bronze:Turbo","bronze:Deprecate"],"picked":"bronze:ShipIt","floor":14},{"not_picked":["bronze:ForceShield","bronze:Frontload"],"picked":"bronze:FineTuning","floor":15},{"not_picked":["bronze:Invalidate","bronze:DarkDash"],"picked":"bronze:Fortify","floor":18},{"not_picked":["bronze:BuggyMess","bronze:Repair"],"picked":"bronze:FineTuning","floor":19},{"not_picked":["bronze:Invalidate","bronze:DelayedSlice","bronze:BitShift"],"picked":"SKIP","floor":20},{"not_picked":["bronze:Shell","bronze:CloningBeam"],"picked":"bronze:FineTuning","floor":21},{"not_picked":["bronze:Frontload","bronze:Overheat"],"picked":"bronze:OilSpill","floor":25},{"not_picked":["bronze:DigitalCarnage+1","bronze:ShipIt"],"picked":"bronze:Constructor","floor":27},{"not_picked":["bronze:Deprecate","bronze:Invalidate"],"picked":"bronze:Optimize","floor":28},{"not_picked":["bronze:ForceShield+1","bronze:Frontload","bronze:Overheat"],"picked":"SKIP","floor":29},{"not_picked":["bronze:ForceShield","bronze:Optimize"],"picked":"bronze:Philosophize+1","floor":31},{"not_picked":["bronze:DelayedSlice","bronze:ForLoop","bronze:Overheat"],"picked":"SKIP","floor":32},{"not_picked":["bronze:DelayedSlice","bronze:Branch"],"picked":"bronze:Shell","floor":33},{"not_picked":["bronze:Shield","bronze:Flail"],"picked":"bronze:ChosenStrike","floor":35},{"not_picked":["bronze:Shield","bronze:Iterate"],"picked":"bronze:BuggyMess+1","floor":37},{"not_picked":["bronze:ForLoop+1","bronze:Optimize"],"picked":"bronze:FineTuning","floor":38},{"not_picked":["bronze:FollowUp","bronze:CutThrough","bronze:Turbo"],"picked":"SKIP","floor":39},{"not_picked":["bronze:Optimize","bronze:Philosophize"],"picked":"bronze:BronzeOrb","floor":40},{"not_picked":["bronze:OilSpill","bronze:WildBeam+1","bronze:Boost+1"],"picked":"SKIP","floor":44},{"not_picked":["bronze:Constructor","bronze:BronzeArmor+1"],"picked":"bronze:CutThrough+1","floor":45},{"not_picked":["expansioncontent:InvincibleStrength","Replay:SS_fish_1"],"picked":"expansioncontent:LastStand","floor":46},{"not_picked":["bronze:Fortify","bronze:ClassDefault"],"picked":"bronze:CleanCode","floor":47},{"not_picked":["bronze:WildBeam+1","bronze:DelayedSlice"],"picked":"bronze:Overload+1","floor":48},{"not_picked":["bronze:WildBeam","bronze:DelayedSlice+1"],"picked":"bronze:Optimize+1","floor":50},{"not_picked":["bronze:Shield","bronze:Overload"],"picked":"bronze:SpaghettiCode","floor":52},{"not_picked":["bronze:Shield","bronze:Boost"],"picked":"bronze:Terminator","floor":56},{"not_picked":["bronze:DelayedSlice+1","bronze:Overheat+1"],"picked":"bronze:Backtrace+1","floor":58},{"not_picked":["bronze:MaxOutput","bronze:OilSpill+1","bronze:Branch"],"picked":"SKIP","floor":59},{"not_picked":["bronze:Fortify+1","bronze:Safeguard+1"],"picked":"bronze:ClassDefault+1","floor":60},{"not_picked":["bronze:WhirlingStrike","bronze:Frontload"],"picked":"bronze:BronzeOrb+1","floor":61},{"not_picked":["bronze:Terminator","bronze:Deprecate"],"picked":"bronze:FineTuning+1","floor":62},{"not_picked":["bronze:ForceShield+1","bronze:Overload+1","bronze:Invalidate"],"picked":"SKIP","floor":63}],"player_experience":592834,"relics_obtained":[{"floor":6,"key":"Bag of Marbles"},{"floor":9,"key":"hubris:CrystalStatue"},{"floor":14,"key":"Simple Rune"},{"floor":31,"key":"Bottled Flame"},{"floor":35,"key":"Bottled Tornado"},{"floor":49,"key":"hubris:FunFungus"},{"floor":51,"key":"Replay:Bottled Snecko"},{"floor":53,"key":"Replay:WaspNest"},{"floor":56,"key":"Vajra"},{"floor":58,"key":"bronze:SilverBullet"}],"event_choices":[{"damage_healed":0,"gold_gain":0,"player_choice":"Fight","damage_taken":0,"max_hp_gain":0,"max_hp_loss":0,"event_name":"Mysterious Sphere","floor":49,"gold_loss":0}],"is_beta":false,"boss_relics":[{"not_picked":["Replay:Bronze Core","Replay:Drink Me"],"picked":"bronze:MakeshiftBattery"},{"not_picked":["hubris:HollowSoul","hubris:Stopwatch"],"picked":"Runic Pyramid"}],"items_purged_floors":[11,37,47],"is_endless":false,"potions_floor_spawned":[4,5,18,20,21,31,32,33,35,39,40,44,48,52,58,60],"killed_by":"downfall:CharBossMerchant","ascension_level":0}}