{"host":"r9n4bwsh0iioe8bo","time":1614193148,"event":{"mods":["2.2 Compatiblity","BaseMod","Bestiary","Colored Map","Colored Powertips","Curses Come First","Highlight Path","Minty Spire (QoL Compilation)","Relic Stats","StSLib","SuperFastMode"],"gold_per_floor":[118,118,137,157,167,167,182,196,196,196,271,271,271,192,192,288,338,352,84,95,106,21,21,49,49,49,66,86,86,86,105,105,205,205,224,241,251,270,122,122,0,0,0,0,16,16,26,26,26,26,26],"floor_reached":50,"language":"ENG","playtime":4719,"items_purged":["Demon Form"],"score":506,"play_id":"5d257a7a-9108-4aaf-bbde-b0cd9a9f875f","local_time":"20210224185908","is_ascension_mode":false,"campfire_choices":[{"data":"Armaments","floor":6,"key":"SMITH"},{"data":"Body Slam","floor":10,"key":"SMITH"},{"data":"Clash","floor":12,"key":"SMITH"},{"data":"Rage","floor":15,"key":"SMITH"},{"data":"Infernal Blade","floor":23,"key":"SMITH"},{"data":"Fire Breathing","floor":25,"key":"SMITH"},{"floor":30,"key":"REST"},{"floor":32,"key":"REST"},{"data":"Flame Barrier","floor":40,"key":"SMITH"},{"data":"Rupture","floor":42,"key":"SMITH"},{"data":"Clash","floor":49,"key":"SMITH"}],"circlet_count":0,"master_deck":["Strike_R","Strike_R","Strike_R","Strike_R","Defend_R","Defend_R","Defend_R+1","Bash","Body Slam+1","Clash+1","Armaments+1","Hemokinesis","Uppercut","Twin Strike","Rage+1","Impervious","Fire Breathing+1","Rupture+1","Clash+1","Pommel Strike","Infernal Blade+1","Clash+1","Flame Barrier+1","Offering","Pommel Strike+1","Brutality+1","Clash+1","Intimidate","Thunderclap+1","Feel No Pain+1","Inflame+1","Metallicize+1","Flash of Steel+1"],"relics":["Burning Blood","Toy Ornithopter","Mummified Hand","Tiny House","Letter Opener","Omamori","Frozen Egg 2","Molten Egg 2","Sozu","Red Mask","Eternal Feather"],"acts_visited":["Exordium","TheCity","TheBeyond"],"potions_floor_usage":[16,16,20,33,33,50],"damage_taken":[{"damage":12,"enemies":"Small Slimes","floor":1,"turns":5},{"damage":12,"enemies":"Jaw Worm","floor":3,"turns":7},{"damage":0,"enemies":"2 Louse","floor":4,"turns":4},{"damage":7,"enemies":"Blue Slaver","floor":5,"turns":3},{"damage":7,"enemies":"3 Louse","floor":7,"turns":3},{"damage":5,"enemies":"Looter","floor":8,"turns":3},{"damage":51,"enemies":"The Guardian","floor":16,"turns":14},{"damage":27,"enemies":"3 Byrds","floor":18,"turns":9},{"damage":16,"enemies":"Chosen","floor":20,"turns":5},{"damage":18,"enemies":"Snake Plant","floor":21,"turns":4},{"damage":4,"enemies":"Gremlin Leader","floor":24,"turns":7},{"damage":27,"enemies":"Shelled Parasite and Fungi","floor":27,"turns":6},{"damage":10,"enemies":"3 Cultists","floor":28,"turns":6},{"damage":20,"enemies":"Centurion and Healer","floor":31,"turns":4},{"damage":77,"enemies":"Collector","floor":33,"turns":6},{"damage":47,"enemies":"3 Darklings","floor":35,"turns":4},{"damage":2,"enemies":"Orb Walker","floor":36,"turns":3},{"damage":12,"enemies":"Transient","floor":37,"turns":5},{"damage":11,"enemies":"Sphere and 2 Shapes","floor":38,"turns":3},{"damage":25,"enemies":"Writhing Mass","floor":45,"turns":4},{"damage":6,"enemies":"Jaw Worm Horde","floor":47,"turns":3},{"damage":125,"enemies":"Time Eater","floor":50,"turns":10}],"seed_played":"-2292349220664207698","potions_obtained":[{"floor":4,"key":"FairyPotion"},{"floor":7,"key":"Weak Potion"},{"floor":8,"key":"Ancient Potion"},{"floor":16,"key":"BloodPotion"},{"floor":17,"key":"Dexterity Potion"},{"floor":20,"key":"FearPotion"},{"floor":31,"key":"Regen Potion"},{"floor":33,"key":"Explosive Potion"}],"is_trial":false,"path_per_floor":["M","?","M","M","M","R","M","M","T","R","?","R","?","$","R","B",null,"M","$","M","M","?","R","E","R","T","M","M","?","R","M","R","B",null,"M","M","M","M","$","R","?","R","T","?","M","?","M","?","R","B"],"character_chosen":"IRONCLAD","items_purchased":["Rage","Clash","Letter Opener","Inflame+1"],"campfire_rested":2,"item_purchase_floors":[14,19,19,39],"current_hp_per_floor":[74,74,68,74,73,73,72,73,73,73,62,62,62,62,62,27,85,64,64,76,64,64,64,66,66,66,45,41,25,52,38,65,18,90,49,53,47,42,42,42,42,42,42,90,71,71,71,71,89,0,0],"gold":26,"neow_bonus":"RANDOM_COMMON_RELIC","is_daily":false,"chose_seed":false,"campfire_upgraded":9,"win_rate":0.0,"timestamp":1614193148,"path_taken":["M","?","M","M","M","R","M","M","T","R","?","R","?","?","R","BOSS","M","$","M","M","?","R","E","R","T","M","M","?","R","M","R","BOSS","M","M","M","M","$","R","?","R","T","?","M","?","M","?","R","BOSS"],"items_purchased_type":["Card","Card","Relic","Card"],"build_version":"2020-12-22","purchased_purges":1,"victory":false,"max_hp_per_floor":[80,80,80,80,80,80,80,80,80,80,80,80,80,80,80,80,85,85,85,85,85,85,85,85,85,85,85,85,90,90,90,90,90,90,90,90,90,90,90,90,90,90,90,90,90,90,90,90,90,90,90],"relic_stats":{"Sozu":2,"counters":[22,118],"Mummified Hand":[54],"Eternal Feather":18,"Letter Opener":[85],"obtain_stats":[{"Sozu":34,"Tiny House":17,"Mummified Hand":9,"Molten Egg 2":26,"Eternal Feather":43,"Omamori":22,"Red Mask":41,"Letter Opener":19,"Frozen Egg 2":24,"Burning Blood":0,"Toy Ornithopter":0},{"Sozu":15,"Tiny House":7,"Mummified Hand":6,"Molten Egg 2":11,"Eternal Feather":19,"Omamori":10,"Red Mask":19,"Letter Opener":8,"Frozen Egg 2":11,"Burning Blood":0,"Toy Ornithopter":0},{"Sozu":86,"Tiny House":39,"Mummified Hand":25,"Molten Egg 2":64,"Eternal Feather":101,"Omamori":57,"Red Mask":101,"Letter Opener":48,"Frozen Egg 2":64,"Burning Blood":0,"Toy Ornithopter":0}],"Burning Blood":126,"Toy Ornithopter":30},"card_choices":[{"not_picked":["Headbutt","Anger"],"picked":"Body Slam","floor":1},{"not_picked":["True Grit","Spot Weakness"],"picked":"Clash","floor":3},{"not_picked":["Thunderclap","Iron Wave"],"picked":"Armaments","floor":4},{"not_picked":["Sword Boomerang","True Grit"],"picked":"Hemokinesis","floor":5},{"not_picked":["Body Slam","Blood for Blood"],"picked":"Uppercut","floor":7},{"not_picked":["Heavy Blade","True Grit"],"picked":"Twin Strike","floor":8},{"not_picked":["Bludgeon","Barricade"],"picked":"Impervious","floor":16},{"not_picked":["Reckless Charge","Rage"],"picked":"Fire Breathing","floor":17},{"not_picked":["Dual Wield+1","Clash"],"picked":"Rupture","floor":18},{"not_picked":["Fire Breathing","Metallicize"],"picked":"Pommel Strike","floor":20},{"not_picked":["Clash","Warcry+1"],"picked":"Infernal Blade","floor":21},{"not_picked":["Warcry","Heavy Blade"],"picked":"Clash+1","floor":24},{"not_picked":["Iron Wave+1","Burning Pact+1"],"picked":"Flame Barrier","floor":27},{"not_picked":["Warcry","Wild Strike+1"],"picked":"Offering","floor":28},{"not_picked":["Sever Soul+1","Twin Strike+1"],"picked":"Pommel Strike+1","floor":31},{"not_picked":["Feed+1","Double Tap"],"picked":"Brutality+1","floor":33},{"not_picked":["Clothesline+1","Sword Boomerang+1"],"picked":"Clash+1","floor":35},{"not_picked":["Thunderclap+1","Headbutt+1"],"picked":"Intimidate","floor":36},{"not_picked":["Sword Boomerang+1","Rage"],"picked":"Thunderclap+1","floor":37},{"not_picked":["Heavy Blade+1","Iron Wave+1"],"picked":"Feel No Pain+1","floor":38},{"not_picked":["Sever Soul+1","Rupture+1","Heavy Blade+1"],"picked":"SKIP","floor":45},{"not_picked":["Armaments","Twin Strike+1"],"picked":"Metallicize+1","floor":47},{"not_picked":["Deep Breath","Panacea"],"picked":"Flash of Steel+1","floor":48}],"player_experience":34060,"relics_obtained":[{"floor":9,"key":"Mummified Hand"},{"floor":24,"key":"Frozen Egg 2"},{"floor":26,"key":"Molten Egg 2"},{"floor":43,"key":"Eternal Feather"}],"event_choices":[{"damage_healed":0,"gold_gain":0,"cards_transformed":["Strike_R"],"player_choice":"Change","damage_taken":0,"max_hp_gain":0,"max_hp_loss":0,"event_name":"Living Wall","floor":2,"gold_loss":0,"cards_obtained":["Demon Form"]},{"damage_healed":0,"gold_gain":75,"player_choice":"Gather Gold","damage_taken":11,"max_hp_gain":0,"max_hp_loss":0,"event_name":"World of Goop","floor":11,"gold_loss":0},{"damage_healed":0,"gold_gain":0,"player_choice":"Ignored","damage_taken":0,"max_hp_gain":0,"max_hp_loss":0,"event_name":"Liars Game","floor":13,"gold_loss":0},{"damage_healed":0,"gold_gain":0,"player_choice":"Obtained Relic","damage_taken":0,"relics_obtained":["Omamori"],"max_hp_gain":0,"max_hp_loss":0,"event_name":"Addict","floor":22,"gold_loss":85},{"damage_healed":0,"gold_gain":0,"player_choice":"Shed Blood","damage_taken":21,"max_hp_gain":5,"max_hp_loss":0,"event_name":"Forgotten Altar","floor":29,"gold_loss":0},{"damage_healed":0,"gold_gain":0,"player_choice":"Paid","damage_taken":0,"relics_obtained":["Red Mask"],"max_hp_gain":0,"max_hp_loss":0,"event_name":"Tomb of Lord Red Mask","floor":41,"gold_loss":122},{"damage_healed":48,"gold_gain":0,"player_choice":"Heal","damage_taken":0,"max_hp_gain":0,"max_hp_loss":0,"event_name":"MindBloom","floor":44,"gold_loss":0,"cards_obtained":["Doubt"]},{"cards_removed":["Defend_R"],"damage_healed":0,"gold_gain":0,"player_choice":"Removed Skill","damage_taken":0,"max_hp_gain":0,"max_hp_loss":0,"event_name":"Falling","floor":46,"gold_loss":0},{"damage_healed":0,"gold_gain":0,"player_choice":"Memory 1","damage_taken":0,"max_hp_gain":0,"max_hp_loss":0,"event_name":"SensoryStone","floor":48,"gold_loss":0}],"is_beta":false,"boss_relics":[{"not_picked":["Empty Cage","Runic Cube"],"picked":"Tiny House"},{"not_picked":["Snecko Eye","Philosopher\u0027s Stone"],"picked":"Sozu"}],"items_purged_floors":[39],"is_endless":false,"potions_floor_spawned":[4,7,8,16,20,27,31,33,36,37,38],"killed_by":"Time Eater","ascension_level":0}}