{"host":"rm0ctv8qd8mnbkg1","time":1614178524,"event":{"mods":["Act Like it!","Aspiration","BaseMod","Beaked The Cultist","BetterRewards","Colored Map","DNKmod","Dark Map","Defuse TimeMaze Blight","Friendly Minions","Gensokyo","Hubris","Library of Ruina","Library of Ruina Extra","Marisa????????","Minty Spire (QoL Compilation)","MostiFishMod","Permanent Neow","Rare Cards Sparkle","Relic Sorter","Reliquary","Replay The Spire","Ruina","RumiaBox-????????","Shade Mod","Shop Mod","Spicy Shops","Spire Arcade","StSLib","The Animator","The Construct","The Servant 0.9.4","TheVacant","Wandering Minibosses","??????REMEMod"],"gold_per_floor":[10013,10013,10029,10047,8775,8800,8813,8813,8813,8833,8833,8850,8861,8880,8880,8979,8979,8991,8991,8620,8620,8632,8632,8632,8632,8632,8648,8675,8006,8024,8051,8051,8149,8149,8162,8173,8173,8190,7693,7693,7693,7708,7708,7735,7366,7392,7403,7421,7421,7421,7421],"floor_reached":52,"language":"ENG","playtime":1601,"items_purged":[],"score":1181,"play_id":"39f7ff58-f26f-483a-a3f4-c91d3949a69d","local_time":"20210224145524","is_ascension_mode":false,"campfire_choices":[{"data":"beaked:WarriorEssence","floor":8,"key":"SMITH"},{"data":"beaked:RitualOfBody","floor":15,"key":"SMITH"},{"data":"beaked:KnowThyFoe","floor":23,"key":"SMITH"},{"data":"1","floor":32,"key":"LIFT"},{"data":"ReplayTheSpireMod:Wings of Steel","floor":40,"key":"SMITH"},{"data":"2","floor":49,"key":"LIFT"}],"circlet_count":0,"master_deck":["beaked:Strike_Y","beaked:Strike_Y+1","beaked:Strike_Y","beaked:Strike_Y","beaked:Strike_Y","beaked:Strike_Y","beaked:Defend_Y","beaked:Defend_Y+1","beaked:Defend_Y+1","beaked:Defend_Y","beaked:Ceremony","beaked:Ceremony","beaked:Ceremony","SuanNi+1","beaked:Negation","beaked:MimicMachine","beaked:Foresight","beaked:Cower","beaked:Tweet","beaked:StickSmack","beaked:WarriorEssence+1","beaked:Evade","beaked:Hexing","beaked:RitualOfBody+1","beaked:BarbedWire","beaked:KnowThyFoe+1","beaked:VolatileMisfortune+1","beaked:BraceForImpact","Gensokyo:Apocalypse","beaked:Hexing","beaked:Cower+1","Shame","beaked:TuckingFeathers","beaked:Cower","beaked:RitualOfBody","beaked:DigDeep","ReplayTheSpireMod:Wings of Steel+1","beaked:DarkPact","beaked:MachineSpirit","beaked:MachineSpirit","beaked:Tweet+1","beaked:ShadowFade+1","beaked:WarriorSpirit","beaked:Pecker","Swift Strike","Panache","beaked:WindBringer","beaked:MachineEssence"],"relics":["beaked:MendingPlumage","REME_ComplimentaryCards","DaveBox","PatriotShield","hubris:EmptyBottle","PlanX","Replay:Baseball","reliquary:BoilingFlask","PageOfMercenary","PageOfTheKnightOfDespair","PageOfTheQueenOfHatred","Happy Flower","wanderingMiniBosses:Blackblade","JellyFishMachine","Girya","Gensokyo:ConquerorOfFear","Chemical X","reliquary:TridentHead","reliquary:TuningFork","aspiration:FetidBarrel","Bag of Marbles","hubris:SlimyHat","Tiny Chest","hubris:EvacipatedBox","PageOfGreed","Prayer Wheel","PageOfWrath","Gremlin Food","ReplayFunnel","beaked:RitualPlumage","PageOfTodaysShyLook","PageOfNihil","Mummified Hand","beaked:FlawlessSticks","Membership Card","Guide Book","PageOfWayBackHome","SentryEyes","GodSword6","construct:RocketBooster","Strawberry","Anchor","Ccalipers"],"acts_visited":["Exordium","Gensokyo:Gensokyo","Gensokyo:Gensokyoer"],"potions_floor_usage":[],"damage_taken":[{"damage":0,"enemies":"Gensokyo:2_Kodama","floor":1,"turns":2},{"damage":0,"enemies":"Gensokyo:Gryphon","floor":3,"turns":1},{"damage":0,"enemies":"Gensokyo:3_Fairies","floor":4,"turns":4},{"damage":0,"enemies":"Gensokyo:Mamizou","floor":6,"turns":3},{"damage":12,"enemies":"Gensokyo:CorruptedTreant","floor":7,"turns":1},{"damage":0,"enemies":"Gensokyo:LivingMonolith","floor":10,"turns":2},{"damage":0,"enemies":"Gensokyo:Python_and_Kodama","floor":12,"turns":5},{"damage":0,"enemies":"Gensokyo:Kitsune","floor":13,"turns":2},{"damage":0,"enemies":"Gensokyo:Gryphon_and_Rabbit","floor":14,"turns":1},{"damage":0,"enemies":"Gensokyo:Reimu","floor":16,"turns":1},{"damage":0,"enemies":"Gensokyo:2_Gloops","floor":18,"turns":1},{"damage":20,"enemies":"Gensokyo:AngelMirror","floor":22,"turns":1},{"damage":20,"enemies":"Gensokyo:Chomper_and_Gloop","floor":27,"turns":2},{"damage":10,"enemies":"Gensokyo:Koishi","floor":28,"turns":4},{"damage":82,"enemies":"Gensokyo:Wraith","floor":30,"turns":8},{"damage":0,"enemies":"Gensokyo:Reisen","floor":31,"turns":2},{"damage":0,"enemies":"Gensokyo:Eiki","floor":33,"turns":3},{"damage":0,"enemies":"Gensokyo:3_Boulders","floor":35,"turns":1},{"damage":0,"enemies":"Gensokyo:AncientGuardian","floor":36,"turns":4},{"damage":0,"enemies":"Gensokyo:3_Boulders","floor":38,"turns":1},{"damage":6,"enemies":"Gensokyo:4_Bats","floor":42,"turns":2},{"damage":0,"enemies":"Gensokyo:Marisa","floor":44,"turns":2},{"damage":0,"enemies":"Gensokyo:Doremy","floor":46,"turns":4},{"damage":20,"enemies":"Gensokyo:Dusk_and_Dawn","floor":47,"turns":2},{"damage":0,"enemies":"Gensokyo:Rafflesia","floor":48,"turns":2},{"damage":0,"enemies":"Gensokyo:Shinki","floor":50,"turns":5},{"damage":0,"enemies":"Gensokyo:Shinki","floor":51,"turns":3}],"seed_played":"-8774286251024660752","potions_obtained":[{"floor":1,"key":"FearPotion"},{"floor":13,"key":"Weak Potion"},{"floor":36,"key":"AttackPotion"},{"floor":44,"key":"BlessingOfTheForge"}],"is_trial":false,"path_per_floor":["M","?","M","M","$","E","M","R","T","M","?","M","M","M","R","B",null,"M","?","$","?","M","R","?","$","T","M","E","$","M","E","R","B",null,"M","M","?","M","$","R","T","M","T","E","$","E","M","M","R","B",null,null],"character_chosen":"BEAKED_THE_CULTIST","items_purchased":["hubris:EmptyBottle","PlanX","beaked:Tweet","Swift Potion","ColorlessPotion","Replay:Baseball","reliquary:BoilingFlask","PageOfMercenary","beaked:StickSmack","Girya","beaked:Hexing","Chemical X","reliquary:TridentHead","reliquary:TuningFork","aspiration:FetidBarrel","Bag of Marbles","hubris:SlimyHat","Tiny Chest","hubris:EvacipatedBox","Gremlin Food","ReplayFunnel","beaked:RitualOfBody","beaked:RitualPlumage","PageOfTodaysShyLook","Membership Card","Guide Book","PageOfWayBackHome","SentryEyes","beaked:Pecker","Strawberry","Anchor","Swift Strike","Panache","Strength Potion"],"campfire_rested":0,"item_purchase_floors":[5,5,5,5,5,5,5,5,5,20,20,25,25,25,25,25,25,25,25,29,29,29,29,29,39,39,39,39,45,45,45,45,45,45],"current_hp_per_floor":[1000,1000,1000,1000,1000,1000,990,990,990,1000,1000,1000,1000,1000,1000,1000,1000,1000,900,900,900,882,882,882,781,781,775,788,788,795,827,827,900,900,900,900,900,900,900,900,900,894,894,900,907,907,888,905,905,907,907],"gold":7421,"neow_bonus":"THREE_CARDS","is_daily":false,"chose_seed":false,"campfire_upgraded":4,"win_rate":0.0,"timestamp":1614178524,"path_taken":["M","?","M","M","$","E","M","R","T","?","?","M","M","M","R","BOSS","M","?","$","?","M","R","?","?","T","?","E","?","M","E","R","BOSS","M","M","?","M","$","R","?","M","T","E","$","E","M","?","R","BOSS"],"items_purchased_type":["Relic","Relic","Card","Potion","Potion","Relic","Relic","Relic","Card","Relic","Card","Relic","Relic","Relic","Relic","Relic","Relic","Relic","Relic","Relic","Relic","Card","Relic","Relic","Relic","Relic","Relic","Relic","Card","Relic","Relic","Card","Card","Potion"],"build_version":"2020-12-22","purchased_purges":0,"victory":true,"max_hp_per_floor":[1000,1000,1000,1000,1000,1000,1000,1000,1000,1000,1000,1000,1000,1000,1000,1000,1000,1000,900,900,900,900,900,900,900,900,900,900,900,900,900,900,900,900,900,900,900,900,900,900,900,900,900,900,907,907,907,907,907,907,907],"card_choices":[{"not_picked":["beaked:Brace","beaked:Molting"],"picked":"beaked:Negation","floor":0},{"not_picked":["beaked:TuckingFeathers","beaked:Windmill"],"picked":"beaked:MimicMachine","floor":1},{"not_picked":["beaked:FeelMyPain","beaked:Roost"],"picked":"beaked:Foresight","floor":3},{"not_picked":["beaked:Resilience","beaked:MimicHuntress"],"picked":"beaked:Cower","floor":4},{"not_picked":["beaked:FeelMyPain","beaked:FullHouse"],"picked":"beaked:WarriorEssence","floor":6},{"not_picked":["beaked:Brace","beaked:MimicMachine"],"picked":"beaked:Evade","floor":7},{"not_picked":["beaked:Tweet","beaked:BarbedWire"],"picked":"beaked:Hexing","floor":10},{"not_picked":["beaked:TuckingFeathers","ReplayTheSpireMod:Prepare the Ceremony"],"picked":"beaked:RitualOfBody","floor":12},{"not_picked":["wanderingMiniBosses:FinaleOfPromise"],"picked":"SKIP","floor":12},{"not_picked":["beaked:Cower","beaked:Redirect"],"picked":"beaked:BarbedWire","floor":13},{"not_picked":["beaked:BarbedWire","beaked:MimicHuntress"],"picked":"beaked:KnowThyFoe","floor":14},{"not_picked":["ReplayTheSpireMod:Owlgaze","beaked:DarkTribute"],"picked":"beaked:VolatileMisfortune","floor":16},{"not_picked":["beaked:Redirect","beaked:Pecker"],"picked":"beaked:BraceForImpact","floor":18},{"not_picked":["Gensokyo:Doppelganger","Gensokyo:EightFeetTall"],"picked":"Gensokyo:Apocalypse","floor":19},{"not_picked":["beaked:Redirect","beaked:CursingBlood"],"picked":"beaked:Cower","floor":22},{"not_picked":["beaked:Windmill+1","beaked:FeelMyPain"],"picked":"beaked:TuckingFeathers","floor":27},{"not_picked":["beaked:Brainwash","beaked:BarbedWire"],"picked":"beaked:Cower","floor":28},{"not_picked":["beaked:Evade","beaked:MimicHuntress"],"picked":"beaked:DigDeep","floor":30},{"not_picked":["beaked:StunningBlow+1","beaked:MaddeningMurmurs"],"picked":"ReplayTheSpireMod:Wings of Steel","floor":30},{"not_picked":["beaked:Windmill","beaked:Overpower","beaked:DigDeeper"],"picked":"SKIP","floor":31},{"not_picked":["beaked:WildInstinct","ReplayTheSpireMod:Owlgaze"],"picked":"beaked:DarkPact","floor":33},{"not_picked":["beaked:Evade+1","beaked:Cower"],"picked":"beaked:MachineSpirit","floor":35},{"not_picked":["beaked:Flinch+1","beaked:CursingBlood","beaked:Daydream+1"],"picked":"SKIP","floor":35},{"not_picked":["beaked:Tradeoff","beaked:Daydream+1"],"picked":"beaked:MachineSpirit","floor":36},{"not_picked":["beaked:Evade+1","beaked:TuckingFeathers+1"],"picked":"beaked:Tweet+1","floor":36},{"not_picked":["beaked:Hexing","beaked:BloodForTheGods+1"],"picked":"beaked:ShadowFade","floor":38},{"not_picked":["beaked:DigDeeper+1","beaked:Brace+1","beaked:StunningBlow+1"],"picked":"SKIP","floor":38},{"not_picked":["beaked:Poke+1","beaked:Flinch","beaked:Recite"],"picked":"SKIP","floor":42},{"not_picked":["beaked:MaddeningMurmurs","beaked:SurvivalInstinct+1","beaked:MimicWarrior+1"],"picked":"SKIP","floor":42},{"not_picked":["beaked:DigDeep","beaked:Poke+1"],"picked":"beaked:WarriorSpirit","floor":44},{"not_picked":["beaked:Brace+1","beaked:Replenish","beaked:SacrificialDive"],"picked":"SKIP","floor":46},{"not_picked":["beaked:WarriorEssence","beaked:Redirect+1"],"picked":"beaked:WindBringer","floor":47},{"not_picked":["ReplayTheSpireMod:Wings of Steel+1","beaked:Tradeoff"],"picked":"beaked:MachineEssence","floor":47},{"not_picked":["beaked:Flinch","beaked:Cower+1","beaked:DigDeep"],"picked":"SKIP","floor":48},{"not_picked":["beaked:Evade+1","beaked:Windmill+1","beaked:Brace+1"],"picked":"SKIP","floor":48}],"player_experience":302191,"relics_obtained":[{"floor":6,"key":"PageOfTheKnightOfDespair"},{"floor":9,"key":"PageOfTheQueenOfHatred"},{"floor":12,"key":"wanderingMiniBosses:Blackblade"},{"floor":22,"key":"Gensokyo:ConquerorOfFear"},{"floor":26,"key":"PageOfGreed"},{"floor":28,"key":"PageOfWrath"},{"floor":30,"key":"PageOfNihil"},{"floor":31,"key":"Mummified Hand"},{"floor":41,"key":"GodSword6"},{"floor":43,"key":"construct:RocketBooster"},{"floor":46,"key":"Ccalipers"}],"event_choices":[],"is_beta":false,"boss_relics":[{"not_picked":["reliquary:RedPaperclip","Ectoplasm"],"picked":"JellyFishMachine"},{"not_picked":["Tiny House","EasyGame_NEW","aspiration:FutureDiary"],"picked":"beaked:FlawlessSticks"}],"items_purged_floors":[],"is_endless":false,"potions_floor_spawned":[1,7,13,14,27,28,30,31,36,44,46,47],"ascension_level":0}}