{"host":"q1cl5mae7jbr0qcs","time":1614165989,"event":{"mods":["Act Like it!","Aspiration","BaseMod","Minty Spire (QoL Compilation)","StSLib","The Gatherer","The Runesmith"],"gold_per_floor":[116,116,127,145,156,156,231,242,242,242,264,291,308,325,325,325,325],"floor_reached":16,"language":"ZHS","playtime":390,"items_purged":[],"score":177,"play_id":"344c4beb-08c1-4516-a431-f9d58039426c","local_time":"20210224192629","is_ascension_mode":true,"campfire_choices":[{"data":"Defragment","floor":6.0,"key":"SMITH"},{"data":"Sunder","floor":10.0,"key":"SMITH"},{"data":"Turbo","floor":15.0,"key":"SMITH"}],"circlet_count":0,"master_deck":["AscendersBane","Strike_B","Strike_B","Strike_B","Defend_B","Defend_B","Defend_B","Defend_B","Zap","Dualcast","Genetic Algorithm","Hello World","Defragment+1","Sunder+1","Turbo+1","Compile Driver+1"],"relics":["Cracked Core","NeowsBlessing","Molten Egg 2","Odd Mushroom","PreservedInsect"],"acts_visited":["Exordium"],"potions_floor_usage":[16],"damage_taken":[{"damage":0.0,"enemies":"2 Louse","floor":1.0,"turns":1.0},{"damage":0.0,"enemies":"Cultist","floor":3.0,"turns":1.0},{"damage":0.0,"enemies":"Jaw Worm","floor":4.0,"turns":1.0},{"damage":15.0,"enemies":"3 Louse","floor":5.0,"turns":6.0},{"damage":6.0,"enemies":"2 Fungi Beasts","floor":8.0,"turns":4.0},{"damage":4.0,"enemies":"The Mushroom Lair","floor":11.0,"turns":3.0},{"damage":10.0,"enemies":"Lagavulin","floor":12.0,"turns":7.0},{"damage":4.0,"enemies":"Large Slime","floor":13.0,"turns":4.0},{"damage":0.0,"enemies":"Looter","floor":14.0,"turns":2.0},{"damage":21,"enemies":"The Guardian","floor":16,"turns":7}],"seed_played":"2371165979947397149","potions_obtained":[{"floor":3.0,"key":"Fire Potion"},{"floor":8.0,"key":"PowerPotion"},{"floor":11.0,"key":"Weak Potion"},{"floor":13.0,"key":"SmokeBomb"}],"is_trial":false,"path_per_floor":["M","?","M","M","M","R","?","M","T","R","?","E","M","M","R","B"],"character_chosen":"DEFECT","items_purchased":[],"campfire_rested":0,"item_purchase_floors":[],"current_hp_per_floor":[64,64,64,64,49,49,38,32,32,32,28,18,14,14,14,0,0],"gold":325,"neow_bonus":"THREE_ENEMY_KILL","is_daily":false,"chose_seed":false,"campfire_upgraded":3,"win_rate":0.0,"timestamp":1614165989,"path_taken":["M","?","?","M","M","R","?","M","T","R","?","E","M","M","R","BOSS"],"items_purchased_type":[],"build_version":"2020-12-22","purchased_purges":0,"victory":false,"max_hp_per_floor":[71,71,71,71,71,71,71,71,71,71,71,71,71,71,71,71,71],"card_choices":[{"not_picked":["Stack","Undo"],"picked":"Genetic Algorithm","floor":1.0},{"not_picked":["Recycle","Redo"],"picked":"Hello World","floor":3.0},{"not_picked":["Leap","Self Repair"],"picked":"Defragment","floor":4.0},{"not_picked":["Blizzard","Reprogram"],"picked":"Sunder","floor":5.0},{"not_picked":["Scrape","Ball Lightning","Tempest"],"picked":"SKIP","floor":8.0},{"not_picked":["Loop","Sweeping Beam+1"],"picked":"Turbo","floor":11.0},{"not_picked":["Beam Cell+1","Genetic Algorithm","Loop"],"picked":"SKIP","floor":12.0},{"not_picked":["Leap","Stack"],"picked":"Compile Driver+1","floor":13.0},{"not_picked":["Scrape+1","Ball Lightning+1","Undo"],"picked":"SKIP","floor":14.0}],"player_experience":580891,"relics_obtained":[{"floor":9.0,"key":"Molten Egg 2"},{"floor":11.0,"key":"Odd Mushroom"},{"floor":12.0,"key":"PreservedInsect"}],"event_choices":[{"cards_removed":["Strike_B"],"damage_healed":0.0,"max_hp_gain":0.0,"max_hp_loss":0.0,"gold_gain":0.0,"event_name":"Purifier","player_choice":"Purged","floor":2.0,"gold_loss":0.0,"damage_taken":0.0},{"damage_healed":0.0,"max_hp_gain":0.0,"max_hp_loss":0.0,"gold_gain":75.0,"event_name":"World of Goop","player_choice":"Gather Gold","floor":7.0,"gold_loss":0.0,"damage_taken":11.0},{"damage_healed":0.0,"max_hp_gain":0.0,"max_hp_loss":0.0,"gold_gain":0.0,"event_name":"Mushrooms","player_choice":"Fought Mushrooms","floor":11.0,"gold_loss":0.0,"damage_taken":0.0}],"is_beta":false,"boss_relics":[],"items_purged_floors":[],"is_endless":false,"potions_floor_spawned":[3,8,11,13],"killed_by":"The Guardian","ascension_level":14}}