{"host":"5tir6155jnoxijqh","time":1614178648,"event":{"mods":["BaseMod","Downfall","Hermit","Library of Ruina","Library of Ruina Extra","Lobotomy","Minty Spire (QoL Compilation)","Shop Mod","Spicy Shops","StSLib","WarShipGirlsR/’ΩΩ¢…Ÿ≈ÆR mod"],"gold_per_floor":[114,131,131,141,155,189,199,199,199,211,211,6,6,27,27,152,152,171,171,224,239,88,122,122,138,164,202,202,221,221,246,246,377,377,390,404,404,427,442,442,480,501,501,10,45,45,81,4,4,4,4],"floor_reached":52,"language":"ZHS","playtime":4856,"items_purged":["LightAttack","Shame","LightDefense"],"score":1280,"play_id":"7222ff6d-d701-4638-a85d-da606d6aedae","local_time":"20210224225728","is_ascension_mode":true,"campfire_choices":[{"data":"LeRegole","floor":15.0,"key":"SMITH"},{"data":"CleanUp","floor":24.0,"key":"SMITH"},{"data":"FierceCharge","floor":30.0,"key":"SMITH"},{"data":"WillOfThePrescript","floor":32.0,"key":"SMITH"},{"data":"TendonChords","floor":40.0,"key":"SMITH"},{"data":"FrontalAssault","floor":49.0,"key":"SMITH"}],"circlet_count":0,"master_deck":["LightDefense","LightAttack","LightDefense","LightDefense","ChargeAndCover","FocusedStrikes","Thinking Ahead","Multislash","SomberProcuration","FrontalAssault+1","WillOfThePrescript+1","TendonChords+1","LeRegole+1","CleanUp+1","TheArtOfRapidSteps+1","RushDown","FierceCharge+1","Punishment","FlamingDragonFist","Quickness","MindPrepared+1","IronWall+1","BindingChains+1","ExtractFuel+1","WrathOfTorment","FeatherShield+1","OpportunitySpotted+1","FierceCharge+1"],"relics":["PageOfLibrarian","Akabeko","PageOfTheKnightOfDespair","PageOfTheQueenOfHatred","PageOfGreed","Golden Idol","PageOfPinocchio","Busted Crown","PageOfWrath","PageOfNihil","PageOfPorccubus","PageOfNosferatu","PageOfGalaxyChild","Philosopher\u0027s Stone","PageOfUniverseFragment","Guardian:GemstoneGun","Question Card","Membership Card","PageOfTheSilentOrchestra","Toxic Egg 2","HandDrill","Smiling Mask","Lantern"],"acts_visited":["Exordium","TheCity","TheBeyond"],"potions_floor_usage":[],"damage_taken":[{"damage":0.0,"enemies":"Cultist","floor":1.0,"turns":4.0},{"damage":0.0,"enemies":"Jaw Worm","floor":2.0,"turns":3.0},{"damage":0.0,"enemies":"Small Slimes","floor":4.0,"turns":2.0},{"damage":13.0,"enemies":"Gremlin Gang","floor":5.0,"turns":3.0},{"damage":16.0,"enemies":"Gremlin Nob","floor":6.0,"turns":3.0},{"damage":0.0,"enemies":"Large Slime","floor":7.0,"turns":4.0},{"damage":0.0,"enemies":"Exordium Wildlife","floor":10.0,"turns":3.0},{"damage":0.0,"enemies":"Lots of Slimes","floor":14.0,"turns":3.0},{"damage":4.0,"enemies":"The Guardian","floor":16.0,"turns":6.0},{"damage":2.0,"enemies":"3 Byrds","floor":18.0,"turns":4.0},{"damage":49.0,"enemies":"Spheric Guardian","floor":21.0,"turns":9.0},{"damage":0.0,"enemies":"Gremlin Leader","floor":23.0,"turns":3.0},{"damage":0.0,"enemies":"Snake Plant","floor":25.0,"turns":2.0},{"damage":0.0,"enemies":"Book of Stabbing","floor":27.0,"turns":3.0},{"damage":0.0,"enemies":"Shelled Parasite and Fungi","floor":29.0,"turns":3.0},{"damage":0.0,"enemies":"Centurion and Healer","floor":31.0,"turns":2.0},{"damage":0.0,"enemies":"Automaton","floor":33.0,"turns":6.0},{"damage":0.0,"enemies":"Orb Walker","floor":35.0,"turns":2.0},{"damage":0.0,"enemies":"3 Shapes","floor":36.0,"turns":2.0},{"damage":0.0,"enemies":"Jaw Worm Horde","floor":38.0,"turns":1.0},{"damage":5.0,"enemies":"Maw","floor":39.0,"turns":5.0},{"damage":0.0,"enemies":"Reptomancer","floor":41.0,"turns":3.0},{"damage":0.0,"enemies":"Transient","floor":42.0,"turns":5.0},{"damage":4.0,"enemies":"Nemesis","floor":45.0,"turns":3.0},{"damage":4.0,"enemies":"Giant Head","floor":47.0,"turns":3.0},{"damage":4.0,"enemies":"Donu and Deca","floor":50.0,"turns":5.0}],"seed_played":"7702690842667540008","potions_obtained":[{"floor":4.0,"key":"CultistPotion"},{"floor":14.0,"key":"SpeedPotion"},{"floor":16.0,"key":"Fire Potion"},{"floor":18.0,"key":"Block Potion"},{"floor":23.0,"key":"Fire Potion"},{"floor":25.0,"key":"Fire Potion"},{"floor":35.0,"key":"champ:CounterPotion"},{"floor":36.0,"key":"Block Potion"},{"floor":38.0,"key":"Guardian:BlockOnCardUsePotion"}],"is_trial":false,"path_per_floor":["M","M","?","M","M","E","M","T","T","M","?","$","?","M","R","B",null,"M","?","T","M","$","E","R","M","T","E","?","M","R","M","R","B",null,"M","M","?","M","M","R","E","M","T","$","E","?","E","$","R","B",null,null],"character_chosen":"Librarian","items_purchased":["PageOfPinocchio","PageOfPorccubus","Membership Card","PageOfTheSilentOrchestra","Toxic Egg 2","HandDrill","Swift Potion","FierceCharge+1"],"campfire_rested":0,"item_purchase_floors":[12,22,44,44,44,44,44,48],"current_hp_per_floor":[42,44,37,37,24,8,8,8,8,16,16,16,16,26,26,34,63,68,68,68,37,37,8,8,12,12,19,19,36,36,53,53,79,103,111,111,111,111,111,111,111,111,111,111,107,107,110,110,110,107,107],"gold":4,"neow_bonus":"RANDOM_COLORLESS_2","is_daily":false,"chose_seed":false,"campfire_upgraded":6,"win_rate":0.0,"timestamp":1614178648,"path_taken":["M","M","?","M","M","E","M","?","T","M","?","$","?","?","R","BOSS","M","?","?","M","$","E","R","M","T","E","?","?","R","M","R","BOSS","M","?","?","M","?","R","E","M","T","?","E","?","E","$","R","BOSS"],"items_purchased_type":["Relic","Relic","Relic","Relic","Relic","Relic","Potion","Card"],"build_version":"2020-12-22","purchased_purges":3,"victory":true,"max_hp_per_floor":[67,79,79,79,79,79,79,79,79,79,73,73,73,73,73,73,73,73,73,73,73,73,111,111,111,111,111,111,111,111,111,111,111,111,111,111,111,111,111,111,111,111,111,111,111,111,111,111,111,111,111],"card_choices":[{"not_picked":["Magnetism","The Bomb"],"picked":"Thinking Ahead","floor":0.0},{"not_picked":["SpearedSweep","Quickness","Slice_lor","ScatteringSlash","ICanCookAnything","CutIn","DirtyBlow","Pound"],"picked":"Multislash","floor":1.0},{"not_picked":["HandleRequest","SturdyDefense","Struggle","EnergyShield","Outburst","Diversion","RulesOfTheBackstreets","SerpentineBarrier"],"picked":"SomberProcuration","floor":2.0},{"not_picked":["Parry","PreemptiveStrike","CoordinatedAssault","NightInTheBackstreets","IngredientHunt","Quickness","UncannyStrike","ViolentFlame"],"picked":"FrontalAssault","floor":4.0},{"not_picked":["YoureAHindrance","HiddenBlade","Execute_lor","StructuralAnalysis","UndertakePrescript","DriedUp","QuickAttack","Creak","SummaryJudgment"],"picked":"SKIP","floor":5.0},{"not_picked":["RatsGuideToSurvival","TimeForALittleTest","EndlessBattle","PuppetBlockade","ForcefulGesture","TasteMyFlamingBat","GreatSerpentsImpact","Collision"],"picked":"WillOfThePrescript","floor":6.0},{"not_picked":["HighKick","FrontalAssault","StructuralAnalysis","FieryWaltz","FleetFootsteps","ChiWen","GuardingStance","EndlessBattle"],"picked":"TendonChords","floor":7.0},{"not_picked":["BladeWhirl","KeepItFresh","UndertakePrescript","Laceration","DarkCloud","Parry2","EmotionalTurbulence","Diversion","SilentMist"],"picked":"SKIP","floor":10.0},{"not_picked":["HiddenBlade","FleetFootsteps","ShockingBlow","AlloutWar","Rewind","FlyingSword","Pound","Slice_lor","AsThePrescriptOrders"],"picked":"SKIP","floor":14.0},{"not_picked":["RagingStormLove","Transpierce"],"picked":"CleanUp","floor":16.0},{"not_picked":["MultiBlock","Eject","DimensionalRift+1","DevastatingThrash","Gigigig","Outburst","CoordinatedAssault"],"picked":"SKIP","floor":18.0},{"not_picked":["HighKick","Execute_lor","Eradication","Gigigig","StrikeDown","Outburst","NightInTheBackstreets"],"picked":"SKIP","floor":21.0},{"not_picked":["PinpointShot","SetFire","Outburst","MultiBlock","GuardingStance","ForcefulGesture"],"picked":"TheArtOfRapidSteps+1","floor":23.0},{"not_picked":["SuppressingShot","MindPrepared","EnergyCycle+1","SharpNails","FleetEdge","Rewind+1"],"picked":"RushDown","floor":25.0},{"not_picked":["ICanCookAnything+1","SpearedSweep","QuickAttack","OpportunitySpotted+1","TraceOfFumes+1","WillOfThePrescript","SinglePointStab+1"],"picked":"SKIP","floor":27.0},{"not_picked":["YoureTooSlow","SnakesPrey","MindWhip","TheRedNotes","FleetFootsteps","BizarreAttack"],"picked":"FierceCharge","floor":29.0},{"not_picked":["AsThePrescriptOrders","Outburst+1","Rewind","Ripple","SnakesPrey","FleetEdge+1"],"picked":"Punishment","floor":31.0},{"not_picked":[],"picked":"FlamingDragonFist","floor":33.0},{"not_picked":["AutomatedMovement","AsThePrescriptOrders+1","Laceration","WillOfThePrescript+1","QuickSuppression+1","EnergyShield+1"],"picked":"Quickness","floor":35.0},{"not_picked":["CoordinatedAssault","SunsetBlade","Faith+1","YouOnlyLiveOnce+1","AssaultOrder","EnergyStrike"],"picked":"MindPrepared+1","floor":36.0},{"not_picked":["SpearedSweep","Rewind","Outburst","ForTheFamily","PreparedMind+1","SinglePointStab+1"],"picked":"IronWall+1","floor":38.0},{"not_picked":["LawAndOrder+1","MultiHit+1","AutonomousRush","AsThePrescriptOrders+1","QuickSuppression+1","Diversion"],"picked":"BindingChains+1","floor":39.0},{"not_picked":["Parry2+1","SinglePointStab","VenomousFangs+1","Brawl","Gamble","RapidGashes"],"picked":"ExtractFuel+1","floor":41.0},{"not_picked":["SpearedSweep","ChiWen","SmokingPipe+1","HiddenBlade+1","UnavoidableGaze","UncannyStrike"],"picked":"WrathOfTorment","floor":42.0},{"not_picked":["StrongStrike","BulkyImpact","Parry2+1","FrontalAssault+1","NonstopAssault","CookingPrep+1","Leap_lor"],"picked":"FeatherShield+1","floor":45.0},{"not_picked":["PinpointShot+1","QuickAttack+1","EnergyShield+1","SummaryJudgment","Gigigig","WillOfThePrescript+1","NightInTheBackstreets+1"],"picked":"OpportunitySpotted+1","floor":47.0}],"player_experience":420514,"relics_obtained":[{"floor":6.0,"key":"PageOfTheKnightOfDespair"},{"floor":8.0,"key":"PageOfTheQueenOfHatred"},{"floor":9.0,"key":"PageOfGreed"},{"floor":20.0,"key":"PageOfWrath"},{"floor":21.0,"key":"PageOfNihil"},{"floor":23.0,"key":"PageOfNosferatu"},{"floor":27.0,"key":"PageOfGalaxyChild"},{"floor":41.0,"key":"Guardian:GemstoneGun"},{"floor":43.0,"key":"Question Card"},{"floor":45.0,"key":"Smiling Mask"},{"floor":47.0,"key":"Lantern"}],"event_choices":[{"damage_healed":0.0,"max_hp_gain":0.0,"max_hp_loss":0.0,"gold_gain":0.0,"event_name":"Scrap Ooze","player_choice":"Success","floor":3.0,"gold_loss":0.0,"damage_taken":7.0,"relics_obtained":["Akabeko"]},{"damage_healed":0.0,"max_hp_gain":0.0,"max_hp_loss":6.0,"gold_gain":0.0,"event_name":"Golden Idol","player_choice":"Lose Max HP","floor":11.0,"gold_loss":0.0,"damage_taken":0.0,"relics_obtained":["Golden Idol"]},{"damage_healed":0.0,"max_hp_gain":0.0,"max_hp_loss":0.0,"gold_gain":0.0,"event_name":"Match and Keep!","player_choice":"1 cards matched","floor":13.0,"gold_loss":0.0,"damage_taken":0.0,"cards_obtained":["LeRegole"]},{"damage_healed":0.0,"max_hp_gain":0.0,"max_hp_loss":0.0,"gold_gain":0.0,"event_name":"Vampires","player_choice":"Ignored","floor":19.0,"gold_loss":0.0,"damage_taken":0.0},{"cards_removed":["LightAttack"],"damage_healed":0.0,"max_hp_gain":0.0,"max_hp_loss":0.0,"gold_gain":0.0,"event_name":"Back to Basics","player_choice":"Elegance","floor":28.0,"gold_loss":0.0,"damage_taken":0.0},{"damage_healed":0.0,"max_hp_gain":0.0,"max_hp_loss":0.0,"gold_gain":0.0,"event_name":"WeMeetAgain","player_choice":"Gave Potion","floor":37.0,"gold_loss":0.0,"damage_taken":0.0,"relics_obtained":["PageOfUniverseFragment"]},{"cards_removed":["Dodge"],"damage_healed":0.0,"max_hp_gain":0.0,"max_hp_loss":0.0,"gold_gain":0.0,"event_name":"Falling","player_choice":"Removed Skill","floor":46.0,"gold_loss":0.0,"damage_taken":0.0}],"is_beta":false,"boss_relics":[{"not_picked":["Fusion Hammer","SlaversCollar"],"picked":"Busted Crown"},{"not_picked":["Velvet Choker","Empty Cage"],"picked":"Philosopher\u0027s Stone"}],"items_purged_floors":[12,44,48],"is_endless":false,"potions_floor_spawned":[4,14,16,18,23,25,35,36,38],"ascension_level":5}}