{"host":"dslyow1zalefsrv0","time":1614142786,"event":{"mods":["2.2 Compatiblity","Act Like it!","Aspiration","BaseMod","Better Match","Better Note","Better Sensory Stone","Better Third Choice","BetterRewards","Colored Powertips","DeckTracker","Googly Eyes","GungeonMod","Hallownest","Hermit","Jorbs\u0027s Wanderer Trilogy","Minty Spire (QoL Compilation)","Potionbrewer","Quick Restart","Rare Cards Sparkle","Replay The Spire","Shop Mod","StSLib","SuperFastMode","The Bladedancer","The Blue Laboratory","The Bug Knight","The Hierophant","The Necromancer","The Servant 0.9.4","The Wild Card","Wide Potions"],"gold_per_floor":[112,124,0,0,15,73,73,91,117,137,137,137,137,137,137,265,265,276,294,57,57,57,91,136,86,86,86,112,124,124,141,141,246,246,263,275,275,36,36,36,47,62,62,80,91,123,48,48,48,48],"floor_reached":51,"language":"ENG","playtime":2137,"items_purged":["Injury"],"score":717,"play_id":"8454b9ba-9777-4279-8023-878fc14729f3","local_time":"20210223225946","is_ascension_mode":false,"campfire_choices":[{"floor":7.0,"key":"REST"},{"floor":12.0,"key":"REST"},{"data":"DemoMod:Deposit","floor":15,"key":"SMITH"},{"floor":27,"key":"REST"},{"floor":32,"key":"DIG"},{"data":"Barrage","floor":40,"key":"SMITH"},{"floor":49,"key":"REST"}],"circlet_count":0,"master_deck":["Strike_B","Strike_B","Strike_B","Strike_B","Defend_B","Defend_B","Defend_B","Defend_B","Zap","Dualcast","Barrage+1","Mayhem","Dramatic Entrance","DemoMod:Deposit+1","Consume+1","Loop","Conserve Battery+1","Coolheaded+1","ReplayTheSpireMod:Omega Cannon","Chaos+1","BasicCrystalCard+1","Capacitor","Footwork+1","FIFO Queue","ReplayTheSpireMod:Calculation Training+1","Echo Form","Cold Snap+1","ReplayTheSpireMod:Calculation Training+1","Conserve Battery+1","Sweeping Beam+1","Chaos+1","AscendersBane","Chaos+1"],"relics":["Cracked Core","aspiration:Nostalgia","Burning Blood","ReplayTheSpireMod:ShopPack","Toxic Egg 2","DemoMod:SerJunkan","DemoMod:Junk","aspiration:SecretTechniqueScroll","DemoMod:WhiteGuonStone","aspiration:FaultyCoupler","aspiration:RitualStick","SlaversCollar","Replay:Bottled Steam"],"acts_visited":["Exordium","TheCity","TheBeyond"],"potions_floor_usage":[16,16,23,29,29],"damage_taken":[{"damage":1.0,"enemies":"2 Louse","floor":1.0,"turns":3.0},{"damage":2.0,"enemies":"Jaw Worm","floor":2.0,"turns":5.0},{"damage":0.0,"enemies":"Small Slimes","floor":5.0,"turns":3.0},{"damage":38.0,"enemies":"Lagavulin","floor":6.0,"turns":6.0},{"damage":0.0,"enemies":"3 Louse","floor":8.0,"turns":2.0},{"damage":1.0,"enemies":"Gremlin Gang","floor":10.0,"turns":2.0},{"damage":3,"enemies":"The Guardian","floor":16,"turns":10},{"damage":5,"enemies":"2 Thieves","floor":18,"turns":2},{"damage":8,"enemies":"Shell Parasite","floor":19,"turns":5},{"damage":11,"enemies":"Gremlin Leader","floor":23,"turns":4},{"damage":12,"enemies":"Snake Plant","floor":24,"turns":5},{"damage":28,"enemies":"Book of Stabbing","floor":28,"turns":5},{"damage":16,"enemies":"Shelled Parasite and Fungi","floor":29,"turns":5},{"damage":2,"enemies":"Cultist and Chosen","floor":31,"turns":5},{"damage":7,"enemies":"Automaton","floor":33,"turns":6},{"damage":3,"enemies":"3 Shapes","floor":35,"turns":2},{"damage":0,"enemies":"Orb Walker","floor":36,"turns":2},{"damage":0,"enemies":"Transient","floor":41,"turns":5},{"damage":0,"enemies":"Maw","floor":42,"turns":6},{"damage":10,"enemies":"Spire Growth","floor":44,"turns":2},{"damage":6,"enemies":"Writhing Mass","floor":45,"turns":2},{"damage":5,"enemies":"Giant Head","floor":46,"turns":4},{"damage":23,"enemies":"Donu and Deca","floor":50,"turns":3}],"seed_played":"6522892923541085163","potions_obtained":[{"floor":2.0,"key":"blueLaboratory:Moonshine"},{"floor":5.0,"key":"blueLaboratory:PhilterOfMotion"},{"floor":10.0,"key":"Explosive Potion"},{"floor":23,"key":"blueLaboratory:BiasPotion"},{"floor":24,"key":"blueLaboratory:BubblePotion"},{"floor":28,"key":"blueLaboratory:BubblePotion"},{"floor":31,"key":"BlessingOfTheForge"},{"floor":42,"key":"LiquidMemories"}],"is_trial":false,"path_per_floor":["M","M","$","?","M","E","R","M","T","M","T","R","?","?","R","B",null,"M","M","$","?","T","E","M","?","T","R","E","M","?","M","R","B",null,"M","M","?","$","?","R","M","M","T","M","M","E","$","?","R","B",null],"character_chosen":"DEFECT","items_purchased":["ReplayTheSpireMod:ShopPack","Capacitor","DemoMod:WhiteGuonStone","Replay:Bottled Steam"],"campfire_rested":4,"item_purchase_floors":[3,20,20,38],"current_hp_per_floor":[75,75,75,75,75,43,65,71,71,75,75,75,80,80,80,80,80,80,78,78,78,78,73,67,67,67,80,58,48,32,36,36,35,80,80,80,80,80,76,76,76,76,76,72,72,73,73,73,76,59],"gold":48,"neow_bonus":"NOSTALGIA","is_daily":false,"chose_seed":false,"campfire_upgraded":2,"win_rate":0.0,"timestamp":1614142786,"path_taken":["M","M","$","?","M","E","R","M","T","M","?","R","?","?","R","BOSS","M","M","$","?","?","E","M","?","T","R","E","?","?","M","R","BOSS","M","M","?","?","?","R","M","M","T","M","M","E","?","?","R","BOSS"],"items_purchased_type":["Relic","Card","Relic","Relic"],"build_version":"2020-12-22","purchased_purges":1,"victory":true,"max_hp_per_floor":[75,75,75,75,75,75,75,75,75,75,75,75,80,80,80,80,80,80,80,80,80,80,80,80,80,80,80,80,80,80,80,80,80,80,80,80,80,80,76,76,76,76,76,76,76,76,76,76,76,76],"card_choices":[{"not_picked":["Hologram","Chill","Glacier"],"picked":"SKIP","floor":1.0},{"not_picked":["White Noise","Compile Driver"],"picked":"Barrage","floor":2.0},{"not_picked":["Midas Touch","Crow Ritual"],"picked":"Mayhem","floor":3.0},{"not_picked":["Master of Strategy","Swift Strike"],"picked":"Dramatic Entrance","floor":3.0},{"not_picked":["ReplayTheSpireMod:Trickstab","ReplayUltimateDefense"],"picked":"DemoMod:Deposit","floor":3.0},{"not_picked":["Compile Driver","Barrage"],"picked":"Consume+1","floor":5.0},{"not_picked":["Conserve Battery+1","Fusion+1"],"picked":"Loop","floor":6.0},{"not_picked":["Rainbow+1","Cold Snap"],"picked":"Conserve Battery+1","floor":8.0},{"not_picked":["Steam+1","Rip and Tear"],"picked":"Coolheaded+1","floor":10.0},{"not_picked":["Biased Cognition","Machine Learning"],"picked":"ReplayTheSpireMod:Omega Cannon","floor":16},{"not_picked":["Coolheaded+1","Hologram+1"],"picked":"Chaos+1","floor":18},{"not_picked":["ReplayTheSpireMod:GoodbyeWorld+1","ReplayTheSpireMod:Omega Cannon"],"picked":"BasicCrystalCard+1","floor":19},{"not_picked":["Reboot+1","Doom and Gloom+1"],"picked":"FIFO Queue","floor":23},{"not_picked":["Cold Snap","Steam+1"],"picked":"ReplayTheSpireMod:Calculation Training+1","floor":24},{"not_picked":["Steam+1","ReplayTheSpireMod:System Scan+1"],"picked":"Echo Form","floor":28},{"not_picked":["ReplaySort+1","Redo+1"],"picked":"Cold Snap+1","floor":29},{"not_picked":["Stack+1","Turbo+1","ReplayTheSpireMod:GoodbyeWorld+1"],"picked":"SKIP","floor":31},{"not_picked":["ReplaySolidLightProjector+1","Coolheaded+1"],"picked":"ReplayTheSpireMod:Calculation Training+1","floor":35},{"not_picked":["Compile Driver","Redo+1"],"picked":"Conserve Battery+1","floor":36},{"not_picked":["Redo+1","Hello World","Cold Snap"],"picked":"SKIP","floor":41},{"not_picked":["ReplayTheSpireMod:Reroute Power+1","Static Discharge+1","Go for the Eyes"],"picked":"SKIP","floor":42},{"not_picked":["Cold Snap+1","Compile Driver+1","Panic Button+1"],"picked":"SKIP","floor":44},{"not_picked":["Stack+1","Leap+1"],"picked":"Sweeping Beam+1","floor":45},{"not_picked":["ReplayRNGCard+1","Stack+1"],"picked":"Chaos+1","floor":46}],"player_experience":128575,"relics_obtained":[{"floor":6.0,"key":"DemoMod:SerJunkan"},{"floor":9.0,"key":"DemoMod:Junk"},{"floor":11.0,"key":"DemoMod:Junk"},{"floor":22,"key":"aspiration:FaultyCoupler"},{"floor":23,"key":"DemoMod:Junk"},{"floor":26,"key":"DemoMod:Junk"},{"floor":28,"key":"DemoMod:Junk"},{"floor":32,"key":"DemoMod:Junk"},{"floor":43,"key":"DemoMod:Junk"},{"floor":46,"key":"DemoMod:Junk"}],"event_choices":[{"damage_healed":0.0,"max_hp_gain":5.0,"max_hp_loss":0.0,"gold_gain":0.0,"event_name":"Big Fish","player_choice":"Donut","floor":13.0,"gold_loss":0.0,"damage_taken":0.0},{"damage_healed":0,"gold_gain":0,"player_choice":"Leave","damage_taken":0,"max_hp_gain":0,"max_hp_loss":0,"event_name":"The Cleric","floor":14,"gold_loss":0},{"cards_removed":["DemoMod:Deposit"],"damage_healed":0,"gold_gain":0,"player_choice":"Take \u0026 Give","damage_taken":0,"max_hp_gain":0,"max_hp_loss":0,"event_name":"betterNote:BetterNote","floor":21,"gold_loss":0,"cards_obtained":["Footwork"]},{"damage_healed":0,"gold_gain":0,"player_choice":"Bet on Murderer","damage_taken":0,"max_hp_gain":0,"max_hp_loss":0,"event_name":"The Joust","floor":25,"gold_loss":50},{"damage_healed":0,"gold_gain":0,"player_choice":"Max HP","damage_taken":0,"max_hp_gain":0,"max_hp_loss":4,"event_name":"Winding Halls","floor":39,"gold_loss":0},{"damage_healed":0,"gold_gain":3,"player_choice":"3","damage_taken":0,"max_hp_gain":0,"max_hp_loss":0,"event_name":"betterStone:BetterStone","floor":48,"gold_loss":0,"cards_obtained":["Chaos"]}],"is_beta":false,"boss_relics":[{"not_picked":["Astrolabe","potionbrewer:BhaskarasWheel"],"picked":"aspiration:SecretTechniqueScroll"},{"not_picked":["ChewingGum","Runic Pyramid"],"picked":"SlaversCollar"}],"items_purged_floors":[47],"is_endless":false,"potions_floor_spawned":[2,5,10,23,24,28,31,35,36,42,46],"ascension_level":0}}