{"host":"6r762osam2bvfm66","time":1614193381,"event":{"mods":["AchievementEnabler","BaseMod","Colored Map","Highlight Path","Minty Spire (QoL Compilation)","Relic Stats","ojb\u0027s Info Mod"],"gold_per_floor":[119,44,59,76,89,89,89,116,116,129,144,144,44,77,77,174,174,190,13,13,13,29,29,29],"floor_reached":23,"language":"ENG","playtime":1099,"items_purged":["Strike_R","Strike_R","Strike_R"],"score":330,"play_id":"182d7860-36c6-473b-b593-ddfffdf8a511","local_time":"20210224130301","is_ascension_mode":true,"campfire_choices":[{"data":"Offering","floor":6.0,"key":"SMITH"},{"data":"Evolve","floor":12.0,"key":"SMITH"},{"data":"Inflame","floor":15.0,"key":"SMITH"}],"circlet_count":0,"master_deck":["Strike_R","Defend_R","Defend_R","Defend_R","Defend_R","Bash","Headbutt","Wild Strike","Offering+1","Pommel Strike+1","Evolve+1","Inflame+1","Demon Form","Carnage","Shrug It Off"],"relics":["Burning Blood","Pear","Darkstone Periapt","Bag of Preparation","SlaversCollar"],"acts_visited":["Exordium","TheCity"],"potions_floor_usage":[23,23],"damage_taken":[{"damage":1.0,"enemies":"Cultist","floor":1.0,"turns":3.0},{"damage":7.0,"enemies":"Jaw Worm","floor":3.0,"turns":3.0},{"damage":0.0,"enemies":"Small Slimes","floor":4.0,"turns":2.0},{"damage":9.0,"enemies":"2 Fungi Beasts","floor":5.0,"turns":4.0},{"damage":6.0,"enemies":"Gremlin Nob","floor":8.0,"turns":2.0},{"damage":12.0,"enemies":"Exordium Thugs","floor":10.0,"turns":4.0},{"damage":14.0,"enemies":"Blue Slaver","floor":11.0,"turns":3.0},{"damage":21.0,"enemies":"3 Sentries","floor":14.0,"turns":8.0},{"damage":77.0,"enemies":"Hexaghost","floor":16.0,"turns":9.0},{"damage":50,"enemies":"Shell Parasite","floor":18,"turns":5},{"damage":26,"enemies":"2 Thieves","floor":22,"turns":4},{"damage":13,"enemies":"Gremlin Leader","floor":23,"turns":2}],"seed_played":"-1889248393235461699","potions_obtained":[{"floor":4.0,"key":"LiquidBronze"},{"floor":8.0,"key":"ColorlessPotion"},{"floor":11.0,"key":"BloodPotion"},{"floor":14.0,"key":"Fire Potion"}],"is_trial":false,"path_per_floor":["M","$","M","M","M","R","?","E","T","M","M","R","$","E","R","B",null,"M","$","?","?","M","E"],"character_chosen":"IRONCLAD","items_purchased":["Shrug It Off"],"campfire_rested":0,"item_purchase_floors":[19],"current_hp_per_floor":[85,85,84,88,85,85,85,95,95,89,81,81,81,85,85,14,77,33,33,33,33,13,0,0],"gold":29,"neow_bonus":"TEN_PERCENT_HP_BONUS","is_daily":false,"chose_seed":false,"campfire_upgraded":3,"win_rate":0.0,"timestamp":1614193381,"path_taken":["M","$","M","M","?","R","?","E","T","?","M","R","$","E","R","BOSS","M","$","?","?","M","E"],"items_purchased_type":["Card"],"build_version":"2020-12-22","purchased_purges":3,"victory":false,"max_hp_per_floor":[88,88,88,88,88,88,88,98,98,98,98,98,98,98,98,98,98,98,98,98,98,98,98,98],"relic_stats":{"Darkstone Periapt":0,"counters":[12,49],"Bag of Preparation":[8],"obtain_stats":[{"Darkstone Periapt":9,"SlaversCollar":17,"Pear":8,"Bag of Preparation":14,"Burning Blood":0},{"Darkstone Periapt":5,"SlaversCollar":9,"Pear":5,"Bag of Preparation":8,"Burning Blood":0},{"Darkstone Periapt":14,"SlaversCollar":38,"Pear":14,"Bag of Preparation":29,"Burning Blood":0}],"Burning Blood":64},"card_choices":[{"not_picked":["Perfected Strike","Wild Strike"],"picked":"Headbutt","floor":1.0},{"not_picked":["Sword Boomerang","Clash"],"picked":"Wild Strike","floor":3.0},{"not_picked":["Sever Soul","Armaments"],"picked":"Offering","floor":4.0},{"not_picked":["Sword Boomerang","Body Slam"],"picked":"Pommel Strike","floor":5.0},{"not_picked":["Combust","Fire Breathing"],"picked":"Evolve","floor":8.0},{"not_picked":["Body Slam","Sword Boomerang","Blood for Blood"],"picked":"SKIP","floor":10.0},{"not_picked":["Wild Strike","Heavy Blade","Headbutt"],"picked":"SKIP","floor":11.0},{"not_picked":["Body Slam","Limit Break"],"picked":"Inflame","floor":14.0},{"not_picked":["Feed","Exhume"],"picked":"Demon Form","floor":16.0},{"not_picked":["True Grit","Thunderclap"],"picked":"Carnage","floor":18},{"not_picked":["Clothesline","Combust","Blood for Blood+1"],"picked":"SKIP","floor":22}],"player_experience":134866,"relics_obtained":[{"floor":8.0,"key":"Pear"},{"floor":9.0,"key":"Darkstone Periapt"},{"floor":14.0,"key":"Bag of Preparation"}],"event_choices":[{"damage_healed":0.0,"max_hp_gain":0.0,"max_hp_loss":0.0,"gold_gain":0.0,"event_name":"Upgrade Shrine","player_choice":"Upgraded","floor":7.0,"gold_loss":0.0,"damage_taken":0.0,"cards_upgraded":["Pommel Strike"]},{"damage_healed":0,"gold_gain":0,"player_choice":"Ignored","damage_taken":0,"max_hp_gain":0,"max_hp_loss":0,"event_name":"Vampires","floor":20,"gold_loss":0},{"cards_removed":["Strike_R"],"damage_healed":0,"gold_gain":0,"player_choice":"Card Removal","damage_taken":0,"max_hp_gain":0,"max_hp_loss":0,"event_name":"Wheel of Change","floor":21,"gold_loss":0}],"is_beta":false,"boss_relics":[{"not_picked":["Runic Dome","Empty Cage"],"picked":"SlaversCollar"}],"items_purged_floors":[2,13,19],"is_endless":false,"potions_floor_spawned":[4,8,11,14],"killed_by":"Gremlin Leader","ascension_level":7}}