{"host":"8rqsnaeml9gxb0kp","time":1614155918,"event":{"mods":["AchievementEnabler","BaseMod","Colored Powertips","Dark Map","Minty Spire (QoL Compilation)","Rare Cards Sparkle","Relic Stats","StSLib","slay the spire mod where everything is the same but ironclad has a cowboy hat"],"gold_per_floor":[110,120,45,45,55,55,90,106,106,106,106,121,121,121,121,218,218,234,252,31,31,31,65,165,178,178,198,198,198,215,215,215,315,315,330,330,381,381,392,392,392,392,392,442,442,460,474,84,84,84],"floor_reached":51,"language":"ENG","playtime":2028,"items_purged":["Strike_R"],"score":688,"play_id":"cd653e77-9a87-4811-bd2e-699fa07cbaf2","local_time":"20210224003838","is_ascension_mode":false,"campfire_choices":[{"data":"Bash","floor":6.0,"key":"SMITH"},{"data":"Disarm","floor":10.0,"key":"SMITH"},{"data":"Pommel Strike","floor":13.0,"key":"SMITH"},{"data":"Dropkick","floor":15.0,"key":"SMITH"},{"floor":28.0,"key":"REST"},{"data":"Fiend Fire","floor":32.0,"key":"SMITH"},{"floor":40.0,"key":"REST"},{"floor":45.0,"key":"RECALL"},{"floor":49.0,"key":"REST"}],"circlet_count":0,"master_deck":["Strike_R+1","Strike_R+1","Strike_R","Defend_R","Defend_R","Defend_R","Defend_R","Bash+1","Pommel Strike+1","Disarm+1","Dropkick+1","Fiend Fire+1","Sentinel+1","Dropkick+1","Corruption","Seeing Red+1","Anger+1","Feel No Pain+1","Dropkick"],"relics":["Burning Blood","Ancient Tea Set","Darkstone Periapt","Runic Pyramid","Juzu Bracelet","Eternal Feather","Bottled Flame","Bag of Marbles","Fusion Hammer","Oddly Smooth Stone","Whetstone","Ginger","Frozen Egg 2"],"acts_visited":["Exordium","TheCity","TheBeyond"],"potions_floor_usage":[50,50],"damage_taken":[{"damage":9.0,"enemies":"2 Louse","floor":1.0,"turns":4.0},{"damage":1.0,"enemies":"Cultist","floor":2.0,"turns":3.0},{"damage":6.0,"enemies":"Jaw Worm","floor":5.0,"turns":2.0},{"damage":21.0,"enemies":"Gremlin Nob","floor":7.0,"turns":4.0},{"damage":12.0,"enemies":"Large Slime","floor":8.0,"turns":7.0},{"damage":6.0,"enemies":"Gremlin Gang","floor":12.0,"turns":3.0},{"damage":33.0,"enemies":"Hexaghost","floor":16.0,"turns":12.0},{"damage":25.0,"enemies":"3 Byrds","floor":18.0,"turns":6.0},{"damage":3.0,"enemies":"Shell Parasite","floor":19.0,"turns":4.0},{"damage":33.0,"enemies":"Slavers","floor":23.0,"turns":6.0},{"damage":8.0,"enemies":"Centurion and Healer","floor":25.0,"turns":4.0},{"damage":30.0,"enemies":"Cultist and Chosen","floor":27.0,"turns":5.0},{"damage":12.0,"enemies":"3 Cultists","floor":30.0,"turns":5.0},{"damage":9.0,"enemies":"Automaton","floor":33.0,"turns":4.0},{"damage":2.0,"enemies":"Orb Walker","floor":35.0,"turns":2.0},{"damage":14.0,"enemies":"3 Darklings","floor":39.0,"turns":5.0},{"damage":13.0,"enemies":"Mind Bloom Boss Battle","floor":44.0,"turns":4.0},{"damage":12.0,"enemies":"Jaw Worm Horde","floor":46.0,"turns":4.0},{"damage":14.0,"enemies":"Spire Growth","floor":47.0,"turns":4.0},{"damage":46,"enemies":"Donu and Deca","floor":50,"turns":6}],"seed_played":"7813290746947878214","potions_obtained":[{"floor":5.0,"key":"Strength Potion"},{"floor":7.0,"key":"AttackPotion"},{"floor":8.0,"key":"Strength Potion"},{"floor":12.0,"key":"SkillPotion"},{"floor":23.0,"key":"Dexterity Potion"},{"floor":41.0,"key":"LiquidMemories"},{"floor":41.0,"key":"PowerPotion"}],"is_trial":false,"path_per_floor":["M","M","$","?","M","R","E","M","T","R","?","M","R","?","R","B",null,"M","M","$","?","?","E","?","M","T","M","R","?","M","?","R","B",null,"M","?","T","?","M","R","?","?","T","?","R","M","M","$","R","B",null],"character_chosen":"IRONCLAD","items_purchased":["Dropkick","Juzu Bracelet","Frozen Egg 2","Feel No Pain+1","Dropkick"],"campfire_rested":3,"item_purchase_floors":[3,20,48,48,48],"current_hp_per_floor":[85,88,88,88,88,88,73,67,67,67,67,67,67,67,67,40,88,69,72,72,72,72,45,45,43,43,19,54,54,48,77,86,83,88,88,88,88,88,80,88,88,88,88,81,88,82,74,74,88,48],"gold":84,"neow_bonus":"TEN_PERCENT_HP_BONUS","is_daily":false,"chose_seed":false,"campfire_upgraded":5,"win_rate":0.0,"timestamp":1614155918,"path_taken":["M","M","$","?","M","R","E","?","T","R","?","M","R","?","R","BOSS","M","M","$","?","?","E","?","M","T","M","R","?","M","?","R","BOSS","M","?","?","?","M","R","?","?","T","?","R","M","M","$","R","BOSS"],"items_purchased_type":["Card","Relic","Relic","Card","Card"],"build_version":"2020-12-22","purchased_purges":1,"victory":true,"max_hp_per_floor":[88,88,88,88,88,88,88,88,88,88,88,88,88,88,88,88,88,88,88,88,88,88,88,88,88,88,88,88,88,88,88,88,88,88,88,88,88,88,88,88,88,88,88,88,88,88,88,88,88,88],"relic_stats":{"Darkstone Periapt":0,"counters":[20,94],"Eternal Feather":42,"Juzu Bracelet":4,"Whetstone":["Strike_R","Strike_R"],"Ginger":[0],"obtain_stats":[{"Darkstone Periapt":9,"Oddly Smooth Stone":37,"Eternal Feather":23,"Juzu Bracelet":20,"Whetstone":43,"Ginger":44,"Frozen Egg 2":48,"Ancient Tea Set":7,"Burning Blood":0,"Bottled Flame":26,"Fusion Hammer":34,"Bag of Marbles":29,"Runic Pyramid":17},{"Darkstone Periapt":5,"Oddly Smooth Stone":15,"Eternal Feather":10,"Juzu Bracelet":9,"Whetstone":16,"Ginger":17,"Frozen Egg 2":19,"Ancient Tea Set":4,"Burning Blood":0,"Bottled Flame":11,"Fusion Hammer":14,"Bag of Marbles":12,"Runic Pyramid":7},{"Darkstone Periapt":20,"Oddly Smooth Stone":71,"Eternal Feather":51,"Juzu Bracelet":45,"Whetstone":76,"Ginger":80,"Frozen Egg 2":88,"Ancient Tea Set":13,"Burning Blood":0,"Bottled Flame":55,"Fusion Hammer":69,"Bag of Marbles":60,"Runic Pyramid":35}],"Burning Blood":114},"card_choices":[{"not_picked":["Inflame","Evolve"],"picked":"Pommel Strike","floor":1.0},{"not_picked":["Burning Pact","Heavy Blade"],"picked":"Disarm","floor":2.0},{"not_picked":["Uppercut","Ghostly Armor","Headbutt"],"picked":"SKIP","floor":5.0},{"not_picked":["Sword Boomerang","Feel No Pain","Power Through"],"picked":"SKIP","floor":7.0},{"not_picked":["Pommel Strike","Sword Boomerang","Rupture"],"picked":"SKIP","floor":8.0},{"not_picked":["Sword Boomerang","Ghostly Armor","Heavy Blade"],"picked":"SKIP","floor":12.0},{"not_picked":["Juggernaut","Barricade"],"picked":"Fiend Fire","floor":16.0},{"not_picked":["Body Slam+1","Havoc"],"picked":"Sentinel+1","floor":18.0},{"not_picked":["Second Wind","Dual Wield","Twin Strike"],"picked":"SKIP","floor":19.0},{"not_picked":["Searing Blow+1","Clash","Demon Form"],"picked":"SKIP","floor":23.0},{"not_picked":["Spot Weakness","Blood for Blood","Thunderclap"],"picked":"SKIP","floor":25.0},{"not_picked":["Havoc","Wild Strike","True Grit"],"picked":"SKIP","floor":27.0},{"not_picked":["Clash","Infernal Blade","Thunderclap"],"picked":"SKIP","floor":30.0},{"not_picked":["Immolate","Limit Break"],"picked":"Corruption","floor":33.0},{"not_picked":["Inflame","Cleave+1","Havoc"],"picked":"SKIP","floor":35.0},{"not_picked":["Combust+1","Seeing Red","Iron Wave"],"picked":"SKIP","floor":39.0},{"not_picked":["Headbutt+1","Infernal Blade"],"picked":"Seeing Red+1","floor":44.0},{"not_picked":["Headbutt","Clash+1"],"picked":"Anger+1","floor":46.0},{"not_picked":["Entrench","Dual Wield","Brutality"],"picked":"SKIP","floor":47.0}],"player_experience":301208,"relics_obtained":[{"floor":7.0,"key":"Ancient Tea Set"},{"floor":9.0,"key":"Darkstone Periapt"},{"floor":23.0,"key":"Eternal Feather"},{"floor":26.0,"key":"Bottled Flame"},{"floor":37.0,"key":"Oddly Smooth Stone"},{"floor":43.0,"key":"Whetstone"},{"floor":44.0,"key":"Ginger"}],"event_choices":[{"damage_healed":0.0,"max_hp_gain":0.0,"max_hp_loss":0.0,"gold_gain":0.0,"event_name":"WeMeetAgain","player_choice":"Ignored","floor":4.0,"gold_loss":0.0,"damage_taken":0.0},{"damage_healed":0.0,"max_hp_gain":0.0,"max_hp_loss":0.0,"gold_gain":0.0,"event_name":"Liars Game","player_choice":"Ignored","floor":11.0,"gold_loss":0.0,"damage_taken":0.0},{"damage_healed":0.0,"max_hp_gain":0.0,"max_hp_loss":0.0,"gold_gain":0.0,"event_name":"The Woman in Blue","player_choice":"Bought 0 Potions","floor":14.0,"gold_loss":0.0,"damage_taken":0.0},{"damage_healed":0.0,"max_hp_gain":0.0,"max_hp_loss":0.0,"gold_gain":0.0,"event_name":"Duplicator","player_choice":"Copied","floor":21.0,"gold_loss":0.0,"damage_taken":0.0,"cards_obtained":["Dropkick"]},{"damage_healed":0.0,"max_hp_gain":0.0,"max_hp_loss":0.0,"gold_gain":0.0,"event_name":"Ghosts","player_choice":"Ignored","floor":22.0,"gold_loss":0.0,"damage_taken":0.0},{"damage_healed":0.0,"max_hp_gain":0.0,"max_hp_loss":0.0,"gold_gain":100.0,"event_name":"Golden Shrine","player_choice":"Pray","floor":24.0,"gold_loss":0.0,"damage_taken":0.0},{"damage_healed":0.0,"max_hp_gain":0.0,"max_hp_loss":0.0,"gold_gain":0.0,"event_name":"The Mausoleum","player_choice":"Opened","floor":29.0,"gold_loss":0.0,"damage_taken":0.0,"relics_obtained":["Bag of Marbles"]},{"damage_healed":29.0,"max_hp_gain":0.0,"max_hp_loss":0.0,"gold_gain":0.0,"event_name":"The Library","player_choice":"Heal","floor":31.0,"gold_loss":0.0,"damage_taken":0.0},{"damage_healed":0.0,"max_hp_gain":0.0,"max_hp_loss":0.0,"gold_gain":0.0,"event_name":"Tomb of Lord Red Mask","player_choice":"Ignored","floor":36.0,"gold_loss":0.0,"damage_taken":0.0},{"cards_removed":["Strike_R"],"damage_healed":0.0,"max_hp_gain":0.0,"max_hp_loss":0.0,"gold_gain":0.0,"event_name":"Falling","player_choice":"Removed Attack","floor":38.0,"gold_loss":0.0,"damage_taken":0.0},{"damage_healed":0.0,"max_hp_gain":0.0,"max_hp_loss":0.0,"gold_gain":0.0,"event_name":"Lab","player_choice":"Got Potions","floor":41.0,"gold_loss":0.0,"damage_taken":0.0},{"damage_healed":0.0,"max_hp_gain":0.0,"max_hp_loss":0.0,"gold_gain":0.0,"event_name":"SensoryStone","player_choice":"Memory 1","floor":42.0,"gold_loss":0.0,"damage_taken":0.0},{"damage_healed":0.0,"max_hp_gain":0.0,"max_hp_loss":0.0,"gold_gain":0.0,"event_name":"MindBloom","player_choice":"Fight","floor":44.0,"gold_loss":0.0,"damage_taken":0.0}],"is_beta":false,"boss_relics":[{"not_picked":["SlaversCollar","Pandora\u0027s Box"],"picked":"Runic Pyramid"},{"not_picked":["Runic Cube","Astrolabe"],"picked":"Fusion Hammer"}],"items_purged_floors":[20],"is_endless":false,"potions_floor_spawned":[5,7,8,12,19,23,27,44],"ascension_level":0}}