{"host":"c78wly9r9u34kc2l","time":1614202844,"event":{"mods":["AchievementEnabler","Aspiration","BaseMod","Better Altar","Better Skull","Better Third Choice","BetterRewards","Card Forge","Colored Powertips","Conspire","Displayed Cursed Tome","Highlight Path","Hubris","Infinite Spire","Mimic Mod","Minty Spire (QoL Compilation)","Permanent Neow","Quick Restart","Replay The Spire","Shop Mod","Spicy Shops","Spikes Relics","StSLib"],"gold_per_floor":[118,393,403,419,419,452,466,499,522,551,551,611,611,626,626,704,704,723,131,146,146,165,196,196,226,252,252,279,3,21,48,48,126,126,144,183,183,208,228,228,262,262,262,289,330,330,350,364,364,364,364,364,364,77,114,114,114],"floor_reached":56,"language":"DEU","playtime":3165,"items_purged":[],"score":2935,"play_id":"bab942f4-5de0-4a7f-bbe4-faec144d34aa","local_time":"20210224224044","is_ascension_mode":true,"campfire_choices":[{"floor":13,"key":"RECALL"},{"floor":15,"key":"REST"},{"floor":24,"key":"REST"},{"data":"Replay:Undeath\u0027s Touch","floor":27,"key":"SMITH"},{"data":"ReplayTheSpireMod:Stacked","floor":32,"key":"SMITH"},{"floor":40,"key":"REST"},{"floor":49,"key":"REST"},{"floor":53,"key":"REST"}],"circlet_count":0,"master_deck":["AscendersBane","Defend_R+1","Defend_R+1","Defend_R+1","Defend_R+1","Bash+1","Heavy Blade+1","Sword Boomerang+1","True Grit+1","Sword Boomerang+1","Pommel Strike+1","Seeing Red+1","Double Tap+1","Replay:Undeath\u0027s Touch+1","Dropkick+1","Fire Breathing+1","ReplayTheSpireMod:Stacked+1","Blood for Blood+1","BarbarianYell+1","Headbutt+1","Sword Boomerang+1","Feed+1","Whirlwind+1","Dropkick+1"],"relics":["Burning Blood","Hammer of Thor","Seething Fire","Anvil of the Gods","MerchantsRug","conspire:Flyswatter","Anchor","Chemical X","SuspiciousGoo","infinitespire:ShieldingShard","ClockworkSouvenir","Red Skull","Rawhide","StoneCalendar","ReplayTheSpireMod:CursedCoin","Ginger","HandDrill","Meat on the Bone","Brimstone","Akabeko","Replay:Wax Seal","aspiration:StickyExplosives","Black Star","Sling","Quantum Egg","hubris:TenFootPole","Mummified Hand","PreservedInsect","Replay:Ringing Soul","infinitespire:Bottled Soul","Replay:Bottled Eggs","Calipers","Gremlin Horn","Replay:Accelerometer","HailfireSword","CeramicFish","Ornamental Fan","conspire:TopHat","hubris:DisguiseKit","HornCleat","Lizard Tail","hubris:EvacipatedBox","Bag of Marbles","BrokenLever","Bottled Tornado"],"acts_visited":["Exordium","TheCity","TheBeyond","TheEnding"],"potions_floor_usage":[25,38,44,56,56],"damage_taken":[{"damage":0,"enemies":"conspire:RoseBush","floor":1,"turns":3},{"damage":0,"enemies":"Cultist","floor":3,"turns":2},{"damage":0,"enemies":"Jaw Worm","floor":4,"turns":2},{"damage":14,"enemies":"Lagavulin","floor":6,"turns":4},{"damage":0,"enemies":"Lots of Slimes","floor":7,"turns":3},{"damage":0,"enemies":"3 Sentries","floor":8,"turns":4},{"damage":0,"enemies":"Replay:BlueRogue","floor":10,"turns":2},{"damage":0,"enemies":"Looter","floor":14,"turns":1},{"damage":14,"enemies":"Fading Forest","floor":16,"turns":9},{"damage":0,"enemies":"Spheric Guardian","floor":18,"turns":1},{"damage":0,"enemies":"2 Thieves","floor":20,"turns":2},{"damage":0,"enemies":"conspire:HollyBat","floor":22,"turns":6},{"damage":32,"enemies":"Nightmare","floor":23,"turns":6},{"damage":0,"enemies":"Replay:Snechameleon","floor":25,"turns":2},{"damage":0,"enemies":"Book of Stabbing","floor":28,"turns":2},{"damage":0,"enemies":"Snake Plant","floor":30,"turns":2},{"damage":0,"enemies":"conspire:SneckoGhost","floor":31,"turns":2},{"damage":20,"enemies":"Champ","floor":33,"turns":6},{"damage":0,"enemies":"3 Darklings","floor":35,"turns":2},{"damage":14,"enemies":"conspire:MimicChest","floor":36,"turns":4},{"damage":16,"enemies":"3 Shapes","floor":38,"turns":2},{"damage":55,"enemies":"Sphere and 2 Shapes","floor":39,"turns":4},{"damage":21,"enemies":"R_Hoarder","floor":41,"turns":3},{"damage":50,"enemies":"Transient","floor":44,"turns":6},{"damage":0,"enemies":"Reptomancer","floor":45,"turns":2},{"damage":5,"enemies":"Jaw Worm Horde","floor":47,"turns":2},{"damage":0,"enemies":"3 Darklings","floor":48,"turns":3},{"damage":60,"enemies":"hubris:GrandSnecko","floor":50,"turns":6},{"damage":103,"enemies":"Donu and Deca","floor":51,"turns":7},{"damage":63,"enemies":"Shield and Spear","floor":55,"turns":4},{"damage":79,"enemies":"The Heart","floor":56,"turns":6}],"seed_played":"-2445926388471269043","potions_obtained":[{"floor":1,"key":"EssenceOfSteel"},{"floor":3,"key":"LiquidBronze"},{"floor":14,"key":"DuplicationPotion"},{"floor":25,"key":"Fruit Juice"},{"floor":28,"key":"SteroidPotion"},{"floor":38,"key":"Fruit Juice"},{"floor":39,"key":"Swift Potion"},{"floor":48,"key":"SteroidPotion"}],"is_trial":false,"path_per_floor":["M","?","M","M","?","E","M","E","T","E","?","$","R","M","R","B",null,"M","$","M","?","M","NM","R","E","T","R","E","$","M","E","R","B",null,"M","?","?","M","M","R","E","?","T","M","E","$","M","M","R","B","B",null,"R","$","E","B"],"character_chosen":"IRONCLAD","items_purchased":["MerchantsRug","conspire:Flyswatter","Anchor","Chemical X","SuspiciousGoo","infinitespire:ShieldingShard","ClockworkSouvenir","Red Skull","Rawhide","StoneCalendar","ReplayTheSpireMod:CursedCoin","Ginger","HandDrill","hubris:ChampionShield","Meat on the Bone","Brimstone","Sling","Quantum Egg","hubris:TenFootPole","Calipers","hubris:EvacipatedBox","Bag of Marbles","Dexterity Potion","Whirlwind"],"campfire_rested":5,"item_purchase_floors":[0,0,0,0,0,0,0,0,0,0,0,0,0,0,0,0,19,19,19,29,46,54,54,54],"current_hp_per_floor":[74,74,75,75,71,63,69,75,75,75,75,75,75,78,78,70,76,81,81,81,81,81,55,79,86,86,86,89,89,89,89,89,78,89,95,90,90,88,51,82,70,109,109,68,77,58,71,77,111,69,41,97,115,118,76,0,0],"gold":114,"neow_bonus":"","is_daily":false,"chose_seed":false,"campfire_upgraded":2,"win_rate":0.0,"timestamp":1614202844,"path_taken":["M","?","?","M","?","E","?","E","T","E","?","$","R","M","R","BOSS","M","$","M","?","?","NM","R","E","T","R","E","?","M","E","R","BOSS","M","?","?","?","M","R","E","?","T","M","E","?","M","M","R","BOSS","BOSS","R","$","E","BOSS"],"items_purchased_type":["Relic","Relic","Relic","Relic","Relic","Relic","Relic","Relic","Relic","Relic","Relic","Relic","Relic","Relic","Relic","Relic","Relic","Relic","Relic","Relic","Relic","Relic","Potion","Card"],"build_version":"2020-12-22","purchased_purges":0,"victory":false,"max_hp_per_floor":[75,75,75,75,75,75,75,75,75,75,75,75,75,78,78,78,78,81,81,81,81,81,81,81,86,86,86,89,89,89,89,89,92,92,95,98,98,106,106,106,109,109,109,112,115,115,115,115,115,115,115,115,115,118,121,121,121],"card_choices":[{"not_picked":["Hemokinesis","Armaments"],"picked":"Heavy Blade","floor":1},{"not_picked":["Clash","hubris:ReadiedAction","Rampage"],"picked":"SKIP","floor":3},{"not_picked":["Heavy Blade","ReplayTheSpireMod:Strike From Hell"],"picked":"Sword Boomerang","floor":4},{"not_picked":["Shrug It Off","Battle Trance"],"picked":"True Grit","floor":6},{"not_picked":["Flex","Anger"],"picked":"Sword Boomerang","floor":7},{"not_picked":["Flex","Wild Strike","Berserk"],"picked":"SKIP","floor":8},{"not_picked":["Searing Blow","Run Through"],"picked":"Pommel Strike","floor":10},{"not_picked":["Clothesline","Abandon"],"picked":"Seeing Red","floor":14},{"not_picked":["Offering","Juggernaut"],"picked":"Double Tap","floor":16},{"not_picked":["Clothesline","Metallicize"],"picked":"Replay:Undeath\u0027s Touch","floor":18},{"not_picked":["True Grit","Battle Trance"],"picked":"Dropkick+1","floor":20},{"not_picked":["Body Slam+1","True Grit"],"picked":"Fire Breathing","floor":22},{"not_picked":["Defy Death","infinitespire:OneForAll","Heavy Blade"],"picked":"SKIP","floor":23},{"not_picked":["Body Slam","Entrench","Heavy Blade+1"],"picked":"SKIP","floor":25},{"not_picked":["Armaments+1","hubris:ReadiedAction"],"picked":"ReplayTheSpireMod:Stacked","floor":28},{"not_picked":["ReplayTheSpireMod:Strike From Hell","Double Tap","Perfected Strike+1"],"picked":"SKIP","floor":30},{"not_picked":["infinitespire:OneForAll","Clash+1","conspire:Purge"],"picked":"SKIP","floor":31},{"not_picked":["Brutality","Replay:Many Hands"],"picked":"Offering","floor":33},{"not_picked":["Defy Death","Armaments"],"picked":"Blood for Blood","floor":35},{"not_picked":["Fire Breathing+1","Rage"],"picked":"BarbarianYell","floor":36},{"not_picked":["Replay:Undeath\u0027s Touch","Cleave"],"picked":"Headbutt","floor":38},{"not_picked":["Heavy Blade+1","hubris:ReadiedAction","Shrug It Off+1"],"picked":"SKIP","floor":39},{"not_picked":["Cleave+1","Sever Soul"],"picked":"Inflame","floor":41},{"not_picked":["ReplayReversal+1","ReplayTheSpireMod:Strike From Hell+1","Blade Dance"],"picked":"Sword Boomerang","floor":44},{"not_picked":["Perfected Strike","Ghostly Armor","Bane"],"picked":"Feed","floor":45},{"not_picked":["Headbutt","Infernal Blade","Seeing Red+1","ReplayTheSpireMod:Exploit Weakness"],"picked":"SKIP","floor":47},{"not_picked":["Headbutt","Infernal Blade","Seeing Red+1","ReplayTheSpireMod:Exploit Weakness"],"picked":"SKIP","floor":47},{"not_picked":["ReplayTheSpireMod:Muscle Training","Carnage","Heavy Blade+1","hubris:SlightOfHand"],"picked":"SKIP","floor":48},{"not_picked":["Heavy Blade","Perfected Strike+1","Hidden Blade"],"picked":"Dropkick+1","floor":55}],"player_experience":776469,"relics_obtained":[{"floor":6,"key":"Akabeko"},{"floor":9,"key":"Replay:Wax Seal"},{"floor":10,"key":"aspiration:StickyExplosives"},{"floor":23,"key":"Mummified Hand"},{"floor":23,"key":"PreservedInsect"},{"floor":25,"key":"Replay:Ringing Soul"},{"floor":25,"key":"infinitespire:Bottled Soul"},{"floor":28,"key":"Replay:Bottled Eggs"},{"floor":31,"key":"Gremlin Horn"},{"floor":31,"key":"Replay:Accelerometer"},{"floor":36,"key":"CeramicFish"},{"floor":41,"key":"Ornamental Fan"},{"floor":41,"key":"conspire:TopHat"},{"floor":43,"key":"hubris:DisguiseKit"},{"floor":45,"key":"HornCleat"},{"floor":45,"key":"Lizard Tail"},{"floor":55,"key":"BrokenLever"},{"floor":55,"key":"Bottled Tornado"}],"event_choices":[{"damage_healed":0,"gold_gain":275,"player_choice":"Desecrate","damage_taken":0,"max_hp_gain":0,"max_hp_loss":0,"event_name":"Golden Shrine","floor":2,"gold_loss":0,"cards_obtained":["Regret"]},{"damage_healed":0,"gold_gain":0,"player_choice":"Bought 0 Potions","damage_taken":0,"max_hp_gain":0,"max_hp_loss":0,"event_name":"The Woman in Blue","floor":5,"gold_loss":0},{"damage_healed":0,"gold_gain":0,"player_choice":"Box","damage_taken":0,"relics_obtained":["hubris:Reverence"],"max_hp_gain":0,"max_hp_loss":0,"event_name":"Big Fish","floor":11,"gold_loss":0,"cards_obtained":["Regret"]},{"damage_healed":0,"gold_gain":0,"player_choice":"0 cards matched","damage_taken":0,"max_hp_gain":0,"max_hp_loss":0,"event_name":"Match and Keep!","floor":21,"gold_loss":0,"cards_obtained":[]},{"cards_removed":["Offering"],"damage_healed":0,"gold_gain":0,"player_choice":"Removed Skill","damage_taken":0,"max_hp_gain":0,"max_hp_loss":0,"event_name":"Falling","floor":37,"gold_loss":0},{"cards_removed":["Inflame"],"damage_healed":39,"gold_gain":0,"player_choice":"Offered Uncommon","damage_taken":0,"max_hp_gain":0,"max_hp_loss":0,"event_name":"Bonfire Elementals","floor":42,"gold_loss":0}],"is_beta":false,"boss_relics":[{"not_picked":["Runic Dome","ReplayTheSpireMod:DimensionalGlitch"],"picked":"Black Star"},{"not_picked":["hubris:BlackHole","Snecko Eye"],"picked":"HailfireSword"}],"items_purged_floors":[],"is_endless":false,"potions_floor_spawned":[1,3,6,14,16,18,25,28,30,36,38,39,48,55],"killed_by":"The Heart","ascension_level":20}}