{"host":"xsuxkwaivmtd234a","time":1614183158,"event":{"mods":["BaseMod","Bestiary","Colored Map","Minty Spire (QoL Compilation)","Relic Stats","StSLib"],"gold_per_floor":[117,128,141,62,80,80,93,93,93,93,106,106,106,150,150,271,271,290,308,83,104,120,158,158,158,158,176,203,221,250,102,102,205,205,222,232,232,247,299,325,325,357,384,410,410,410,425,441,441,441,441,441,77,111,111],"floor_reached":56,"language":"ENG","playtime":3569,"items_purged":["Redo"],"score":1861,"play_id":"b12b2d14-8675-4b63-a217-000b9a0d2fcc","local_time":"20210224111238","is_ascension_mode":true,"campfire_choices":[{"data":"Barrage","floor":6,"key":"SMITH"},{"data":"Capacitor","floor":8,"key":"SMITH"},{"floor":10,"key":"REST"},{"data":"Self Repair","floor":13,"key":"SMITH"},{"data":"Zap","floor":15,"key":"SMITH"},{"data":"Biased Cognition","floor":25,"key":"SMITH"},{"data":"Buffer","floor":32,"key":"SMITH"},{"data":"Multi-Cast","floor":41,"key":"SMITH"},{"floor":45,"key":"RECALL"},{"data":"Capacitor","floor":49,"key":"SMITH"},{"data":"Consume","floor":52,"key":"SMITH"}],"circlet_count":0,"master_deck":["AscendersBane","Zap+1","Dualcast","Barrage+1","Ball Lightning","Self Repair+1","Capacitor+1","Glacier","Glacier","Core Surge","Stack","Rip and Tear","Loop","All For One","Biased Cognition+1","Electrodynamics","Multi-Cast+1","Sweeping Beam","Consume+1","Hyperbeam","Cold Snap","Redo+1","Go for the Eyes+1","Double Energy","Buffer+1","Ball Lightning","Core Surge","Recycle+1","Defragment+1","Heatsinks+1","Ball Lightning+1","Defragment+1","Barrage+1","PanicButton","Flash of Steel","Enlightenment","Capacitor+1","Turbo+1","Seek","Core Surge","Defragment"],"relics":["Nuclear Battery","Bloody Idol","Mango","Pandora\u0027s Box","ClockworkSouvenir","Mercury Hourglass","Art of War","Dead Branch","Gambling Chip","Chemical X","Snecko Eye","Lizard Tail","Prayer Wheel","Bottled Flame","Strawberry","Blue Candle","Sundial"],"acts_visited":["Exordium","TheCity","TheBeyond","TheEnding"],"potions_floor_usage":[16,18,21,28,28,33,55,55],"damage_taken":[{"damage":7,"enemies":"Jaw Worm","floor":1,"turns":4},{"damage":4,"enemies":"2 Louse","floor":2,"turns":3},{"damage":10,"enemies":"Small Slimes","floor":3,"turns":3},{"damage":38,"enemies":"Exordium Wildlife","floor":5,"turns":5},{"damage":6,"enemies":"3 Louse","floor":7,"turns":4},{"damage":0,"enemies":"Blue Slaver","floor":11,"turns":4},{"damage":8,"enemies":"3 Sentries","floor":14,"turns":8},{"damage":7,"enemies":"Slime Boss","floor":16,"turns":8},{"damage":17,"enemies":"Chosen","floor":18,"turns":4},{"damage":6,"enemies":"Shell Parasite","floor":19,"turns":4},{"damage":0,"enemies":"3 Cultists","floor":21,"turns":4},{"damage":13,"enemies":"Centurion and Healer","floor":22,"turns":4},{"damage":32,"enemies":"Slavers","floor":23,"turns":4},{"damage":0,"enemies":"Snecko","floor":27,"turns":3},{"damage":17,"enemies":"Gremlin Leader","floor":28,"turns":4},{"damage":0,"enemies":"Shelled Parasite and Fungi","floor":29,"turns":7},{"damage":34,"enemies":"Slavers","floor":30,"turns":3},{"damage":15,"enemies":"Automaton","floor":33,"turns":7},{"damage":0,"enemies":"3 Shapes","floor":35,"turns":2},{"damage":0,"enemies":"3 Darklings","floor":36,"turns":4},{"damage":0,"enemies":"Maw","floor":38,"turns":6},{"damage":9,"enemies":"2 Orb Walkers","floor":39,"turns":3},{"damage":18,"enemies":"Reptomancer","floor":40,"turns":6},{"damage":5,"enemies":"Nemesis","floor":42,"turns":5},{"damage":0,"enemies":"Giant Head","floor":44,"turns":7},{"damage":0,"enemies":"Sphere and 2 Shapes","floor":47,"turns":5},{"damage":16,"enemies":"Writhing Mass","floor":48,"turns":8},{"damage":19,"enemies":"Awakened One","floor":50,"turns":11},{"damage":38,"enemies":"Shield and Spear","floor":54,"turns":6},{"damage":7,"enemies":"The Heart","floor":55,"turns":12}],"seed_played":"-8605833454570691245","potions_obtained":[{"floor":1,"key":"Strength Potion"},{"floor":11,"key":"FocusPotion"},{"floor":16,"key":"AttackPotion"},{"floor":18,"key":"Explosive Potion"},{"floor":19,"key":"Dexterity Potion"},{"floor":27,"key":"Swift Potion"},{"floor":28,"key":"LiquidMemories"},{"floor":30,"key":"Ancient Potion"},{"floor":33,"key":"AttackPotion"},{"floor":35,"key":"Ancient Potion"}],"is_trial":false,"path_per_floor":["M","M","M","$","M","R","M","R","T","R","M","?","R","E","R","B",null,"M","M","$","M","M","E","?","R","T","M","E","M","E","$","R","B",null,"M","M","?","M","?","E","R","E","T","E","R","?","M","M","R","B",null,"R","$","E","B",null],"character_chosen":"DEFECT","items_purchased":["Capacitor","ClockworkSouvenir","Hyperbeam","Chemical X","Seek","Core Surge","Defragment"],"campfire_rested":1,"item_purchase_floors":[4,20,20,31,53,53,53],"current_hp_per_floor":[61,57,47,47,16,16,17,17,17,39,46,46,46,62,62,65,79,72,76,76,76,73,51,51,51,51,66,64,79,50,50,50,50,75,80,83,83,83,79,76,76,83,90,90,90,80,90,89,89,80,88,88,88,55,48],"gold":111,"neow_bonus":"BOSS_RELIC","is_daily":false,"chose_seed":false,"campfire_upgraded":9,"win_rate":0.0,"timestamp":1614183158,"path_taken":["M","M","M","$","M","R","M","R","T","R","M","?","R","E","R","BOSS","M","M","$","M","M","E","?","R","T","M","E","M","E","$","R","BOSS","M","M","?","M","?","E","R","E","T","E","R","?","M","M","R","BOSS","R","$","E","BOSS"],"items_purchased_type":["Card","Relic","Card","Relic","Card","Card","Card"],"build_version":"2020-12-22","purchased_purges":1,"victory":true,"max_hp_per_floor":[75,75,75,75,75,75,75,75,75,75,75,69,69,83,83,83,83,83,83,83,83,83,83,83,83,83,83,83,83,83,83,83,83,83,83,83,83,83,83,83,83,83,90,90,90,90,90,90,90,90,90,90,90,90,90],"relic_stats":{"counters":[30,158],"Dead Branch":[64],"Blue Candle":[0],"Mercury Hourglass":[359],"Lizard Tail":0,"Sundial":[0],"Bloody Idol":52,"Gambling Chip":[46],"Snecko Eye":[138,148,136,161],"Pandora\u0027s Box":["Stack","Rip and Tear","Loop","All For One","Biased Cognition","Electrodynamics","Multi-Cast","Sweeping Beam"],"Prayer Wheel":2,"Art of War":[17],"Chemical X":[9],"obtain_stats":[{"Golden Idol":12,"Dead Branch":28,"Blue Candle":44,"Mango":14,"Nuclear Battery":0,"ClockworkSouvenir":20,"Mercury Hourglass":23,"Lizard Tail":39,"Bottled Flame":42,"Sundial":54,"Bloody Idol":24,"Gambling Chip":30,"Strawberry":43,"Snecko Eye":34,"Pandora\u0027s Box":17,"Prayer Wheel":40,"Art of War":26,"Chemical X":31,"Cracked Core":0},{"Golden Idol":6,"Dead Branch":15,"Blue Candle":25,"Mango":7,"Nuclear Battery":0,"ClockworkSouvenir":10,"Mercury Hourglass":13,"Lizard Tail":22,"Bottled Flame":24,"Sundial":29,"Bloody Idol":13,"Gambling Chip":17,"Strawberry":24,"Snecko Eye":18,"Pandora\u0027s Box":8,"Prayer Wheel":23,"Art of War":13,"Chemical X":17,"Cracked Core":0},{"Golden Idol":23,"Dead Branch":66,"Blue Candle":116,"Mango":31,"Nuclear Battery":0,"ClockworkSouvenir":47,"Mercury Hourglass":59,"Lizard Tail":98,"Bottled Flame":109,"Sundial":146,"Bloody Idol":59,"Gambling Chip":76,"Strawberry":109,"Snecko Eye":83,"Pandora\u0027s Box":39,"Prayer Wheel":104,"Art of War":59,"Chemical X":76,"Cracked Core":0}]},"card_choices":[{"not_picked":["Capacitor","Sweeping Beam"],"picked":"Barrage","floor":1},{"not_picked":["Stack","Fusion"],"picked":"Ball Lightning","floor":2},{"not_picked":["Rebound","Cold Snap"],"picked":"Self Repair","floor":3},{"not_picked":["Go for the Eyes","Turbo"],"picked":"Glacier","floor":5},{"not_picked":["Go for the Eyes","Conserve Battery","Storm"],"picked":"SKIP","floor":7},{"not_picked":["Genetic Algorithm","Skim"],"picked":"Glacier","floor":11},{"not_picked":["Force Field","Heatsinks","Coolheaded"],"picked":"SKIP","floor":14},{"not_picked":["All For One","Machine Learning"],"picked":"Core Surge","floor":16},{"not_picked":["Beam Cell","Loop"],"picked":"Redo","floor":18},{"not_picked":["Gash","Tempest+1"],"picked":"Consume","floor":19},{"not_picked":["Redo","Ball Lightning+1"],"picked":"Cold Snap","floor":21},{"not_picked":["Static Discharge","Fusion"],"picked":"Redo+1","floor":22},{"not_picked":["Chaos","Cold Snap+1"],"picked":"Go for the Eyes+1","floor":23},{"not_picked":["Conserve Battery","Sweeping Beam"],"picked":"Double Energy","floor":27},{"not_picked":["Sweeping Beam","Lockon"],"picked":"Buffer","floor":28},{"not_picked":["Reinforced Body","Darkness","Leap"],"picked":"SKIP","floor":29},{"not_picked":["Stack","Rebound"],"picked":"Ball Lightning","floor":30},{"not_picked":["Multi-Cast","Buffer"],"picked":"Core Surge","floor":33},{"not_picked":["Self Repair+1","Consume"],"picked":"Recycle+1","floor":35},{"not_picked":["Ball Lightning","Turbo+1"],"picked":"Defragment+1","floor":36},{"not_picked":["Hologram","Fusion+1"],"picked":"Heatsinks+1","floor":38},{"not_picked":["FTL","Gash+1"],"picked":"Ball Lightning+1","floor":39},{"not_picked":["BootSequence","Rainbow"],"picked":"Defragment+1","floor":40},{"not_picked":["Lockon+1","Tempest"],"picked":"Barrage+1","floor":42},{"not_picked":["Recycle","Leap+1","BootSequence"],"picked":"SKIP","floor":44},{"not_picked":["Madness","Secret Weapon"],"picked":"PanicButton","floor":46},{"not_picked":["Trip","Madness"],"picked":"Flash of Steel","floor":46},{"not_picked":["Mind Blast","Forethought"],"picked":"Enlightenment","floor":46},{"not_picked":["Rainbow","Recycle+1"],"picked":"Capacitor","floor":47},{"not_picked":["Beam Cell","Coolheaded","Compile Driver+1"],"picked":"SKIP","floor":47},{"not_picked":["Cold Snap+1","Hologram+1"],"picked":"Turbo+1","floor":48},{"not_picked":["Hello World+1","Cold Snap+1","Barrage+1"],"picked":"SKIP","floor":48},{"not_picked":["Rebound+1","Self Repair","Double Energy"],"picked":"SKIP","floor":54}],"player_experience":1366466,"relics_obtained":[{"floor":14,"key":"Mango"},{"floor":23,"key":"Mercury Hourglass"},{"floor":26,"key":"Art of War"},{"floor":28,"key":"Dead Branch"},{"floor":30,"key":"Gambling Chip"},{"floor":39,"key":"Lizard Tail"},{"floor":40,"key":"Prayer Wheel"},{"floor":42,"key":"Bottled Flame"},{"floor":43,"key":"Strawberry"},{"floor":44,"key":"Blue Candle"},{"floor":54,"key":"Sundial"}],"event_choices":[{"damage_healed":0,"gold_gain":0,"player_choice":"Lose Max HP","damage_taken":0,"relics_obtained":["Golden Idol"],"max_hp_gain":0,"max_hp_loss":6,"event_name":"Golden Idol","floor":12,"gold_loss":0},{"damage_healed":0,"gold_gain":0,"player_choice":"Gave Idol","damage_taken":0,"relics_obtained":["Bloody Idol"],"max_hp_gain":0,"max_hp_loss":0,"event_name":"Forgotten Altar","floor":24,"relics_lost":["Golden Idol"],"gold_loss":0},{"damage_healed":0,"gold_gain":0,"player_choice":"Ignored","damage_taken":0,"max_hp_gain":0,"max_hp_loss":0,"event_name":"Tomb of Lord Red Mask","floor":37,"gold_loss":0},{"damage_healed":0,"gold_gain":0,"player_choice":"Fight","damage_taken":0,"max_hp_gain":0,"max_hp_loss":0,"event_name":"Mysterious Sphere","floor":39,"gold_loss":0},{"damage_healed":0,"gold_gain":0,"player_choice":"Memory 3","damage_taken":10,"max_hp_gain":0,"max_hp_loss":0,"event_name":"SensoryStone","floor":46,"gold_loss":0}],"is_beta":false,"boss_relics":[{"not_picked":["Ectoplasm","Cursed Key"],"picked":"Pandora\u0027s Box"},{"not_picked":["Tiny House","Velvet Choker"],"picked":"Snecko Eye"}],"items_purged_floors":[53],"is_endless":false,"potions_floor_spawned":[1,11,16,18,19,27,28,30,33,35,38,40,44,54],"ascension_level":10}}