{"host":"9v3x998ddbx8o276","time":1614144007,"event":{"mods":["AchievementEnabler","BaseMod","Colored Map","Colored Powertips","Highlight Path","Minty Spire (QoL Compilation)","Quick Restart","Rare Cards Sparkle"],"gold_per_floor":[119,137,137,150,150,150,52,87,87,120,136,151,151,171,171,244,244,255,255,96,114,37,37,37],"floor_reached":23,"language":"ENG","playtime":3273,"items_purged":[],"score":402,"play_id":"6746b8a9-620d-477f-9686-3ada85163c28","local_time":"20210224155007","is_ascension_mode":true,"campfire_choices":[{"floor":6.0,"key":"REST"},{"floor":13.0,"key":"REST"},{"floor":15,"key":"REST"}],"circlet_count":0,"master_deck":["AscendersBane","Defend_G","Defend_G","Defend_G","Defend_G","Defend_G","Survivor","Neutralize","Deadly Poison","Bane","Flechettes","Skewer","Crippling Poison","Terror","Deadly Poison","Prepared","Malaise","Flechettes+1","Poisoned Stab+1","Eviscerate+1","Dagger Spray","Panacea","Crippling Poison","A Thousand Cuts","Footwork"],"relics":["Runic Pyramid","Darkstone Periapt","Oddly Smooth Stone","Strawberry","Astrolabe"],"acts_visited":["Exordium","TheCity"],"potions_floor_usage":[16,16],"damage_taken":[{"damage":9.0,"enemies":"Small Slimes","floor":1.0,"turns":4.0},{"damage":1.0,"enemies":"2 Louse","floor":2.0,"turns":3.0},{"damage":6.0,"enemies":"Cultist","floor":4.0,"turns":4.0},{"damage":6.0,"enemies":"Gremlin Nob","floor":8.0,"turns":3.0},{"damage":39.0,"enemies":"3 Sentries","floor":10.0,"turns":11.0},{"damage":4.0,"enemies":"Large Slime","floor":11.0,"turns":5.0},{"damage":9.0,"enemies":"Gremlin Gang","floor":12.0,"turns":5.0},{"damage":0,"enemies":"Exordium Wildlife","floor":14,"turns":4},{"damage":38,"enemies":"Slime Boss","floor":16,"turns":12},{"damage":8,"enemies":"Spheric Guardian","floor":18,"turns":3},{"damage":6,"enemies":"Chosen","floor":21,"turns":4},{"damage":27,"enemies":"Gremlin Leader","floor":23,"turns":5}],"seed_played":"-2034613816884227151","potions_obtained":[{"floor":2.0,"key":"Fruit Juice"},{"floor":10.0,"key":"LiquidMemories"},{"floor":12.0,"key":"EssenceOfSteel"}],"is_trial":false,"path_per_floor":["M","M","?","M","?","R","$","E","T","E","M","M","R","M","R","B",null,"M","?","$","M","$","E"],"character_chosen":"THE_SILENT","items_purchased":["Explosive Potion","Skewer","Crippling Poison","LiquidBronze","Footwork"],"campfire_rested":3,"item_purchase_floors":[7,7,20,20,22],"current_hp_per_floor":[50,49,42,36,36,55,55,49,49,17,13,9,32,32,55,17,63,55,37,37,31,31,4,4],"gold":37,"neow_bonus":"BOSS_RELIC","is_daily":false,"chose_seed":false,"campfire_upgraded":0,"win_rate":0.0,"timestamp":1614144007,"path_taken":["M","M","?","M","?","R","$","E","T","E","?","M","R","M","R","BOSS","M","?","$","?","$","E"],"items_purchased_type":["Potion","Card","Card","Potion","Card"],"build_version":"2020-12-22","purchased_purges":0,"victory":false,"max_hp_per_floor":[66,66,66,66,66,66,66,66,66,73,73,78,78,78,78,78,78,78,78,78,78,78,78,78],"card_choices":[{"not_picked":["Underhanded Strike","Escape Plan"],"picked":"Deadly Poison","floor":1.0},{"not_picked":["PiercingWail","Dodge and Roll"],"picked":"Bane","floor":2.0},{"not_picked":["Bane","Heel Hook"],"picked":"Flechettes","floor":4.0},{"not_picked":["Expertise","Sucker Punch"],"picked":"Crippling Poison","floor":8.0},{"not_picked":["Caltrops","Deflect"],"picked":"Terror","floor":10.0},{"not_picked":["Endless Agony","Underhanded Strike","Acrobatics"],"picked":"SKIP","floor":11.0},{"not_picked":["Backflip","Well Laid Plans"],"picked":"Deadly Poison","floor":12.0},{"not_picked":["Caltrops","Backflip"],"picked":"Prepared","floor":14},{"not_picked":["Unload","Night Terror"],"picked":"Malaise","floor":16},{"not_picked":["Distraction+1","Outmaneuver"],"picked":"Dagger Spray","floor":18},{"not_picked":["Prepared","Blur"],"picked":"A Thousand Cuts","floor":21}],"player_experience":2252055,"relics_obtained":[{"floor":8.0,"key":"Darkstone Periapt"},{"floor":9.0,"key":"Oddly Smooth Stone"},{"floor":10.0,"key":"Strawberry"}],"event_choices":[{"cards_removed":["Strike_G"],"damage_healed":0.0,"max_hp_gain":0.0,"max_hp_loss":0.0,"gold_gain":0.0,"event_name":"Golden Wing","player_choice":"Card Removal","floor":3.0,"gold_loss":0.0,"damage_taken":7.0},{"cards_removed":["Strike_G"],"damage_healed":0.0,"max_hp_gain":0.0,"max_hp_loss":0.0,"gold_gain":0.0,"event_name":"Bonfire Elementals","player_choice":"Offered Basic","floor":5.0,"gold_loss":0.0,"damage_taken":0.0},{"damage_healed":0,"gold_gain":0,"player_choice":"POTION CARD ","damage_taken":18,"max_hp_gain":0,"max_hp_loss":0,"event_name":"Knowing Skull","floor":19,"potions_obtained":["SneckoOil"],"gold_loss":0,"cards_obtained":["Panacea"]}],"is_beta":false,"boss_relics":[{"not_picked":["Ectoplasm","Fusion Hammer"],"picked":"Astrolabe"}],"items_purged_floors":[],"is_endless":false,"potions_floor_spawned":[2,10,12,14,21],"killed_by":"Gremlin Leader","ascension_level":20}}