{"host":"qp7xs8nuzfsyommi","time":1614192300,"event":{"mods":["2.2 Compatiblity","BaseMod","Colored Powertips","DeckTracker","Highlight Path","Minty Spire (QoL Compilation)","Permanent Neow","Quick Restart","StSLib","Weighted Paths"],"gold_per_floor":[117,134,134,134,150,175,188,215,293,293,293,322,342,368,368,442,442,461,62,82,102,102,137,8,8,32,32,43,43,69,86,86,158,158,169,179,198,211,38,72,83,111,111,111,130,164,114,114,114,114,114,114,114,31,65,65],"floor_reached":57,"language":"ENG","playtime":4711,"items_purged":["Normality"],"score":3049,"play_id":"6e532219-6425-4fb3-b7ff-0e031d1ec3e9","local_time":"20210224134500","is_ascension_mode":true,"campfire_choices":[{"data":"TalkToTheHand","floor":10.0,"key":"SMITH"},{"floor":15.0,"key":"RECALL"},{"floor":25.0,"key":"REST"},{"floor":29.0,"key":"REST"},{"data":"Tantrum","floor":32.0,"key":"SMITH"},{"data":"CrushJoints","floor":49.0,"key":"SMITH"},{"data":"Protect","floor":53.0,"key":"SMITH"}],"circlet_count":0,"master_deck":["AscendersBane","Strike_P+1","Strike_P","Strike_P","Defend_P","Defend_P+1","Defend_P","Defend_P","Eruption","Vigilance+1","CutThroughFate","FollowUp","FlurryOfBlows+1","ThirdEye","Adaptation+1","SandsOfTime","TalkToTheHand+1","SandsOfTime","CutThroughFate","Vault","Meditate","Crescendo","FlurryOfBlows","TalkToTheHand","Omniscience","Wallop","Protect","InnerPeace","Protect+1","Tantrum+1","LessonLearned","CrushJoints+1","Indignation+1","SandsOfTime","Vault","WheelKick","WreathOfFlame+1"],"relics":["Snecko Eye","Shuriken","Gambling Chip","TeardropLocket","Pantograph","Whetstone","Gremlin Horn","Black Star","TungstenRod","Oddly Smooth Stone","WingedGreaves","Bronze Scales","MealTicket","Dream Catcher","Cursed Key","Nunchaku","White Beast Statue","Anchor","Orichalcum","Smiling Mask","Omamori","Toy Ornithopter","Art of War","Blue Candle"],"acts_visited":["Exordium","TheCity","TheBeyond","TheEnding"],"potions_floor_usage":[56],"damage_taken":[{"damage":0.0,"enemies":"Jaw Worm","floor":1.0,"turns":2.0},{"damage":0.0,"enemies":"Cultist","floor":2.0,"turns":1.0},{"damage":1.0,"enemies":"2 Louse","floor":5.0,"turns":2.0},{"damage":18.0,"enemies":"Lagavulin","floor":6.0,"turns":5.0},{"damage":5.0,"enemies":"Exordium Thugs","floor":7.0,"turns":3.0},{"damage":0.0,"enemies":"Gremlin Nob","floor":8.0,"turns":2.0},{"damage":3.0,"enemies":"Lagavulin","floor":12.0,"turns":5.0},{"damage":0.0,"enemies":"Blue Slaver","floor":13.0,"turns":1.0},{"damage":0.0,"enemies":"Gremlin Nob","floor":14.0,"turns":2.0},{"damage":11.0,"enemies":"The Guardian","floor":16.0,"turns":4.0},{"damage":0.0,"enemies":"Chosen","floor":18.0,"turns":3.0},{"damage":13.0,"enemies":"Shell Parasite","floor":20.0,"turns":4.0},{"damage":0.0,"enemies":"Snake Plant","floor":21.0,"turns":3.0},{"damage":23.0,"enemies":"Slavers","floor":23.0,"turns":4.0},{"damage":0.0,"enemies":"Centurion and Healer","floor":28.0,"turns":3.0},{"damage":0.0,"enemies":"Gremlin Leader","floor":30.0,"turns":3.0},{"damage":0.0,"enemies":"3 Cultists","floor":31.0,"turns":3.0},{"damage":18.0,"enemies":"Champ","floor":33.0,"turns":9.0},{"damage":0.0,"enemies":"3 Darklings","floor":35.0,"turns":3.0},{"damage":0.0,"enemies":"Orb Walker","floor":36.0,"turns":1.0},{"damage":0.0,"enemies":"Maw","floor":37.0,"turns":2.0},{"damage":4.0,"enemies":"Jaw Worm Horde","floor":38.0,"turns":2.0},{"damage":0.0,"enemies":"Giant Head","floor":40.0,"turns":5.0},{"damage":6.0,"enemies":"Writhing Mass","floor":41.0,"turns":3.0},{"damage":0.0,"enemies":"Reptomancer","floor":42.0,"turns":3.0},{"damage":0.0,"enemies":"Transient","floor":45.0,"turns":7.0},{"damage":30.0,"enemies":"Nemesis","floor":46.0,"turns":5.0},{"damage":30.0,"enemies":"Awakened One","floor":50.0,"turns":6.0},{"damage":51.0,"enemies":"Donu and Deca","floor":51.0,"turns":7.0},{"damage":28.0,"enemies":"Shield and Spear","floor":55.0,"turns":4.0},{"damage":50,"enemies":"The Heart","floor":56,"turns":8}],"seed_played":"4713660648770041530","potions_obtained":[{"floor":5.0,"key":"AttackPotion"},{"floor":6.0,"key":"AttackPotion"},{"floor":13.0,"key":"PowerPotion"},{"floor":20.0,"key":"EntropicBrew"},{"floor":28.0,"key":"PowerPotion"},{"floor":30.0,"key":"DistilledChaos"},{"floor":41.0,"key":"Swift Potion"},{"floor":42.0,"key":"EntropicBrew"},{"floor":55.0,"key":"Energy Potion"}],"is_trial":false,"path_per_floor":["M","M","?","$","M","E","M","E","T","R","T","E","M","E","R","B",null,"M","$","M","M","?","E","$","R","T","?","M","R","E","M","R","B",null,"M","M","M","M","$","E","M","E","T","?","M","E","$","?","R","B","B",null,"R","$","E","B",null],"character_chosen":"WATCHER","items_purchased":["TungstenRod","Crescendo","Wallop","Protect","Nunchaku","WheelKick"],"campfire_rested":2,"item_purchase_floors":[19,19,24,24,39,54],"current_hp_per_floor":[61,61,61,61,60,42,37,37,37,37,37,34,34,34,34,48,63,63,63,50,50,32,9,9,30,30,30,30,51,51,51,51,55,69,69,69,69,65,73,73,67,67,67,67,67,37,52,52,52,48,27,62,62,73,45,25],"gold":65,"neow_bonus":"BOSS_RELIC","is_daily":false,"chose_seed":false,"campfire_upgraded":4,"win_rate":0.0,"timestamp":1614192300,"path_taken":["M","M","?","$","?","E","?","E","T","R","?","E","M","E","R","BOSS","M","$","M","?","?","E","?","R","T","?","M","R","E","M","R","BOSS","M","M","M","M","$","E","M","E","T","?","?","E","$","?","R","BOSS","BOSS","R","$","E","BOSS"],"items_purchased_type":["Relic","Card","Card","Card","Relic","Card"],"build_version":"2020-12-22","purchased_purges":1,"victory":true,"max_hp_per_floor":[68,68,68,68,68,68,68,68,68,68,68,68,68,68,68,68,68,68,68,68,68,73,73,73,73,73,73,73,73,73,73,73,73,73,73,73,73,73,73,73,73,73,73,73,73,73,73,73,73,73,73,73,73,73,73,73],"card_choices":[{"not_picked":["SashWhip","Crescendo"],"picked":"CutThroughFate","floor":1.0},{"not_picked":["EmptyFist","Halt"],"picked":"FollowUp","floor":2.0},{"not_picked":["ClearTheMind","Halt"],"picked":"ThirdEye","floor":5.0},{"not_picked":["BowlingBash","Collect"],"picked":"Adaptation","floor":6.0},{"not_picked":["Evaluate","ThirdEye"],"picked":"SandsOfTime","floor":7.0},{"not_picked":["DeusExMachina","Protect"],"picked":"TalkToTheHand","floor":8.0},{"not_picked":["Protect","FollowUp"],"picked":"SandsOfTime","floor":12.0},{"not_picked":["EmptyFist","Worship","FollowUp"],"picked":"SKIP","floor":13.0},{"not_picked":["ConjureBlade","PathToVictory"],"picked":"CutThroughFate","floor":14.0},{"not_picked":["Blasphemy","Devotion"],"picked":"Vault","floor":16.0},{"not_picked":["CutThroughFate+1","Halt"],"picked":"Meditate","floor":18.0},{"not_picked":["EmptyBody+1","WindmillStrike"],"picked":"FlurryOfBlows","floor":20.0},{"not_picked":["Tantrum+1","EmptyBody"],"picked":"TalkToTheHand","floor":21.0},{"not_picked":["JustLucky+1","EmptyFist"],"picked":"Omniscience","floor":23.0},{"not_picked":["Vengeance","Halt"],"picked":"InnerPeace","floor":28.0},{"not_picked":["Prostrate","CarveReality"],"picked":"Protect","floor":30.0},{"not_picked":["FlurryOfBlows","BowlingBash"],"picked":"Tantrum","floor":31.0},{"not_picked":["Blasphemy","Devotion"],"picked":"LessonLearned","floor":33.0},{"not_picked":["FlyingSleeves+1","CutThroughFate","Meditate+1"],"picked":"SKIP","floor":35.0},{"not_picked":["Wireheading+1","JustLucky+1"],"picked":"CrushJoints","floor":36.0},{"not_picked":["Prostrate","Evaluate","PathToVictory"],"picked":"SKIP","floor":37.0},{"not_picked":["WreathOfFlame","Collect+1","Consecrate+1"],"picked":"SKIP","floor":38.0},{"not_picked":["Meditate","ReachHeaven"],"picked":"Indignation+1","floor":40.0},{"not_picked":["ThirdEye","FlyingSleeves","Conclude"],"picked":"SKIP","floor":41.0},{"not_picked":["Collect","Tantrum+1"],"picked":"SandsOfTime","floor":42.0},{"not_picked":["EmptyBody","Nirvana","Protect+1"],"picked":"SKIP","floor":45.0},{"not_picked":["Vengeance","JustLucky","BattleHymn+1"],"picked":"SKIP","floor":46.0},{"not_picked":["Devotion","CrushJoints"],"picked":"WreathOfFlame+1","floor":55.0}],"player_experience":1502394,"relics_obtained":[{"floor":6.0,"key":"Shuriken"},{"floor":8.0,"key":"Gambling Chip"},{"floor":9.0,"key":"TeardropLocket"},{"floor":11.0,"key":"Pantograph"},{"floor":12.0,"key":"Whetstone"},{"floor":14.0,"key":"Gremlin Horn"},{"floor":23.0,"key":"Oddly Smooth Stone"},{"floor":23.0,"key":"WingedGreaves"},{"floor":26.0,"key":"Bronze Scales"},{"floor":30.0,"key":"MealTicket"},{"floor":30.0,"key":"Dream Catcher"},{"floor":40.0,"key":"White Beast Statue"},{"floor":40.0,"key":"Anchor"},{"floor":42.0,"key":"Orichalcum"},{"floor":42.0,"key":"Smiling Mask"},{"floor":46.0,"key":"Omamori"},{"floor":46.0,"key":"Toy Ornithopter"},{"floor":55.0,"key":"Art of War"},{"floor":55.0,"key":"Blue Candle"}],"event_choices":[{"damage_healed":0.0,"max_hp_gain":0.0,"max_hp_loss":0.0,"gold_gain":0.0,"cards_transformed":["Strike_P"],"event_name":"Transmorgrifier","player_choice":"Transformed","floor":3.0,"gold_loss":0.0,"damage_taken":0.0,"cards_obtained":["FlurryOfBlows"]},{"damage_healed":0.0,"max_hp_gain":5.0,"max_hp_loss":0.0,"gold_gain":0.0,"event_name":"Forgotten Altar","player_choice":"Shed Blood","floor":22.0,"gold_loss":0.0,"damage_taken":24.0},{"damage_healed":0.0,"max_hp_gain":0.0,"max_hp_loss":0.0,"gold_gain":0.0,"event_name":"Vampires","player_choice":"Ignored","floor":27.0,"gold_loss":0.0,"damage_taken":0.0},{"damage_healed":0.0,"max_hp_gain":0.0,"max_hp_loss":0.0,"gold_gain":0.0,"event_name":"SecretPortal","player_choice":"Ignored","floor":44.0,"gold_loss":0.0,"damage_taken":0.0},{"damage_healed":0.0,"max_hp_gain":0.0,"max_hp_loss":0.0,"gold_gain":0.0,"event_name":"Match and Keep!","player_choice":"1 cards matched","floor":48.0,"gold_loss":0.0,"damage_taken":0.0,"cards_obtained":["Vault"]}],"is_beta":false,"boss_relics":[{"not_picked":["SacredBark","Runic Dome"],"picked":"Black Star"},{"not_picked":["Coffee Dripper","SlaversCollar"],"picked":"Cursed Key"}],"items_purged_floors":[47],"is_endless":false,"potions_floor_spawned":[5,6,13,20,21,28,30,36,41,42,45,46,55],"ascension_level":20}}