{"host":"r4yhuzs0e1z69tr3","time":1614137534,"event":{"mods":["BaseMod","Minty Spire (QoL Compilation)","Rare Cards Sparkle"],"gold_per_floor":[113,159,12,12,26,26,40,40,40,40,56,68,84,96,96,193,193,205,205,218,234,85,111,129,164,238,264,264,275,127,146,146,251,251,261,108,108,108,118,148,159,193,216,71,88,113,128,142,142,142],"floor_reached":51,"language":"ENG","playtime":2099,"items_purged":[],"score":1019,"play_id":"fa55a182-cb05-4067-a2c3-e0a7ab1660a4","local_time":"20210223223214","is_ascension_mode":true,"campfire_choices":[{"data":"Bash","floor":6,"key":"SMITH"},{"data":"Shrug It Off","floor":8,"key":"SMITH"},{"data":"Uppercut","floor":15,"key":"SMITH"},{"data":"Clash","floor":28,"key":"SMITH"},{"floor":32,"key":"REST"},{"data":"Uppercut","floor":49,"key":"SMITH"}],"circlet_count":0,"master_deck":["Strike_R+1","Strike_R","Strike_R","Strike_R","Strike_R","Defend_R+1","Defend_R","Defend_R+1","Bash+1","Shrug It Off+1","Clash+1","Uppercut+1","Immolate+1","Warcry","Pommel Strike+1","Uppercut+1","Flex+1","Infernal Blade+1","Limit Break+1","Battle Trance+1","Flex+1","Pummel+1"],"relics":["Black Blood","Anchor","Centennial Puzzle","Brimstone","Torii","PreservedInsect","Toxic Egg 2","Champion Belt","Self Forming Clay","White Beast Statue","HandDrill","Sozu","Pen Nib","Kunai","Art of War","War Paint","Oddly Smooth Stone","MealTicket"],"acts_visited":["Exordium","TheCity","TheBeyond"],"potions_floor_usage":[21,25,27,27,33,33,50,50],"damage_taken":[{"damage":1,"enemies":"Cultist","floor":1,"turns":4},{"damage":0,"enemies":"Small Slimes","floor":5,"turns":3},{"damage":0,"enemies":"2 Louse","floor":7,"turns":2},{"damage":2,"enemies":"Lots of Slimes","floor":11,"turns":3},{"damage":0,"enemies":"Gremlin Gang","floor":12,"turns":5},{"damage":10,"enemies":"Blue Slaver","floor":13,"turns":3},{"damage":1,"enemies":"Exordium Thugs","floor":14,"turns":4},{"damage":1,"enemies":"Slime Boss","floor":16,"turns":6},{"damage":23,"enemies":"Spheric Guardian","floor":18,"turns":4},{"damage":1,"enemies":"Shell Parasite","floor":20,"turns":2},{"damage":10,"enemies":"Cultist and Chosen","floor":21,"turns":4},{"damage":0,"enemies":"Gremlin Leader","floor":23,"turns":4},{"damage":48,"enemies":"Shelled Parasite and Fungi","floor":24,"turns":5},{"damage":20,"enemies":"Book of Stabbing","floor":25,"turns":4},{"damage":2,"enemies":"Gremlin Leader","floor":27,"turns":1},{"damage":17,"enemies":"Centurion and Healer","floor":29,"turns":4},{"damage":1,"enemies":"Chosen and Byrds","floor":31,"turns":4},{"damage":54,"enemies":"Collector","floor":33,"turns":6},{"damage":14,"enemies":"3 Darklings","floor":35,"turns":3},{"damage":8,"enemies":"3 Shapes","floor":39,"turns":2},{"damage":7,"enemies":"Nemesis","floor":40,"turns":3},{"damage":18,"enemies":"Spire Growth","floor":41,"turns":3},{"damage":0,"enemies":"Reptomancer","floor":42,"turns":3},{"damage":6,"enemies":"Transient","floor":45,"turns":5},{"damage":11,"enemies":"Giant Head","floor":46,"turns":4},{"damage":9,"enemies":"Maw","floor":47,"turns":5},{"damage":0,"enemies":"Jaw Worm Horde","floor":48,"turns":2},{"damage":46,"enemies":"Donu and Deca","floor":50,"turns":5}],"seed_played":"5976646100299194786","potions_obtained":[{"floor":1,"key":"BloodPotion"},{"floor":14,"key":"AttackPotion"},{"floor":16,"key":"FearPotion"},{"floor":24,"key":"Weak Potion"},{"floor":25,"key":"AttackPotion"},{"floor":27,"key":"Strength Potion"},{"floor":29,"key":"Dexterity Potion"},{"floor":33,"key":"DuplicationPotion"}],"is_trial":false,"path_per_floor":["M","T","$","?","M","R","M","R","T","?","M","M","M","M","R","B",null,"M","?","M","M","$","E","M","E","T","E","R","M","$","M","R","B",null,"M","$","?","?","M","E","M","E","T","$","M","E","M","M","R","B",null],"character_chosen":"IRONCLAD","items_purchased":["Brimstone","PreservedInsect","HandDrill","Pen Nib","Oddly Smooth Stone"],"campfire_rested":1,"item_purchase_floors":[3,22,30,36,44],"current_hp_per_floor":[80,80,80,80,80,80,80,80,80,80,80,80,76,80,80,80,80,69,69,80,80,80,80,44,36,36,46,46,41,41,52,76,50,80,78,78,76,76,76,76,70,76,76,76,76,76,76,76,76,42],"gold":142,"neow_bonus":"RANDOM_COMMON_RELIC","is_daily":false,"chose_seed":false,"campfire_upgraded":5,"win_rate":0.0,"timestamp":1614137534,"path_taken":["M","?","$","?","M","R","M","R","T","?","?","?","?","M","R","BOSS","M","?","M","M","$","E","M","E","T","E","R","M","?","M","R","BOSS","M","$","?","?","M","E","?","E","T","$","M","E","M","M","R","BOSS"],"items_purchased_type":["Relic","Relic","Relic","Relic","Relic"],"build_version":"2020-12-22","purchased_purges":0,"victory":true,"max_hp_per_floor":[80,80,80,80,80,80,80,80,80,80,80,80,80,80,80,80,80,80,80,80,80,80,80,80,80,80,80,80,80,80,80,80,80,80,80,80,76,76,76,76,76,76,76,76,76,76,76,76,76,76],"card_choices":[{"not_picked":["Rupture","Spot Weakness","Sword Boomerang"],"picked":"SKIP","floor":1},{"not_picked":["Burning Pact","Sword Boomerang","Havoc"],"picked":"SKIP","floor":5},{"not_picked":["Clothesline","Infernal Blade"],"picked":"Shrug It Off","floor":7},{"not_picked":["Dropkick","Havoc","Rage"],"picked":"SKIP","floor":11},{"not_picked":["Iron Wave","Clothesline"],"picked":"Clash","floor":12},{"not_picked":["Clash","Double Tap"],"picked":"Uppercut","floor":13},{"not_picked":["Havoc","Clothesline","Wild Strike"],"picked":"SKIP","floor":14},{"not_picked":["Brutality","Offering"],"picked":"Immolate","floor":16},{"not_picked":["Burning Pact","Armaments"],"picked":"Warcry","floor":18},{"not_picked":["Wild Strike","Perfected Strike","Pommel Strike"],"picked":"SKIP","floor":20},{"not_picked":["True Grit","Clash"],"picked":"Pommel Strike+1","floor":21},{"not_picked":["Barricade","Searing Blow","Havoc+1"],"picked":"SKIP","floor":23},{"not_picked":["Feel No Pain","Anger"],"picked":"Uppercut","floor":24},{"not_picked":["Dropkick","Warcry+1","Bludgeon"],"picked":"SKIP","floor":25},{"not_picked":["Headbutt","Carnage","Iron Wave+1"],"picked":"SKIP","floor":27},{"not_picked":["Carnage+1","Havoc+1"],"picked":"Flex+1","floor":29},{"not_picked":["Inflame","Thunderclap"],"picked":"Infernal Blade+1","floor":31},{"not_picked":["Feed","Demon Form"],"picked":"Limit Break+1","floor":33},{"not_picked":["Body Slam","Twin Strike"],"picked":"Battle Trance+1","floor":35},{"not_picked":["Havoc+1","Blood for Blood","Warcry+1"],"picked":"SKIP","floor":39},{"not_picked":["Rupture","Sword Boomerang+1","Perfected Strike"],"picked":"SKIP","floor":40},{"not_picked":["Twin Strike","Shockwave+1","Warcry+1"],"picked":"SKIP","floor":41},{"not_picked":["Headbutt","Hemokinesis+1"],"picked":"Flex+1","floor":42},{"not_picked":["Fire Breathing","Cleave+1","Body Slam"],"picked":"SKIP","floor":45},{"not_picked":["Bloodletting+1","Body Slam","Dual Wield+1"],"picked":"SKIP","floor":46},{"not_picked":["Wild Strike+1","Warcry+1"],"picked":"Pummel+1","floor":47},{"not_picked":["Searing Blow+1","Offering+1","Entrench+1"],"picked":"SKIP","floor":48}],"player_experience":183073,"relics_obtained":[{"floor":2,"key":"Centennial Puzzle"},{"floor":9,"key":"Torii"},{"floor":23,"key":"Toxic Egg 2"},{"floor":25,"key":"Champion Belt"},{"floor":26,"key":"Self Forming Clay"},{"floor":27,"key":"White Beast Statue"},{"floor":40,"key":"Kunai"},{"floor":42,"key":"Art of War"},{"floor":43,"key":"War Paint"},{"floor":46,"key":"MealTicket"}],"event_choices":[{"damage_healed":0,"gold_gain":0,"player_choice":"Ignored","damage_taken":0,"max_hp_gain":0,"max_hp_loss":0,"event_name":"Liars Game","floor":4,"gold_loss":0},{"damage_healed":0,"gold_gain":0,"player_choice":"Upgraded","damage_taken":0,"max_hp_gain":0,"max_hp_loss":0,"event_name":"Upgrade Shrine","floor":10,"gold_loss":0,"cards_upgraded":["Strike_R"]},{"damage_healed":0,"gold_gain":0,"player_choice":"Forge","damage_taken":0,"max_hp_gain":0,"max_hp_loss":0,"event_name":"Accursed Blacksmith","floor":19,"gold_loss":0,"cards_upgraded":["Immolate"]},{"damage_healed":0,"gold_gain":0,"player_choice":"Max HP","damage_taken":0,"max_hp_gain":0,"max_hp_loss":4,"event_name":"Winding Halls","floor":37,"gold_loss":0},{"cards_removed":["Defend_R"],"damage_healed":0,"gold_gain":0,"player_choice":"Offered Basic","damage_taken":0,"max_hp_gain":0,"max_hp_loss":0,"event_name":"Bonfire Elementals","floor":38,"gold_loss":0}],"is_beta":false,"boss_relics":[{"not_picked":["Runic Pyramid","Philosopher\u0027s Stone"],"picked":"Black Blood"},{"not_picked":["Busted Crown","Velvet Choker"],"picked":"Sozu"}],"items_purged_floors":[],"is_endless":false,"potions_floor_spawned":[1,14,16,24,25,27,29,31,33,35,39,40,41,42,45,46,47,48],"ascension_level":3}}