{"host":"mconkkfc0dudtfx5","time":1614142274,"event":{"mods":["BaseMod","Highlight Path","Hubris","Lobotomy","Marisa£®ÏF”Í°°ƒß¿Ì…≥£©","Minty Spire (QoL Compilation)","Remilia£®¿Ÿ√◊¿Ú—«£©","Shop Mod","StSLib","The Bug Knight","The Senshi","The Servant 0.9.4"],"gold_per_floor":[115,134,134,146,146,181,196,196,196],"floor_reached":8,"language":"ZHS","playtime":563,"items_purged":[],"score":58,"play_id":"73a02574-2762-4f74-846a-24868fce2f99","local_time":"20210224125114","is_ascension_mode":false,"campfire_choices":[],"circlet_count":0,"master_deck":["Strike_S","Strike_S","Strike_S+1","Strike_S","Defend_S+1","Defend_S","Defend_S","Defend_S","KidneyShot","Exchange","Luminosity","Desolation","Duplication","WasteNot"],"relics":["Uniform","Gambling Chip","HornCleat","Regal Pillow"],"acts_visited":["Exordium"],"potions_floor_usage":[],"damage_taken":[{"damage":8.0,"enemies":"Jaw Worm","floor":1.0,"turns":3.0},{"damage":0.0,"enemies":"2 Louse","floor":2.0,"turns":3.0},{"damage":5.0,"enemies":"Small Slimes","floor":4.0,"turns":4.0},{"damage":14,"enemies":"Lagavulin","floor":6,"turns":7},{"damage":0,"enemies":"Looter","floor":7,"turns":3},{"damage":9,"enemies":"3 Sentries","floor":8,"turns":2}],"seed_played":"-8857553072318185249","potions_obtained":[{"floor":1.0,"key":"EssenceOfSteel"},{"floor":4.0,"key":"Fruit Juice"}],"is_trial":false,"path_per_floor":["M","M","?","M","T","E","M","E"],"character_chosen":"THE_SERVANT","items_purchased":[],"campfire_rested":0,"item_purchase_floors":[],"current_hp_per_floor":[51,51,39,39,39,25,25,16,16],"gold":196,"neow_bonus":"ONE_RARE_RELIC","is_daily":false,"chose_seed":false,"campfire_upgraded":0,"win_rate":0.0,"timestamp":1614142274,"path_taken":["M","M","?","M","?","E","M","E"],"items_purchased_type":[],"build_version":"2020-12-22","purchased_purges":0,"victory":false,"max_hp_per_floor":[59,59,59,64,64,64,64,64,64],"card_choices":[{"not_picked":["Spin","Defy"],"picked":"Luminosity","floor":1.0},{"not_picked":["Rewind","Advance","ShatteredReality"],"picked":"SKIP","floor":2.0},{"not_picked":["Unruled","Starlight"],"picked":"Desolation","floor":4.0},{"not_picked":["Reset","Hightail"],"picked":"Duplication","floor":6},{"not_picked":["DoubleEdge","Rearm"],"picked":"WasteNot","floor":7}],"player_experience":263871,"relics_obtained":[{"floor":5.0,"key":"HornCleat"},{"floor":6,"key":"Regal Pillow"}],"event_choices":[{"damage_healed":0.0,"max_hp_gain":0.0,"max_hp_loss":0.0,"gold_gain":0.0,"event_name":"Shining Light","player_choice":"Entered Light","floor":3.0,"gold_loss":0.0,"damage_taken":12.0,"cards_upgraded":["Defend_S","Strike_S"]}],"is_beta":false,"boss_relics":[],"items_purged_floors":[],"is_endless":false,"potions_floor_spawned":[1,4],"killed_by":"3 Sentries","ascension_level":0}}