{"host":"766wsm9lakadcpgc","time":1614143574,"event":{"mods":["Alarm Clock","BaseMod","Bestiary","Block Reminder","Colored Map","Colored Powertips","Curses Come First","Dark Map","Filter the Spire","Minty Spire (QoL Compilation)","Quick Restart","RNG Fix","Relic Stats","Smile Girya","StSLib","everything is the same but u backflip on backflip","ojb\u0027s Better Paths Mod","ojb\u0027s Info Mod: The sequel","slay the spire mod where everything is the same but ironclad has a cowboy hat"],"gold_per_floor":[117,129,204,40,56,87,105,137,137,137,153,50,67,85,85,180,180,193,212,58,18,18,52,72,97,97,128,147,162,162,173,173,268,268,281,281,300,1299,748,748,764,816,816,816,847,860,265,285,285,285],"floor_reached":51,"language":"ENG","playtime":4339,"items_purged":["Normality","Normality"],"score":1006,"play_id":"95cea2d3-60a7-4faa-b88e-a9a21dc90f75","local_time":"20210224001254","is_ascension_mode":true,"campfire_choices":[{"data":"Corruption","floor":10,"key":"SMITH"},{"data":"Uppercut","floor":15,"key":"SMITH"},{"data":"Second Wind","floor":30,"key":"SMITH"},{"data":"True Grit","floor":32,"key":"SMITH"},{"data":"Dark Embrace","floor":40,"key":"SMITH"},{"data":"Demon Form","floor":49,"key":"SMITH"}],"circlet_count":0,"master_deck":["Strike_R","Strike_R","Defend_R","Defend_R","Defend_R","Defend_R","Bash+1","Corruption+1","Sword Boomerang","Pommel Strike","Uppercut+1","Feel No Pain","Seeing Red","Pummel","True Grit+1","Feel No Pain","Spot Weakness","Shrug It Off","Burning Pact","Disarm","Feed+1","Heavy Blade+1","Second Wind+1","Shrug It Off+1","Armaments+1","Flame Barrier","Evolve","Disarm+1","Demon Form+1","Dropkick+1","Armaments+1","True Grit+1","True Grit+1","Body Slam+1","Dark Embrace+1","True Grit","Burning Pact","Heavy Blade+1","Infernal Blade","Burning Pact+1","Reaper","Anger+1","Feel No Pain","Shrug It Off","Flame Barrier+1"],"relics":["Burning Blood","Meat on the Bone","Dead Branch","Darkstone Periapt","Prayer Wheel","Busted Crown","Orrery","Boot","Whetstone","MealTicket","Pen Nib","Ancient Tea Set","Astrolabe","PreservedInsect","Centennial Puzzle","Unceasing Top","Omamori","Toy Ornithopter","Blood Vial","Lantern"],"acts_visited":["Exordium","TheCity","TheBeyond"],"potions_floor_usage":[6,7,14,18,19,25,27,33,35,42,50,50,50],"damage_taken":[{"damage":16,"enemies":"Jaw Worm","floor":1,"turns":5},{"damage":6,"enemies":"Cultist","floor":2,"turns":3},{"damage":11,"enemies":"2 Louse","floor":5,"turns":2},{"damage":22,"enemies":"3 Sentries","floor":6,"turns":12},{"damage":13,"enemies":"Exordium Thugs","floor":7,"turns":4},{"damage":13,"enemies":"Lagavulin","floor":8,"turns":5},{"damage":4,"enemies":"Blue Slaver","floor":11,"turns":2},{"damage":19,"enemies":"Large Slime","floor":13,"turns":3},{"damage":4,"enemies":"Exordium Wildlife","floor":14,"turns":4},{"damage":0,"enemies":"The Guardian","floor":16,"turns":5},{"damage":0,"enemies":"Shell Parasite","floor":18,"turns":2},{"damage":6,"enemies":"2 Thieves","floor":19,"turns":4},{"damage":0,"enemies":"Gremlin Leader","floor":23,"turns":5},{"damage":27,"enemies":"3 Cultists","floor":24,"turns":6},{"damage":20,"enemies":"Slavers","floor":25,"turns":7},{"damage":4,"enemies":"Book of Stabbing","floor":27,"turns":4},{"damage":7,"enemies":"Snake Plant","floor":28,"turns":3},{"damage":26,"enemies":"Shelled Parasite and Fungi","floor":29,"turns":7},{"damage":0,"enemies":"Snecko","floor":31,"turns":7},{"damage":22,"enemies":"Automaton","floor":33,"turns":10},{"damage":4,"enemies":"3 Darklings","floor":35,"turns":7},{"damage":6,"enemies":"3 Shapes","floor":37,"turns":7},{"damage":10,"enemies":"Sphere and 2 Shapes","floor":41,"turns":8},{"damage":10,"enemies":"2 Orb Walkers","floor":42,"turns":12},{"damage":13,"enemies":"Reptomancer","floor":45,"turns":11},{"damage":0,"enemies":"Spire Growth","floor":46,"turns":4},{"damage":6,"enemies":"4 Shapes","floor":48,"turns":6},{"damage":21,"enemies":"Donu and Deca","floor":50,"turns":121}],"seed_played":"-5051001315658312539","potions_obtained":[{"floor":5,"key":"LiquidBronze"},{"floor":8,"key":"SkillPotion"},{"floor":13,"key":"Energy Potion"},{"floor":16,"key":"DistilledChaos"},{"floor":21,"key":"LiquidMemories"},{"floor":21,"key":"EssenceOfSteel"},{"floor":27,"key":"SteroidPotion"},{"floor":28,"key":"AttackPotion"},{"floor":29,"key":"Swift Potion"},{"floor":31,"key":"Strength Potion"},{"floor":33,"key":"FearPotion"},{"floor":35,"key":"PowerPotion"},{"floor":42,"key":"Block Potion"},{"floor":45,"key":"Energy Potion"}],"is_trial":false,"path_per_floor":["M","M","?","$","M","E","M","E","T","R","M","$","M","M","R","B",null,"M","M","$","?","?","E","M","E","T","E","M","M","R","M","R","B",null,"M","?","M","?","$","R","M","?","T","?","E","M","$","M","R","B",null],"character_chosen":"IRONCLAD","items_purchased":["Uppercut","Energy Potion","EssenceOfSteel","Feel No Pain","Spot Weakness","Orrery","PreservedInsect","Centennial Puzzle","Dark Embrace","True Grit","Dexterity Potion","Blood Vial","Lantern","Feel No Pain","CultistPotion","Shrug It Off"],"campfire_rested":0,"item_purchase_floors":[4,4,4,12,12,20,39,39,39,39,39,47,47,47,47,47],"current_hp_per_floor":[46,46,35,35,30,14,19,24,24,24,38,38,37,51,51,57,80,80,83,83,83,83,86,69,55,55,61,64,60,60,70,70,66,106,110,110,114,126,126,126,126,130,130,130,127,133,142,146,146,150],"gold":285,"neow_bonus":"THREE_RARE_CARDS","is_daily":false,"chose_seed":false,"campfire_upgraded":6,"win_rate":0.0,"timestamp":1614143574,"path_taken":["M","M","?","$","M","E","M","E","T","R","M","$","M","M","R","BOSS","M","M","$","?","?","E","M","E","T","E","M","M","R","M","R","BOSS","M","?","?","?","$","R","M","?","T","?","E","M","$","?","R","BOSS"],"items_purchased_type":["Card","Potion","Potion","Card","Card","Relic","Relic","Relic","Card","Card","Potion","Relic","Relic","Card","Potion","Card"],"build_version":"2020-12-22","purchased_purges":2,"victory":true,"max_hp_per_floor":[80,80,80,80,80,80,80,80,80,80,80,80,80,80,80,80,80,80,83,83,83,83,86,90,90,90,94,98,102,102,106,106,106,106,110,110,114,126,126,126,130,138,138,138,142,142,142,146,146,150],"relic_stats":{"Darkstone Periapt":12,"counters":[28,276],"Dead Branch":[650],"Astrolabe":["Dropkick","Armaments","True Grit"],"Pen Nib":[12],"PreservedInsect":61,"Whetstone":["Bash","Feed"],"Boot":[62],"Burning Blood":148,"Blood Vial":0,"Centennial Puzzle":[15],"Busted Crown":66,"Prayer Wheel":14,"MealTicket":9,"obtain_stats":[{"Darkstone Periapt":8,"Lantern":47,"Dead Branch":8,"Astrolabe":34,"Pen Nib":26,"PreservedInsect":39,"Omamori":43,"Whetstone":23,"Boot":22,"Ancient Tea Set":27,"Burning Blood":0,"Blood Vial":47,"Centennial Puzzle":39,"Busted Crown":17,"Orrery":20,"Prayer Wheel":9,"MealTicket":25,"Unceasing Top":42,"Toy Ornithopter":45,"Meat on the Bone":6},{"Darkstone Periapt":6,"Lantern":26,"Dead Branch":6,"Astrolabe":20,"Pen Nib":15,"PreservedInsect":22,"Omamori":24,"Whetstone":13,"Boot":12,"Ancient Tea Set":16,"Burning Blood":0,"Blood Vial":26,"Centennial Puzzle":22,"Busted Crown":10,"Orrery":12,"Prayer Wheel":6,"MealTicket":15,"Unceasing Top":24,"Toy Ornithopter":25,"Meat on the Bone":4},{"Darkstone Periapt":31,"Lantern":149,"Dead Branch":31,"Astrolabe":100,"Pen Nib":69,"PreservedInsect":114,"Omamori":134,"Whetstone":56,"Boot":51,"Ancient Tea Set":73,"Burning Blood":0,"Blood Vial":149,"Centennial Puzzle":114,"Busted Crown":45,"Orrery":51,"Prayer Wheel":31,"MealTicket":69,"Unceasing Top":134,"Toy Ornithopter":145,"Meat on the Bone":22}],"Unceasing Top":[1],"Toy Ornithopter":1,"Meat on the Bone":84},"card_choices":[{"not_picked":["Barricade","Reaper"],"picked":"Corruption","floor":0},{"not_picked":["Headbutt","Evolve"],"picked":"Sword Boomerang","floor":1},{"not_picked":["Dark Embrace","Fire Breathing"],"picked":"Pommel Strike","floor":2},{"not_picked":["Armaments","Perfected Strike"],"picked":"Feel No Pain","floor":5},{"not_picked":["Corruption","Combust"],"picked":"Seeing Red","floor":6},{"not_picked":["Heavy Blade","Pommel Strike"],"picked":"Pummel","floor":7},{"not_picked":["Heavy Blade","Wild Strike","Thunderclap"],"picked":"SKIP","floor":8},{"not_picked":["Pommel Strike","Thunderclap"],"picked":"True Grit","floor":11},{"not_picked":["Twin Strike","Rampage","Iron Wave"],"picked":"SKIP","floor":11},{"not_picked":["Perfected Strike","Thunderclap"],"picked":"Shrug It Off","floor":13},{"not_picked":["Body Slam","Wild Strike"],"picked":"Burning Pact","floor":13},{"not_picked":["Seeing Red","Blood for Blood"],"picked":"Disarm","floor":14},{"not_picked":["Infernal Blade","Clothesline","Flex"],"picked":"SKIP","floor":14},{"not_picked":["Demon Form","Double Tap"],"picked":"Feed","floor":16},{"not_picked":[],"picked":"Heavy Blade+1","floor":18},{"not_picked":["Perfected Strike+1"],"picked":"SKIP","floor":18},{"not_picked":["Perfected Strike"],"picked":"SKIP","floor":19},{"not_picked":["Cleave"],"picked":"SKIP","floor":19},{"not_picked":[],"picked":"Second Wind","floor":20},{"not_picked":[],"picked":"Shrug It Off+1","floor":20},{"not_picked":[],"picked":"Armaments","floor":20},{"not_picked":[],"picked":"Flame Barrier","floor":23},{"not_picked":[],"picked":"Evolve","floor":24},{"not_picked":["Hemokinesis+1"],"picked":"SKIP","floor":24},{"not_picked":["Perfected Strike"],"picked":"SKIP","floor":25},{"not_picked":["Anger"],"picked":"SKIP","floor":27},{"not_picked":["Rampage+1"],"picked":"SKIP","floor":28},{"not_picked":["Pommel Strike"],"picked":"SKIP","floor":28},{"not_picked":["Uppercut"],"picked":"SKIP","floor":29},{"not_picked":["True Grit"],"picked":"SKIP","floor":29},{"not_picked":[],"picked":"Disarm+1","floor":31},{"not_picked":["Warcry"],"picked":"SKIP","floor":31},{"not_picked":[],"picked":"Demon Form","floor":33},{"not_picked":[],"picked":"True Grit+1","floor":35},{"not_picked":["Rupture+1"],"picked":"SKIP","floor":35},{"not_picked":[],"picked":"Body Slam+1","floor":37},{"not_picked":["Sword Boomerang"],"picked":"SKIP","floor":37},{"not_picked":[],"picked":"Burning Pact","floor":41},{"not_picked":[],"picked":"Heavy Blade+1","floor":41},{"not_picked":[],"picked":"Infernal Blade","floor":42},{"not_picked":[],"picked":"Burning Pact+1","floor":45},{"not_picked":[],"picked":"Reaper","floor":46},{"not_picked":[],"picked":"Anger+1","floor":46},{"not_picked":[],"picked":"Flame Barrier+1","floor":48},{"not_picked":["Twin Strike"],"picked":"SKIP","floor":48}],"player_experience":418840,"relics_obtained":[{"floor":6,"key":"Meat on the Bone"},{"floor":8,"key":"Darkstone Periapt"},{"floor":9,"key":"Prayer Wheel"},{"floor":23,"key":"Whetstone"},{"floor":25,"key":"MealTicket"},{"floor":26,"key":"Pen Nib"},{"floor":27,"key":"Ancient Tea Set"},{"floor":42,"key":"Unceasing Top"},{"floor":43,"key":"Omamori"},{"floor":45,"key":"Toy Ornithopter"}],"event_choices":[{"damage_healed":0,"gold_gain":75,"player_choice":"Gather Gold","damage_taken":11,"max_hp_gain":0,"max_hp_loss":0,"event_name":"World of Goop","floor":3,"gold_loss":0},{"damage_healed":0,"gold_gain":0,"player_choice":"Bought 3 Potions","damage_taken":0,"max_hp_gain":0,"max_hp_loss":0,"event_name":"The Woman in Blue","floor":21,"gold_loss":0},{"damage_healed":0,"gold_gain":0,"player_choice":"Gave Potion","damage_taken":0,"relics_obtained":["Boot"],"max_hp_gain":0,"max_hp_loss":0,"event_name":"WeMeetAgain","floor":22,"gold_loss":0},{"damage_healed":0,"gold_gain":0,"player_choice":"Ignored","damage_taken":0,"max_hp_gain":0,"max_hp_loss":0,"event_name":"SecretPortal","floor":36,"gold_loss":0},{"damage_healed":0,"gold_gain":999,"player_choice":"Gold","damage_taken":0,"max_hp_gain":0,"max_hp_loss":0,"event_name":"MindBloom","floor":38,"gold_loss":0,"cards_obtained":["Normality","Normality"]},{"damage_healed":0,"gold_gain":0,"player_choice":"Fight","damage_taken":0,"max_hp_gain":0,"max_hp_loss":0,"event_name":"Mysterious Sphere","floor":42,"gold_loss":0},{"damage_healed":0,"gold_gain":0,"player_choice":"Upgraded","damage_taken":0,"max_hp_gain":0,"max_hp_loss":0,"event_name":"Upgrade Shrine","floor":44,"gold_loss":0,"cards_upgraded":["Armaments"]}],"is_beta":false,"boss_relics":[{"not_picked":["Philosopher\u0027s Stone","SacredBark"],"picked":"Busted Crown"},{"not_picked":["Mark of Pain","SlaversCollar"],"picked":"Astrolabe"}],"items_purged_floors":[39,47],"is_endless":false,"potions_floor_spawned":[5,8,13,16,27,28,29,31,33,35,42,45,48],"ascension_level":2}}