{"host":"qc8p2flj7wsy3zpg","time":1614141386,"event":{"mods":["BaseMod","Highlight Path","Minty Spire (QoL Compilation)","Monster List Patch","Relic Stats","StSLib"],"gold_per_floor":[113,113,38,52,70,105,105,131,183,183,134,134,134,146,146,217,217,228,228,228,238,24,24,50,61,86,86,86],"floor_reached":27,"language":"ENG","playtime":1168,"items_purged":["Strike_P"],"score":528,"play_id":"07f5f77f-2829-4568-b9ee-0ee5323e6812","local_time":"20210223223626","is_ascension_mode":true,"campfire_choices":[{"floor":7,"key":"REST"},{"data":"Eruption","floor":10,"key":"SMITH"},{"floor":13,"key":"REST"},{"data":"TalkToTheHand","floor":15,"key":"SMITH"},{"floor":23,"key":"REST"}],"circlet_count":0,"master_deck":["AscendersBane","Strike_P","Defend_P","Eruption+1","Vigilance+1","BattleHymn+1","Wireheading+1","Adaptation+1","InnerPeace","SandsOfTime","TalkToTheHand+1","Blasphemy+1","FlurryOfBlows"],"relics":["Astrolabe","Toxic Egg 2","Vajra","Smiling Mask","SlaversCollar","Bag of Marbles","Happy Flower","Juzu Bracelet"],"acts_visited":["Exordium","TheCity"],"potions_floor_usage":[6,18,18,25],"damage_taken":[{"damage":4,"enemies":"2 Louse","floor":1,"turns":3},{"damage":12,"enemies":"Jaw Worm","floor":4,"turns":3},{"damage":13,"enemies":"Small Slimes","floor":5,"turns":4},{"damage":8,"enemies":"Gremlin Nob","floor":6,"turns":3},{"damage":22,"enemies":"3 Sentries","floor":8,"turns":4},{"damage":6,"enemies":"2 Fungi Beasts","floor":14,"turns":3},{"damage":10,"enemies":"Hexaghost","floor":16,"turns":3},{"damage":16,"enemies":"Shell Parasite","floor":18,"turns":2},{"damage":0,"enemies":"Spheric Guardian","floor":21,"turns":3},{"damage":42,"enemies":"Slavers","floor":24,"turns":4},{"damage":9,"enemies":"Centurion and Healer","floor":25,"turns":2},{"damage":15,"enemies":"Chosen and Byrds","floor":27,"turns":2}],"seed_played":"4165173195429119287","potions_obtained":[{"floor":5,"key":"AttackPotion"},{"floor":8,"key":"AttackPotion"},{"floor":14,"key":"StancePotion"},{"floor":21,"key":"SteroidPotion"},{"floor":24,"key":"AttackPotion"}],"is_trial":false,"path_per_floor":["M","?","?","M","M","E","R","E","T","R","?","?","R","M","R","B",null,"M","?","?","M","$","R","E","M","T","M"],"character_chosen":"WATCHER","items_purchased":["Bag of Marbles"],"campfire_rested":3,"item_purchase_floors":[22],"current_hp_per_floor":[57,50,50,38,25,17,37,15,15,15,15,15,35,29,29,19,56,40,40,40,40,40,60,18,9,9,0,0],"gold":86,"neow_bonus":"BOSS_RELIC","is_daily":false,"chose_seed":false,"campfire_upgraded":2,"win_rate":0.0,"timestamp":1614141386,"path_taken":["M","?","?","M","M","E","R","E","T","R","?","?","R","M","R","BOSS","M","?","?","?","$","R","E","M","T","M"],"items_purchased_type":["Relic"],"build_version":"2020-12-22","purchased_purges":1,"victory":false,"max_hp_per_floor":[68,68,68,68,68,68,68,68,68,68,68,68,68,68,68,68,68,68,68,68,68,68,68,68,68,68,68,68],"relic_stats":{"Happy Flower":[1],"counters":[12,36],"Astrolabe":["BattleHymn","Wireheading","Adaptation"],"Juzu Bracelet":0,"Smiling Mask":25,"obtain_stats":[{"SlaversCollar":17,"Happy Flower":24,"Astrolabe":0,"Vajra":8,"Bag of Marbles":22,"Juzu Bracelet":26,"PureWater":0,"Toxic Egg 2":6,"Smiling Mask":9},{"SlaversCollar":7,"Happy Flower":10,"Astrolabe":0,"Vajra":5,"Bag of Marbles":9,"Juzu Bracelet":11,"PureWater":0,"Toxic Egg 2":4,"Smiling Mask":5},{"SlaversCollar":23,"Happy Flower":32,"Astrolabe":0,"Vajra":17,"Bag of Marbles":28,"Juzu Bracelet":34,"PureWater":0,"Toxic Egg 2":13,"Smiling Mask":17}]},"card_choices":[{"not_picked":["Consecrate","Swivel"],"picked":"InnerPeace","floor":1},{"not_picked":["Consecrate","CutThroughFate","ForeignInfluence"],"picked":"SKIP","floor":4},{"not_picked":["SashWhip","ClearTheMind","Worship"],"picked":"SKIP","floor":5},{"not_picked":["Meditate+1","WaveOfTheHand+1"],"picked":"SandsOfTime","floor":6},{"not_picked":["Evaluate+1","Protect+1"],"picked":"TalkToTheHand","floor":14},{"not_picked":["DeusExMachina+1","Alpha+1"],"picked":"Blasphemy+1","floor":16},{"not_picked":["EmptyFist","Fasting2"],"picked":"FlurryOfBlows","floor":21}],"player_experience":2424188,"relics_obtained":[{"floor":6,"key":"Toxic Egg 2"},{"floor":8,"key":"Vajra"},{"floor":9,"key":"Smiling Mask"},{"floor":24,"key":"Happy Flower"},{"floor":26,"key":"Juzu Bracelet"}],"event_choices":[{"cards_removed":["Defend_P"],"damage_healed":0,"gold_gain":0,"player_choice":"Card Removal","damage_taken":7,"max_hp_gain":0,"max_hp_loss":0,"event_name":"Golden Wing","floor":2,"gold_loss":0},{"cards_removed":["Defend_P"],"damage_healed":0,"gold_gain":0,"player_choice":"Card Removal","damage_taken":0,"max_hp_gain":0,"max_hp_loss":0,"event_name":"The Cleric","floor":3,"gold_loss":75},{"damage_healed":0,"gold_gain":0,"player_choice":"Left Gold","damage_taken":0,"max_hp_gain":0,"max_hp_loss":0,"event_name":"World of Goop","floor":11,"gold_loss":49},{"damage_healed":0,"gold_gain":0,"player_choice":"Ignored","damage_taken":0,"max_hp_gain":0,"max_hp_loss":0,"event_name":"Shining Light","floor":12,"gold_loss":0},{"damage_healed":0,"gold_gain":0,"player_choice":"Ignored","damage_taken":0,"max_hp_gain":0,"max_hp_loss":0,"event_name":"The Mausoleum","floor":19,"gold_loss":0},{"damage_healed":0,"gold_gain":0,"player_choice":"Forge","damage_taken":0,"max_hp_gain":0,"max_hp_loss":0,"event_name":"Accursed Blacksmith","floor":20,"gold_loss":0,"cards_upgraded":["Vigilance"]}],"is_beta":false,"boss_relics":[{"not_picked":["Ectoplasm","Tiny House"],"picked":"SlaversCollar"}],"items_purged_floors":[22],"is_endless":false,"potions_floor_spawned":[5,8,14,16,21,24],"killed_by":"Chosen and Byrds","ascension_level":20}}