{"host":"050ensmz1fh1c58u","time":1614182487,"event":{"mods":["BaseMod","Downfall","Hubris","JesterMod","Minty Spire (QoL Compilation)","READ ME - Guardian Mod","StSLib","The Disciple","The Marked","The Necromancer","The Servant 0.9.4"],"gold_per_floor":[99,119,29,104,104,132,132,166,197,197,225,235,262,277,287,388,388,388,388,388,388,388,388,388,288,288,288,288,273,273,273,273,273,273,173,173,173,173,173,73,73,73,73,73,73,73,73,73,73,73,73,73,73,73,73,73],"floor_reached":57,"language":"ENG","playtime":3841,"items_purged":["Guardian:VentSteam"],"score":1740,"play_id":"a5949795-9c74-4eb8-a3af-b01c053513d8","local_time":"20210224170127","daily_mods":["SealedDeck","Diverse","DeadlyEvents","Elite Swarm"],"is_ascension_mode":true,"campfire_choices":[{"data":"sneckomod:DiceBoulder","floor":1.0,"key":"SMITH"},{"data":"sneckomod:DiceBoulder+1","floor":10.0,"key":"SMITH"},{"data":"sneckomod:DiceBoulder+2","floor":18.0,"key":"SMITH"},{"data":"sneckomod:DiceBoulder+3","floor":23.0,"key":"SMITH"},{"data":"sneckomod:DiceBoulder+4","floor":25.0,"key":"SMITH"},{"floor":35,"key":"RECALL"},{"data":"sneckomod:DiceBoulder+5","floor":40,"key":"SMITH"},{"data":"sneckomod:DiceBoulder+6","floor":45,"key":"SMITH"},{"data":"sneckomod:DiceBoulder+7","floor":47,"key":"SMITH"},{"data":"hexamod:SearingWound","floor":54,"key":"SMITH"}],"circlet_count":0,"master_deck":["sneckomod:DiceBoulder+8","theMarked:Parry","Tactician","Acrobatics","BootSequence","hexamod:RainOfEmbers","Slimebound:LivingWall","hexamod:BurningTouch+1","Scare+1","hexamod:SearingWound+1","Guardian:ChargeUp","Sabotage+1"],"relics":["jesterMod:JesterCap","MealTicket","Anchor","Vajra","Matryoshka","Toy Ornithopter","Tiny Chest","Blood Vial","Ectoplasm","hubris:SlimyHat","downfall:HeartBlessingBlue","hubris:Zylophone","Bag of Preparation","hubris:TerracottaHorce","downfall:HeartBlessingGreen","hubris:Towel","hubris:TinFlute","downfall:HeartBlessingRed","War Paint","jesterMod:JesterMask","Slimebound:StickyStick","bronze:BronzeIdol","hubris:DisguiseKit"],"acts_visited":["Exordium","TheCity","TheBeyond","TheEnding"],"potions_floor_usage":[50,56],"damage_taken":[{"damage":0.0,"enemies":"Small Slimes","floor":2.0,"turns":3.0},{"damage":0.0,"enemies":"downfall:FleeingMerchant","floor":3.0,"turns":4.0},{"damage":2.0,"enemies":"Lagavulin","floor":6.0,"turns":6.0},{"damage":21.0,"enemies":"3 Sentries","floor":8.0,"turns":8.0},{"damage":12.0,"enemies":"Gremlin Nob","floor":9.0,"turns":3.0},{"damage":1.0,"enemies":"Lagavulin","floor":11.0,"turns":6.0},{"damage":0.0,"enemies":"2 Louse","floor":12.0,"turns":2.0},{"damage":0.0,"enemies":"Cultist","floor":14.0,"turns":2.0},{"damage":0.0,"enemies":"Gremlin Gang","floor":15.0,"turns":4.0},{"damage":2.0,"enemies":"SI_SHIV_ARCHETYPE","floor":16.0,"turns":6.0},{"damage":2.0,"enemies":"Spheric Guardian","floor":19.0,"turns":3.0},{"damage":0.0,"enemies":"Chosen","floor":20.0,"turns":3.0},{"damage":0.0,"enemies":"Centurion and Healer","floor":21.0,"turns":4.0},{"damage":0.0,"enemies":"Snecko","floor":22.0,"turns":3.0},{"damage":0.0,"enemies":"Chosen and Byrds","floor":26.0,"turns":4.0},{"damage":0.0,"enemies":"Book of Stabbing","floor":27.0,"turns":3.0},{"damage":0.0,"enemies":"Centurion and Healer","floor":28.0,"turns":4.0},{"damage":0.0,"enemies":"downfall:FleeingMerchant","floor":29.0,"turns":4.0},{"damage":0.0,"enemies":"Snecko","floor":30.0,"turns":2.0},{"damage":0.0,"enemies":"Gremlin Leader","floor":31.0,"turns":2.0},{"damage":0.0,"enemies":"Snake Plant","floor":32.0,"turns":2.0},{"damage":1.0,"enemies":"WA_ARCHETYPE_CALM","floor":33.0,"turns":7.0},{"damage":0,"enemies":"Orb Walker","floor":36,"turns":2},{"damage":0,"enemies":"Nemesis","floor":39,"turns":3},{"damage":0,"enemies":"Reptomancer","floor":42,"turns":2},{"damage":0,"enemies":"Nemesis","floor":44,"turns":3},{"damage":0,"enemies":"3 Shapes","floor":46,"turns":2},{"damage":0,"enemies":"Sphere and 2 Shapes","floor":48,"turns":3},{"damage":0,"enemies":"Writhing Mass","floor":49,"turns":2},{"damage":70,"enemies":"IC_BLOCK_ARCHETYPE","floor":50,"turns":6},{"damage":26,"enemies":"downfall:CharBossMerchant","floor":52,"turns":4},{"damage":11,"enemies":"downfall:NeowBoss","floor":55,"turns":12},{"damage":42,"enemies":"downfall:NeowBossFinal","floor":56,"turns":7}],"seed_played":"4273341640031746974","potions_obtained":[{"floor":2.0,"key":"SpeedPotion"},{"floor":6.0,"key":"champ:CounterPotion"},{"floor":8.0,"key":"Weak Potion"},{"floor":14.0,"key":"SneckoOil"},{"floor":15.0,"key":"Swift Potion"},{"floor":20.0,"key":"BlessingOfTheForge"},{"floor":26.0,"key":"Regen Potion"},{"floor":28.0,"key":"SpeedPotion"},{"floor":30.0,"key":"SpeedPotion"},{"floor":32.0,"key":"DistilledChaos"},{"floor":42,"key":"Guardian:BlockOnCardUsePotion"}],"is_trial":true,"path_per_floor":["R","M","$","?","?","E","T","E","E","R","E","M","T","M","M","B",null,"R","M","M","M","M","R","T","R","M","E","M","$","M","E","M","B",null,"R","M","?","?","E","R","T","E","T","E","R","M","R","M","M","B",null,"E","$","R","B","B",null],"character_chosen":"THE_JESTER","items_purchased":[],"campfire_rested":0,"item_purchase_floors":[],"current_hp_per_floor":[70,70,70,59,59,57,57,36,24,24,23,23,23,25,27,27,70,70,68,70,70,70,70,70,80,80,80,80,80,80,80,80,80,80,80,80,80,80,80,80,80,80,80,80,80,80,80,80,80,33,68,46,61,61,61,30],"gold":73,"neow_bonus":"","is_daily":false,"chose_seed":false,"campfire_upgraded":9,"win_rate":0.0,"timestamp":1614182487,"path_taken":["R","M","$","?","?","E","T","?","E","R","?","?","?","M","M","BOSS","R","M","M","M","M","R","T","R","M","E","M","$","M","E","M","BOSS","R","M","?","?","?","R","T","E","?","E","R","M","R","M","M","BOSS","E","$","R","BOSS","BOSS"],"items_purchased_type":[],"build_version":"2020-12-22","purchased_purges":1,"victory":true,"max_hp_per_floor":[70,70,70,70,70,70,70,70,70,70,70,70,70,70,70,70,70,70,70,70,70,70,70,70,80,80,80,80,80,80,80,80,80,80,80,80,80,80,80,80,80,80,80,80,80,80,80,80,80,80,80,80,80,80,80,80],"card_choices":[{"not_picked":["Headbutt","Melter"],"picked":"Scare","floor":2.0},{"not_picked":["jesterMod:Disposophobia","theMarked:Generate","Underhanded Strike"],"picked":"SKIP","floor":3.0},{"not_picked":["theMarked:Snap","Impervious"],"picked":"hexamod:SearingWound","floor":6.0},{"not_picked":["RageCommand","bronze:ShipIt","Venomology"],"picked":"SKIP","floor":8.0},{"not_picked":["Brilliance","Slimebound:SlimeSlap","LockedBell"],"picked":"SKIP","floor":9.0},{"not_picked":["Brilliance","Slimebound:SlimeSlap","LockedBell"],"picked":"SKIP","floor":9.0},{"not_picked":["All For One","Electrodynamics","Guardian:BaubleBeam"],"picked":"SKIP","floor":11.0},{"not_picked":["hexamod:SwordOfDarkness","LockedPlans","Bloodletting"],"picked":"SKIP","floor":12.0},{"not_picked":["champ:Haymaker","bronze:Separator"],"picked":"Guardian:ChargeUp","floor":14.0},{"not_picked":["sneckomod:WideSting","FollowUp","Guardian:Gem_Lightblue"],"picked":"SKIP","floor":15.0},{"not_picked":["sneckomod:DiceBlock","Evolve","champ:PreemptiveStrike"],"picked":"SKIP","floor":19.0},{"not_picked":["champ:FanOfKnives","Echoward+1","ReachHeaven"],"picked":"SKIP","floor":20.0},{"not_picked":["Guardian:ChargeCore+1","Pommel Strike","theMarked:TwofoldDefense+1"],"picked":"SKIP","floor":21.0},{"not_picked":["sneckomod:UnknownBlock","Slimebound:LeechEnergy","theMarked:Memento+1"],"picked":"SKIP","floor":22.0},{"not_picked":["Slimebound:Replication","Body Slam","hexamod:BacktrackSmack+1"],"picked":"SKIP","floor":26.0},{"not_picked":["bronze:ShipIt","Slimebound:WasteNot","jesterMod:Drunkenness"],"picked":"SKIP","floor":27.0},{"not_picked":["theMarked:WastefulAttack","bronze:DelayedGuard+1"],"picked":"Sabotage+1","floor":28.0},{"not_picked":["Slimebound:Grow","FlyingSleeves","Slimebound:MinionMaster"],"picked":"SKIP","floor":29.0},{"not_picked":["champ:DefensiveShout","Underhanded Strike","champ:ArenaPreparation"],"picked":"SKIP","floor":30.0},{"not_picked":["Slimebound:Teamwork","Malaise","hexamod:FifthSeal"],"picked":"SKIP","floor":31.0},{"not_picked":["sneckomod:UnknownDexterity+1","bronze:NullPointer","hexamod:SwordOfDarkness+1"],"picked":"SKIP","floor":32.0},{"not_picked":["Fragmentalize","sneckomod:MorePower"],"picked":"theMarked:MagusForm","floor":33.0},{"not_picked":["bronze:Constructor+1","Headbutt+1","Slimebound:ComboTackle"],"picked":"SKIP","floor":36},{"not_picked":["champ:SwordThrow","Glass Knife","sneckomod:UnknownBoss"],"picked":"SKIP","floor":39},{"not_picked":["champ:MurderStrike","FlawlessForm","TrueSight"],"picked":"SKIP","floor":42},{"not_picked":["Corpse Explosion","Duplication","Feed"],"picked":"SKIP","floor":44},{"not_picked":["sneckomod:UnknownClassJESTER_ORANGE","jesterMod:ButterKnife","champ:GutPunch+1"],"picked":"SKIP","floor":46},{"not_picked":["hexamod:SoulSteal","Reprogram+1","hexamod:AdvancingGuard"],"picked":"SKIP","floor":48},{"not_picked":["ClearTheMind+1","jesterMod:Dilapidation","sneckomod:UnknownClassHEXA_GHOST_PURPLE+1"],"picked":"SKIP","floor":49},{"not_picked":["Guardian:ExploitGems","Wraith Form v2","hexamod:UnleashSpirits"],"picked":"SKIP","floor":52}],"player_experience":1416707,"relics_obtained":[{"floor":6.0,"key":"MealTicket"},{"floor":7.0,"key":"Anchor"},{"floor":8.0,"key":"Vajra"},{"floor":9.0,"key":"Matryoshka"},{"floor":11.0,"key":"Toy Ornithopter"},{"floor":13.0,"key":"Tiny Chest"},{"floor":13.0,"key":"Blood Vial"},{"floor":24.0,"key":"hubris:SlimyHat"},{"floor":27.0,"key":"hubris:Zylophone"},{"floor":31.0,"key":"Bag of Preparation"},{"floor":39,"key":"hubris:TinFlute"},{"floor":41,"key":"War Paint"},{"floor":42,"key":"jesterMod:JesterMask"},{"floor":43,"key":"Slimebound:StickyStick"},{"floor":44,"key":"bronze:BronzeIdol"},{"floor":52,"key":"hubris:DisguiseKit"}],"event_choices":[{"damage_healed":0.0,"max_hp_gain":0.0,"max_hp_loss":0.0,"gold_gain":75.0,"event_name":"World of Goop","player_choice":"Gather Gold","floor":4.0,"gold_loss":0.0,"damage_taken":11.0},{"damage_healed":0.0,"max_hp_gain":0.0,"max_hp_loss":0.0,"gold_gain":0.0,"event_name":"Match and Keep!","player_choice":"0 cards matched","floor":5.0,"gold_loss":0.0,"damage_taken":0.0,"cards_obtained":[]},{"cards_removed":["theMarked:MagusForm"],"damage_healed":0,"gold_gain":0,"player_choice":"Removed Power","damage_taken":0,"max_hp_gain":0,"max_hp_loss":0,"event_name":"Falling","floor":37,"gold_loss":0}],"is_beta":false,"boss_relics":[{"not_picked":["SacredBark","Velvet Choker"],"picked":"Ectoplasm"},{"not_picked":["hubris:HollowSoul","hubris:VirtuousBlindfold"],"picked":"hubris:TerracottaHorce"}],"items_purged_floors":[3],"is_endless":false,"potions_floor_spawned":[2,6,8,14,15,20,26,28,30,32,42,46,48,52],"ascension_level":5}}