{"host":"dkr0dog13pegamnp","time":1614156077,"event":{"mods":["AchievementEnabler","BaseMod","Minty Spire (QoL Compilation)","Rare Cards Sparkle","StSLib","SuperFastMode","everything is the same but u backflip on backflip"],"gold_per_floor":[115,128,140,158,173,203,203,213,267,267,302,313,343,33,33,112,112,127,6,6,6,22,57,57,76,76,76,76],"floor_reached":27,"language":"KOR","playtime":751,"items_purged":["Strike_G","Strike_G"],"score":417,"play_id":"e7fbc848-5cf4-4d31-9abd-b45d9a503cf1","local_time":"20210224174117","is_ascension_mode":true,"campfire_choices":[{"data":"Cloak And Dagger","floor":7.0,"key":"SMITH"},{"data":"Cloak And Dagger","floor":10.0,"key":"SMITH"},{"data":"Accuracy","floor":15.0,"key":"SMITH"},{"data":"Terror","floor":24,"key":"SMITH"}],"circlet_count":0,"master_deck":["AscendersBane","Strike_G","Strike_G","Defend_G","Defend_G","Defend_G","Defend_G","Defend_G","Survivor","Neutralize","Accuracy+1","Cloak And Dagger+1","Dagger Spray","Terror+1","Infinite Blades","Cloak And Dagger+1","Footwork","Burst","Footwork","Backflip"],"relics":["Ring of the Snake","Smiling Mask","Akabeko","Paper Crane","Ninja Scroll","Black Star","Bronze Scales","Kunai","Sundial","Question Card"],"acts_visited":["Exordium","TheCity"],"potions_floor_usage":[18,18,25,27],"damage_taken":[{"damage":8.0,"enemies":"Cultist","floor":1.0,"turns":7.0},{"damage":1.0,"enemies":"Jaw Worm","floor":2.0,"turns":6.0},{"damage":4.0,"enemies":"Small Slimes","floor":3.0,"turns":3.0},{"damage":6.0,"enemies":"3 Louse","floor":4.0,"turns":5.0},{"damage":7.0,"enemies":"Blue Slaver","floor":5.0,"turns":7.0},{"damage":10.0,"enemies":"Gremlin Nob","floor":6.0,"turns":4.0},{"damage":9.0,"enemies":"Gremlin Gang","floor":8.0,"turns":7.0},{"damage":7.0,"enemies":"3 Sentries","floor":11.0,"turns":6.0},{"damage":2.0,"enemies":"3 Louse","floor":12.0,"turns":4.0},{"damage":0.0,"enemies":"Lagavulin Event","floor":13.0,"turns":1.0},{"damage":2,"enemies":"Slime Boss","floor":16,"turns":8},{"damage":2,"enemies":"2 Thieves","floor":18,"turns":2},{"damage":9,"enemies":"Chosen","floor":22,"turns":5},{"damage":32,"enemies":"Slavers","floor":23,"turns":6},{"damage":7,"enemies":"Centurion and Healer","floor":25,"turns":7},{"damage":12,"enemies":"Sentry and Sphere","floor":27,"turns":3}],"seed_played":"-1689944073916007458","potions_obtained":[{"floor":3.0,"key":"Regen Potion"},{"floor":8.0,"key":"SmokeBomb"},{"floor":11.0,"key":"SpeedPotion"},{"floor":16,"key":"ColorlessPotion"},{"floor":23,"key":"PowerPotion"},{"floor":25,"key":"PowerPotion"}],"is_trial":false,"path_per_floor":["M","M","M","M","M","E","R","M","T","R","E","M","?","$","R","B",null,"M","$","?","?","M","E","R","M","T","M"],"character_chosen":"THE_SILENT","items_purchased":["Ninja Scroll","Footwork"],"campfire_rested":0,"item_purchase_floors":[14,19],"current_hp_per_floor":[51,50,46,40,48,38,38,29,29,29,22,20,20,20,20,18,54,52,52,52,52,43,11,11,4,4,0,0],"gold":76,"neow_bonus":"TRANSFORM_CARD","is_daily":false,"chose_seed":false,"campfire_upgraded":4,"win_rate":0.0,"timestamp":1614156077,"path_taken":["M","M","M","M","M","E","R","M","T","R","E","M","?","?","R","BOSS","M","$","?","?","M","E","R","M","T","M"],"items_purchased_type":["Relic","Card"],"build_version":"2020-12-22","purchased_purges":2,"victory":false,"max_hp_per_floor":[66,66,66,66,66,66,66,66,66,66,66,66,66,66,66,66,66,66,66,66,66,66,66,66,66,66,66,66],"card_choices":[{"not_picked":["Outmaneuver","Bane"],"picked":"Cloak And Dagger","floor":1.0},{"not_picked":["Prepared","Bane"],"picked":"Dagger Spray","floor":2.0},{"not_picked":["Bouncing Flask","Crippling Poison"],"picked":"Terror","floor":3.0},{"not_picked":["Well Laid Plans","PiercingWail"],"picked":"Infinite Blades","floor":4.0},{"not_picked":["Endless Agony","Slice","Poisoned Stab"],"picked":"SKIP","floor":5.0},{"not_picked":["Slice","Outmaneuver"],"picked":"Cloak And Dagger","floor":6.0},{"not_picked":["Leg Sweep","Concentrate","Calculated Gamble"],"picked":"SKIP","floor":8.0},{"not_picked":["Poisoned Stab","Prepared"],"picked":"Footwork","floor":11.0},{"not_picked":["Calculated Gamble","Outmaneuver","Noxious Fumes"],"picked":"SKIP","floor":12.0},{"not_picked":["Doppelganger","Grand Finale"],"picked":"Burst","floor":16},{"not_picked":["Poisoned Stab","Deadly Poison","Bane"],"picked":"SKIP","floor":18},{"not_picked":["Infinite Blades","Dagger Spray+1","Poisoned Stab"],"picked":"SKIP","floor":22},{"not_picked":["Expertise","Bouncing Flask","Wraith Form v2"],"picked":"SKIP","floor":23},{"not_picked":["Sucker Punch","Leg Sweep"],"picked":"Backflip","floor":25}],"player_experience":107498,"relics_obtained":[{"floor":6.0,"key":"Smiling Mask"},{"floor":9.0,"key":"Akabeko"},{"floor":11.0,"key":"Paper Crane"},{"floor":23,"key":"Kunai"},{"floor":23,"key":"Sundial"},{"floor":26,"key":"Question Card"}],"event_choices":[{"damage_healed":0.0,"max_hp_gain":0.0,"max_hp_loss":0.0,"gold_gain":30.0,"event_name":"Dead Adventurer","player_choice":"Searched \u00272\u0027 times","floor":13.0,"gold_loss":0.0,"damage_taken":0.0},{"damage_healed":0,"gold_gain":0,"player_choice":"Ignored","damage_taken":0,"max_hp_gain":0,"max_hp_loss":0,"event_name":"Ghosts","floor":20,"gold_loss":0},{"damage_healed":0,"gold_gain":0,"player_choice":"Opened","damage_taken":0,"relics_obtained":["Bronze Scales"],"max_hp_gain":0,"max_hp_loss":0,"event_name":"The Mausoleum","floor":21,"gold_loss":0}],"is_beta":false,"boss_relics":[{"not_picked":["Busted Crown","Fusion Hammer"],"picked":"Black Star"}],"items_purged_floors":[14,19],"is_endless":false,"potions_floor_spawned":[3,8,11,13,16,23,25],"killed_by":"Sentry and Sphere","ascension_level":14}}