{"host":"jh7kh5nqtgzr3auj","time":1614184840,"event":{"mods":["AchievementEnabler","Act Like it!","BaseMod","Colored Powertips","Library of Ruina","Minty Spire (QoL Compilation)","Quick Restart","Relic Stats","StSLib","TestMod"],"gold_per_floor":[114,125,125,145,162,195,195,210,210,210,230,256,281,325,337,454,466,489,501,524,52,65,97,111,111,138,153,253,253,284,295,295,391,391,410,425,425,436,243,276,276,290,290,68,80,130,130,148,148,148],"floor_reached":51,"language":"ZHS","playtime":5088,"items_purged":["LightAttack","LightDefense","LightDefense"],"score":1093,"play_id":"0b0ca240-7ea7-4f58-8313-f02bbec97fc9","local_time":"20210225004040","is_ascension_mode":false,"campfire_choices":[{"data":"BattleCommand","floor":7.0,"key":"SMITH"},{"data":"RapidGashes","floor":15.0,"key":"SMITH"},{"floor":25.0,"key":"REST"},{"floor":32.0,"key":"REST"},{"data":"ExtractFuel","floor":41.0,"key":"SMITH"},{"data":"Parry2","floor":49,"key":"SMITH"}],"circlet_count":0,"master_deck":["Dodge","LightAttack+1","LightDefense+1","LightDefense+1","ChargeAndCover+1","FocusedStrikes+1","testmod-TradeIn+1","QuickAttack+1","Brawl+1","BattleCommand+1","RapidGashes+1","Parry2+1","Clone+1","Reload+1","YoureTooSlow+1","Tttonst+1","SunsetBlade+1","RapidGashes+1","Slice_lor+1","LeRegole+1","Leap_lor+1","Rewind+1","TendonChords+1","TheRedNotes+1","ViolentFlame+1","PuppetBlockade+1","ExtractFuel+1","SerpentSwordTechnique+1","EnergyCycle+1","TrashDisposal+1","Preparation+1","Discovery+1","Parry2+1","GrazeTheGrass+1","Parry2+1","NightInTheBackstreets+1"],"relics":["PageOfLibrarian","testmod-TestBox","PageOfTodaysShyLook","MawBank","Gremlin Horn","testmod-BloodSacrificeSpiritualization","Molten Egg 2","Pen Nib","Whetstone","Prayer Wheel","testmod-Justice","PageOfNothingThere","testmod-Prudence","Darkstone Periapt","PageOfPinocchio","Ice Cream"],"acts_visited":["Exordium","TheCity","TheBeyond"],"potions_floor_usage":[50,50,50,50,50],"damage_taken":[{"damage":0.0,"enemies":"2 Louse","floor":1.0,"turns":3.0},{"damage":0.0,"enemies":"Small Slimes","floor":2.0,"turns":4.0},{"damage":0.0,"enemies":"Jaw Worm","floor":4.0,"turns":2.0},{"damage":0.0,"enemies":"3 Louse","floor":5.0,"turns":3.0},{"damage":1.0,"enemies":"3 Sentries","floor":6.0,"turns":6.0},{"damage":0.0,"enemies":"Blue Slaver","floor":8.0,"turns":3.0},{"damage":0.0,"enemies":"Large Slime","floor":11.0,"turns":1.0},{"damage":0.0,"enemies":"Gremlin Nob","floor":12.0,"turns":2.0},{"damage":0.0,"enemies":"3 Louse","floor":13.0,"turns":3.0},{"damage":0.0,"enemies":"3 Sentries","floor":14.0,"turns":5.0},{"damage":0.0,"enemies":"Slime Boss","floor":16.0,"turns":5.0},{"damage":8.0,"enemies":"Spheric Guardian","floor":18.0,"turns":3.0},{"damage":8.0,"enemies":"Shell Parasite","floor":20.0,"turns":3.0},{"damage":8.0,"enemies":"Cultist and Chosen","floor":22.0,"turns":4.0},{"damage":8.0,"enemies":"Slavers","floor":23.0,"turns":4.0},{"damage":8.0,"enemies":"Centurion and Healer","floor":24.0,"turns":3.0},{"damage":8.0,"enemies":"Chosen and Byrds","floor":27.0,"turns":4.0},{"damage":8.0,"enemies":"Colosseum Slavers","floor":28.0,"turns":2.0},{"damage":8.0,"enemies":"Colosseum Nobs","floor":28.0,"turns":1.0},{"damage":0.0,"enemies":"Gremlin Leader","floor":30.0,"turns":3.0},{"damage":8.0,"enemies":"Shelled Parasite and Fungi","floor":31.0,"turns":3.0},{"damage":8.0,"enemies":"Champ","floor":33.0,"turns":4.0},{"damage":8.0,"enemies":"3 Darklings","floor":35.0,"turns":4.0},{"damage":8.0,"enemies":"Orb Walker","floor":36.0,"turns":2.0},{"damage":8.0,"enemies":"Transient","floor":38.0,"turns":5.0},{"damage":8.0,"enemies":"Giant Head","floor":40.0,"turns":6.0},{"damage":12.0,"enemies":"Spire Growth","floor":42.0,"turns":3.0},{"damage":8.0,"enemies":"3 Darklings","floor":45.0,"turns":3.0},{"damage":0.0,"enemies":"Mind Bloom Boss Battle","floor":46.0,"turns":3.0},{"damage":13,"enemies":"Writhing Mass","floor":48,"turns":4},{"damage":0,"enemies":"Donu and Deca","floor":50,"turns":6}],"seed_played":"-2183392417778528214","potions_obtained":[{"floor":2.0,"key":"EntropicBrew"},{"floor":6.0,"key":"FearPotion"},{"floor":12.0,"key":"GamblersBrew"},{"floor":14.0,"key":"SkillPotion"},{"floor":16.0,"key":"ColorlessPotion"},{"floor":23.0,"key":"BlessingOfTheForge"},{"floor":30.0,"key":"PowerPotion"},{"floor":31.0,"key":"EntropicBrew"}],"is_trial":false,"path_per_floor":["M","M","?","M","M","E","R","M","T","?","M","E","M","E","R","B",null,"M","?","M","$","M","E","M","R","T","M","?","?","E","M","R","B",null,"M","M","?","M","$","E","R","M","T","$","M","?","?","M","R","B",null],"character_chosen":"Librarian","items_purchased":["Molten Egg 2","LeRegole","Discovery","Parry2","GrazeTheGrass+1"],"campfire_rested":2,"item_purchase_floors":[21,21,39,44,44],"current_hp_per_floor":[42,42,42,42,42,41,41,41,41,25,25,25,25,25,25,25,82,74,74,66,66,58,50,42,66,66,58,42,42,45,40,64,56,82,77,72,72,69,69,70,70,68,68,68,67,67,67,71,71,74],"gold":148,"neow_bonus":"RANDOM_COLORLESS_2","is_daily":false,"chose_seed":false,"campfire_upgraded":4,"win_rate":0.0,"timestamp":1614184840,"path_taken":["M","M","?","M","M","E","R","M","T","?","M","E","M","E","R","BOSS","M","?","M","$","M","E","M","R","T","M","?","?","E","M","R","BOSS","M","M","?","M","$","E","R","M","T","$","M","?","?","M","R","BOSS"],"items_purchased_type":["Relic","Card","Card","Card","Card"],"build_version":"2020-12-22","purchased_purges":3,"victory":true,"max_hp_per_floor":[78,82,82,82,82,82,82,82,82,82,82,82,82,82,82,82,82,82,82,82,82,82,82,82,82,82,82,82,82,82,82,82,82,82,82,82,82,82,82,82,82,82,82,82,82,82,82,82,86,86],"relic_stats":{"Darkstone Periapt":0,"Gremlin Horn":[18,18],"counters":[31,107],"Prayer Wheel":7,"Pen Nib":[15],"Whetstone":["RapidGashes","LightAttack"],"MawBank":108,"obtain_stats":[{"Darkstone Periapt":40,"Ice Cream":46,"testmod-TestBox":0,"Gremlin Horn":14,"PageOfNothingThere":30,"Pen Nib":23,"testmod-BloodSacrificeSpiritualization":17,"Whetstone":26,"War Paint":3,"testmod-Justice":28,"MawBank":12,"PageOfLibrarian":0,"testmod-Prudence":34,"Molten Egg 2":21,"Prayer Wheel":28,"PageOfPinocchio":43,"PageOfTodaysShyLook":9},{"Darkstone Periapt":26,"Ice Cream":29,"testmod-TestBox":0,"Gremlin Horn":10,"PageOfNothingThere":20,"Pen Nib":15,"testmod-BloodSacrificeSpiritualization":11,"Whetstone":16,"War Paint":2,"testmod-Justice":19,"MawBank":8,"PageOfLibrarian":0,"testmod-Prudence":22,"Molten Egg 2":13,"Prayer Wheel":19,"PageOfPinocchio":27,"PageOfTodaysShyLook":6},{"Darkstone Periapt":88,"Ice Cream":97,"testmod-TestBox":0,"Gremlin Horn":32,"PageOfNothingThere":64,"Pen Nib":51,"testmod-BloodSacrificeSpiritualization":37,"Whetstone":54,"War Paint":7,"testmod-Justice":61,"MawBank":24,"PageOfLibrarian":0,"testmod-Prudence":71,"Molten Egg 2":43,"Prayer Wheel":61,"PageOfPinocchio":91,"PageOfTodaysShyLook":21}]},"card_choices":[{"not_picked":["testmod-SunMoon","testmod-EnhanceArmerment"],"picked":"testmod-TradeIn","floor":0.0},{"not_picked":["MultiBlock","ForTheFamily","MultiHit"],"picked":"QuickAttack","floor":1.0},{"not_picked":["Concentration","NightInTheBackstreets","Crush"],"picked":"Brawl","floor":2.0},{"not_picked":["SunsetBlade","MindCrush","SnakesPrey"],"picked":"BattleCommand","floor":4.0},{"not_picked":["SuppressingShot","Pound","ShrineToMusic","QuickAttack"],"picked":"SKIP","floor":5.0},{"not_picked":["SuppressingShot","WaitUp","EnergyCycle"],"picked":"RapidGashes","floor":6.0},{"not_picked":["ViolentFlame","SerpentineBarrier","StrongStrike"],"picked":"Parry2","floor":8.0},{"not_picked":["ForTheFamily","UpbeatPerformance","PinpointShot"],"picked":"Clone","floor":11.0},{"not_picked":["DaringDecision","SerpentineBarrier","QuickAttack","EnergyCycle"],"picked":"SKIP","floor":12.0},{"not_picked":["GreatSerpentsImpact","Concentration","Parry2"],"picked":"Reload","floor":13.0},{"not_picked":["GrazeTheGrass","PinpointShot","StrongStrike"],"picked":"YoureTooSlow","floor":14.0},{"not_picked":["RepressedFlesh","DaringDecision"],"picked":"Tttonst","floor":16.0},{"not_picked":["ShrineToMusic","MindWhip","Struggle"],"picked":"SunsetBlade","floor":18.0},{"not_picked":["Laceration","Marionette","LoosenUp"],"picked":"Slice_lor+1","floor":20.0},{"not_picked":["EnergyStrike+1","Parry2","Collision+1"],"picked":"Leap_lor+1","floor":22.0},{"not_picked":["StartinOutLightly+1","Reload","SnakesPrey","EnergyStrike+1"],"picked":"SKIP","floor":23.0},{"not_picked":["ClassAndRespect+1","ForTheFamily","Creak"],"picked":"Rewind","floor":24.0},{"not_picked":["VenomousFangs+1","SnakesPrey+1","MultiHit+1"],"picked":"TendonChords+1","floor":27.0},{"not_picked":["Concentration","HighSpeedStabbing+1","SweepTheBackstreets+1"],"picked":"TheRedNotes+1","floor":28.0},{"not_picked":["GreatSerpentsImpact+1","SerpentineBarrier","GuardingStance"],"picked":"ViolentFlame","floor":30.0},{"not_picked":["DarkCloud","Overcharge+1","Rewind"],"picked":"PuppetBlockade","floor":31.0},{"not_picked":["SnakesPrey","UpbeatPerformance+1","PinpointShot+1","QuickSuppression+1"],"picked":"SKIP","floor":31.0},{"not_picked":["SummaryJudgment+1","ForTheFamily+1","Rewind"],"picked":"ExtractFuel","floor":35.0},{"not_picked":["SpearedSweep+1","Gamble+1","SuppressingShot+1","GuardingStance"],"picked":"SKIP","floor":35.0},{"not_picked":["EnergyStrike+1","SummaryJudgment+1","GuardingStance+1"],"picked":"SerpentSwordTechnique+1","floor":36.0},{"not_picked":["GuardingStance+1","ClassAndRespect+1","Reload"],"picked":"EnergyCycle+1","floor":36.0},{"not_picked":["StrikeDown+1","Preparation","SnakeSlit+1"],"picked":"TrashDisposal+1","floor":38.0},{"not_picked":["PinpointShot+1","Marionette","TendonChords+1"],"picked":"Preparation","floor":38.0},{"not_picked":["CutIn+1","SnakesPrey","StartinOutLightly","Collision+1"],"picked":"SKIP","floor":40.0},{"not_picked":["DimensionalRift+1","SweepTheBackstreets+1","PinpointShot+1","Gamble+1"],"picked":"SKIP","floor":42.0},{"not_picked":["ForTheFamily","VioletBlade+1","SpearedSweep+1","Commandeering"],"picked":"SKIP","floor":42.0},{"not_picked":["Gigigig+1","DarkCloud","EnergyCycle+1","Reload"],"picked":"SKIP","floor":45.0},{"not_picked":["Leap_lor+1","VioletBlade+1","Marionette","MultiBlock"],"picked":"SKIP","floor":45.0},{"not_picked":["GuardingStance+1","BayonetCombat+1","Creak+1"],"picked":"Parry2","floor":46.0},{"not_picked":["Slice_lor+1","Ripple+1","ForcefulGesture+1"],"picked":"NightInTheBackstreets+1","floor":48},{"not_picked":["StrongStrike+1","QuickSuppression+1","Marionette+1","Struggle"],"picked":"SKIP","floor":48}],"player_experience":284312,"relics_obtained":[{"floor":9.0,"key":"PageOfTodaysShyLook"},{"floor":12.0,"key":"MawBank"},{"floor":14.0,"key":"Gremlin Horn"},{"floor":23.0,"key":"Pen Nib"},{"floor":26.0,"key":"Whetstone"},{"floor":28.0,"key":"Prayer Wheel"},{"floor":28.0,"key":"testmod-Justice"},{"floor":30.0,"key":"PageOfNothingThere"},{"floor":40.0,"key":"Darkstone Periapt"},{"floor":43.0,"key":"PageOfPinocchio"},{"floor":46.0,"key":"Ice Cream"}],"event_choices":[{"damage_healed":0.0,"max_hp_gain":0.0,"max_hp_loss":0.0,"gold_gain":0.0,"event_name":"给自己的盒子","player_choice":"Swap Relic","floor":3.0,"relics_lost":["War Paint"],"gold_loss":0.0,"damage_taken":0.0,"relics_obtained":["War Paint"]},{"damage_healed":0.0,"max_hp_gain":0.0,"max_hp_loss":0.0,"gold_gain":0.0,"event_name":"Shining Light","player_choice":"Entered Light","floor":10.0,"gold_loss":0.0,"damage_taken":16.0,"cards_upgraded":["Brawl","FocusedStrikes"]},{"damage_healed":0.0,"max_hp_gain":0.0,"max_hp_loss":0.0,"gold_gain":0.0,"event_name":"The Library","player_choice":"Read","floor":19.0,"gold_loss":0.0,"damage_taken":0.0,"cards_obtained":["RapidGashes"]},{"damage_healed":0.0,"max_hp_gain":0.0,"max_hp_loss":0.0,"gold_gain":0.0,"event_name":"Colosseum","player_choice":"Fight","floor":28.0,"gold_loss":0.0,"damage_taken":0.0},{"damage_healed":0.0,"max_hp_gain":0.0,"max_hp_loss":0.0,"gold_gain":0.0,"event_name":"Colosseum","player_choice":"Fought Nobs","floor":28.0,"gold_loss":0.0,"damage_taken":0.0},{"cards_removed":["LightAttack"],"damage_healed":0.0,"max_hp_gain":0.0,"max_hp_loss":0.0,"gold_gain":0.0,"event_name":"Back to Basics","player_choice":"Elegance","floor":29.0,"gold_loss":0.0,"damage_taken":0.0},{"damage_healed":0.0,"max_hp_gain":0.0,"max_hp_loss":0.0,"gold_gain":0.0,"event_name":"Tomb of Lord Red Mask","player_choice":"Ignored","floor":37.0,"gold_loss":0.0,"damage_taken":0.0},{"damage_healed":0.0,"max_hp_gain":0.0,"max_hp_loss":0.0,"gold_gain":0.0,"event_name":"MindBloom","player_choice":"Fight","floor":46.0,"gold_loss":0.0,"damage_taken":0.0},{"damage_healed":0.0,"max_hp_gain":0.0,"max_hp_loss":0.0,"gold_gain":0.0,"event_name":"Upgrade Shrine","player_choice":"Upgraded","floor":47.0,"gold_loss":0.0,"damage_taken":0.0,"cards_upgraded":["Parry2"]}],"is_beta":false,"boss_relics":[{"not_picked":["Ectoplasm","Tiny House"],"picked":"testmod-BloodSacrificeSpiritualization"},{"not_picked":["testmod-BatchProcessingSystem","testmod-TimeTraveler"],"picked":"testmod-Prudence"}],"items_purged_floors":[21,39,44],"is_endless":false,"potions_floor_spawned":[2,4,6,12,14,16,23,27,28,28,30,31,36,42,45,48],"ascension_level":0}}