{"host":"ow66nzv2xecjoor3","time":1614126225,"event":{"mods":["BaseMod","Bestiary","Block Reminder","Colored Powertips","Curses Come First","Highlight Path","Keyboard Shortcuts","Minty Spire (QoL Compilation)","Permanent Neow","Relic Stats","StSLib","UnlockEverythingMod"],"gold_per_floor":[209,15,34,51,51,51,76,87,87,117,42,56,75,75,75],"floor_reached":14,"language":"ENG","playtime":419,"items_purged":[],"score":204,"play_id":"b2b686fe-3f08-44bc-8c57-ff194aaae19f","local_time":"20210223182345","is_ascension_mode":true,"campfire_choices":[{"data":"Bash","floor":6.0,"key":"SMITH"}],"circlet_count":0,"master_deck":["AscendersBane","Strike_R","Strike_R","Strike_R+1","Strike_R","Defend_R","Defend_R","Defend_R+1","Defend_R","Bash+1","Iron Wave","Cleave","Metallicize","Sword Boomerang","Sword Boomerang","Immolate+1","Armaments"],"relics":["Burning Blood","Sling","Smiling Mask","Bag of Preparation","Molten Egg 2"],"acts_visited":["Exordium"],"potions_floor_usage":[],"damage_taken":[{"damage":1.0,"enemies":"Cultist","floor":1.0,"turns":3.0},{"damage":11.0,"enemies":"Jaw Worm","floor":3.0,"turns":6.0},{"damage":4.0,"enemies":"Small Slimes","floor":4.0,"turns":5.0},{"damage":5.0,"enemies":"Gremlin Nob","floor":7.0,"turns":3.0},{"damage":15.0,"enemies":"Blue Slaver","floor":8.0,"turns":5.0},{"damage":15.0,"enemies":"3 Sentries","floor":10.0,"turns":4.0},{"damage":0.0,"enemies":"Gremlin Gang","floor":12.0,"turns":1.0},{"damage":25.0,"enemies":"Large Slime","floor":13.0,"turns":5.0},{"damage":32,"enemies":"Gremlin Nob","floor":14,"turns":3}],"seed_played":"-1233808582059977777","potions_obtained":[{"floor":3.0,"key":"Swift Potion"},{"floor":4.0,"key":"LiquidMemories"},{"floor":12.0,"key":"ElixirPotion"}],"is_trial":false,"path_per_floor":["M","$","M","M","?","R","E","M","T","E","?","M","M","E"],"character_chosen":"IRONCLAD","items_purchased":["Sling","Cleave"],"campfire_rested":0,"item_purchase_floors":[2,2],"current_hp_per_floor":[73,73,68,70,47,47,48,39,39,30,30,36,17,0,0],"gold":75,"neow_bonus":"HUNDRED_GOLD","is_daily":false,"chose_seed":false,"campfire_upgraded":1,"win_rate":0.0,"timestamp":1614126225,"path_taken":["M","$","M","?","?","R","E","M","T","E","?","M","M","E"],"items_purchased_type":["Relic","Card"],"build_version":"2020-12-22","purchased_purges":0,"victory":false,"max_hp_per_floor":[75,75,75,75,75,75,75,75,75,75,75,75,75,75,75],"relic_stats":{"counters":[9,35],"Bag of Preparation":[8],"Smiling Mask":0,"obtain_stats":[{"Molten Egg 2":10,"Bag of Preparation":9,"Sling":2,"Smiling Mask":7,"Burning Blood":0},{"Molten Egg 2":6,"Bag of Preparation":5,"Sling":1,"Smiling Mask":4,"Burning Blood":0},{"Molten Egg 2":26,"Bag of Preparation":22,"Sling":3,"Smiling Mask":17,"Burning Blood":0}],"Burning Blood":48},"card_choices":[{"not_picked":["Clash","Sword Boomerang"],"picked":"Iron Wave","floor":1.0},{"not_picked":["Heavy Blade","Headbutt"],"picked":"Metallicize","floor":3.0},{"not_picked":["Ghostly Armor","Perfected Strike"],"picked":"Sword Boomerang","floor":4.0},{"not_picked":["Seeing Red","Searing Blow","Iron Wave"],"picked":"SKIP","floor":7.0},{"not_picked":["Pommel Strike","Headbutt"],"picked":"Sword Boomerang","floor":8.0},{"not_picked":["Rupture","Twin Strike+1"],"picked":"Immolate+1","floor":10.0},{"not_picked":["Reckless Charge+1","Perfected Strike+1"],"picked":"Armaments","floor":12.0},{"not_picked":["Flex","Body Slam+1","Sword Boomerang+1"],"picked":"SKIP","floor":13.0}],"player_experience":2955749,"relics_obtained":[{"floor":7.0,"key":"Smiling Mask"},{"floor":9.0,"key":"Bag of Preparation"},{"floor":10.0,"key":"Molten Egg 2"}],"event_choices":[{"damage_healed":0.0,"max_hp_gain":0.0,"max_hp_loss":0.0,"gold_gain":0.0,"event_name":"Shining Light","player_choice":"Entered Light","floor":5.0,"gold_loss":0.0,"damage_taken":23.0,"cards_upgraded":["Strike_R","Defend_R"]},{"cards_removed":["Strike_R"],"damage_healed":0.0,"max_hp_gain":0.0,"max_hp_loss":0.0,"gold_gain":0.0,"event_name":"The Cleric","player_choice":"Card Removal","floor":11.0,"gold_loss":75.0,"damage_taken":0.0}],"is_beta":false,"boss_relics":[],"items_purged_floors":[],"is_endless":false,"potions_floor_spawned":[3,4,12],"killed_by":"Gremlin Nob","ascension_level":20}}