{"host":"ze754j8gfb8asmsl","time":1614155594,"event":{"mods":["Act Like it!","BaseMod","CapriCore","Downfall","Gensokyo","Lobotomy","LobotomyExtend","Marisa£¨ìFÓê¡¡Ä§ÀíÉ³£©","Minty Spire (QoL Compilation)","Quick Restart","Relic Filter Mod","Relic Stats","Reliquary","Replay The Spire","RumiaBox-Â¶Ã×æ«µÄÉñÃØºÐ×Ó","Shop Mod","StSLib","Youmu£¨»êÆÇÑýÃÎ£©","¡¾¹¦ÄÜMod¡¿»ìãçÖ®»·ÐÞ¸´²¹¶¡","¡¾ÒÅÎï¿¨ÅÆ¡¿REMEMod"],"gold_per_floor":[114,127,27,47,3,3,31,31,31,61,74,103,118,118,118,217,217,237,237,118,138,138,138,167,167,167,20,20,20,20,18,18,204,204,224,224,224,243,259,259,342,342,342,342,358,389,389,389,389,398],"floor_reached":51,"language":"ZHS","playtime":5884,"items_purged":[],"score":925,"play_id":"b2ed7f1e-4ac7-435e-a083-d10a47ea41ac","local_time":"20210224163314","is_ascension_mode":true,"campfire_choices":[{"data":"Echo Form","floor":6.0,"key":"SMITH"},{"data":"PhosphoricSlash","floor":8.0,"key":"SMITH"},{"floor":15.0,"key":"DIG"},{"floor":23.0,"key":"REST"},{"data":"HumanGodSword","floor":25.0,"key":"SMITH"},{"data":"IrresoluteSoul","floor":28.0,"key":"SMITH"},{"floor":30.0,"key":"REST"},{"data":"HiganSword","floor":32.0,"key":"SMITH"},{"data":"HellFireSword","floor":40.0,"key":"SMITH"},{"data":"SwordExtraction","floor":42.0,"key":"SMITH"},{"floor":44.0,"key":"REST"},{"data":"SlashOfPresentWorld","floor":47.0,"key":"SMITH"},{"data":"StrangeHalfBody","floor":49.0,"key":"SMITH"}],"circlet_count":0,"master_deck":["Strike_YM","Strike_YM","Strike_YM","Strike_YM","Defend_YM","Defend_YM","Defend_YM","Defend_YM","SlashOfPresentWorld+1","WheelOfPainOfLivingAndDead","Echo Form+1","PhosphoricSlash+1","HellFireSword+1","CherryBlossomFlashing","HellRealmSword","CherryBlossomFlashing","HiganSword+1","IrresoluteSoul+1","HumanGodSword+1","CelestialStarSword","SwordExtraction+1","StrangeHalfBody+1","CherryBlossomFlashing+1","SuddenPhantomFormationSlashOfKarmicWind"],"relics":["HalfPhantom","REME_ComplimentaryCards","Gensokyo:NagashiBinaDoll","Shuriken","Quantum Egg","ReplayFunnel","REME_HandOfSuture","Unceasing Top","MagicDraw2","SoulBox","GodSword6","Art of War","Baka2","Pantograph","MagicDraw1","REME_CardOfGreed","Replay:WaspNest","Incense Burner","REME_HandOfSuture","Molten Egg 2","bronze:MakeshiftBattery","LetterFromLob","Centennial Puzzle","Juzu Bracelet","The Courier"],"acts_visited":["Gensokyo:Gensokyo","Gensokyo:Gensokyoer","Gensokyo:Gensokyoest"],"potions_floor_usage":[50,50,50],"damage_taken":[{"damage":22.0,"enemies":"Gensokyo:3_Fairies","floor":1.0,"turns":3.0},{"damage":1.0,"enemies":"Gensokyo:2_Kodama","floor":2.0,"turns":4.0},{"damage":2.0,"enemies":"Gensokyo:Python","floor":4.0,"turns":3.0},{"damage":8.0,"enemies":"Gensokyo:Mamizou","floor":7.0,"turns":9.0},{"damage":24.0,"enemies":"Gensokyo:Aya","floor":10.0,"turns":6.0},{"damage":0.0,"enemies":"Gensokyo:LivingMonolith","floor":11.0,"turns":3.0},{"damage":16.0,"enemies":"Gensokyo:Mamizou","floor":12.0,"turns":8.0},{"damage":8.0,"enemies":"Gensokyo:2_Rabbits","floor":13.0,"turns":3.0},{"damage":8.0,"enemies":"Gensokyo:Yukari","floor":16.0,"turns":8.0},{"damage":37.0,"enemies":"Gensokyo:2_Gloops","floor":18.0,"turns":6.0},{"damage":10.0,"enemies":"Gensokyo:Chomper","floor":21.0,"turns":4.0},{"damage":13.0,"enemies":"Gensokyo:Koishi","floor":24.0,"turns":9.0},{"damage":19.0,"enemies":"Gensokyo:Tenshi","floor":31.0,"turns":4.0},{"damage":23.0,"enemies":"Gensokyo:Eternal_Rivals","floor":33.0,"turns":7.0},{"damage":0.0,"enemies":"Gensokyo:3_Boulders","floor":35.0,"turns":5.0},{"damage":0.0,"enemies":"Gensokyo:AncientGuardian","floor":38.0,"turns":4.0},{"damage":0.0,"enemies":"Gensokyo:AtlasGolem","floor":39.0,"turns":4.0},{"damage":30.0,"enemies":"Gensokyo:Kasen","floor":41.0,"turns":5.0},{"damage":1.0,"enemies":"Gensokyo:Dusk_and_Dawn","floor":45.0,"turns":5.0},{"damage":8.0,"enemies":"Gensokyo:Doremy","floor":46.0,"turns":5.0},{"damage":2,"enemies":"Gensokyo:Yuyuko","floor":50,"turns":8}],"seed_played":"709304437262804673","potions_obtained":[{"floor":1.0,"key":"Weak Potion"},{"floor":7.0,"key":"Languid Potion"},{"floor":13.0,"key":"ColorlessPotion"},{"floor":16.0,"key":"CausticAgent"},{"floor":18.0,"key":"Toxic Potion"},{"floor":24.0,"key":"PowerPotion"},{"floor":33.0,"key":"Strength Potion"},{"floor":38.0,"key":"Adrenaline Potion"},{"floor":46.0,"key":"EssenceOfSteel"}],"is_trial":false,"path_per_floor":["M","M","?","M","COS","R","E","R","T","E","M","E","M","?","R","B",null,"M","?","COS","M","?","R","E","R","T","$","R","T","R","E","R","B",null,"M","?","?","M","M","R","E","R","T","R","M","E","R","?","R","B",null],"character_chosen":"YOUMU","items_purchased":["REME_CardOfGreed"],"campfire_rested":3,"item_purchase_floors":[27],"current_hp_per_floor":[53,52,52,50,50,50,42,42,42,58,58,42,40,40,40,32,75,38,38,38,28,28,48,35,35,35,35,35,35,55,36,36,38,69,69,69,59,59,59,59,29,29,29,49,48,40,40,60,60,60],"gold":398,"neow_bonus":"RANDOM_EVENT","is_daily":false,"chose_seed":false,"campfire_upgraded":9,"win_rate":0.0,"timestamp":1614155594,"path_taken":["M","M","?","M","COS","R","E","R","T","E","M","E","M","?","R","BOSS","M","?","COS","M","?","R","E","R","T","?","R","?","R","E","R","BOSS","M","?","?","M","?","R","E","R","T","R","M","E","R","?","R","BOSS"],"items_purchased_type":["Relic"],"build_version":"2020-12-22","purchased_purges":0,"victory":true,"max_hp_per_floor":[75,75,75,75,75,75,75,75,75,75,75,75,75,75,75,75,75,75,75,75,75,69,69,69,69,69,69,69,69,69,69,69,69,69,69,69,69,69,69,69,69,69,69,69,69,69,69,60,60,60],"relic_stats":{"Centennial Puzzle":[9],"counters":[21,110],"Shuriken":[52],"Pantograph":25,"Art of War":[6],"Juzu Bracelet":0,"obtain_stats":[{"ReplayFunnel":9,"HalfPhantom":0,"Gensokyo:NagashiBinaDoll":0,"SoulBox":17,"Incense Burner":31,"Juzu Bracelet":43,"MagicDraw2":15,"MagicDraw1":26,"Frozen Eye":24,"Baka2":24,"Centennial Puzzle":41,"Pantograph":24,"Quantum Egg":7,"Replay:WaspNest":29,"The Courier":46,"Baka":1,"Shuriken":3,"Molten Egg 2":31,"REME_HandOfSuture":10,"GodSword6":22,"Art of War":24,"LetterFromLob":38,"REME_CardOfGreed":27,"Unceasing Top":12,"bronze:MakeshiftBattery":34,"REME_ComplimentaryCards":0},{"ReplayFunnel":4,"HalfPhantom":0,"Gensokyo:NagashiBinaDoll":0,"SoulBox":9,"Incense Burner":13,"Juzu Bracelet":18,"MagicDraw2":8,"MagicDraw1":12,"Frozen Eye":11,"Baka2":12,"Centennial Puzzle":18,"Pantograph":12,"Quantum Egg":4,"Replay:WaspNest":12,"The Courier":20,"Baka":1,"Shuriken":2,"Molten Egg 2":13,"REME_HandOfSuture":5,"GodSword6":11,"Art of War":12,"LetterFromLob":16,"REME_CardOfGreed":12,"Unceasing Top":7,"bronze:MakeshiftBattery":14,"REME_ComplimentaryCards":0},{"ReplayFunnel":18,"HalfPhantom":0,"Gensokyo:NagashiBinaDoll":0,"SoulBox":46,"Incense Burner":64,"Juzu Bracelet":92,"MagicDraw2":38,"MagicDraw1":63,"Frozen Eye":55,"Baka2":63,"Centennial Puzzle":92,"Pantograph":63,"Quantum Egg":18,"Replay:WaspNest":63,"The Courier":102,"Baka":3,"Shuriken":7,"Molten Egg 2":67,"REME_HandOfSuture":24,"GodSword6":55,"Art of War":56,"LetterFromLob":83,"REME_CardOfGreed":63,"Unceasing Top":35,"bronze:MakeshiftBattery":74,"REME_ComplimentaryCards":0}],"Unceasing Top":[9]},"card_choices":[{"not_picked":["TwoHundredYojanaInOneSlash","SanzenSekai"],"picked":"PhosphoricSlash","floor":1.0},{"not_picked":["ConstancyOfTheConventionalTruth","DispleasureOfTheSevenHakus"],"picked":"SwordExtraction","floor":2.0},{"not_picked":["CelestialStarSword","PhosphoricSlash"],"picked":"HellFireSword","floor":4.0},{"not_picked":["ObsessionWithThePresentWorld","TransmigrationSlash"],"picked":"CherryBlossomFlashing","floor":7.0},{"not_picked":["SlashOfTheEternalFuture","WickedSoul"],"picked":"HellRealmSword","floor":10.0},{"not_picked":["TransmigrationSlash","FlashingScatteredFlowers","CrescentMoonSlash"],"picked":"SKIP","floor":10.0},{"not_picked":["FlashingScatteredFlowers","ConstancyOfTheConventionalTruth","LightFlashOfTheNetherworld"],"picked":"SKIP","floor":11.0},{"not_picked":["HumanKnowledgeSword","SpiritMediumsBind"],"picked":"CherryBlossomFlashing","floor":12.0},{"not_picked":["DoubleWheelOfPain","SpiritMediumsBind"],"picked":"HiganSword","floor":13.0},{"not_picked":["WickedSoul","SlashOfSaigyouSpringWind"],"picked":"IrresoluteSoul","floor":16.0},{"not_picked":["SpiritMediumsBind","TransmigrationSlash","HumanRealmSword"],"picked":"SKIP","floor":18.0},{"not_picked":["SlashOfMeditation","SpiritCuttingSword+1","TwoHundredYojanaInOneSlash+1"],"picked":"SKIP","floor":21.0},{"not_picked":["FantasyOfEnteringEnlightenment","LotusPostureSlash"],"picked":"CelestialStarSword","floor":24.0},{"not_picked":["SlashClearingTheSixSenses+1","BizarrenessOfSixRealms"],"picked":"SwordExtraction","floor":31.0},{"not_picked":["IrresoluteSoul","VoidnessSword"],"picked":"StrangeHalfBody","floor":33.0},{"not_picked":["DispleasureOfTheSevenHakus+1","CrescentMoonSlash+1","SanzenSekai+1"],"picked":"SKIP","floor":35.0},{"not_picked":["ConstancyOfTheConventionalTruth","RapidSlash+1","TwoHundredYojanaInOneSlash+1"],"picked":"SKIP","floor":38.0},{"not_picked":["ObsessionSword+1","LifeCuttingSword+1","PhosphoricSlash+1"],"picked":"SKIP","floor":39.0},{"not_picked":["PretaSword+1","SlashOfMeditation+1"],"picked":"CherryBlossomFlashing+1","floor":41.0},{"not_picked":["LowerRealmReflectionSlash+1","LightFlashOfTheNetherworld+1"],"picked":"SuddenPhantomFormationSlashOfKarmicWind","floor":45.0},{"not_picked":["ConstancyOfTheConventionalTruth","FourBirthsSword+1","GhostSword+1"],"picked":"SKIP","floor":46.0}],"player_experience":165293,"relics_obtained":[{"floor":1.0,"key":"Baka"},{"floor":7.0,"key":"Quantum Egg"},{"floor":9.0,"key":"ReplayFunnel"},{"floor":10.0,"key":"REME_HandOfSuture"},{"floor":12.0,"key":"Unceasing Top"},{"floor":15.0,"key":"MagicDraw2"},{"floor":24.0,"key":"Baka2"},{"floor":24.0,"key":"Pantograph"},{"floor":26.0,"key":"MagicDraw1"},{"floor":29.0,"key":"Replay:WaspNest"},{"floor":31.0,"key":"REME_HandOfSuture"},{"floor":31.0,"key":"Molten Egg 2"},{"floor":38.0,"key":"LetterFromLob"},{"floor":41.0,"key":"Centennial Puzzle"},{"floor":43.0,"key":"Juzu Bracelet"},{"floor":46.0,"key":"The Courier"}],"event_choices":[],"is_beta":false,"boss_relics":[{"not_picked":["SacredBark","AddBug"],"picked":"SoulBox"},{"not_picked":["Calling Bell","Empty Cage"],"picked":"bronze:MakeshiftBattery"}],"items_purged_floors":[],"is_endless":false,"potions_floor_spawned":[1,7,13,16,18,24,33,35,38,41,46],"ascension_level":2}}