{"host":"dth8fvkfiulu86fi","time":1614161138,"event":{"mods":["2.2 Compatiblity","AchievementEnabler","BaseMod","Better Third Choice","Colored Map","Colored Powertips","Minty Spire (QoL Compilation)","Rare Cards Sparkle","StSLib","SuperFastMode","Synergy Search"],"gold_per_floor":[114,114,129,1,16,46,61,61,136,136,88,103,118,133,133,233,233,248,347,362,373,398,428,443,443,443,23,38,38,13,13,13,113,113,128,152,202,217,232,232,247,277,327,327,27,42,42,57,57,57],"floor_reached":51,"language":"ENG","playtime":2081,"items_purged":[],"score":769,"play_id":"dc31ac1b-4be4-4ae1-8084-0d15430e2703","local_time":"20210224110538","daily_mods":["Heirloom","Colorless Cards","DeadlyEvents"],"is_ascension_mode":false,"campfire_choices":[{"floor":8.0,"key":"REST"},{"data":"Blind","floor":10.0,"key":"SMITH"},{"data":"Twin Strike","floor":15.0,"key":"SMITH"},{"floor":29.0,"key":"REST"},{"data":"Anger","floor":32.0,"key":"SMITH"},{"data":"1","floor":40.0,"key":"LIFT"},{"floor":44.0,"key":"REST"},{"data":"2","floor":47.0,"key":"LIFT"},{"data":"3","floor":49.0,"key":"LIFT"}],"circlet_count":0,"master_deck":["Strike_R","Strike_R","Strike_R","Strike_R","Strike_R","Defend_R","Defend_R","Defend_R","Defend_R","Bash","Flex","Flash of Steel","Anger+1","Blind+1","Perfected Strike","Shrug It Off","Perfected Strike","Twin Strike+1","Feed","Heavy Blade","Perfected Strike","Flex","Flex","Perfected Strike","Anger","Impervious","Anger+1","Bandage Up+1","Ghostly Armor+1","Shrug It Off","Power Through+1","Heavy Blade+1"],"relics":["Burning Blood","Magic Flower","Gremlin Horn","Sundial","Black Star","Red Mask","Centennial Puzzle","Bottled Flame","Toy Ornithopter","Red Skull","PreservedInsect","Brimstone","Runic Cube","Gambling Chip","Girya","Mummified Hand","Smiling Mask","Potion Belt","Strange Spoon","Akabeko"],"acts_visited":["Exordium","TheCity","TheBeyond"],"potions_floor_usage":[],"damage_taken":[{"damage":6.0,"enemies":"Cultist","floor":1.0,"turns":3.0},{"damage":11.0,"enemies":"Jaw Worm","floor":3.0,"turns":2.0},{"damage":0.0,"enemies":"2 Louse","floor":5.0,"turns":3.0},{"damage":34.0,"enemies":"Lagavulin","floor":6.0,"turns":6.0},{"damage":9.0,"enemies":"Blue Slaver","floor":7.0,"turns":3.0},{"damage":6.0,"enemies":"3 Louse","floor":12.0,"turns":2.0},{"damage":7.0,"enemies":"Looter","floor":13.0,"turns":3.0},{"damage":0.0,"enemies":"Large Slime","floor":14.0,"turns":2.0},{"damage":71.0,"enemies":"The Guardian","floor":16.0,"turns":11.0},{"damage":22.0,"enemies":"Spheric Guardian","floor":18.0,"turns":4.0},{"damage":21.0,"enemies":"2 Thieves","floor":20.0,"turns":3.0},{"damage":24.0,"enemies":"Masked Bandits","floor":21.0,"turns":5.0},{"damage":25.0,"enemies":"Book of Stabbing","floor":23.0,"turns":5.0},{"damage":17.0,"enemies":"Snecko","floor":24.0,"turns":4.0},{"damage":0.0,"enemies":"Slavers","floor":25.0,"turns":1.0},{"damage":9.0,"enemies":"Centurion and Healer","floor":28.0,"turns":2.0},{"damage":77.0,"enemies":"Automaton","floor":33.0,"turns":8.0},{"damage":6.0,"enemies":"3 Shapes","floor":35.0,"turns":1.0},{"damage":42.0,"enemies":"2 Orb Walkers","floor":36.0,"turns":3.0},{"damage":17.0,"enemies":"Mind Bloom Boss Battle","floor":37.0,"turns":5.0},{"damage":22.0,"enemies":"3 Darklings","floor":38.0,"turns":4.0},{"damage":25.0,"enemies":"Maw","floor":39.0,"turns":6.0},{"damage":36.0,"enemies":"Jaw Worm Horde","floor":41.0,"turns":3.0},{"damage":50.0,"enemies":"Giant Head","floor":42.0,"turns":7.0},{"damage":17.0,"enemies":"4 Shapes","floor":46.0,"turns":4.0},{"damage":22.0,"enemies":"Spire Growth","floor":48.0,"turns":5.0},{"damage":68,"enemies":"Time Eater","floor":50,"turns":10}],"seed_played":"1986488565424594500","potions_obtained":[{"floor":6.0,"key":"DistilledChaos"},{"floor":7.0,"key":"SneckoOil"},{"floor":12.0,"key":"AttackPotion"},{"floor":14.0,"key":"SmokeBomb"},{"floor":16.0,"key":"DistilledChaos"},{"floor":20.0,"key":"Swift Potion"},{"floor":28.0,"key":"BloodPotion"},{"floor":33.0,"key":"Strength Potion"},{"floor":36.0,"key":"Swift Potion"},{"floor":37.0,"key":"ElixirPotion"},{"floor":38.0,"key":"Weak Potion"},{"floor":39.0,"key":"ColorlessPotion"},{"floor":46.0,"key":"Energy Potion"}],"is_trial":false,"path_per_floor":["M","$","M","$","M","E","M","R","T","R","$","M","M","M","R","B",null,"M","?","M","?","T","E","M","E","T","$","M","R","$","$","R","B",null,"M","?","?","M","M","R","M","E","T","R","$","M","R","M","R","B",null],"character_chosen":"IRONCLAD","items_purchased":["Anger","Blind","Shrug It Off","PreservedInsect","Brimstone","Flex","Perfected Strike","Energy Potion","Anger","Strange Spoon","Akabeko"],"campfire_rested":3,"item_purchase_floors":[4,4,11,27,27,27,27,27,30,45,45],"current_hp_per_floor":[80,80,78,78,80,55,55,79,79,79,79,80,80,80,80,18,80,67,67,60,50,50,34,26,43,43,43,56,82,82,82,82,48,89,92,59,60,64,73,73,60,28,28,56,56,62,62,74,74,24],"gold":57,"neow_bonus":"","is_daily":true,"chose_seed":false,"campfire_upgraded":3,"win_rate":0.0,"timestamp":1614161138,"path_taken":["M","$","M","$","M","E","M","R","T","R","?","?","M","M","R","BOSS","M","?","M","?","?","E","M","?","T","$","M","R","?","$","R","BOSS","M","?","?","M","M","R","M","E","T","R","?","M","R","M","R","BOSS"],"items_purchased_type":["Card","Card","Card","Relic","Relic","Card","Card","Potion","Card","Relic","Relic"],"build_version":"2020-12-22","purchased_purges":0,"victory":true,"max_hp_per_floor":[80,80,80,80,80,80,80,80,80,80,80,80,80,80,80,80,80,80,80,83,86,86,86,86,86,86,86,89,89,89,89,89,89,89,92,92,92,92,92,92,95,95,95,95,95,98,98,98,98,98],"card_choices":[{"not_picked":["Cleave","Body Slam"],"picked":"Flex","floor":1.0},{"not_picked":["Inflame","Second Wind"],"picked":"Flash of Steel","floor":3.0},{"not_picked":["Burning Pact","Shockwave","Clash"],"picked":"SKIP","floor":5.0},{"not_picked":["Impatience","True Grit","Havoc"],"picked":"SKIP","floor":6.0},{"not_picked":["Spot Weakness","Fire Breathing"],"picked":"Perfected Strike","floor":7.0},{"not_picked":["Thunderclap","Armaments","Infernal Blade"],"picked":"SKIP","floor":12.0},{"not_picked":["Headbutt","Sword Boomerang"],"picked":"Perfected Strike","floor":13.0},{"not_picked":["Iron Wave","Body Slam"],"picked":"Twin Strike","floor":14.0},{"not_picked":["Exhume","Transmutation"],"picked":"Feed","floor":16.0},{"not_picked":["Pommel Strike","Warcry+1","Feel No Pain"],"picked":"SKIP","floor":18.0},{"not_picked":["Evolve","Iron Wave"],"picked":"Heavy Blade","floor":20.0},{"not_picked":["Deep Breath","Warcry"],"picked":"Perfected Strike","floor":21.0},{"not_picked":["Feed","Swift Strike"],"picked":"Flex","floor":23.0},{"not_picked":["Entrench","Searing Blow","Pommel Strike"],"picked":"SKIP","floor":24.0},{"not_picked":["Sword Boomerang","Wild Strike","True Grit"],"picked":"SKIP","floor":28.0},{"not_picked":["Violence","Brutality"],"picked":"Impervious","floor":33.0},{"not_picked":["Wild Strike+1","True Grit+1"],"picked":"Anger+1","floor":35.0},{"not_picked":["Pommel Strike","Perfected Strike"],"picked":"Bandage Up+1","floor":36.0},{"not_picked":["Pommel Strike+1","Mind Blast"],"picked":"Ghostly Armor+1","floor":37.0},{"not_picked":["Clash+1","Sword Boomerang+1","Headbutt"],"picked":"SKIP","floor":38.0},{"not_picked":["Cleave","Havoc"],"picked":"Shrug It Off","floor":39.0},{"not_picked":["Wild Strike+1","Headbutt","Havoc"],"picked":"SKIP","floor":41.0},{"not_picked":["Pummel","True Grit"],"picked":"Power Through+1","floor":42.0},{"not_picked":["Dark Embrace+1","Shockwave","Sadistic Nature"],"picked":"SKIP","floor":46.0},{"not_picked":["Thunderclap+1","Warcry+1"],"picked":"Heavy Blade+1","floor":48.0}],"player_experience":1193827,"relics_obtained":[{"floor":6.0,"key":"Gremlin Horn"},{"floor":9.0,"key":"Sundial"},{"floor":21.0,"key":"Red Mask"},{"floor":22.0,"key":"Centennial Puzzle"},{"floor":23.0,"key":"Bottled Flame"},{"floor":23.0,"key":"Toy Ornithopter"},{"floor":26.0,"key":"Red Skull"},{"floor":36.0,"key":"Gambling Chip"},{"floor":37.0,"key":"Girya"},{"floor":42.0,"key":"Mummified Hand"},{"floor":42.0,"key":"Smiling Mask"},{"floor":43.0,"key":"Potion Belt"}],"event_choices":[{"damage_healed":0.0,"max_hp_gain":0.0,"max_hp_loss":0.0,"gold_gain":99.0,"event_name":"betterThird:BetterNest","player_choice":"Steal","floor":19.0,"gold_loss":0.0,"damage_taken":0.0},{"damage_healed":0.0,"max_hp_gain":0.0,"max_hp_loss":0.0,"gold_gain":0.0,"event_name":"Masked Bandits","player_choice":"Fought Bandits","floor":21.0,"gold_loss":0.0,"damage_taken":0.0},{"damage_healed":0.0,"max_hp_gain":0.0,"max_hp_loss":0.0,"gold_gain":0.0,"event_name":"Mysterious Sphere","player_choice":"Fight","floor":36.0,"gold_loss":0.0,"damage_taken":0.0},{"damage_healed":0.0,"max_hp_gain":0.0,"max_hp_loss":0.0,"gold_gain":0.0,"event_name":"MindBloom","player_choice":"Fight","floor":37.0,"gold_loss":0.0,"damage_taken":0.0}],"is_beta":false,"boss_relics":[{"not_picked":["SlaversCollar","Tiny House"],"picked":"Black Star"},{"not_picked":["Runic Pyramid","Coffee Dripper"],"picked":"Runic Cube"}],"items_purged_floors":[],"is_endless":false,"potions_floor_spawned":[6,7,12,14,16,20,25,28,33,36,37,38,39,46],"ascension_level":0}}