{"host":"uyfpom4rlahfoee4","time":1614139862,"event":{"mods":["BaseMod","Downfall","Minty Spire (QoL Compilation)","StSLib"],"gold_per_floor":[99,116,291,38,138,148,148,148,166,151,166,166,166,178,188,286,286,286,296,309,120,140,172,241,258,270,270,71,86,86,100,119,214,214,214,225,241,257,68,84,129,149,161,161,175,175,187,96,106,106],"floor_reached":51,"language":"ENG","playtime":3857,"items_purged":["Doubt"],"score":721,"play_id":"471a4bbb-ed84-4cbf-810f-46569d801f24","local_time":"20210223201102","is_ascension_mode":false,"campfire_choices":[{"data":"Guardian:TwinSlam","floor":1,"key":"SMITH"},{"data":"Guardian:DonusPower","floor":13,"key":"SMITH"},{"data":"Guardian:Reroute","floor":18,"key":"SMITH"},{"data":"Guardian:PrimingBeam","floor":27,"key":"SMITH"},{"data":"Guardian:EvasiveProtocol","floor":30,"key":"SMITH"},{"data":"Guardian:PiercingHide","floor":35,"key":"SMITH"},{"data":"Guardian:ExploitGems","floor":44,"key":"SMITH"},{"data":"Guardian:BronzeArmor","floor":46,"key":"SMITH"}],"circlet_count":0,"master_deck":["Guardian:Strike_Guardian","Guardian:Strike_Guardian","Guardian:Strike_Guardian","Guardian:Defend_Guardian","Guardian:Defend_Guardian","Guardian:Defend_Guardian","Guardian:Defend_Guardian","Guardian:CurlUp","Guardian:TwinSlam+1","Guardian:BodySlam+1","Guardian:PiercingHide+1","Guardian:TemporalStrike","Guardian:DonusPower+1","Guardian:Reroute+1","Guardian:VentSteam","Guardian:TimeSifter","Guardian:Suspension","Guardian:RollAttack","Guardian:PrimingBeam+1","Guardian:Gem_Crimson","Guardian:EvasiveProtocol+1","Guardian:ShieldSpikes+1","Guardian:ChargeCore","Guardian:ExploitGems+1","Guardian:FloatingOrbs+1","Guardian:BronzeArmor+1","Guardian:BodySlam","Guardian:FloatingOrbs","Guardian:ShieldCharger+1","Guardian:Reroute+1","Guardian:SpikerProtocol+1","Guardian:ShieldCharger","Guardian:FloatingOrbs","Guardian:WalkerClaw"],"relics":["Guardian:ModeShifterPlus","Mercury Hourglass","Letter Opener","Shuriken","Pear","expansioncontent:StudyCardRelic","HornCleat","Frozen Eye","Blood Vial"],"acts_visited":["Exordium","TheCity","TheBeyond"],"potions_floor_usage":[11,16,20,50,50],"damage_taken":[{"damage":0,"enemies":"Cultist","floor":2,"turns":4},{"damage":5,"enemies":"downfall:FleeingMerchant","floor":4,"turns":4},{"damage":0,"enemies":"2 Louse","floor":6,"turns":3},{"damage":7,"enemies":"Small Slimes","floor":9,"turns":3},{"damage":10,"enemies":"downfall:FleeingMerchant","floor":10,"turns":4},{"damage":4,"enemies":"Gremlin Gang","floor":11,"turns":3},{"damage":8,"enemies":"Red Slaver","floor":14,"turns":3},{"damage":0,"enemies":"Large Slime","floor":15,"turns":6},{"damage":14,"enemies":"DF_ARCHETYPE_STREAMLINE","floor":16,"turns":7},{"damage":0,"enemies":"3 Byrds","floor":19,"turns":2},{"damage":0,"enemies":"downfall:LooterAlt2","floor":20,"turns":4},{"damage":0,"enemies":"downfall:FleeingMerchant","floor":21,"turns":4},{"damage":0,"enemies":"Centurion and Healer","floor":22,"turns":6},{"damage":0,"enemies":"Gremlin Leader","floor":23,"turns":5},{"damage":0,"enemies":"Cultist and Chosen","floor":25,"turns":5},{"damage":0,"enemies":"Snecko","floor":26,"turns":4},{"damage":0,"enemies":"downfall:FleeingMerchant","floor":28,"turns":4},{"damage":1,"enemies":"Snake Plant","floor":29,"turns":3},{"damage":0,"enemies":"Centurion and Healer","floor":31,"turns":4},{"damage":0,"enemies":"Snecko","floor":32,"turns":4},{"damage":15,"enemies":"SI_MIRROR_ARCHETYPE","floor":33,"turns":9},{"damage":13,"enemies":"3 Shapes","floor":36,"turns":2},{"damage":0,"enemies":"3 Darklings","floor":37,"turns":4},{"damage":0,"enemies":"Maw","floor":38,"turns":6},{"damage":0,"enemies":"downfall:FleeingMerchant","floor":39,"turns":2},{"damage":6,"enemies":"4 Shapes","floor":40,"turns":4},{"damage":0,"enemies":"3 Darklings","floor":42,"turns":3},{"damage":0,"enemies":"Spire Growth","floor":43,"turns":4},{"damage":0,"enemies":"Writhing Mass","floor":45,"turns":5},{"damage":0,"enemies":"Maw","floor":47,"turns":5},{"damage":0,"enemies":"4 Shapes","floor":49,"turns":2},{"damage":7,"enemies":"WA_ARCHETYPE_DIVINITY","floor":50,"turns":9}],"seed_played":"-2387631376298854592","potions_obtained":[{"floor":2,"key":"SteroidPotion"},{"floor":6,"key":"SteroidPotion"},{"floor":15,"key":"Strength Potion"},{"floor":16,"key":"FairyPotion"},{"floor":19,"key":"champ:CounterPotion"},{"floor":22,"key":"SkillPotion"},{"floor":31,"key":"Guardian:BlockOnCardUsePotion"},{"floor":49,"key":"CultistPotion"}],"is_trial":false,"path_per_floor":["R","M","?","$","?","M","T","?","M","$","M","?","R","M","M","B",null,"R","M","M","$","M","E","T","M","M","R","$","M","R","M","M","B",null,"R","M","M","M","$","M","T","M","M","R","M","R","M","$","M","B",null],"character_chosen":"GUARDIAN","items_purchased":["Mercury Hourglass","Guardian:Suspension","Guardian:RollAttack","Guardian:Gem_Purple","Guardian:Gem_Crimson","Guardian:EvasiveProtocol","HornCleat","Guardian:BodySlam","Guardian:FloatingOrbs","Frozen Eye","Guardian:FloatingOrbs","Guardian:WalkerClaw"],"campfire_rested":0,"item_purchase_floors":[4,21,21,28,28,28,39,39,39,39,48,48],"current_hp_per_floor":[88,88,88,83,83,83,83,83,76,66,62,62,62,54,54,40,88,88,88,88,88,88,88,98,98,98,98,98,97,97,97,97,82,98,98,85,85,85,85,79,79,81,83,83,85,85,87,87,89,84],"gold":106,"neow_bonus":"TEN_PERCENT_HP_BONUS","is_daily":false,"chose_seed":false,"campfire_upgraded":8,"win_rate":0.0,"timestamp":1614139862,"path_taken":["R","M","?","$","?","M","T","?","?","$","M","?","R","M","M","BOSS","R","M","M","$","M","E","T","?","M","R","?","M","R","M","M","BOSS","R","M","M","M","$","M","T","M","M","R","M","R","M","$","M","BOSS"],"items_purchased_type":["Relic","Card","Card","Card","Card","Card","Relic","Card","Card","Relic","Card","Card"],"build_version":"2020-12-22","purchased_purges":1,"victory":true,"max_hp_per_floor":[88,88,88,88,88,88,88,88,88,88,88,88,88,88,88,88,88,88,88,88,88,88,88,98,98,98,98,98,98,98,98,98,98,98,98,98,98,98,98,98,98,98,98,98,98,98,98,98,98,98],"card_choices":[{"not_picked":["Guardian:GuardianWhirl","Guardian:RollAttack"],"picked":"Guardian:Gem_Lightblue","floor":2},{"not_picked":["Guardian:Gem_Red","Guardian:TemporalStrike"],"picked":"Guardian:BodySlam","floor":4},{"not_picked":["Guardian:Gem_Crimson","Guardian:WalkerClaw"],"picked":"Guardian:PiercingHide","floor":6},{"not_picked":["Guardian:ShieldCharger","Guardian:Incinerate"],"picked":"Guardian:TemporalStrike","floor":9},{"not_picked":["Guardian:Clone","Guardian:PolyBeam"],"picked":"Guardian:Gem_Cyan","floor":10},{"not_picked":["Guardian:ShieldCharger","Guardian:ChargeCore"],"picked":"Guardian:Gem_Red","floor":11},{"not_picked":["Guardian:FastForward","Guardian:TemporalStrike","Guardian:RefractedBeam"],"picked":"SKIP","floor":14},{"not_picked":["Guardian:WalkerClaw","Guardian:DonusPower"],"picked":"Guardian:Reroute","floor":15},{"not_picked":["Guardian:SphericShield","Guardian:AncientConstruct"],"picked":"Guardian:Gem_Synthetic","floor":16},{"not_picked":["Guardian:ShieldCharger+1","Guardian:Emergency"],"picked":"Guardian:VentSteam","floor":19},{"not_picked":["Guardian:TemporalStrike+1","Guardian:VentSteam+1"],"picked":"Guardian:Gem_Green","floor":20},{"not_picked":["Guardian:Gem_Red","Guardian:VentSteam+1"],"picked":"Guardian:TimeSifter","floor":21},{"not_picked":["Guardian:PiercingHide+1","Guardian:TemporalShield"],"picked":"Guardian:PrimingBeam","floor":22},{"not_picked":["Guardian:PrimingBeam","Guardian:Suspension"],"picked":"Guardian:Gem_Orange","floor":23},{"not_picked":["Guardian:Gem_Red","Guardian:RefractedBeam"],"picked":"Guardian:Gem_Fragmented","floor":25},{"not_picked":["Guardian:CrystalBeam","Guardian:Reroute"],"picked":"Guardian:Gem_Red","floor":26},{"not_picked":["Guardian:ChargeCore","Guardian:Clone"],"picked":"Guardian:Gem_Crimson","floor":28},{"not_picked":["Guardian:Gem_Green","Guardian:PiercingHide"],"picked":"Guardian:Gem_Red","floor":29},{"not_picked":["Guardian:Planning","Guardian:Recover"],"picked":"Guardian:Gem_Blue","floor":31},{"not_picked":["Guardian:TemporalStrike","Guardian:Gem_Red"],"picked":"Guardian:ShieldSpikes+1","floor":32},{"not_picked":["Guardian:FastForward","Guardian:StasisStrike"],"picked":"Guardian:Gem_Synthetic","floor":33},{"not_picked":["Guardian:Gem_Red","Guardian:RollAttack"],"picked":"Guardian:ChargeCore","floor":36},{"not_picked":["Guardian:RefractedBeam","Guardian:WalkerClaw+1"],"picked":"Guardian:ExploitGems","floor":37},{"not_picked":["Guardian:TimeCapacitor+1","Guardian:Gem_Fragmented"],"picked":"Guardian:FloatingOrbs+1","floor":38},{"not_picked":["Guardian:Gem_Green","Guardian:Gem_Lightblue"],"picked":"Guardian:BronzeArmor","floor":39},{"not_picked":["Guardian:Gem_Lightblue","Guardian:Suspension+1"],"picked":"Guardian:ShieldCharger+1","floor":40},{"not_picked":["Guardian:Gem_Red","Guardian:RollAttack+1"],"picked":"Guardian:Reroute+1","floor":42},{"not_picked":["Guardian:RefractedBeam+1","Guardian:ArmoredProtocol"],"picked":"Guardian:SpikerProtocol+1","floor":43},{"not_picked":["Guardian:Reroute","Guardian:VentSteam+1"],"picked":"Guardian:Gem_Lightblue","floor":45},{"not_picked":["Guardian:Gem_Lightblue","Guardian:CrystalBeam"],"picked":"Guardian:ShieldCharger","floor":47},{"not_picked":["Guardian:Gem_White","Guardian:Repulse","Guardian:PrismaticBeam+1"],"picked":"SKIP","floor":49}],"player_experience":160223,"relics_obtained":[{"floor":7,"key":"Letter Opener"},{"floor":23,"key":"Shuriken"},{"floor":24,"key":"Pear"},{"floor":41,"key":"Blood Vial"}],"event_choices":[],"is_beta":false,"boss_relics":[{"not_picked":["SlaversCollar","bronze:MakeshiftBattery"],"picked":"Guardian:ModeShifterPlus"},{"not_picked":["Sozu","Philosopher\u0027s Stone"],"picked":"expansioncontent:StudyCardRelic"}],"items_purged_floors":[21],"is_endless":false,"potions_floor_spawned":[2,6,15,16,19,22,25,31,36,38,49],"ascension_level":0}}