{"host":"1a8lb11wemezctea","time":1614137617,"event":{"mods":["BaseMod","Colored Powertips","Highlight Path","Minty Spire (QoL Compilation)"],"gold_per_floor":[111,111,121,139,154,188,188,205,228,239,239,269,21,40,40,117,117,131,151,2,15,65,96,21,21,48,77,97,97,131,149,149,231,231,250,259,259,23,37,37,72,86,111,111,111,59,59,85,85,85,85,85,13,56,56,56],"floor_reached":55,"language":"ENG","playtime":3261,"items_purged":["Strike_G","Strike_G"],"score":1416,"play_id":"8bd217de-bf9e-43d2-936e-1d36dd5f1c8b","local_time":"20210223223337","is_ascension_mode":true,"campfire_choices":[{"data":"Terror","floor":7,"key":"SMITH"},{"floor":11,"key":"REST"},{"data":"Phantasmal Killer","floor":15,"key":"SMITH"},{"floor":29,"key":"REST"},{"data":"Infinite Blades","floor":32,"key":"SMITH"},{"data":"Accuracy","floor":40,"key":"SMITH"},{"floor":47,"key":"REST"},{"floor":49,"key":"RECALL"},{"data":"Neutralize","floor":52,"key":"SMITH"}],"circlet_count":0,"master_deck":["AscendersBane","Strike_G","Defend_G","Defend_G","Defend_G","Defend_G","Defend_G","Survivor","Neutralize+1","Poisoned Stab+1","Blade Dance","Crippling Poison","Flechettes","Terror+1","Dagger Spray","Bane","Phantasmal Killer+1","Deflect+1","Adrenaline+1","Bane+1","Distraction+1","Poisoned Stab","Deflect+1","Backflip+1","Deflect+1","Infinite Blades+1","Adrenaline+1","Blade Dance+1","Finesse+1","Accuracy+1","Calculated Gamble+1","PiercingWail+1"],"relics":["Ring of the Snake","Vajra","Tiny Chest","Nunchaku","Toxic Egg 2","Black Star","Omamori","Lizard Tail","Ninja Scroll","Dream Catcher","Whetstone","Shuriken","Mercury Hourglass","CeramicFish","Runic Pyramid","Torii","Anchor","Pen Nib","Strawberry","MealTicket","Calipers","Bag of Preparation"],"acts_visited":["Exordium","TheCity","TheBeyond","TheEnding"],"potions_floor_usage":[6,11,14,18,23,27,28,33,46,50,55,55],"damage_taken":[{"damage":1,"enemies":"Small Slimes","floor":1,"turns":5},{"damage":0,"enemies":"Cultist","floor":3,"turns":4},{"damage":0,"enemies":"2 Louse","floor":4,"turns":2},{"damage":6,"enemies":"2 Fungi Beasts","floor":5,"turns":5},{"damage":31,"enemies":"3 Sentries","floor":6,"turns":9},{"damage":1,"enemies":"Looter","floor":8,"turns":3},{"damage":14,"enemies":"Red Slaver","floor":10,"turns":5},{"damage":19,"enemies":"Gremlin Nob","floor":12,"turns":4},{"damage":1,"enemies":"Exordium Wildlife","floor":14,"turns":2},{"damage":45,"enemies":"The Guardian","floor":16,"turns":9},{"damage":12,"enemies":"2 Thieves","floor":18,"turns":4},{"damage":3,"enemies":"Chosen","floor":19,"turns":2},{"damage":8,"enemies":"Snecko","floor":21,"turns":5},{"damage":13,"enemies":"Book of Stabbing","floor":23,"turns":5},{"damage":16,"enemies":"Slavers","floor":27,"turns":4},{"damage":13,"enemies":"Sentry and Sphere","floor":28,"turns":4},{"damage":10,"enemies":"Book of Stabbing","floor":30,"turns":4},{"damage":0,"enemies":"Snake Plant","floor":31,"turns":2},{"damage":17,"enemies":"Collector","floor":33,"turns":6},{"damage":6,"enemies":"Orb Walker","floor":35,"turns":2},{"damage":0,"enemies":"3 Darklings","floor":39,"turns":2},{"damage":28,"enemies":"Nemesis","floor":41,"turns":5},{"damage":0,"enemies":"Transient","floor":42,"turns":5},{"damage":0,"enemies":"Giant Head","floor":48,"turns":5},{"damage":41,"enemies":"Awakened One","floor":50,"turns":6},{"damage":18,"enemies":"Shield and Spear","floor":54,"turns":5},{"damage":101,"enemies":"The Heart","floor":55,"turns":5}],"seed_played":"-2390132315090859459","potions_obtained":[{"floor":2,"key":"FearPotion"},{"floor":2,"key":"FairyPotion"},{"floor":10,"key":"Fruit Juice"},{"floor":12,"key":"SneckoOil"},{"floor":16,"key":"CunningPotion"},{"floor":19,"key":"Weak Potion"},{"floor":27,"key":"Weak Potion"},{"floor":30,"key":"PowerPotion"},{"floor":39,"key":"Strength Potion"},{"floor":41,"key":"Fruit Juice"}],"is_trial":false,"path_per_floor":["M","?","M","M","M","E","R","M","T","M","R","E","$","M","R","B",null,"M","M","$","M","?","E","?","T","T","E","M","R","E","M","R","B",null,"M","?","?","$","M","R","E","M","T","T","?","$","R","E","R","B",null,"R","$","E","B"],"character_chosen":"THE_SILENT","items_purchased":["Toxic Egg 2","Poisoned Stab","Dexterity Potion","Accuracy","Calculated Gamble+1","SteroidPotion","LiquidMemories"],"campfire_rested":3,"item_purchase_floors":[13,20,20,38,38,46,53],"current_hp_per_floor":[64,64,64,64,58,27,27,26,26,12,38,19,19,18,18,3,59,47,44,44,36,36,23,23,23,23,7,38,61,51,51,51,34,66,60,60,60,60,60,60,32,32,32,32,32,37,61,68,68,27,74,74,89,71,0,0],"gold":56,"neow_bonus":"TEN_PERCENT_HP_BONUS","is_daily":false,"chose_seed":false,"campfire_upgraded":5,"win_rate":0.0,"timestamp":1614137617,"path_taken":["M","?","M","?","M","E","R","M","T","?","R","E","$","M","R","BOSS","M","M","$","M","?","E","?","?","T","E","M","R","E","M","R","BOSS","M","?","?","$","M","R","E","?","T","?","?","?","R","E","R","BOSS","R","$","E","BOSS"],"items_purchased_type":["Relic","Card","Potion","Card","Card","Potion","Potion"],"build_version":"2020-12-22","purchased_purges":2,"victory":false,"max_hp_per_floor":[72,72,72,72,72,72,72,72,72,72,77,77,77,77,77,77,77,77,77,77,77,77,77,77,77,77,77,77,77,77,77,77,77,77,77,77,77,77,77,77,77,77,77,77,77,82,82,89,89,89,89,89,89,89,89,89],"card_choices":[{"not_picked":["Dagger Spray","Blur"],"picked":"Poisoned Stab","floor":1},{"not_picked":["Terror","Prepared"],"picked":"Blade Dance","floor":3},{"not_picked":["Blade Dance","Outmaneuver"],"picked":"Crippling Poison","floor":4},{"not_picked":["Setup","Acrobatics"],"picked":"Flechettes","floor":5},{"not_picked":["Flechettes","Underhanded Strike"],"picked":"Terror","floor":6},{"not_picked":["Acrobatics","Sucker Punch"],"picked":"Dagger Spray","floor":8},{"not_picked":["Outmaneuver","Flying Knee"],"picked":"Bane","floor":10},{"not_picked":["Cloak And Dagger","Dagger Throw"],"picked":"Phantasmal Killer","floor":12},{"not_picked":["All Out Attack","Blade Dance+1"],"picked":"Deflect+1","floor":14},{"not_picked":["Envenom","Phantasmal Killer+1"],"picked":"Adrenaline+1","floor":16},{"not_picked":["Sucker Punch","Riddle With Holes"],"picked":"Bane","floor":18},{"not_picked":["Caltrops","Quick Slash"],"picked":"Distraction+1","floor":19},{"not_picked":["Flying Knee","Distraction+1","Bane"],"picked":"SKIP","floor":21},{"not_picked":["Masterful Stab","Tactician+1"],"picked":"Deflect+1","floor":23},{"not_picked":["Tools of the Trade","Bane"],"picked":"Backflip+1","floor":27},{"not_picked":["Underhanded Strike","Bane","Crippling Poison+1"],"picked":"SKIP","floor":28},{"not_picked":["Endless Agony","Bouncing Flask+1"],"picked":"Deflect+1","floor":29},{"not_picked":["Underhanded Strike+1","Tactician+1"],"picked":"Infinite Blades","floor":30},{"not_picked":["Concentrate+1","Predator","Dagger Spray"],"picked":"SKIP","floor":31},{"not_picked":["Storm of Steel+1","Wraith Form v2"],"picked":"Adrenaline+1","floor":33},{"not_picked":["Flying Knee","Backflip+1"],"picked":"Blade Dance+1","floor":35},{"not_picked":["Madness+1","Magnetism"],"picked":"Finesse+1","floor":36},{"not_picked":["Quick Slash","Deflect+1","Bane"],"picked":"SKIP","floor":39},{"not_picked":["Acrobatics+1","Sucker Punch","Backflip+1"],"picked":"SKIP","floor":41},{"not_picked":["Catalyst+1","Terror+1","Flying Knee"],"picked":"SKIP","floor":42},{"not_picked":["Bane","Unload","Riddle With Holes+1"],"picked":"SKIP","floor":48},{"not_picked":["Bullet Time+1","Quick Slash"],"picked":"PiercingWail+1","floor":54}],"player_experience":322281,"relics_obtained":[{"floor":6,"key":"Vajra"},{"floor":9,"key":"Tiny Chest"},{"floor":12,"key":"Nunchaku"},{"floor":23,"key":"Omamori"},{"floor":23,"key":"Lizard Tail"},{"floor":25,"key":"Ninja Scroll"},{"floor":26,"key":"Dream Catcher"},{"floor":27,"key":"Whetstone"},{"floor":27,"key":"Shuriken"},{"floor":30,"key":"Mercury Hourglass"},{"floor":30,"key":"CeramicFish"},{"floor":41,"key":"Torii"},{"floor":41,"key":"Anchor"},{"floor":43,"key":"Pen Nib"},{"floor":48,"key":"Strawberry"},{"floor":48,"key":"MealTicket"},{"floor":54,"key":"Calipers"},{"floor":54,"key":"Bag of Preparation"}],"event_choices":[{"damage_healed":0,"gold_gain":0,"player_choice":"Got Potions","damage_taken":0,"max_hp_gain":0,"max_hp_loss":0,"event_name":"Lab","floor":2,"gold_loss":0},{"damage_healed":0,"gold_gain":50,"player_choice":"Stole From Cult","damage_taken":0,"max_hp_gain":0,"max_hp_loss":0,"event_name":"Nest","floor":22,"gold_loss":0},{"cards_removed":["Strike_G"],"damage_healed":0,"gold_gain":0,"player_choice":"Gave Gold","damage_taken":0,"max_hp_gain":0,"max_hp_loss":0,"event_name":"Beggar","floor":24,"gold_loss":75},{"damage_healed":0,"gold_gain":0,"player_choice":"Memory 1","damage_taken":0,"max_hp_gain":0,"max_hp_loss":0,"event_name":"SensoryStone","floor":36,"gold_loss":0},{"cards_removed":["Strike_G"],"damage_healed":0,"gold_gain":0,"player_choice":"Card Removal","damage_taken":0,"max_hp_gain":0,"max_hp_loss":0,"event_name":"Wheel of Change","floor":37,"gold_loss":0},{"damage_healed":0,"gold_gain":0,"player_choice":"Ignored","damage_taken":0,"max_hp_gain":0,"max_hp_loss":0,"event_name":"Tomb of Lord Red Mask","floor":45,"gold_loss":0}],"is_beta":false,"boss_relics":[{"not_picked":["SlaversCollar","HoveringKite"],"picked":"Black Star"},{"not_picked":["SacredBark","Sozu"],"picked":"Runic Pyramid"}],"items_purged_floors":[20,38],"is_endless":false,"potions_floor_spawned":[3,5,10,12,16,19,21,27,30,39,41],"killed_by":"The Heart","ascension_level":15}}