{"host":"n2sr453jcjz6vvl4","time":1614167650,"event":{"mods":["BaseMod","Colored Map","Minty Spire (QoL Compilation)","Permanent Neow","Relic Stats","StSLib"],"gold_per_floor":[137,58,93,93,59,129,129,163,163,338,338,338,41,81,81,232,232,268,193,193,108,122,122,69,123,123,123,143,143],"floor_reached":28,"language":"ENG","playtime":1360,"items_purged":["Doubt"],"score":276,"play_id":"e2887364-edd2-49ff-b54c-674bf2181a8d","local_time":"20210224075410","is_ascension_mode":true,"campfire_choices":[{"data":"Rampage","floor":7,"key":"SMITH"},{"floor":12,"key":"REST"},{"data":"Limit Break","floor":15,"key":"SMITH"},{"floor":23,"key":"REST"}],"circlet_count":0,"master_deck":["Strike_R+1","Defend_R+1","Defend_R+1","Defend_R+1","Defend_R+1","Bash","HandOfGreed","Rampage+1","Evolve","Wild Strike","Spot Weakness","Headbutt","Injury","Limit Break+1","Disarm","Brutality","Thunderclap+1","Sword Boomerang+1","Carnage+1","Cleave+1","Iron Wave","Armaments+1","Shockwave+1"],"relics":["Burning Blood","Matryoshka","Red Skull","Art of War","Darkstone Periapt","Golden Idol","Sling","Astrolabe","MutagenicStrength","Toxic Egg 2","Regal Pillow","Strawberry","The Courier"],"acts_visited":["Exordium","TheCity"],"potions_floor_usage":[16],"damage_taken":[{"damage":7,"enemies":"2 Louse","floor":1,"turns":2},{"damage":2,"enemies":"Jaw Worm","floor":3,"turns":3},{"damage":27,"enemies":"3 Sentries","floor":6,"turns":9},{"damage":35,"enemies":"Lagavulin","floor":8,"turns":7},{"damage":0,"enemies":"Small Slimes","floor":14,"turns":2},{"damage":50,"enemies":"Slime Boss","floor":16,"turns":9},{"damage":43,"enemies":"3 Byrds","floor":18,"turns":4},{"damage":26,"enemies":"Shell Parasite","floor":22,"turns":4},{"damage":48,"enemies":"Slavers","floor":25,"turns":3},{"damage":20,"enemies":"Sentry and Sphere","floor":28,"turns":3}],"seed_played":"977839971559395621","potions_obtained":[{"floor":8,"key":"SpeedPotion"},{"floor":16,"key":"PowerPotion"},{"floor":25,"key":"Swift Potion"}],"is_trial":false,"path_per_floor":["M","$","M","?","?","E","R","E","T","?","?","R","$","M","R","B",null,"M","?","?","?","M","R","$","E","T","?","M"],"character_chosen":"IRONCLAD","items_purchased":["Evolve","Sling","Limit Break","Armaments+1"],"campfire_rested":2,"item_purchase_floors":[2,13,13,24],"current_hp_per_floor":[71,71,72,58,58,37,37,8,8,14,20,45,45,51,51,7,84,47,47,47,47,27,52,52,10,17,17,0,0],"gold":143,"neow_bonus":"RANDOM_COLORLESS_2","is_daily":false,"chose_seed":false,"campfire_upgraded":2,"win_rate":0.0,"timestamp":1614167650,"path_taken":["M","$","M","?","?","E","R","E","T","?","?","R","$","M","R","BOSS","M","?","?","?","M","R","$","E","T","?","?"],"items_purchased_type":["Card","Relic","Card","Card"],"build_version":"2020-12-22","purchased_purges":1,"victory":false,"max_hp_per_floor":[72,72,72,72,72,72,72,72,72,78,84,84,84,84,84,84,84,84,84,84,84,84,84,84,84,91,91,91,91],"relic_stats":{"Darkstone Periapt":12,"Regal Pillow":0,"counters":[10,46],"Golden Idol":43,"Astrolabe":["Thunderclap","Sword Boomerang","Carnage"],"Art of War":[0],"obtain_stats":[{"Darkstone Periapt":9,"Regal Pillow":25,"Golden Idol":11,"Astrolabe":17,"The Courier":26,"Sling":13,"Burning Blood":0,"Matryoshka":6,"MutagenicStrength":20,"Strawberry":26,"Art of War":9,"Toxic Egg 2":21,"Red Skull":8},{"Darkstone Periapt":4,"Regal Pillow":9,"Golden Idol":4,"Astrolabe":6,"The Courier":9,"Sling":4,"Burning Blood":0,"Matryoshka":3,"MutagenicStrength":7,"Strawberry":9,"Art of War":4,"Toxic Egg 2":7,"Red Skull":4},{"Darkstone Periapt":21,"Regal Pillow":43,"Golden Idol":21,"Astrolabe":32,"The Courier":43,"Sling":21,"Burning Blood":0,"Matryoshka":14,"MutagenicStrength":36,"Strawberry":43,"Art of War":21,"Toxic Egg 2":36,"Red Skull":21}],"Burning Blood":51},"card_choices":[{"not_picked":["Thinking Ahead","Secret Weapon"],"picked":"HandOfGreed","floor":0},{"not_picked":["Warcry","Anger"],"picked":"Rampage","floor":1},{"not_picked":["Rampage","Heavy Blade"],"picked":"Wild Strike","floor":3},{"not_picked":["Body Slam","Juggernaut"],"picked":"Spot Weakness","floor":6},{"not_picked":["Sever Soul","Reckless Charge"],"picked":"Headbutt","floor":8},{"not_picked":["Perfected Strike","Twin Strike"],"picked":"Disarm","floor":14},{"not_picked":["Bludgeon","Barricade"],"picked":"Brutality","floor":16},{"not_picked":["Iron Wave","Dropkick"],"picked":"Cleave+1","floor":18},{"not_picked":["Searing Blow","Combust+1"],"picked":"Iron Wave","floor":22},{"not_picked":["Reckless Charge","Body Slam"],"picked":"Shockwave+1","floor":25}],"player_experience":241330,"relics_obtained":[{"floor":6,"key":"Matryoshka"},{"floor":8,"key":"Red Skull"},{"floor":9,"key":"Art of War"},{"floor":9,"key":"Darkstone Periapt"},{"floor":25,"key":"Regal Pillow"},{"floor":26,"key":"Strawberry"},{"floor":26,"key":"The Courier"}],"event_choices":[{"damage_healed":0,"gold_gain":0,"player_choice":"Entered Light","damage_taken":14,"max_hp_gain":0,"max_hp_loss":0,"event_name":"Shining Light","floor":4,"gold_loss":0,"cards_upgraded":["Defend_R","Strike_R"]},{"damage_healed":0,"gold_gain":0,"player_choice":"Left Gold","damage_taken":0,"max_hp_gain":0,"max_hp_loss":0,"event_name":"World of Goop","floor":5,"gold_loss":34},{"damage_healed":0,"gold_gain":175,"player_choice":"AGREE","damage_taken":0,"max_hp_gain":0,"max_hp_loss":0,"event_name":"Liars Game","floor":10,"gold_loss":0,"cards_obtained":["Doubt"]},{"damage_healed":0,"gold_gain":0,"player_choice":"Take Wound","damage_taken":0,"relics_obtained":["Golden Idol"],"max_hp_gain":0,"max_hp_loss":0,"event_name":"Golden Idol","floor":11,"gold_loss":0,"cards_obtained":["Injury"]},{"cards_removed":["Strike_R"],"damage_healed":0,"gold_gain":0,"player_choice":"Gave Gold","damage_taken":0,"max_hp_gain":0,"max_hp_loss":0,"event_name":"Beggar","floor":19,"gold_loss":75},{"damage_healed":0,"gold_gain":0,"player_choice":"Inject Mutagens","damage_taken":0,"relics_obtained":["MutagenicStrength"],"max_hp_gain":0,"max_hp_loss":0,"event_name":"Drug Dealer","floor":20,"gold_loss":0},{"damage_healed":0,"gold_gain":0,"player_choice":"Obtained Relic","damage_taken":0,"relics_obtained":["Toxic Egg 2"],"max_hp_gain":0,"max_hp_loss":0,"event_name":"Addict","floor":21,"gold_loss":85},{"damage_healed":0,"gold_gain":0,"player_choice":"Simplicity","damage_taken":0,"max_hp_gain":0,"max_hp_loss":0,"event_name":"Back to Basics","floor":27,"gold_loss":0,"cards_upgraded":["Defend_R","Defend_R","Defend_R"]}],"is_beta":false,"boss_relics":[{"not_picked":["Runic Cube","SacredBark"],"picked":"Astrolabe"}],"items_purged_floors":[13],"is_endless":false,"potions_floor_spawned":[8,16,25],"killed_by":"Sentry and Sphere","ascension_level":3}}