{"host":"i0asdmq0kdsv7cgz","time":1614168570,"event":{"mods":["BaseMod","Colored Map","Downfall","Gold Saver","Hubris","Minty Spire (QoL Compilation)","Replay The Spire","StSLib"],"gold_per_floor":[358,369,382,392,407,425,443,511,527,527,527,591,611,611,611,711,772,786,786,786,786],"floor_reached":19,"language":"ENG","playtime":1094,"items_purged":[],"score":117,"play_id":"09c1c910-b9dc-4479-946f-f0d17d566e1b","local_time":"20210224130930","is_ascension_mode":false,"campfire_choices":[{"floor":1.0,"key":"RECALL"},{"floor":14.0,"key":"REST"}],"circlet_count":0,"master_deck":["bronze:Strike","bronze:Strike","bronze:Strike","bronze:Defend","bronze:Defend","bronze:Defend","bronze:Defend","bronze:Replicate","bronze:Goto+1","Apotheosis+1","bronze:FineTuning","bronze:BronzeArmor","bronze:Flail","bronze:FineTuning","bronze:Flail","bronze:Assembly","bronze:ChildClass","Delirium","bronze:WhirlingStrike","bronze:Philosophize","bronze:WhirlingStrike","bronze:OilSpill","bronze:Iterate","bronze:SpaghettiCode"],"relics":["bronze:BronzeCore","Darkstone Periapt","ReplayTheSpireMod:Ring of Challenge","Ring of Fury","downfall:BrokenWingStatue"],"acts_visited":["Exordium"],"potions_floor_usage":[18,19,19],"damage_taken":[{"damage":6.0,"enemies":"2 Louse","floor":2.0,"turns":4.0},{"damage":6.0,"enemies":"Small Slimes","floor":3.0,"turns":3.0},{"damage":9.0,"enemies":"Cultist","floor":4.0,"turns":4.0},{"damage":20.0,"enemies":"Exordium Thugs","floor":5.0,"turns":3.0},{"damage":17.0,"enemies":"Gremlin Gang","floor":6.0,"turns":3.0},{"damage":5.0,"enemies":"downfall:LooterAlt","floor":7.0,"turns":2.0},{"damage":0.0,"enemies":"Lots of Slimes","floor":9.0,"turns":2.0},{"damage":9.0,"enemies":"Exordium Wildlife","floor":12.0,"turns":3.0},{"damage":0.0,"enemies":"Gremlin Gang","floor":13.0,"turns":1.0},{"damage":6.0,"enemies":"downfall:Heads","floor":16.0,"turns":2.0},{"damage":17.0,"enemies":"Large Slime","floor":17.0,"turns":5.0},{"damage":2,"enemies":"Exordium Thugs","floor":18,"turns":2},{"damage":9,"enemies":"WA_ARCHETYPE_RETAIN","floor":19,"turns":1}],"seed_played":"8630704752311212440","potions_obtained":[{"floor":3.0,"key":"LifebloodPotion"},{"floor":5.0,"key":"Block Potion"},{"floor":9.0,"key":"Energy Potion"},{"floor":12.0,"key":"Ancient Potion"},{"floor":16.0,"key":"hexamod:SoulburnPotion"},{"floor":18,"key":"Elixir"}],"is_trial":false,"path_per_floor":["R_BF","M","M","M","M","M","M","T","M","?","?","M","M","R","?","?","M","M","B"],"character_chosen":"THE_AUTOMATON","items_purchased":[],"campfire_rested":1,"item_purchase_floors":[],"current_hp_per_floor":[70,64,58,49,29,12,7,7,7,7,13,4,4,26,26,20,3,1,0,0,0],"gold":786,"neow_bonus":"RANDOM_COLORLESS_2","is_daily":false,"chose_seed":false,"campfire_upgraded":0,"win_rate":0.0,"timestamp":1614168570,"path_taken":["R_BF","M","M","M","M","M","M","T","M","?","?","M","M","R","?","?","M","M","BOSS"],"items_purchased_type":[],"build_version":"2020-12-22","purchased_purges":0,"victory":false,"max_hp_per_floor":[70,70,70,70,70,70,70,70,70,70,76,76,76,76,76,76,76,76,76,76,76],"card_choices":[{"not_picked":["Chrysalis","Sadistic Nature"],"picked":"Apotheosis","floor":0.0},{"not_picked":["bronze:Safeguard","bronze:DelayedSlice"],"picked":"bronze:FineTuning","floor":2.0},{"not_picked":["bronze:Safeguard","bronze:Overload"],"picked":"bronze:BronzeArmor","floor":3.0},{"not_picked":["bronze:BronzeArmor","bronze:Branch"],"picked":"bronze:Flail","floor":4.0},{"not_picked":["bronze:WhirlingStrike","bronze:Shield"],"picked":"bronze:FineTuning","floor":5.0},{"not_picked":["bronze:Boost","bronze:Frontload"],"picked":"bronze:Flail","floor":6.0},{"not_picked":["bronze:BuggyMess","bronze:Shell"],"picked":"bronze:Assembly","floor":7.0},{"not_picked":["bronze:Branch","bronze:Turbo"],"picked":"bronze:ChildClass","floor":9.0},{"not_picked":["bronze:Verify","bronze:DigitalCarnage"],"picked":"bronze:WhirlingStrike","floor":12.0},{"not_picked":["bronze:Backtrace","bronze:Invalidate"],"picked":"bronze:Philosophize","floor":13.0},{"not_picked":["bronze:BugBarrage","bronze:Deprecate"],"picked":"bronze:OilSpill","floor":16.0},{"not_picked":["bronze:Shell","bronze:Shield"],"picked":"bronze:Iterate","floor":17.0},{"not_picked":["bronze:Frontload","bronze:DelayedGuard"],"picked":"bronze:SpaghettiCode","floor":18}],"player_experience":591740,"relics_obtained":[{"floor":8.0,"key":"Darkstone Periapt"},{"floor":11.0,"key":"ReplayTheSpireMod:Ring of Challenge"},{"floor":11.0,"key":"Ring of Fury"}],"event_choices":[],"is_beta":false,"boss_relics":[],"items_purged_floors":[],"is_endless":false,"potions_floor_spawned":[3,5,9,12,16,18],"killed_by":"WA_ARCHETYPE_RETAIN","ascension_level":0}}