{"host":"bpr07pynnqpe5ded","time":1614175356,"event":{"mods":["2.2 Compatiblity","Aspiration","BaseMod","Better Note","Better Third Choice","BetterRewards","Downfall","Jorbs\u0027s Wanderer Trilogy","Minty Spire (QoL Compilation)","Replay The Spire","Shop Mod","StSLib","The Marked","??????REMEMod"],"gold_per_floor":[10,21,41,53,53,53,53,71,143,170,188,69,69,87,87,247,247,257,275,32,51,51,51],"floor_reached":22,"language":"ENG","playtime":1453,"items_purged":["Defend_P","Strike_P"],"score":190,"play_id":"2299bdda-bf7c-4d58-a361-16db53a80f33","local_time":"20210224140236","is_ascension_mode":false,"campfire_choices":[{"data":"Replay:Cycle","floor":6,"key":"SMITH"},{"data":"Wireheading","floor":13,"key":"SMITH"}],"circlet_count":0,"master_deck":["Strike_P","Eruption","Vigilance","Master of Strategy","Replay:Cycle+1","Replay:ManipulateFuture","Evaluate","CutThroughFate+1","Wireheading+1","Replay:Hum+1","REME_Repentance+1","Master of Strategy","CutThroughFate+1"],"relics":["PureWater","REME_ComplimentaryCards","The Courier","TeardropLocket","Empty Cage"],"acts_visited":["Exordium","TheCity"],"potions_floor_usage":[10,14,14,16],"damage_taken":[{"damage":0,"enemies":"Small Slimes","floor":1,"turns":2},{"damage":0,"enemies":"Jaw Worm","floor":2,"turns":2},{"damage":0,"enemies":"Cultist","floor":3,"turns":2},{"damage":8,"enemies":"Exordium Wildlife","floor":4,"turns":3},{"damage":0,"enemies":"Large Slime","floor":8,"turns":3},{"damage":26,"enemies":"Lagavulin","floor":10,"turns":3},{"damage":0,"enemies":"2 Fungi Beasts","floor":11,"turns":2},{"damage":0,"enemies":"Exordium Wildlife","floor":14,"turns":2},{"damage":10,"enemies":"Slime Boss","floor":16,"turns":6},{"damage":13,"enemies":"3 Byrds","floor":18,"turns":5},{"damage":0,"enemies":"Chosen","floor":19,"turns":3},{"damage":50,"enemies":"Shelled Parasite and Fungi","floor":21,"turns":7},{"damage":0,"enemies":"Snake Plant","floor":22,"turns":1}],"seed_played":"8198139277315283570","potions_obtained":[{"floor":1,"key":"hexamod:SoulburnPotion"},{"floor":3,"key":"Explosive Potion"},{"floor":8,"key":"Fire Potion"},{"floor":11,"key":"ColorlessPotion"},{"floor":21,"key":"StancePotion"}],"is_trial":false,"path_per_floor":["M","M","M","M","?","R","?","M","T","E","M","$","R","M","R","B",null,"M","M","$","M","M"],"character_chosen":"WATCHER","items_purchased":["Wireheading","REME_Repentance+1","Master of Strategy"],"campfire_rested":0,"item_purchase_floors":[12,20,20],"current_hp_per_floor":[72,72,72,64,52,52,52,52,52,26,26,26,26,26,47,37,72,59,59,59,9,9,9],"gold":51,"neow_bonus":"REMOVE_TWO","is_daily":false,"chose_seed":false,"campfire_upgraded":2,"win_rate":0.0,"timestamp":1614175356,"path_taken":["M","M","M","M","?","R","?","M","T","E","M","$","R","M","R","BOSS","M","M","$","M","M"],"items_purchased_type":["Card","Card","Card"],"build_version":"2020-12-22","purchased_purges":2,"victory":false,"max_hp_per_floor":[72,72,72,72,72,72,72,72,72,72,72,72,72,72,72,72,72,72,72,72,72,72,72],"card_choices":[{"not_picked":["WaveOfTheHand","Vengeance"],"picked":"Replay:Cycle","floor":1},{"not_picked":["Replay:Battleflow","SignatureMove"],"picked":"Replay:ManipulateFuture","floor":2},{"not_picked":["BowlingBash","Protect","PathToVictory"],"picked":"SKIP","floor":3},{"not_picked":["Consecrate","Replay:ManipulateFuture"],"picked":"Evaluate","floor":4},{"not_picked":["Establishment","JustLucky"],"picked":"CutThroughFate","floor":8},{"not_picked":["MentalFortress","Replay:AtTheReady","CarveReality"],"picked":"SKIP","floor":10},{"not_picked":["Tantrum","EmptyFist","SandsOfTime"],"picked":"SKIP","floor":11},{"not_picked":["SignatureMove","Replay:DivineShield","FlyingSleeves"],"picked":"SKIP","floor":14},{"not_picked":["Replay:ManipulateFuture+1","Replay:Battleflow","ClearTheMind+1"],"picked":"SKIP","floor":18},{"not_picked":["EmptyFist","Study"],"picked":"Replay:Hum+1","floor":19},{"not_picked":["Fasting2","FlurryOfBlows"],"picked":"CutThroughFate+1","floor":21}],"player_experience":1234671,"relics_obtained":[{"floor":10,"key":"TeardropLocket"}],"event_choices":[{"damage_healed":0,"gold_gain":0,"player_choice":"Relic ","damage_taken":12,"max_hp_gain":0,"max_hp_loss":0,"event_name":"betterThird:BetterScrap","floor":5,"gold_loss":0,"cards_obtained":["Demon Form"]}],"is_beta":false,"boss_relics":[{"not_picked":["REME_ChargedStone","Pandora\u0027s Box"],"picked":"Empty Cage"}],"items_purged_floors":[12,20],"is_endless":false,"potions_floor_spawned":[1,3,8,11,21],"killed_by":"Snake Plant","ascension_level":0}}