{"host":"9c9syrivwe4sfpe0","time":1614134009,"event":{"mods":["AchievementEnabler","BaseMod","Colored Powertips","DeckTracker","GifTheSpireLib","Highlight Path","Minty Spire (QoL Compilation)","Quick Restart","Random Character Button","StSLib","SuperFastMode"],"gold_per_floor":[111,111,34,34,45,45,73,93,120,135,135,135,29,60,60,161,161,172,192,46,46,46,46,58,84,84,84,9,21,21,31,31,31,31],"floor_reached":33,"language":"ENG","playtime":803,"items_purged":["Defend_P"],"score":387,"play_id":"bb41452a-158d-4bb2-a1d5-f7d5a17ceb32","local_time":"20210224133329","is_ascension_mode":true,"campfire_choices":[{"data":"Tantrum","floor":6,"key":"SMITH"},{"floor":15,"key":"REST"},{"data":"ForeignInfluence","floor":23,"key":"SMITH"},{"floor":27,"key":"REST"},{"floor":30,"key":"REST"},{"floor":32,"key":"REST"}],"circlet_count":0,"master_deck":["Strike_P","Strike_P+1","Strike_P","Strike_P","Defend_P","Defend_P","Eruption+1","Vigilance","Tantrum+1","Ragnarok","CutThroughFate","Scrawl+1","ThirdEye","EmptyBody","BattleHymn","Wallop","ConjureBlade","Alpha","Swivel","FlyingSleeves","ForeignInfluence+1","DevaForm","BattleHymn","Evaluate+1","ReachHeaven"],"relics":["PureWater","NeowsBlessing","Lantern","Boot","SacredBark","Question Card","Bronze Scales","Mercury Hourglass"],"acts_visited":["Exordium","TheCity"],"potions_floor_usage":[14,19,24,25],"damage_taken":[{"damage":0,"enemies":"Jaw Worm","floor":1,"turns":1},{"damage":0,"enemies":"2 Louse","floor":5,"turns":1},{"damage":0,"enemies":"Gremlin Nob","floor":7,"turns":1},{"damage":0,"enemies":"Small Slimes","floor":8,"turns":1},{"damage":0,"enemies":"2 Fungi Beasts","floor":10,"turns":1},{"damage":18,"enemies":"Lagavulin","floor":14,"turns":3},{"damage":26,"enemies":"The Guardian","floor":16,"turns":6},{"damage":7,"enemies":"Chosen","floor":18,"turns":4},{"damage":0,"enemies":"2 Thieves","floor":19,"turns":2},{"damage":7,"enemies":"Centurion and Healer","floor":24,"turns":2},{"damage":38,"enemies":"Slavers","floor":25,"turns":4},{"damage":10,"enemies":"Chosen and Byrds","floor":29,"turns":3},{"damage":11,"enemies":"3 Cultists","floor":31,"turns":3},{"damage":78,"enemies":"Automaton","floor":33,"turns":6}],"seed_played":"-8698573321535033709","potions_obtained":[{"floor":5,"key":"Strength Potion"},{"floor":14,"key":"Swift Potion"},{"floor":16,"key":"Swift Potion"},{"floor":19,"key":"Ambrosia"}],"is_trial":false,"path_per_floor":["M","?","$","?","M","R","E","M","T","M","?","?","$","E","R","B",null,"M","M","$","?","?","R","M","E","T","R","?","M","R","M","R","B"],"character_chosen":"WATCHER","items_purchased":["Ragnarok","BattleHymn","Wallop","ForeignInfluence"],"campfire_rested":4,"item_purchase_floors":[3,13,13,20],"current_hp_per_floor":[65,51,51,44,44,44,44,44,44,44,44,37,37,19,40,14,58,51,51,51,51,51,51,44,6,6,27,27,17,38,27,48,0,0],"gold":31,"neow_bonus":"THREE_ENEMY_KILL","is_daily":false,"chose_seed":false,"campfire_upgraded":2,"win_rate":0.0,"timestamp":1614134009,"path_taken":["M","?","$","?","M","R","E","M","T","M","?","?","$","E","R","BOSS","M","?","$","?","?","R","M","E","T","R","?","M","R","M","R","BOSS"],"items_purchased_type":["Card","Card","Card","Card"],"build_version":"2020-12-22","purchased_purges":1,"victory":false,"max_hp_per_floor":[72,72,72,72,72,72,72,72,72,72,72,72,72,72,72,72,72,72,72,72,72,72,72,72,72,72,72,72,72,72,72,72,72,72],"card_choices":[{"not_picked":["Crescendo","PathToVictory"],"picked":"Tantrum","floor":1},{"not_picked":["Weave","Nirvana"],"picked":"CutThroughFate","floor":5},{"not_picked":["WheelKick","ForeignInfluence"],"picked":"Scrawl","floor":7},{"not_picked":["Tantrum","Crescendo"],"picked":"ThirdEye","floor":8},{"not_picked":["DeceiveReality","CrushJoints"],"picked":"EmptyBody","floor":10},{"not_picked":["FollowUp","JustLucky"],"picked":"ConjureBlade","floor":14},{"not_picked":["Wish","Brilliance"],"picked":"Alpha","floor":16},{"not_picked":["WreathOfFlame","CrushJoints"],"picked":"Swivel","floor":18},{"not_picked":["FlurryOfBlows+1","CrushJoints+1"],"picked":"FlyingSleeves","floor":19},{"not_picked":["CutThroughFate","FlyingSleeves","Crescendo"],"picked":"DevaForm","floor":24},{"not_picked":["PathToVictory+1","Indignation","Protect"],"picked":"BattleHymn","floor":25},{"not_picked":["Prostrate","WheelKick","Adaptation"],"picked":"Evaluate+1","floor":29},{"not_picked":["ThirdEye","BowlingBash","EmptyFist"],"picked":"ReachHeaven","floor":31}],"player_experience":854521,"relics_obtained":[{"floor":7,"key":"Lantern"},{"floor":14,"key":"Boot"},{"floor":25,"key":"Bronze Scales"},{"floor":26,"key":"Mercury Hourglass"}],"event_choices":[{"damage_healed":0,"gold_gain":0,"player_choice":"Entered Light","damage_taken":14,"max_hp_gain":0,"max_hp_loss":0,"event_name":"Shining Light","floor":2,"gold_loss":0,"cards_upgraded":["Eruption","Strike_P"]},{"cards_removed":["Defend_P"],"damage_healed":0,"gold_gain":0,"player_choice":"Card Removal","damage_taken":7,"max_hp_gain":0,"max_hp_loss":0,"event_name":"Golden Wing","floor":4,"gold_loss":0},{"damage_healed":0,"gold_gain":0,"player_choice":"Grow","damage_taken":0,"max_hp_gain":0,"max_hp_loss":0,"event_name":"Living Wall","floor":11,"gold_loss":0,"cards_upgraded":["Scrawl"]},{"damage_healed":0,"gold_gain":0,"player_choice":"Damaged","damage_taken":7,"max_hp_gain":0,"max_hp_loss":0,"event_name":"Wheel of Change","floor":12,"gold_loss":0},{"damage_healed":0,"gold_gain":0,"player_choice":"Ignored","damage_taken":0,"max_hp_gain":0,"max_hp_loss":0,"event_name":"Ghosts","floor":21,"gold_loss":0},{"damage_healed":0,"gold_gain":0,"player_choice":"Stole Relic","damage_taken":0,"relics_obtained":["Question Card"],"max_hp_gain":0,"max_hp_loss":0,"event_name":"Addict","floor":22,"gold_loss":0,"cards_obtained":["Shame"]},{"cards_removed":["Shame"],"damage_healed":0,"gold_gain":0,"player_choice":"Gave Gold","damage_taken":0,"max_hp_gain":0,"max_hp_loss":0,"event_name":"Beggar","floor":28,"gold_loss":75}],"is_beta":false,"boss_relics":[{"not_picked":["Snecko Eye","Runic Dome"],"picked":"SacredBark"}],"items_purged_floors":[20],"is_endless":false,"potions_floor_spawned":[5,14,16,19],"killed_by":"Automaton","ascension_level":6}}