{"host":"1dhlu4qzehvrzpot","time":1614160663,"event":{"mods":["2.2 Compatiblity","AchievementEnabler","BaseMod","Block Reminder","Minty Spire (QoL Compilation)","Permanent Neow","Quick Restart","Rare Cards Sparkle","Relic Stats","Say the Spire","Slay-I","StSLib","SuperFastMode"],"gold_per_floor":[139,195,370,0,36,36,36,71,71,71,105,105,145,210,222,309,321,349,361,373,484,496,508,520,520],"floor_reached":24,"language":"ENG","playtime":457,"items_purged":["Doubt"],"score":320,"play_id":"fc7e84e1-d6b5-40f3-b04c-93d5b98cf234","local_time":"20210224105743","is_ascension_mode":true,"campfire_choices":[{"floor":6.0,"key":"DIG"},{"floor":10.0,"key":"DIG"},{"floor":12.0,"key":"DIG"},{"floor":15.0,"key":"DIG"},{"floor":23,"key":"DIG"}],"circlet_count":0,"master_deck":["AscendersBane","Strike_B+1","Strike_B+1","Defend_B+1","Defend_B+1","Defend_B+1","Defend_B+1","Zap","Dualcast","HandOfGreed","Lockon","Hologram","Beam Cell","BootSequence","Defragment","BootSequence","Core Surge","Ball Lightning","Static Discharge","Force Field"],"relics":["Cracked Core","Shovel","White Beast Statue","Darkstone Periapt","Smiling Mask","MawBank","Du-Vu Doll","Ginger","SacredBark","Blood Vial"],"acts_visited":["Exordium","TheCity"],"potions_floor_usage":[16,16,24],"damage_taken":[{"damage":4.0,"enemies":"Jaw Worm","floor":1.0,"turns":3.0},{"damage":17.0,"enemies":"Small Slimes","floor":2.0,"turns":4.0},{"damage":0.0,"enemies":"Cultist","floor":5.0,"turns":2.0},{"damage":5.0,"enemies":"Exordium Wildlife","floor":8.0,"turns":4.0},{"damage":3.0,"enemies":"3 Louse","floor":11.0,"turns":3.0},{"damage":28.0,"enemies":"Lagavulin","floor":13.0,"turns":5.0},{"damage":7.0,"enemies":"Large Slime","floor":14.0,"turns":6.0},{"damage":25,"enemies":"The Guardian","floor":16,"turns":11},{"damage":7,"enemies":"Chosen","floor":18,"turns":4},{"damage":40,"enemies":"Masked Bandits","floor":24,"turns":5}],"seed_played":"2712921003744826169","potions_obtained":[{"floor":1.0,"key":"SpeedPotion"},{"floor":8.0,"key":"DuplicationPotion"},{"floor":11.0,"key":"SkillPotion"},{"floor":13.0,"key":"Swift Potion"},{"floor":16,"key":"CultistPotion"},{"floor":18,"key":"PowerPotion"}],"is_trial":false,"path_per_floor":["M","M","?","$","M","R","?","M","T","R","M","R","E","M","R","B",null,"M","?","?","?","?","R","?"],"character_chosen":"DEFECT","items_purchased":["Shovel"],"campfire_rested":0,"item_purchase_floors":[4],"current_hp_per_floor":[46,29,29,29,29,29,75,70,70,70,67,67,39,32,32,7,58,51,51,37,37,37,37,0,0],"gold":520,"neow_bonus":"RANDOM_COLORLESS_2","is_daily":false,"chose_seed":false,"campfire_upgraded":0,"win_rate":0.0,"timestamp":1614160663,"path_taken":["M","M","?","$","M","R","?","M","T","R","?","R","E","M","R","BOSS","M","?","?","?","?","R","?"],"items_purchased_type":["Relic"],"build_version":"2020-12-22","purchased_purges":1,"victory":false,"max_hp_per_floor":[75,75,75,75,75,75,75,75,75,75,75,75,75,75,75,75,75,75,75,80,80,80,80,80,80],"relic_stats":{"Darkstone Periapt":0,"Blood Vial":2,"Shovel":5,"counters":[10,47],"Ginger":[2],"Smiling Mask":0,"MawBank":144,"obtain_stats":[{"Darkstone Periapt":9,"Du-Vu Doll":13,"Blood Vial":23,"Shovel":4,"SacredBark":17,"Ginger":15,"Cracked Core":0,"Smiling Mask":10,"MawBank":12,"White Beast Statue":6},{"Darkstone Periapt":4,"Du-Vu Doll":6,"Blood Vial":9,"Shovel":2,"SacredBark":8,"Ginger":7,"Cracked Core":0,"Smiling Mask":4,"MawBank":5,"White Beast Statue":3},{"Darkstone Periapt":13,"Du-Vu Doll":21,"Blood Vial":42,"Shovel":7,"SacredBark":38,"Ginger":27,"Cracked Core":0,"Smiling Mask":13,"MawBank":16,"White Beast Statue":9}]},"card_choices":[{"not_picked":["Secret Weapon","Sadistic Nature"],"picked":"HandOfGreed","floor":0.0},{"not_picked":["Redo","Rebound"],"picked":"Lockon","floor":1.0},{"not_picked":["Reprogram","Redo","Compile Driver"],"picked":"SKIP","floor":2.0},{"not_picked":["Gash","Go for the Eyes"],"picked":"Hologram","floor":5.0},{"not_picked":["Rebound","Hyperbeam"],"picked":"Beam Cell","floor":8.0},{"not_picked":["Barrage","Conserve Battery"],"picked":"BootSequence","floor":11.0},{"not_picked":["Hologram","Tempest"],"picked":"Defragment","floor":13.0},{"not_picked":["Aggregate","Conserve Battery"],"picked":"BootSequence","floor":14.0},{"not_picked":["Fission","Amplify"],"picked":"Core Surge","floor":16},{"not_picked":["Steam","Aggregate"],"picked":"Ball Lightning","floor":18}],"player_experience":566242,"relics_obtained":[{"floor":6.0,"key":"White Beast Statue"},{"floor":9.0,"key":"Darkstone Periapt"},{"floor":10.0,"key":"Smiling Mask"},{"floor":12.0,"key":"MawBank"},{"floor":13.0,"key":"Du-Vu Doll"},{"floor":15.0,"key":"Ginger"},{"floor":23,"key":"Blood Vial"}],"event_choices":[{"damage_healed":0.0,"max_hp_gain":0.0,"max_hp_loss":0.0,"gold_gain":175.0,"event_name":"Liars Game","player_choice":"AGREE","floor":3.0,"gold_loss":0.0,"damage_taken":0.0,"cards_obtained":["Doubt"]},{"damage_healed":46.0,"max_hp_gain":0.0,"max_hp_loss":0.0,"gold_gain":0.0,"event_name":"Wheel of Change","player_choice":"Full Heal","floor":7.0,"gold_loss":0.0,"damage_taken":0.0},{"damage_healed":0,"gold_gain":0,"cards_transformed":["Strike_B","Strike_B"],"player_choice":"Became Test Subject","damage_taken":0,"max_hp_gain":0,"max_hp_loss":0,"event_name":"Drug Dealer","floor":19,"gold_loss":0,"cards_obtained":["Static Discharge","Force Field"]},{"damage_healed":0,"gold_gain":0,"player_choice":"Shed Blood","damage_taken":19,"max_hp_gain":5,"max_hp_loss":0,"event_name":"Forgotten Altar","floor":20,"gold_loss":0},{"damage_healed":0,"gold_gain":99,"player_choice":"Stole From Cult","damage_taken":0,"max_hp_gain":0,"max_hp_loss":0,"event_name":"Nest","floor":21,"gold_loss":0},{"damage_healed":0,"gold_gain":0,"player_choice":"Simplicity","damage_taken":0,"max_hp_gain":0,"max_hp_loss":0,"event_name":"Back to Basics","floor":22,"gold_loss":0,"cards_upgraded":["Strike_B","Strike_B","Defend_B","Defend_B","Defend_B","Defend_B"]},{"damage_healed":0,"gold_gain":0,"player_choice":"Fought Bandits","damage_taken":0,"max_hp_gain":0,"max_hp_loss":0,"event_name":"Masked Bandits","floor":24,"gold_loss":0}],"is_beta":false,"boss_relics":[{"not_picked":["Runic Dome","Coffee Dripper"],"picked":"SacredBark"}],"items_purged_floors":[4],"is_endless":false,"potions_floor_spawned":[1,8,11,13,14,16,18],"killed_by":"Masked Bandits","ascension_level":13}}