{"host":"1dhlu4qzehvrzpot","time":1614161519,"event":{"mods":["2.2 Compatiblity","AchievementEnabler","BaseMod","Block Reminder","Minty Spire (QoL Compilation)","Permanent Neow","Quick Restart","Rare Cards Sparkle","Relic Stats","Say the Spire","Slay-I","StSLib","SuperFastMode"],"gold_per_floor":[115,115,115,127,137,137,153,6,6,6,6,20,36,55,55,130,130,146,146,146,166,185,214,214,227,227,227,227,246,278,289,303,303,303,303],"floor_reached":34,"language":"ENG","playtime":774,"items_purged":[],"score":467,"play_id":"b805bcd5-6895-4142-a7d6-e85d67c998fd","local_time":"20210224111159","is_ascension_mode":true,"campfire_choices":[{"data":"Genetic Algorithm","floor":6.0,"key":"SMITH"},{"data":"Zap","floor":11.0,"key":"SMITH"},{"data":"Dualcast","floor":15.0,"key":"SMITH"},{"data":"RitualDagger","floor":24,"key":"SMITH"},{"data":"Defragment","floor":26,"key":"SMITH"},{"data":"Double Energy","floor":33,"key":"SMITH"}],"circlet_count":0,"master_deck":["AscendersBane","Strike_B","Strike_B","Strike_B","Strike_B","Defend_B","Defend_B","Defend_B","Defend_B","Zap+1","Dualcast+1","Ball Lightning+1","Double Energy+1","Genetic Algorithm+1","Hologram","Leap+1","White Noise+1","Multi-Cast+1","RitualDagger+1","Ghostly+1","Ghostly+1","Ghostly+1","Ghostly+1","Ghostly+1","Defragment+1","Skim+1","Leap+1","Injury","Shame","Hologram+1","Go for the Eyes"],"relics":["Cursed Key","Letter Opener","Membership Card","Toxic Egg 2","Busted Crown","Red Mask","Tiny Chest","Bottled Flame","Singing Bowl"],"acts_visited":["Exordium","TheCity"],"potions_floor_usage":[16,18,30],"damage_taken":[{"damage":1.0,"enemies":"Cultist","floor":1.0,"turns":4.0},{"damage":0.0,"enemies":"2 Louse","floor":4.0,"turns":2.0},{"damage":0.0,"enemies":"Small Slimes","floor":5.0,"turns":3.0},{"damage":15.0,"enemies":"Exordium Thugs","floor":7.0,"turns":3.0},{"damage":0.0,"enemies":"Large Slime","floor":12.0,"turns":4.0},{"damage":2.0,"enemies":"2 Fungi Beasts","floor":13.0,"turns":3.0},{"damage":8.0,"enemies":"Blue Slaver","floor":14.0,"turns":3.0},{"damage":7,"enemies":"Hexaghost","floor":16,"turns":9},{"damage":7,"enemies":"3 Byrds","floor":18,"turns":3},{"damage":2,"enemies":"Chosen","floor":21,"turns":6},{"damage":0,"enemies":"3 Cultists","floor":22,"turns":6},{"damage":1,"enemies":"Masked Bandits","floor":23,"turns":3},{"damage":1,"enemies":"Shelled Parasite and Fungi","floor":25,"turns":6},{"damage":2,"enemies":"Cultist and Chosen","floor":29,"turns":6},{"damage":4,"enemies":"Book of Stabbing","floor":30,"turns":5},{"damage":5,"enemies":"Snake Plant","floor":31,"turns":4},{"damage":1,"enemies":"Shelled Parasite and Fungi","floor":32,"turns":8},{"damage":77,"enemies":"Collector","floor":34,"turns":12}],"seed_played":"-6056486477644289477","potions_obtained":[{"floor":4.0,"key":"Explosive Potion"},{"floor":13.0,"key":"Swift Potion"},{"floor":16,"key":"FairyPotion"},{"floor":25,"key":"Swift Potion"},{"floor":30,"key":"BlessingOfTheForge"}],"is_trial":false,"path_per_floor":["M","?","?","M","M","R","M","$","T","?","R","M","M","M","R","B",null,"M","?","?","M","M","?","R","M","R","T","T","M","E","M","M","R","B"],"character_chosen":"DEFECT","items_purchased":["Membership Card"],"campfire_rested":0,"item_purchase_floors":[8],"current_hp_per_floor":[67,67,49,49,49,49,34,34,34,34,34,34,32,24,24,17,61,54,48,37,35,35,34,34,33,33,33,33,31,27,24,25,25,0,0],"gold":303,"neow_bonus":"BOSS_RELIC","is_daily":false,"chose_seed":false,"campfire_upgraded":6,"win_rate":0.0,"timestamp":1614161519,"path_taken":["M","?","?","M","M","R","M","$","T","?","R","M","M","?","R","BOSS","M","?","?","M","M","?","R","M","R","T","?","M","E","?","M","R","BOSS"],"items_purchased_type":["Relic"],"build_version":"2020-12-22","purchased_purges":0,"victory":false,"max_hp_per_floor":[75,75,75,75,75,75,75,75,75,75,75,75,75,75,75,75,75,75,75,37,37,37,37,37,37,37,37,37,37,37,39,41,41,41,41],"relic_stats":{"Busted Crown":18,"Singing Bowl":4,"counters":[18,90],"Tiny Chest":0,"Letter Opener":[218],"Cursed Key":3,"obtain_stats":[{"Bottled Flame":28,"Busted Crown":17,"Singing Bowl":30,"Tiny Chest":27,"Red Mask":23,"Letter Opener":3,"Membership Card":8,"Toxic Egg 2":9,"Cracked Core":0,"Cursed Key":0},{"Bottled Flame":13,"Busted Crown":8,"Singing Bowl":15,"Tiny Chest":13,"Red Mask":12,"Letter Opener":1,"Membership Card":4,"Toxic Egg 2":4,"Cracked Core":0,"Cursed Key":0},{"Bottled Flame":55,"Busted Crown":31,"Singing Bowl":66,"Tiny Chest":55,"Red Mask":49,"Letter Opener":4,"Membership Card":12,"Toxic Egg 2":12,"Cracked Core":0,"Cursed Key":0}]},"card_choices":[{"not_picked":["Stack","Turbo"],"picked":"Ball Lightning","floor":1.0},{"not_picked":["Turbo","Undo"],"picked":"Double Energy","floor":4.0},{"not_picked":["Steam","Tempest"],"picked":"Genetic Algorithm","floor":5.0},{"not_picked":["Force Field","Leap"],"picked":"Hologram","floor":7.0},{"not_picked":["Meteor Strike","Ball Lightning"],"picked":"Leap+1","floor":12.0},{"not_picked":["Redo+1","Conserve Battery+1","Turbo+1"],"picked":"SKIP","floor":13.0},{"not_picked":["Ball Lightning","Sweeping Beam"],"picked":"White Noise+1","floor":14.0},{"not_picked":["Fission+1","Hyperbeam"],"picked":"Multi-Cast+1","floor":16},{"not_picked":["Blizzard"],"picked":"SKIP","floor":18},{"not_picked":[],"picked":"Defragment","floor":21},{"not_picked":[],"picked":"Skim+1","floor":22},{"not_picked":[],"picked":"Leap+1","floor":23},{"not_picked":["Compile Driver+1"],"picked":"SKIP","floor":25},{"not_picked":[],"picked":"Hologram+1","floor":29},{"not_picked":[],"picked":"Go for the Eyes","floor":30},{"not_picked":["Melter+1"],"picked":"Singing Bowl","floor":31},{"not_picked":["Gash+1"],"picked":"Singing Bowl","floor":32}],"player_experience":566699,"relics_obtained":[{"floor":9.0,"key":"Toxic Egg 2"},{"floor":23,"key":"Red Mask"},{"floor":27,"key":"Tiny Chest"},{"floor":28,"key":"Bottled Flame"},{"floor":30,"key":"Singing Bowl"}],"event_choices":[{"damage_healed":0.0,"max_hp_gain":0.0,"max_hp_loss":0.0,"gold_gain":0.0,"event_name":"Living Wall","player_choice":"Grow","floor":2.0,"gold_loss":0.0,"damage_taken":0.0,"cards_upgraded":["Ball Lightning"]},{"damage_healed":0.0,"max_hp_gain":0.0,"max_hp_loss":0.0,"gold_gain":0.0,"event_name":"Scrap Ooze","player_choice":"Success","floor":3.0,"gold_loss":0.0,"damage_taken":18.0,"relics_obtained":["Letter Opener"]},{"cards_removed":["Decay"],"damage_healed":0.0,"max_hp_gain":0.0,"max_hp_loss":0.0,"gold_gain":0.0,"event_name":"Fountain of Cleansing","player_choice":"Removed Curses","floor":10.0,"gold_loss":0.0,"damage_taken":0.0},{"damage_healed":0,"gold_gain":0,"player_choice":"Joined the Cult","damage_taken":6,"max_hp_gain":0,"max_hp_loss":0,"event_name":"Nest","floor":19,"gold_loss":0,"cards_obtained":["RitualDagger"]},{"damage_healed":0,"gold_gain":0,"player_choice":"Became a Ghost","damage_taken":0,"max_hp_gain":0,"max_hp_loss":38,"event_name":"Ghosts","floor":20,"gold_loss":0,"cards_obtained":["Ghostly","Ghostly","Ghostly","Ghostly","Ghostly"]},{"damage_healed":0,"gold_gain":0,"player_choice":"Fought Bandits","damage_taken":0,"max_hp_gain":0,"max_hp_loss":0,"event_name":"Masked Bandits","floor":23,"gold_loss":0}],"is_beta":false,"boss_relics":[{"not_picked":["SacredBark","Nuclear Battery"],"picked":"Busted Crown"}],"items_purged_floors":[],"is_endless":false,"potions_floor_spawned":[4,13,14,16,25,29,30],"killed_by":"Collector","ascension_level":13}}