{"host":"dj20jyxj5yo6mk8a","time":1614189054,"event":{"mods":["AchievementEnabler","BaseMod","BetterRewards","Card Forge","Minty Spire (QoL Compilation)","Replay The Spire","StSLib","Treasure Hunter"],"gold_per_floor":[177,177,177,197,272,305,305,333,357,389,408,435,453,479,479,582,582,599,626,626,637,649,678,678,712,712,739,763,774,807,826,826,924,924,942,942,400,419,419,419,451,470,470,484,237,255,255,278,278,278,278,278,135,160,160],"floor_reached":56,"language":"ENG","playtime":2679,"items_purged":[],"score":2398,"play_id":"744279fb-db2d-4645-82d5-a8a8e3ebc5d9","local_time":"20210224145054","is_ascension_mode":true,"campfire_choices":[{"floor":7,"key":"RECALL"},{"floor":15,"key":"REST"},{"floor":24,"key":"REST"},{"floor":32,"key":"REST"},{"floor":40,"key":"REST"},{"floor":49,"key":"REST"},{"floor":52,"key":"REST"}],"circlet_count":0,"master_deck":["Strike_G+1","Strike_G+1","Strike_G+1","Defend_G+1","Defend_G+1","Defend_G+1","Defend_G+1","White Noise+1","BecomeAlmighty+1","Blind+1","Dark Shackles+1","Discovery+1","Dramatic Entrance+1","LiveForever+1","Poisoned Strike+1","White Noise+1","BecomeAlmighty+1","Dark Echo+1","Dark Shackles+1","Discovery+1","Dramatic Entrance+1","Good Instincts+1","LiveForever+1","White Noise+1","BecomeAlmighty+1","LiveForever+1","Noxious Fumes+1","Leap+1","Beam Cell+1","Dodge and Roll+1","TH:ElvenBoots+1","Cloak And Dagger+1","TH:ElvenBoots+1","Cloak And Dagger+1","TH:ElvenBoots+1","Blade Dance+1","Choke+1","Distraction+1","Dagger Spray+1","Endless Agony+1","Blade Dance+1","Blade Dance+1","Neutralize+1","ReplayTheSpireMod:Scrap Shanks+1","Accuracy+1","TH:CursedSword+1"],"relics":["Hammer of Thor","Seething Fire","Anvil of the Gods","ChewingGum","Centennial Puzzle","Replay:Rubber Ducky","Ancient Tea Set","ReplayTheSpireMod:TigerMarble","Divine Protection","SlaversCollar","PreservedInsect","Vampiric Spirits","Oddly Smooth Stone","Golden Egg","Bag of Preparation","Juzu Bracelet","Replay:Drink Me","ReplayTheSpireMod:Ninjato","Toolbox","Whetstone","Toxic Egg 2","Anchor","Bottled Tornado","Nunchaku","Bronze Scales","StoneCalendar"],"acts_visited":["Exordium","TheCity","TheBeyond","TheEnding"],"potions_floor_usage":[33,33],"damage_taken":[{"damage":0,"enemies":"Jaw Worm","floor":1,"turns":4},{"damage":0,"enemies":"Small Slimes","floor":4,"turns":1},{"damage":8,"enemies":"Gremlin Nob","floor":6,"turns":4},{"damage":0,"enemies":"3 Sentries","floor":8,"turns":3},{"damage":7,"enemies":"Gremlin Nob","floor":10,"turns":3},{"damage":0,"enemies":"Cultist","floor":11,"turns":3},{"damage":6,"enemies":"Lagavulin","floor":12,"turns":4},{"damage":0,"enemies":"Red Slaver","floor":13,"turns":3},{"damage":1,"enemies":"Gremlin Nob","floor":14,"turns":3},{"damage":0,"enemies":"Slime Boss","floor":16,"turns":3},{"damage":8,"enemies":"Spheric Guardian","floor":18,"turns":4},{"damage":0,"enemies":"Chosen","floor":21,"turns":2},{"damage":0,"enemies":"Snake Plant","floor":22,"turns":1},{"damage":0,"enemies":"Slavers","floor":23,"turns":1},{"damage":0,"enemies":"Gremlin Leader","floor":25,"turns":2},{"damage":3,"enemies":"Book of Stabbing","floor":27,"turns":3},{"damage":1,"enemies":"Cultist and Chosen","floor":29,"turns":4},{"damage":0,"enemies":"Replay:Snechameleon","floor":30,"turns":2},{"damage":0,"enemies":"Snecko","floor":31,"turns":4},{"damage":0,"enemies":"Pondfish","floor":33,"turns":7},{"damage":0,"enemies":"Orb Walker","floor":35,"turns":3},{"damage":0,"enemies":"3 Darklings","floor":38,"turns":2},{"damage":0,"enemies":"Nemesis","floor":41,"turns":3},{"damage":0,"enemies":"Maw","floor":42,"turns":2},{"damage":0,"enemies":"Transient","floor":44,"turns":5},{"damage":0,"enemies":"Sphere and 2 Shapes","floor":46,"turns":3},{"damage":0,"enemies":"Awakened One","floor":50,"turns":6},{"damage":0,"enemies":"Shield and Spear","floor":54,"turns":2},{"damage":43,"enemies":"The Heart","floor":55,"turns":5}],"seed_played":"-1031833385037855056","potions_obtained":[{"floor":30,"key":"Toxic Potion"},{"floor":44,"key":"Milkshake"}],"is_trial":false,"path_per_floor":["M","?","$","M","?","E","R","E","T","E","M","E","M","E","R","B",null,"M","T","?","M","M","E","R","E","T","E","T","M","E","M","R","B",null,"M","?","$","M","?","R","E","M","T","M","$","M","?","T","R","B",null,"R","$","E","B",null],"character_chosen":"THE_SILENT","items_purchased":["ReplayTheSpireMod:Ninjato","Toolbox","Whetstone","Bottled Tornado","Bronze Scales"],"campfire_rested":6,"item_purchase_floors":[37,37,37,45,53],"current_hp_per_floor":[70,70,70,70,63,55,55,55,55,48,48,42,42,41,62,62,68,60,60,60,60,60,60,70,70,70,67,67,69,70,70,70,70,53,53,53,53,53,53,53,53,53,53,53,53,53,53,53,53,53,53,53,53,53,10],"gold":160,"neow_bonus":"BOSS_RELIC","is_daily":false,"chose_seed":false,"campfire_upgraded":0,"win_rate":0.0,"timestamp":1614189054,"path_taken":["M","?","$","M","?","E","R","E","T","E","M","E","?","E","R","BOSS","M","?","?","M","?","E","R","E","T","E","?","M","E","M","R","BOSS","M","?","$","M","?","R","E","M","T","M","$","M","?","?","R","BOSS","R","$","E","BOSS"],"items_purchased_type":["Relic","Relic","Relic","Relic","Relic"],"build_version":"2020-12-22","purchased_purges":0,"victory":true,"max_hp_per_floor":[70,70,70,70,70,70,70,70,70,70,70,70,70,70,70,70,70,70,70,70,70,70,70,70,70,70,70,70,70,70,70,70,70,53,53,53,53,53,53,53,53,53,53,53,53,53,53,53,53,53,53,53,53,53,53],"card_choices":[{"not_picked":["Footwork","Backflip"],"picked":"Noxious Fumes","floor":1},{"not_picked":["ReplayTheSpireMod:Tripwire","Masterful Stab"],"picked":"Dodge and Roll","floor":4},{"not_picked":["TH:TreasureMap"],"picked":"TH:ElvenBoots","floor":6},{"not_picked":["Poisoned Stab","Deflect"],"picked":"Cloak And Dagger","floor":6},{"not_picked":["TH:CursedSword"],"picked":"TH:ElvenBoots","floor":8},{"not_picked":["ReplayTheSpireMod:The Works","Poison Darts"],"picked":"Cloak And Dagger","floor":8},{"not_picked":["TH:PixieDust","TH:EnergyPotion"],"picked":"SKIP","floor":9},{"not_picked":["TH:EnergyPotion"],"picked":"TH:ElvenBoots","floor":10},{"not_picked":["Outmaneuver","PiercingWail","Flying Knee"],"picked":"SKIP","floor":10},{"not_picked":["Corpse Explosion","Bane","Outmaneuver"],"picked":"SKIP","floor":11},{"not_picked":["Skewer","Heel Hook"],"picked":"Blade Dance","floor":12},{"not_picked":["TH:PixieDust","TH:TreasureMap"],"picked":"SKIP","floor":12},{"not_picked":["Prepared","Acrobatics","Poisoned Stab"],"picked":"SKIP","floor":13},{"not_picked":["TH:ArmorSpikes","TH:Mimic"],"picked":"SKIP","floor":14},{"not_picked":["Backflip","Tactician","ReplayTheSpireMod:Scrap Shanks"],"picked":"SKIP","floor":14},{"not_picked":["Well Laid Plans","Outmaneuver+1","Acrobatics"],"picked":"SKIP","floor":18},{"not_picked":["TH:CursedSword","TH:DeckOfManyThings"],"picked":"SKIP","floor":19},{"not_picked":["Deadly Poison+1","Dodge and Roll+1"],"picked":"Choke","floor":21},{"not_picked":["Cloak And Dagger+1","Flying Knee+1"],"picked":"Distraction","floor":22},{"not_picked":["TH:ElvenBoots","TH:CursedSword"],"picked":"SKIP","floor":23},{"not_picked":["Replay:Poison Smokescreen","Atom Bomb","Quick Slash"],"picked":"SKIP","floor":23},{"not_picked":["Slice","Blade Dance"],"picked":"Dagger Spray","floor":25},{"not_picked":["TH:TreasureMap","TH:ArmorSpikes"],"picked":"SKIP","floor":25},{"not_picked":["TH:CopperCoins","TH:DeckOfManyThings"],"picked":"SKIP","floor":26},{"not_picked":["TH:DeckOfManyThings","TH:CopperCoins"],"picked":"SKIP","floor":27},{"not_picked":["Quick Slash","Finisher","ReplayTheSpireMod:The Works"],"picked":"SKIP","floor":27},{"not_picked":["TH:CopperCoins","TH:EnergyPotion"],"picked":"SKIP","floor":28},{"not_picked":["Outmaneuver+1","Underhanded Strike+1"],"picked":"Endless Agony","floor":29},{"not_picked":["A Thousand Cuts","ReplayTheSpireMod:From All Sides"],"picked":"Blade Dance","floor":30},{"not_picked":["TH:BikiniMail","TH:PixieDust"],"picked":"SKIP","floor":30},{"not_picked":["Sucker Punch","Dodge and Roll","Quick Slash"],"picked":"SKIP","floor":31},{"not_picked":["Dagger Spray+1","Hidden Blade"],"picked":"Blade Dance","floor":35},{"not_picked":["Quick Slash+1","Bane+1","Slice"],"picked":"SKIP","floor":38},{"not_picked":["Flechettes+1","Flying Knee"],"picked":"Accuracy+1","floor":41},{"not_picked":["TH:ArmorSpikes","TH:ElvenBoots"],"picked":"SKIP","floor":41},{"not_picked":["Masterful Stab","Infinite Blades+1","Prepared+1"],"picked":"SKIP","floor":42},{"not_picked":["TH:BikiniMail"],"picked":"TH:CursedSword","floor":43},{"not_picked":["Flying Knee+1","Dagger Throw+1","ReplayTheSpireMod:Shiv Toss+1"],"picked":"SKIP","floor":44},{"not_picked":["Replay:Poison Smokescreen+1","Acrobatics+1","Dagger Throw"],"picked":"SKIP","floor":46},{"not_picked":["TH:ElvenBoots","TH:CursedSword"],"picked":"SKIP","floor":48},{"not_picked":["TH:ElvenBoots","TH:CopperCoins"],"picked":"SKIP","floor":54},{"not_picked":["Deadly Poison+1","Backflip+1","Prepared+1"],"picked":"SKIP","floor":54}],"player_experience":130057,"relics_obtained":[{"floor":6,"key":"Centennial Puzzle"},{"floor":8,"key":"Replay:Rubber Ducky"},{"floor":10,"key":"Ancient Tea Set"},{"floor":12,"key":"ReplayTheSpireMod:TigerMarble"},{"floor":14,"key":"Divine Protection"},{"floor":19,"key":"PreservedInsect"},{"floor":23,"key":"Vampiric Spirits"},{"floor":25,"key":"Oddly Smooth Stone"},{"floor":26,"key":"Golden Egg"},{"floor":27,"key":"Bag of Preparation"},{"floor":28,"key":"Juzu Bracelet"},{"floor":41,"key":"Toxic Egg 2"},{"floor":43,"key":"Anchor"},{"floor":48,"key":"Nunchaku"},{"floor":54,"key":"StoneCalendar"}],"event_choices":[{"damage_healed":0,"gold_gain":75,"player_choice":"Touch","damage_taken":7,"max_hp_gain":0,"max_hp_loss":0,"event_name":"FaceTrader","floor":5,"gold_loss":0},{"damage_healed":0,"gold_gain":0,"player_choice":"Ignored","damage_taken":0,"max_hp_gain":0,"max_hp_loss":0,"event_name":"Upgrade Shrine","floor":20,"gold_loss":0},{"damage_healed":0,"gold_gain":0,"player_choice":"2 cards matched","damage_taken":0,"max_hp_gain":0,"max_hp_loss":0,"event_name":"Match and Keep!","floor":36,"gold_loss":0,"cards_obtained":["Neutralize","ReplayTheSpireMod:Scrap Shanks"]},{"damage_healed":0,"gold_gain":0,"player_choice":"Ignored","damage_taken":0,"max_hp_gain":0,"max_hp_loss":0,"event_name":"Tomb of Lord Red Mask","floor":39,"gold_loss":0}],"is_beta":false,"boss_relics":[{"not_picked":["Coffee Dripper","Velvet Choker"],"picked":"SlaversCollar"},{"not_picked":["Runic Pyramid","Replay:Wanted Poster"],"picked":"Replay:Drink Me"}],"items_purged_floors":[],"is_endless":false,"potions_floor_spawned":[1,6,10,12,13,18,21,30,33,35,44,46],"ascension_level":5}}