{"host":"i0avyit1s6jb1siw","time":1614184014,"event":{"mods":["BaseMod","DeckTracker","Dota2Spire","Minty Spire (QoL Compilation)","Quick Restart","StSLib","SuperFastMode"],"gold_per_floor":[114,39,55,55,67,77,77,77,77],"floor_reached":8,"language":"ENG","playtime":158,"items_purged":[],"score":96,"play_id":"6131fe20-26a3-4594-b8cc-cbbcf7d3f990","local_time":"20210224172654","is_ascension_mode":true,"campfire_choices":[{"data":"Flex","floor":7,"key":"SMITH"}],"circlet_count":0,"master_deck":["AscendersBane","Strike_R","Strike_R","Defend_R","Defend_R","Defend_R","Defend_R","Bash","Pommel Strike","Flex+1","Sword Boomerang","Pommel Strike","Shrug It Off","Shrug It Off"],"relics":["Burning Blood"],"acts_visited":["Exordium"],"potions_floor_usage":[],"damage_taken":[{"damage":2,"enemies":"Cultist","floor":1,"turns":4},{"damage":2,"enemies":"Jaw Worm","floor":3,"turns":3},{"damage":9,"enemies":"2 Louse","floor":5,"turns":3},{"damage":18,"enemies":"Lots of Slimes","floor":6,"turns":5},{"damage":53,"enemies":"Gremlin Nob","floor":8,"turns":4}],"seed_played":"-9165088382648715737","potions_obtained":[],"is_trial":false,"path_per_floor":["M","?","M","?","M","M","R","E"],"character_chosen":"IRONCLAD","items_purchased":[],"campfire_rested":0,"item_purchase_floors":[],"current_hp_per_floor":[54,54,58,58,55,43,43,0,0],"gold":77,"neow_bonus":"TRANSFORM_TWO_CARDS","is_daily":false,"chose_seed":false,"campfire_upgraded":1,"win_rate":0.0,"timestamp":1614184014,"path_taken":["M","?","M","?","M","M","R","E"],"items_purchased_type":[],"build_version":"2020-12-22","purchased_purges":0,"victory":false,"max_hp_per_floor":[75,75,75,75,75,75,75,75,75],"card_choices":[{"not_picked":["Clash","True Grit"],"picked":"Sword Boomerang","floor":1},{"not_picked":["True Grit","Sentinel"],"picked":"Pommel Strike","floor":3},{"not_picked":["Brutality","Anger"],"picked":"Shrug It Off","floor":5},{"not_picked":["Headbutt","Iron Wave"],"picked":"Shrug It Off","floor":6}],"player_experience":2504101,"relics_obtained":[],"event_choices":[{"cards_removed":["Strike_R"],"damage_healed":0,"gold_gain":0,"player_choice":"Card Removal","damage_taken":0,"max_hp_gain":0,"max_hp_loss":0,"event_name":"The Cleric","floor":2,"gold_loss":75},{"damage_healed":0,"gold_gain":0,"player_choice":"Ignored","damage_taken":0,"max_hp_gain":0,"max_hp_loss":0,"event_name":"Liars Game","floor":4,"gold_loss":0}],"is_beta":false,"boss_relics":[],"items_purged_floors":[],"is_endless":false,"potions_floor_spawned":[],"killed_by":"Gremlin Nob","ascension_level":20}}