{"host":"ju1b3c4x8n2jtjm7","time":1614198147,"event":{"mods":["AchievementEnabler","BaseMod","Colored Map","Colored Powertips","Highlight Path","Minty Spire (QoL Compilation)","Quick Restart","Rare Cards Sparkle","Relic Stats","StSLib"],"gold_per_floor":[111,111,126,126,53,53,84,84,84,84,96,114,139,156,156,231,231,247,247,27,27,27,27,56,56,56,66,66,78,78,92,92,166,166,181,197,207,68,138,138,165,182,182,182,230,230,243,277,277,277],"floor_reached":51,"language":"ENG","playtime":3878,"items_purged":["Distraction","Heel Hook"],"score":1177,"play_id":"a152aec1-e0d0-45c9-8fb4-0533f22b1c11","local_time":"20210224212227","is_ascension_mode":true,"campfire_choices":[{"data":"Neutralize","floor":6.0,"key":"SMITH"},{"data":"Blade Dance","floor":8.0,"key":"SMITH"},{"data":"Well Laid Plans","floor":10.0,"key":"SMITH"},{"floor":15.0,"key":"REST"},{"data":"Calculated Gamble","floor":23.0,"key":"SMITH"},{"floor":25.0,"key":"REST"},{"data":"Envenom","floor":28.0,"key":"SMITH"},{"floor":30.0,"key":"REST"},{"data":"Ghostly","floor":32.0,"key":"SMITH"},{"data":"Venomology","floor":40.0,"key":"SMITH"},{"data":"After Image","floor":44.0,"key":"SMITH"},{"floor":46.0,"key":"REST"},{"data":"Ghostly","floor":49,"key":"SMITH"}],"circlet_count":0,"master_deck":["AscendersBane","Survivor","Neutralize+1","Blade Dance+1","Well Laid Plans+1","Blur","Calculated Gamble+1","Envenom+1","Dagger Spray","Accuracy","Phantasmal Killer","Malaise+1","Venomology+1","Prepared","Footwork","Storm of Steel+1","Endless Agony","Blade Dance","Tools of the Trade","Blur","Ghostly+1","Ghostly+1","Ghostly","Ghostly","Ghostly","Tactician","Calculated Gamble+1","After Image+1","Endless Agony","Escape Plan"],"relics":["Ring of the Snake","Boot","Strawberry","Sundial","Odd Mushroom","Pandora\u0027s Box","Mercury Hourglass","War Paint","Happy Flower","StrikeDummy","Gremlin Horn","Busted Crown","Pear","Kunai","TungstenRod","Molten Egg 2"],"acts_visited":["Exordium","TheCity","TheBeyond"],"potions_floor_usage":[],"damage_taken":[{"damage":6.0,"enemies":"Jaw Worm","floor":1.0,"turns":6.0},{"damage":0.0,"enemies":"Small Slimes","floor":3.0,"turns":4.0},{"damage":12.0,"enemies":"Gremlin Nob","floor":7.0,"turns":4.0},{"damage":0.0,"enemies":"2 Louse","floor":11.0,"turns":4.0},{"damage":0.0,"enemies":"Large Slime","floor":12.0,"turns":4.0},{"damage":22.0,"enemies":"The Mushroom Lair","floor":13.0,"turns":4.0},{"damage":0.0,"enemies":"2 Fungi Beasts","floor":14.0,"turns":2.0},{"damage":21.0,"enemies":"Slime Boss","floor":16.0,"turns":8.0},{"damage":15.0,"enemies":"Shell Parasite","floor":18.0,"turns":5.0},{"damage":31.0,"enemies":"Slavers","floor":24.0,"turns":5.0},{"damage":2.0,"enemies":"2 Thieves","floor":27.0,"turns":4.0},{"damage":0.0,"enemies":"Cultist and Chosen","floor":29.0,"turns":6.0},{"damage":16.0,"enemies":"Snake Plant","floor":31.0,"turns":5.0},{"damage":8.0,"enemies":"Champ","floor":33.0,"turns":11.0},{"damage":2.0,"enemies":"3 Shapes","floor":35.0,"turns":7.0},{"damage":2.0,"enemies":"Orb Walker","floor":36.0,"turns":5.0},{"damage":1.0,"enemies":"Spire Growth","floor":37.0,"turns":6.0},{"damage":2.0,"enemies":"Reptomancer","floor":41.0,"turns":6.0},{"damage":5.0,"enemies":"3 Darklings","floor":42.0,"turns":5.0},{"damage":31.0,"enemies":"2 Orb Walkers","floor":45.0,"turns":8.0},{"damage":0,"enemies":"Sphere and 2 Shapes","floor":47,"turns":5},{"damage":0,"enemies":"Nemesis","floor":48,"turns":9},{"damage":4,"enemies":"Awakened One","floor":50,"turns":19}],"seed_played":"-299732680506140526","potions_obtained":[{"floor":3.0,"key":"DuplicationPotion"},{"floor":14.0,"key":"Fire Potion"},{"floor":16.0,"key":"DistilledChaos"},{"floor":18.0,"key":"Strength Potion"},{"floor":24.0,"key":"FearPotion"},{"floor":29.0,"key":"Strength Potion"},{"floor":36.0,"key":"GhostInAJar"},{"floor":41.0,"key":"Regen Potion"}],"is_trial":false,"path_per_floor":["M","?","M","?","$","R","E","R","T","R","M","M","?","M","R","B",null,"M","?","$","?","?","R","E","R","T","M","R","M","R","M","R","B",null,"M","M","M","$","T","R","E","M","T","R","?","R","M","E","R","B",null],"character_chosen":"THE_SILENT","items_purchased":["Heel Hook","War Paint","Endless Agony"],"campfire_rested":4,"item_purchase_floors":[5,20,38],"current_hp_per_floor":[64,49,49,37,37,37,32,32,32,32,32,32,10,10,35,14,67,52,52,52,42,42,42,11,23,23,21,21,21,33,17,17,9,34,32,30,29,29,29,29,37,47,47,47,16,31,31,31,31,27],"gold":277,"neow_bonus":"TEN_PERCENT_HP_BONUS","is_daily":false,"chose_seed":false,"campfire_upgraded":9,"win_rate":0.0,"timestamp":1614198147,"path_taken":["M","?","M","?","?","R","E","R","T","R","?","M","?","M","R","BOSS","M","?","$","?","?","R","E","R","T","M","R","M","R","M","R","BOSS","M","M","M","$","?","R","E","M","T","R","?","R","M","E","R","BOSS"],"items_purchased_type":["Card","Relic","Card"],"build_version":"2020-12-22","purchased_purges":2,"victory":true,"max_hp_per_floor":[77,77,77,77,77,77,84,84,84,84,84,84,84,84,84,84,84,84,84,84,42,42,42,42,42,42,42,42,42,42,42,42,42,42,42,42,42,42,42,42,52,52,52,52,52,52,52,52,52,52],"relic_stats":{"Happy Flower":[33],"Gremlin Horn":[17,17],"counters":[23,141],"War Paint":["Malaise","Storm of Steel"],"Boot":[216],"Mercury Hourglass":[374],"Busted Crown":16,"Sundial":[20],"Pandora\u0027s Box":["Malaise","Venomology","Distraction","Prepared","Footwork","Storm of Steel","Endless Agony","Blade Dance","Tools of the Trade","Blur"],"Kunai":[35],"obtain_stats":[{"Pear":41,"Happy Flower":22,"Gremlin Horn":26,"Odd Mushroom":13,"War Paint":20,"Boot":4,"Mercury Hourglass":19,"Busted Crown":34,"Sundial":9,"Strawberry":7,"Pandora\u0027s Box":17,"Molten Egg 2":48,"Kunai":43,"StrikeDummy":24,"TungstenRod":45,"Ring of the Snake":0},{"Pear":18,"Happy Flower":9,"Gremlin Horn":10,"Odd Mushroom":6,"War Paint":9,"Boot":2,"Mercury Hourglass":9,"Busted Crown":14,"Sundial":3,"Strawberry":3,"Pandora\u0027s Box":8,"Molten Egg 2":22,"Kunai":19,"StrikeDummy":10,"TungstenRod":20,"Ring of the Snake":0},{"Pear":96,"Happy Flower":41,"Gremlin Horn":46,"Odd Mushroom":26,"War Paint":41,"Boot":10,"Mercury Hourglass":41,"Busted Crown":72,"Sundial":14,"Strawberry":14,"Pandora\u0027s Box":36,"Molten Egg 2":122,"Kunai":101,"StrikeDummy":46,"TungstenRod":108,"Ring of the Snake":0}],"TungstenRod":1,"Ring of the Snake":[47]},"card_choices":[{"not_picked":["Deflect","Deadly Poison"],"picked":"Blade Dance","floor":1.0},{"not_picked":["Blade Dance","Poisoned Stab"],"picked":"Well Laid Plans","floor":3.0},{"not_picked":["Bane","Leg Sweep"],"picked":"Blur","floor":7.0},{"not_picked":["Blade Dance","Crippling Poison"],"picked":"Calculated Gamble","floor":11.0},{"not_picked":["Setup","Acrobatics"],"picked":"Envenom","floor":12.0},{"not_picked":["Poisoned Stab","Terror"],"picked":"Dagger Spray","floor":13.0},{"not_picked":["Sucker Punch","Setup"],"picked":"Accuracy","floor":14.0},{"not_picked":["Bullet Time","Envenom"],"picked":"Phantasmal Killer","floor":16.0},{"not_picked":["Dagger Throw","Cloak And Dagger","Acrobatics"],"picked":"SKIP","floor":18.0},{"not_picked":["Blade Dance","Deadly Poison","Outmaneuver"],"picked":"SKIP","floor":24.0},{"not_picked":["Sucker Punch","Blade Dance"],"picked":"Tactician","floor":27.0},{"not_picked":["Die Die Die","Catalyst"],"picked":"Calculated Gamble+1","floor":29.0},{"not_picked":["Caltrops","Calculated Gamble","Outmaneuver"],"picked":"SKIP","floor":31.0},{"not_picked":["Corpse Explosion","Malaise"],"picked":"After Image","floor":33.0},{"not_picked":["Outmaneuver"],"picked":"SKIP","floor":35.0},{"not_picked":["Flechettes+1"],"picked":"SKIP","floor":36.0},{"not_picked":["Quick Slash"],"picked":"SKIP","floor":37.0},{"not_picked":["Outmaneuver"],"picked":"SKIP","floor":41.0},{"not_picked":["Catalyst"],"picked":"SKIP","floor":42.0},{"not_picked":["Deadly Poison"],"picked":"SKIP","floor":47},{"not_picked":["Escape Plan"],"picked":"SKIP","floor":48},{"not_picked":[],"picked":"Escape Plan","floor":48}],"player_experience":539693,"relics_obtained":[{"floor":7.0,"key":"Strawberry"},{"floor":9.0,"key":"Sundial"},{"floor":13.0,"key":"Odd Mushroom"},{"floor":24.0,"key":"StrikeDummy"},{"floor":26.0,"key":"Gremlin Horn"},{"floor":41.0,"key":"Pear"},{"floor":43.0,"key":"Kunai"},{"floor":45.0,"key":"TungstenRod"},{"floor":48,"key":"Molten Egg 2"}],"event_choices":[{"damage_healed":0.0,"max_hp_gain":0.0,"max_hp_loss":0.0,"gold_gain":0.0,"event_name":"Shining Light","player_choice":"Entered Light","floor":2.0,"gold_loss":0.0,"damage_taken":15.0,"cards_upgraded":["Strike_G","Defend_G"]},{"damage_healed":0.0,"max_hp_gain":0.0,"max_hp_loss":0.0,"gold_gain":0.0,"event_name":"Scrap Ooze","player_choice":"Success","floor":4.0,"gold_loss":0.0,"damage_taken":12.0,"relics_obtained":["Boot"]},{"damage_healed":0.0,"max_hp_gain":0.0,"max_hp_loss":0.0,"gold_gain":0.0,"event_name":"Mushrooms","player_choice":"Fought Mushrooms","floor":13.0,"gold_loss":0.0,"damage_taken":0.0},{"damage_healed":0.0,"max_hp_gain":0.0,"max_hp_loss":0.0,"gold_gain":0.0,"event_name":"The Mausoleum","player_choice":"Opened","floor":19.0,"gold_loss":0.0,"damage_taken":0.0,"relics_obtained":["Mercury Hourglass"]},{"damage_healed":0.0,"max_hp_gain":0.0,"max_hp_loss":42.0,"gold_gain":0.0,"event_name":"Ghosts","player_choice":"Became a Ghost","floor":21.0,"gold_loss":0.0,"damage_taken":0.0,"cards_obtained":["Ghostly","Ghostly","Ghostly","Ghostly","Ghostly"]},{"damage_healed":0.0,"max_hp_gain":0.0,"max_hp_loss":0.0,"gold_gain":0.0,"event_name":"WeMeetAgain","player_choice":"Gave Potion","floor":22.0,"gold_loss":0.0,"damage_taken":0.0,"relics_obtained":["Happy Flower"]},{"damage_healed":0.0,"max_hp_gain":0.0,"max_hp_loss":0.0,"gold_gain":0.0,"event_name":"Mysterious Sphere","player_choice":"Fight","floor":45.0,"gold_loss":0.0,"damage_taken":0.0}],"is_beta":false,"boss_relics":[{"not_picked":["SacredBark","Runic Dome"],"picked":"Pandora\u0027s Box"},{"not_picked":["Black Star","SlaversCollar"],"picked":"Busted Crown"}],"items_purged_floors":[20,38],"is_endless":false,"potions_floor_spawned":[3,14,16,18,24,29,36,41,45,47],"ascension_level":13}}