{"host":"kig4ty9d1aubg29s","time":1614128912,"event":{"mods":["BaseMod","Minty Spire (QoL Compilation)","READ ME - Guardian Mod","READ ME - Snecko Mod","StSLib","The Cursed","The Gatherer","The Hierophant","The Runesmith"],"gold_per_floor":[115,115,135,135,151,151,164,192,192,192,217,217,48,60,60,138,138,151,151,151,151],"floor_reached":20,"language":"KOR","playtime":642,"items_purged":[],"score":364,"play_id":"ec31a8cb-5fb2-42f4-9077-182e3acc5eaa","local_time":"20210224100832","is_ascension_mode":true,"campfire_choices":[{"data":"Mayhem","floor":6,"key":"SMITH"},{"floor":10,"key":"REST"},{"floor":12,"key":"REST"},{"data":"Storm","floor":15,"key":"SMITH"}],"circlet_count":0,"master_deck":["AscendersBane","Strike_B","Strike_B","Strike_B","Strike_B","Defend_B","Defend_B","Defend_B","Defend_B","Zap","Dualcast","Mayhem+1","Defragment","FTL","Pain","Darkness","Aggregate","Conserve Battery","Sunder","Storm+1","Thunder Strike","Storm"],"relics":["Cracked Core","WarpedTongs","Vajra","Anchor","Question Card","Juzu Bracelet","Black Star"],"acts_visited":["Exordium","TheCity"],"potions_floor_usage":[7,8,11,11,20],"damage_taken":[{"damage":7,"enemies":"Jaw Worm","floor":1,"turns":4},{"damage":2,"enemies":"Cultist","floor":3,"turns":4},{"damage":2,"enemies":"2 Louse","floor":5,"turns":3},{"damage":1,"enemies":"2 Fungi Beasts","floor":7,"turns":4},{"damage":16,"enemies":"Lagavulin","floor":8,"turns":6},{"damage":24,"enemies":"3 Sentries","floor":11,"turns":6},{"damage":18,"enemies":"Exordium Thugs","floor":14,"turns":4},{"damage":30,"enemies":"Slime Boss","floor":16,"turns":7},{"damage":4,"enemies":"Spheric Guardian","floor":18,"turns":3},{"damage":31,"enemies":"3 Byrds","floor":20,"turns":3}],"seed_played":"4488433473988952038","potions_obtained":[{"floor":3,"key":"Block Potion"},{"floor":5,"key":"Block Potion"},{"floor":7,"key":"BlessingOfTheForge"},{"floor":8,"key":"AttackPotion"},{"floor":16,"key":"AttackPotion"},{"floor":18,"key":"FearPotion"}],"is_trial":false,"path_per_floor":["M","?","M","?","M","R","M","E","T","R","E","R","$","M","R","B",null,"M","?","M"],"character_chosen":"DEFECT","items_purchased":["Juzu Bracelet"],"campfire_rested":2,"item_purchase_floors":[13],"current_hp_per_floor":[57,62,60,60,58,58,57,41,41,61,37,57,57,39,39,9,54,50,31,0,0],"gold":151,"neow_bonus":"RANDOM_COLORLESS_2","is_daily":false,"chose_seed":false,"campfire_upgraded":2,"win_rate":0.0,"timestamp":1614128912,"path_taken":["M","?","M","?","?","R","M","E","T","R","E","R","$","M","R","BOSS","M","?","M"],"items_purchased_type":["Relic"],"build_version":"2020-12-22","purchased_purges":0,"victory":false,"max_hp_per_floor":[64,69,69,69,69,69,69,69,69,69,69,69,69,69,69,69,69,69,74,74,74],"card_choices":[{"not_picked":["The Bomb","Magnetism"],"picked":"Mayhem","floor":0},{"not_picked":["Hello World","Loop"],"picked":"Defragment","floor":1},{"not_picked":["Capacitor","Rebound"],"picked":"FTL","floor":3},{"not_picked":["Redo","Hologram"],"picked":"Darkness","floor":5},{"not_picked":["Doom and Gloom","Steam"],"picked":"Aggregate","floor":7},{"not_picked":["Rebound","Leap"],"picked":"Conserve Battery","floor":8},{"not_picked":["Tempest","Force Field"],"picked":"Sunder","floor":11},{"not_picked":["Gash","Ball Lightning","Streamline"],"picked":"Storm","floor":14},{"not_picked":["Rainbow","Buffer","Echo Form"],"picked":"Thunder Strike","floor":16},{"not_picked":["Leap","Glacier","Steam Power"],"picked":"Storm","floor":18}],"player_experience":2016331,"relics_obtained":[{"floor":8,"key":"Vajra"},{"floor":9,"key":"Anchor"},{"floor":11,"key":"Question Card"}],"event_choices":[{"damage_healed":0,"gold_gain":0,"player_choice":"Donut","damage_taken":0,"max_hp_gain":5,"max_hp_loss":0,"event_name":"Big Fish","floor":2,"gold_loss":0},{"damage_healed":0,"gold_gain":0,"player_choice":"Rummage","damage_taken":0,"relics_obtained":["WarpedTongs"],"max_hp_gain":0,"max_hp_loss":0,"event_name":"Accursed Blacksmith","floor":4,"gold_loss":0,"cards_obtained":["Pain"]},{"damage_healed":0,"gold_gain":0,"player_choice":"Shed Blood","damage_taken":24,"max_hp_gain":5,"max_hp_loss":0,"event_name":"Forgotten Altar","floor":19,"gold_loss":0}],"is_beta":false,"boss_relics":[{"not_picked":["Nuclear Battery","Pandora\u0027s Box"],"picked":"Black Star"}],"items_purged_floors":[],"is_endless":false,"potions_floor_spawned":[3,5,7,8,16,18],"killed_by":"3 Byrds","ascension_level":20}}