{"host":"mp4nw1ahnxiisuiw","time":1614134455,"event":{"mods":["AchievementEnabler","BaseMod","Better Note","Block Reminder","Colored Map","Colored Powertips","Curses Come First","DeckTracker","Dio Mod","Downfall","Hero for Fun","Highlight Path","HololiveMod","Koishi","Marisa????????","Minty Spire (QoL Compilation)","Permanent Neow","Quick Restart","Rare Cards Sparkle","Relic Sorter","Relic Stats","Remilia??????","Small Relic Pack","Spikes Relics","StSLib","Td1madao Mod","The Animator","The Bug Knight","Waifu the Spire"],"gold_per_floor":[86,111,132,132,153,153,182,129,129,149,149,149,188,188,188,297,297,315,332,355,355,372,402,402,7,7,7,24,24,24,39,39,151,151,170,170,0,0,17,47,47,81,104,156,172,187,187,198,198,204],"floor_reached":51,"language":"ENG","playtime":2599,"items_purged":[],"score":977,"play_id":"1ac5162a-657e-4621-81fb-372a7d415109","local_time":"20210224034055","is_ascension_mode":false,"campfire_choices":[{"data":"Hololive_CallMinatoAqua","floor":6.0,"key":"SMITH"},{"data":"Hololive_Psychosis","floor":11.0,"key":"SMITH"},{"data":"Hololive_StrengthChampion","floor":15.0,"key":"SMITH"},{"floor":24.0,"key":"REST"},{"data":"Hololive_DevilCharm","floor":27.0,"key":"SMITH"},{"data":"Hololive_CallNekomataOkayu","floor":30,"key":"SMITH"},{"data":"Hololive_CallAmaneKanata","floor":32,"key":"SMITH"},{"data":"1","floor":41,"key":"LIFT"},{"floor":47,"key":"REST"},{"data":"Hololive_StarCraft","floor":49,"key":"SMITH"}],"circlet_count":0,"master_deck":["Hololive_CallMinatoAqua+1","Hololive_CallUsadaPekora+1","Hololive_CallMurasakiShion","Hololive_CallShiranuiFlare","Hololive_CallSpadeEcho","Hololive_Breathe","Hololive_LuckPotion","Hololive_CocoNews","Hololive_CallNekomataOkayu+1","Hololive_Psychosis+1","Hololive_DevilCharm+1","Hololive_StrengthChampion+1","Hololive_WolfAndLamb","Hololive_CallYogiri","Hololive_CallMoonaHoshinova","Hololive_StarCraft+1","Hololive_Rebirth","Hololive_CallHoshimachiSuisei+1","Hololive_CallNakiriAyame","Hololive_CallAmaneKanata+1","Hololive_BringToTrial","Envy_TH","Hololive_Sequa+1","Hololive_IdolExercise","Hololive_CallAiraniIofifteen+1","Wraith","Hololive_CallOzoraSubaru","Hololive_Breathe+1","Hololive_MaximGun","Hololive_Yoholoon","Parasite","Hololive_CallMomosuzuNene+2","Hololive_CallTokoyamiTowa"],"relics":["Hololive_TheStar","ScarletDevilRocket","Du-Vu Doll","Torii","relicPack:AllForOne","Odd Mushroom","Pandora\u0027s Box","Gremlin Horn","Nunchaku","BrokenLever","GiantMaggot","Sozu","Red Mask","Girya","HollowMod:StagPassRelic","StoneCalendar"],"acts_visited":["Exordium","TheCity","TheBeyond"],"potions_floor_usage":[28,33,33],"damage_taken":[{"damage":0.0,"enemies":"Small Slimes","floor":1.0,"turns":3.0},{"damage":0.0,"enemies":"Jaw Worm","floor":2.0,"turns":3.0},{"damage":0.0,"enemies":"2 Louse","floor":3.0,"turns":2.0},{"damage":4.0,"enemies":"Gremlin Gang","floor":5.0,"turns":4.0},{"damage":0.0,"enemies":"Gremlin Nob","floor":7.0,"turns":3.0},{"damage":0.0,"enemies":"Exordium Thugs","floor":10.0,"turns":4.0},{"damage":1.0,"enemies":"The Mushroom Lair","floor":13.0,"turns":5.0},{"damage":0.0,"enemies":"Hexaghost","floor":16.0,"turns":8.0},{"damage":0.0,"enemies":"Spheric Guardian","floor":18.0,"turns":5.0},{"damage":0.0,"enemies":"3 Byrds","floor":19.0,"turns":4.0},{"damage":1.0,"enemies":"Snake Plant","floor":20.0,"turns":4.0},{"damage":19.0,"enemies":"Shelled Parasite and Fungi","floor":22.0,"turns":9.0},{"damage":3.0,"enemies":"Book of Stabbing","floor":23.0,"turns":7.0},{"damage":0,"enemies":"Snecko","floor":28,"turns":3},{"damage":0,"enemies":"Centurion and Healer","floor":31,"turns":5},{"damage":0,"enemies":"Automaton","floor":33,"turns":8},{"damage":6,"enemies":"3 Darklings","floor":35,"turns":3},{"damage":1,"enemies":"3 Shapes","floor":39,"turns":4},{"damage":0,"enemies":"Giant Head","floor":40,"turns":6},{"damage":25,"enemies":"Reptomancer","floor":42,"turns":7},{"damage":0,"enemies":"Mind Bloom Boss Battle","floor":44,"turns":5},{"damage":0,"enemies":"Sphere and 2 Shapes","floor":45,"turns":5},{"damage":0,"enemies":"Writhing Mass","floor":46,"turns":5},{"damage":0,"enemies":"Spire Growth","floor":48,"turns":3},{"damage":0,"enemies":"Awakened One","floor":50,"turns":10}],"seed_played":"-9122707349123571606","potions_obtained":[{"floor":2.0,"key":"Ancient Potion"},{"floor":5.0,"key":"Fire Potion"},{"floor":7.0,"key":"GamblersBrew"},{"floor":23.0,"key":"Ancient Potion"},{"floor":28,"key":"LiquidMemories"}],"is_trial":false,"path_per_floor":["M","M","M","?","M","R","E","$","T","M","R","?","?","?","R","B",null,"M","M","M","?","M","E","R","$","T","R","M","?","R","M","R","B",null,"M","?","?","$","M","E","R","E","T","?","M","M","R","M","R","B",null],"character_chosen":"Hololive_HololiveCharacter","items_purchased":["Hololive_Psychosis","Nunchaku","BrokenLever"],"campfire_rested":2,"item_purchase_floors":[8,25,25],"current_hp_per_floor":[35,35,35,35,31,31,31,31,31,31,31,31,30,30,30,30,35,35,35,34,34,15,12,22,22,22,22,22,22,22,22,22,22,35,29,29,29,29,28,28,28,3,3,3,3,3,13,26,26,26],"gold":204,"neow_bonus":"UPGRADE_CARD","is_daily":false,"chose_seed":false,"campfire_upgraded":7,"win_rate":0.0,"timestamp":1614134455,"path_taken":["M","M","M","?","M","R","E","$","T","M","R","?","?","?","R","BOSS","M","M","?","?","M","E","R","?","T","R","M","?","R","M","R","BOSS","M","?","?","$","M","E","R","E","T","?","M","M","R","?","R","BOSS"],"items_purchased_type":["Card","Relic","Relic"],"build_version":"2020-12-22","purchased_purges":0,"victory":true,"max_hp_per_floor":[35,35,35,35,35,35,35,35,35,35,35,35,35,35,35,35,35,35,35,35,35,35,35,35,35,35,35,35,35,35,35,35,35,35,35,35,35,35,35,35,35,35,35,35,35,35,35,35,35,35],"relic_stats":{"Sozu":3,"Nunchaku":[7],"Torii":15,"Gremlin Horn":[18,18],"counters":[25,125],"Pandora\u0027s Box":["Hololive_CallYogiri","Hololive_CallMoonaHoshinova","Hololive_StarCraft","Hololive_Rebirth"],"StoneCalendar":[0],"obtain_stats":[{"Girya":40,"ScarletDevilRocket":43,"Torii":7,"Gremlin Horn":23,"GiantMaggot":26,"BrokenLever":25,"StoneCalendar":44,"Odd Mushroom":13,"HollowMod:StagPassRelic":42,"Du-Vu Doll":4,"Sozu":34,"Nunchaku":25,"Hololive_TheStar":0,"Pandora\u0027s Box":17,"Red Mask":37,"relicPack:AllForOne":12},{"Girya":19,"ScarletDevilRocket":20,"Torii":5,"Gremlin Horn":13,"GiantMaggot":13,"BrokenLever":13,"StoneCalendar":21,"Odd Mushroom":7,"HollowMod:StagPassRelic":20,"Du-Vu Doll":3,"Sozu":16,"Nunchaku":13,"Hololive_TheStar":0,"Pandora\u0027s Box":8,"Red Mask":17,"relicPack:AllForOne":6},{"Girya":90,"ScarletDevilRocket":97,"Torii":15,"Gremlin Horn":61,"GiantMaggot":61,"BrokenLever":61,"StoneCalendar":102,"Odd Mushroom":24,"HollowMod:StagPassRelic":97,"Du-Vu Doll":8,"Sozu":77,"Nunchaku":61,"Hololive_TheStar":0,"Pandora\u0027s Box":32,"Red Mask":80,"relicPack:AllForOne":19}]},"card_choices":[{"not_picked":["Hololive_CocoNews","Hololive_HuntDinosaur","Hololive_Breathe"],"picked":"Hololive_LuckPotion","floor":1.0},{"not_picked":["Hololive_LuckPotion","Hololive_RevenueBasedLive","Hololive_CallHimemoriLuna"],"picked":"Hololive_CocoNews","floor":2.0},{"not_picked":["Hololive_CallUruhaRushia","Hololive_FlyingPonyTail","Hololive_OvertimeWork"],"picked":"Hololive_RevenueBasedLive","floor":3.0},{"not_picked":["Hololive_StarCraft","Hololive_StrengthChampion","Hololive_CallShiranuiFlare"],"picked":"Hololive_CallNekomataOkayu","floor":5.0},{"not_picked":["Hololive_CallArtia","Hololive_Sequa","Hololive_Nanodesu"],"picked":"Hololive_Trident","floor":7.0},{"not_picked":["Hololive_Psychosis","Hololive_CallAiraniIofifteen","Hololive_RevenueBasedLive"],"picked":"Hololive_DevilCharm","floor":10.0},{"not_picked":["Hololive_HuntDinosaur","Hololive_Sequa","Hololive_OvertimeWork"],"picked":"Hololive_StrengthChampion","floor":13.0},{"not_picked":["Hololive_FlareMind","Hololive_BeCareful","Hololive_HighAtkLowDef"],"picked":"Hololive_WolfAndLamb","floor":16.0},{"not_picked":["Hololive_Rebound","Hololive_Sequa","Hololive_OvertimeWork"],"picked":"Hololive_CallHoshimachiSuisei+1","floor":18.0},{"not_picked":["Hololive_Sequa","Hololive_HuntDinosaur","Hololive_Rebound+1","Hololive_CallArtia"],"picked":"SKIP","floor":19.0},{"not_picked":["Hololive_StrengthChampion","Hololive_OvertimeWork","Hololive_CocoNews"],"picked":"Hololive_CallNakiriAyame","floor":20.0},{"not_picked":["Hololive_HuntDinosaur","Hololive_ManjiGathering","Hololive_OvertimeWork","Hololive_Psychosis"],"picked":"SKIP","floor":22.0},{"not_picked":["Hololive_RevenueBasedLive","Hololive_HighAtkLowDef","Hololive_LuckPotion"],"picked":"Hololive_CallAmaneKanata","floor":23.0},{"not_picked":["Hololive_HuntDinosaur","Hololive_Drill","Hololive_Trident+1"],"picked":"Hololive_BringToTrial","floor":28},{"not_picked":["Hololive_FlyingPonyTail","Hololive_CallYogiri","Hololive_CallSpadeEcho"],"picked":"Hololive_Sequa+1","floor":31},{"not_picked":["Hololive_AWSL","Hololive_MaximGun","Hololive_WolfAndLamb"],"picked":"Hololive_IdolExercise","floor":33},{"not_picked":["Hololive_CallUruhaRushia","Hololive_HuntDinosaur","Hololive_Trident+1"],"picked":"Hololive_CallAiraniIofifteen+1","floor":35},{"not_picked":["Hololive_FlyingPonyTail","Hololive_Trident+1","Hololive_OvertimeWork+1"],"picked":"Hololive_CallOzoraSubaru","floor":39},{"not_picked":["Hololive_RevenueBasedLive+1","Hololive_OvertimeWork+1","Hololive_Trident"],"picked":"Hololive_Breathe+1","floor":40},{"not_picked":["Hololive_HuntDinosaur+1","Hololive_CocoNews","Hololive_Sequa"],"picked":"Hololive_MaximGun","floor":42},{"not_picked":["Hololive_Rebound+1","Hololive_Trident","Hololive_CallArtia+1"],"picked":"Hololive_Yoholoon","floor":44},{"not_picked":["Hololive_DevilCharm+1","Hololive_CallRosalyn","Hololive_Breathe+1","Hololive_LuckPotion"],"picked":"SKIP","floor":45},{"not_picked":["Hololive_StrengthChampion+1","Hololive_CallAiraniIofifteen","Hololive_Thief"],"picked":"Hololive_CallMomosuzuNene","floor":46},{"not_picked":["Hololive_StrengthChampion","Hololive_CallMinatoAqua","Hololive_CallAyundaRisu+1"],"picked":"Hololive_CallTokoyamiTowa","floor":48}],"player_experience":123071,"relics_obtained":[{"floor":7.0,"key":"Torii"},{"floor":13.0,"key":"Odd Mushroom"},{"floor":23.0,"key":"Gremlin Horn"},{"floor":26.0,"key":"GiantMaggot"},{"floor":40,"key":"Girya"},{"floor":42,"key":"HollowMod:StagPassRelic"},{"floor":43,"key":"ScarletDevilRocket"},{"floor":44,"key":"StoneCalendar"}],"event_choices":[{"damage_healed":0.0,"max_hp_gain":0.0,"max_hp_loss":0.0,"gold_gain":0.0,"event_name":"Mushrooms","player_choice":"Fought Mushrooms","floor":13.0,"gold_loss":0.0,"damage_taken":0.0},{"cards_removed":["downfall:Haunted","downfall:Haunted"],"damage_healed":0.0,"max_hp_gain":0.0,"max_hp_loss":0.0,"gold_gain":0.0,"event_name":"Fountain of Cleansing","player_choice":"Removed Curses","floor":14.0,"gold_loss":0.0,"damage_taken":0.0},{"damage_healed":0.0,"max_hp_gain":0.0,"max_hp_loss":0.0,"gold_gain":0.0,"event_name":"betterNote:BetterNote","player_choice":"Ignored","floor":21.0,"gold_loss":0.0,"damage_taken":0.0,"cards_obtained":["Strike_MRS"]},{"damage_healed":0,"gold_gain":0,"player_choice":"Ignored","damage_taken":0,"max_hp_gain":0,"max_hp_loss":0,"event_name":"OrinTheCat","floor":36,"gold_loss":0},{"damage_healed":0,"gold_gain":0,"player_choice":"Paid","damage_taken":0,"relics_obtained":["Red Mask"],"max_hp_gain":0,"max_hp_loss":0,"event_name":"Tomb of Lord Red Mask","floor":37,"gold_loss":170},{"damage_healed":0,"gold_gain":0,"player_choice":"Fight","damage_taken":0,"max_hp_gain":0,"max_hp_loss":0,"event_name":"MindBloom","floor":44,"gold_loss":0}],"is_beta":false,"boss_relics":[{"not_picked":["Cursed Key","bronze:MakeshiftBattery"],"picked":"Pandora\u0027s Box"},{"not_picked":["Runic Pyramid","SacredBark"],"picked":"Sozu"}],"items_purged_floors":[],"is_endless":false,"potions_floor_spawned":[2,5,7,13,16,19,23,28,42,44,46],"ascension_level":0}}