{"host":"i0avyit1s6jb1siw","time":1614196046,"event":{"mods":["BaseMod","DeckTracker","Dota2Spire","Minty Spire (QoL Compilation)","Quick Restart","StSLib","SuperFastMode"],"gold_per_floor":[119,119,119,119,119,147,162,162,182,258,311,311,337,355,355,59,78,78,155,155,175,18,32,32,32,58,58,76,101,115,24,49,67,84,84,155,155,155,233,233,244,299,318,330,330,330,361,386,410,410,427,453,473,492,492,492,492,492],"floor_reached":57,"language":"ENG","playtime":1256,"items_purged":["Strike_G"],"score":2128,"play_id":"6a9daa02-a3a2-49e8-ae3f-93a36be1c3b8","local_time":"20210224204726","is_ascension_mode":true,"campfire_choices":[{"data":"Dagger Spray","floor":8.0,"key":"SMITH"},{"floor":12.0,"key":"REST"},{"data":"Calculated Gamble","floor":15.0,"key":"SMITH"},{"data":"Well Laid Plans","floor":18.0,"key":"SMITH"},{"data":"Venomology","floor":27.0,"key":"SMITH"},{"floor":35.0,"key":"REST"},{"floor":38.0,"key":"REST"},{"floor":46.0,"key":"REST"},{"floor":50.0,"key":"REST"},{"floor":55.0,"key":"RECALL"}],"circlet_count":0,"master_deck":["AscendersBane","Survivor","Neutralize+1","Dagger Spray+1","Leg Sweep","Calculated Gamble+1","Flying Knee","Dagger Throw","Dash","Dagger Spray","Well Laid Plans+1","Venomology+1","Heel Hook","PiercingWail","Blade Dance","Flechettes+1","Terror","Cloak And Dagger+1","Predator","Envenom","Acrobatics","Riddle With Holes","Dash","Poisoned Stab","Burst","Underhanded Strike","Dodge and Roll+1","Dodge and Roll","Reflex+1","Leg Sweep+1","Backflip+1"],"relics":["Ring of the Snake","NeowsBlessing","Dota2Spire:EchoSabre","Dota2Spire:OrchidMalevolence","Dota2Spire:BattleFury","Vajra","Dota2Spire:MonkeyKingBar","ClockworkSouvenir","Empty Cage","Medical Kit","Lantern","Smiling Mask","Boot","Fusion Hammer","Pandora\u0027s Box","FossilizedHelix","Ninja Scroll","Du-Vu Doll","Dota2Spire:ArmletOfMordiggian"],"acts_visited":["Exordium","TheCity","TheBeyond"],"potions_floor_usage":[57],"damage_taken":[{"damage":0.0,"enemies":"2 Louse","floor":1.0,"turns":1.0},{"damage":0.0,"enemies":"3 Sentries","floor":6.0,"turns":1.0},{"damage":0.0,"enemies":"Jaw Worm","floor":7.0,"turns":1.0},{"damage":0.0,"enemies":"Small Slimes","floor":9.0,"turns":3.0},{"damage":7.0,"enemies":"Lagavulin","floor":13.0,"turns":5.0},{"damage":0.0,"enemies":"3 Louse","floor":14.0,"turns":1.0},{"damage":0.0,"enemies":"Exordium Thugs","floor":17.0,"turns":1.0},{"damage":0.0,"enemies":"Hexaghost","floor":19.0,"turns":6.0},{"damage":12.0,"enemies":"Shell Parasite","floor":21.0,"turns":4.0},{"damage":12.0,"enemies":"2 Thieves","floor":23.0,"turns":2.0},{"damage":27.0,"enemies":"Book of Stabbing","floor":26.0,"turns":5.0},{"damage":0.0,"enemies":"Cultist and Chosen","floor":28.0,"turns":1.0},{"damage":0.0,"enemies":"Snecko","floor":30.0,"turns":3.0},{"damage":0.0,"enemies":"Gremlin Leader","floor":32.0,"turns":3.0},{"damage":0.0,"enemies":"Chosen and Byrds","floor":33.0,"turns":2.0},{"damage":13.0,"enemies":"Centurion and Healer","floor":34.0,"turns":2.0},{"damage":23.0,"enemies":"Collector","floor":36.0,"turns":6.0},{"damage":14.0,"enemies":"Collector","floor":39.0,"turns":5.0},{"damage":0.0,"enemies":"Orb Walker","floor":41.0,"turns":1.0},{"damage":13.0,"enemies":"2 Orb Walkers","floor":42.0,"turns":3.0},{"damage":0.0,"enemies":"3 Shapes","floor":43.0,"turns":1.0},{"damage":0.0,"enemies":"Maw","floor":44.0,"turns":4.0},{"damage":15.0,"enemies":"Reptomancer","floor":47.0,"turns":5.0},{"damage":0.0,"enemies":"Mind Bloom Boss Battle","floor":48.0,"turns":4.0},{"damage":0.0,"enemies":"Writhing Mass","floor":51.0,"turns":4.0},{"damage":0.0,"enemies":"Nemesis","floor":52.0,"turns":3.0},{"damage":0.0,"enemies":"Spire Growth","floor":53.0,"turns":3.0},{"damage":0.0,"enemies":"Sphere and 2 Shapes","floor":54.0,"turns":2.0},{"damage":30.0,"enemies":"Donu and Deca","floor":56.0,"turns":7.0},{"damage":43,"enemies":"Awakened One","floor":57,"turns":10}],"seed_played":"-7277170300045926912","potions_obtained":[{"floor":1.0,"key":"Dota2Spire:HealingSalve"},{"floor":6.0,"key":"EssenceOfSteel"},{"floor":13.0,"key":"Regen Potion"},{"floor":30.0,"key":"Regen Potion"},{"floor":32.0,"key":"BlessingOfTheForge"},{"floor":36.0,"key":"Weak Potion"},{"floor":47.0,"key":"Energy Potion"}],"is_trial":false,"path_per_floor":["M","?","?","?","?","E","M","R","M","T","T","R","E","M","R","$","M","R","B",null,"M","$","M","?","?","E","R","M","T","M","$","E","M","M","R","B",null,"R","B",null,"M","?","M","M","?","R","E","?","T","R","M","E","M","M","R","B","B"],"character_chosen":"THE_SILENT","items_purchased":["ClockworkSouvenir","Dash","Dagger Spray","Medical Kit","Terror"],"campfire_rested":5,"item_purchase_floors":[16,16,16,22,31],"current_hp_per_floor":[59,59,24,24,24,24,24,24,24,24,24,43,48,48,48,48,48,48,48,62,50,50,38,38,38,23,23,23,23,23,23,32,32,19,38,15,15,34,20,55,55,42,42,42,42,61,46,46,46,65,65,65,65,65,65,35,0,0],"gold":492,"neow_bonus":"THREE_ENEMY_KILL","is_daily":false,"chose_seed":false,"campfire_upgraded":4,"win_rate":0.0,"timestamp":1614196046,"path_taken":["M","?","?","?","?","E","M","R","M","T","T","R","E","?","R","?","M","R","BOSS","M","$","M","?","?","E","R","M","T","M","$","E","?","M","R","BOSS","R","BOSS","M","?","M","M","?","R","E","?","T","R","M","E","M","M","R","BOSS","BOSS"],"items_purchased_type":["Relic","Card","Card","Relic","Card"],"build_version":"2020-12-22","purchased_purges":1,"victory":false,"max_hp_per_floor":[66,66,66,66,66,66,66,66,66,66,66,66,66,66,66,66,66,66,66,66,66,66,66,66,66,66,66,66,66,66,66,66,66,66,66,66,66,66,66,66,66,66,66,66,66,66,66,66,66,66,66,66,66,66,66,66,66,66],"card_choices":[{"not_picked":["Finisher","Prepared"],"picked":"Dagger Spray","floor":1.0},{"not_picked":["Cloak And Dagger","Prepared"],"picked":"Leg Sweep","floor":6.0},{"not_picked":["Dagger Throw","Dagger Spray"],"picked":"Calculated Gamble","floor":7.0},{"not_picked":["Endless Agony","Catalyst"],"picked":"Flying Knee","floor":9.0},{"not_picked":["Distraction","Prepared","Choke"],"picked":"SKIP","floor":13.0},{"not_picked":["Backflip","Slice"],"picked":"Dagger Throw","floor":14.0},{"not_picked":["Dash","Cloak And Dagger"],"picked":"Well Laid Plans","floor":17.0},{"not_picked":["Storm of Steel","Night Terror"],"picked":"Venomology","floor":19.0},{"not_picked":["Slice","Poisoned Stab"],"picked":"Heel Hook","floor":21.0},{"not_picked":["Dagger Spray","Quick Slash","Catalyst"],"picked":"SKIP","floor":23.0},{"not_picked":["Sucker Punch","Venomology"],"picked":"PiercingWail","floor":26.0},{"not_picked":["Acrobatics","Sucker Punch+1"],"picked":"Blade Dance","floor":28.0},{"not_picked":["Poisoned Stab","Expertise"],"picked":"Flechettes+1","floor":30.0},{"not_picked":["Corpse Explosion","Finisher"],"picked":"Cloak And Dagger+1","floor":32.0},{"not_picked":["Distraction","Quick Slash","Terror"],"picked":"SKIP","floor":33.0},{"not_picked":["Poisoned Stab","Acrobatics"],"picked":"Predator","floor":34.0},{"not_picked":["Flying Knee","Heel Hook+1","All Out Attack"],"picked":"SKIP","floor":41.0},{"not_picked":["Leg Sweep","Dagger Spray"],"picked":"Dodge and Roll+1","floor":42.0},{"not_picked":["Bouncing Flask","Bane","Distraction+1"],"picked":"SKIP","floor":43.0},{"not_picked":["Deadly Poison+1","Setup","Endless Agony+1"],"picked":"SKIP","floor":44.0},{"not_picked":["Dash+1","Concentrate"],"picked":"Dodge and Roll","floor":47.0},{"not_picked":["Escape Plan","Underhanded Strike"],"picked":"Reflex+1","floor":48.0},{"not_picked":["Flying Knee","Bouncing Flask","Concentrate"],"picked":"SKIP","floor":51.0},{"not_picked":["Expertise","Quick Slash"],"picked":"Leg Sweep+1","floor":52.0},{"not_picked":["Poisoned Stab+1","Endless Agony","Deadly Poison"],"picked":"SKIP","floor":53.0},{"not_picked":["Setup","Dagger Throw"],"picked":"Backflip+1","floor":54.0}],"player_experience":2509441,"relics_obtained":[{"floor":6.0,"key":"Dota2Spire:OrchidMalevolence"},{"floor":10.0,"key":"Dota2Spire:BattleFury"},{"floor":11.0,"key":"Vajra"},{"floor":13.0,"key":"Dota2Spire:MonkeyKingBar"},{"floor":26.0,"key":"Lantern"},{"floor":29.0,"key":"Smiling Mask"},{"floor":32.0,"key":"Boot"},{"floor":42.0,"key":"FossilizedHelix"},{"floor":47.0,"key":"Ninja Scroll"},{"floor":48.0,"key":"Du-Vu Doll"},{"floor":52.0,"key":"Dota2Spire:ArmletOfMordiggian"}],"event_choices":[{"damage_healed":0.0,"max_hp_gain":0.0,"max_hp_loss":0.0,"gold_gain":0.0,"event_name":"Liars Game","player_choice":"Ignored","floor":2.0,"gold_loss":0.0,"damage_taken":0.0},{"damage_healed":0.0,"max_hp_gain":0.0,"max_hp_loss":0.0,"gold_gain":0.0,"event_name":"Scrap Ooze","player_choice":"Success","floor":3.0,"gold_loss":0.0,"damage_taken":35.0,"relics_obtained":["Dota2Spire:EchoSabre"]},{"damage_healed":0.0,"max_hp_gain":0.0,"max_hp_loss":0.0,"gold_gain":0.0,"event_name":"Shining Light","player_choice":"Ignored","floor":4.0,"gold_loss":0.0,"damage_taken":0.0},{"damage_healed":0.0,"max_hp_gain":0.0,"max_hp_loss":0.0,"gold_gain":0.0,"event_name":"Living Wall","player_choice":"Grow","floor":5.0,"gold_loss":0.0,"damage_taken":0.0,"cards_upgraded":["Neutralize"]},{"damage_healed":0.0,"max_hp_gain":0.0,"max_hp_loss":0.0,"gold_gain":0.0,"event_name":"The Mausoleum","player_choice":"Ignored","floor":25.0,"gold_loss":0.0,"damage_taken":0.0},{"damage_healed":0.0,"max_hp_gain":0.0,"max_hp_loss":0.0,"gold_gain":0.0,"event_name":"Mysterious Sphere","player_choice":"Fight","floor":42.0,"gold_loss":0.0,"damage_taken":0.0},{"damage_healed":0.0,"max_hp_gain":0.0,"max_hp_loss":0.0,"gold_gain":0.0,"event_name":"Tomb of Lord Red Mask","player_choice":"Ignored","floor":45.0,"gold_loss":0.0,"damage_taken":0.0},{"damage_healed":0.0,"max_hp_gain":0.0,"max_hp_loss":0.0,"gold_gain":0.0,"event_name":"MindBloom","player_choice":"Fight","floor":48.0,"gold_loss":0.0,"damage_taken":0.0}],"is_beta":false,"boss_relics":[{"not_picked":["Ectoplasm","HoveringKite"],"picked":"Empty Cage"},{"not_picked":["Busted Crown","Velvet Choker"],"picked":"Fusion Hammer"},{"not_picked":["SlaversCollar","Cursed Key"],"picked":"Pandora\u0027s Box"}],"items_purged_floors":[31],"is_endless":false,"potions_floor_spawned":[1,6,13,21,30,32,36,41,43,47,48,54],"killed_by":"Awakened One","ascension_level":20}}