{"host":"2lvuisjyit3p3u01","time":1614196500,"event":{"mods":["Act Like it!","BaseMod","Bestiary","Better Synergies","Bossed Relics","CapriCore","Colored Map","Colored Powertips","GifTheSpireLib","Library of Ruina","Library of Ruina Extra","Minty Spire (QoL Compilation)","Quick Restart","Replay The Spire","Ruina","StSLib"],"gold_per_floor":[113,113,129,143,159,159,172,172,199,44,44,44,60,74,74,171,171,190,206,31,31,31,31,63,63,63,74,74,74,26,40,40,135,135,147,0,0,12,12,43,57,57,132,32,65,65,65,76,76,76,76],"floor_reached":52,"language":"ENG","playtime":1553,"items_purged":["DegradedPillar","Pound"],"score":670,"play_id":"18653058-3760-4bcf-a60a-22a6be7eb395","local_time":"20210224215500","is_ascension_mode":false,"campfire_choices":[{"data":"DegradedShockwave","floor":6,"key":"SMITH"},{"data":"DegradedChain","floor":12,"key":"SMITH"},{"data":"FrontalAssault","floor":15,"key":"SMITH"},{"data":"UnforgettableMelody","floor":23,"key":"SMITH"},{"data":"DegradedChain","floor":25,"key":"SMITH"},{"data":"DegradedLock","floor":28,"key":"SMITH"},{"floor":32,"key":"REST"},{"data":"DegradedPillar","floor":42,"key":"SMITH"},{"data":"Unlock1","floor":46,"key":"SMITH"},{"floor":49,"key":"REST"}],"circlet_count":0,"master_deck":["DegradedFairy","DegradedFairy","DegradedFairy","DegradedChain+1","DegradedChain+1","DegradedLock+1","DegradedPillar+1","DegradedShockwave+1","CleanUp+1","UpbeatPerformance","Unlock1+1","Diversion","CleanUp+1","FrontalAssault+1","UnforgettableMelody+1","Pound"],"relics":["PageOfLibrarian","CultistMask","PageOfPorccubus","Lee\u0027s Waffle","Replay:Bronze Core","Centennial Puzzle","White Beast Statue","Replay:Grab Bag","Sozu","Busted Crown","Astrolabe","Red Mask","PageOfPunishingBird","Mummified Hand","Iron Hammer"],"acts_visited":["Exordium","ruina:Briah","TheBeyond"],"potions_floor_usage":[16,16,20,24,33,33,45],"damage_taken":[{"damage":0,"enemies":"2 Louse","floor":1,"turns":1},{"damage":0,"enemies":"Cultist","floor":3,"turns":1},{"damage":0,"enemies":"Jaw Worm","floor":4,"turns":1},{"damage":0,"enemies":"Lots of Slimes","floor":5,"turns":2},{"damage":0,"enemies":"2 Fungi Beasts","floor":7,"turns":2},{"damage":0,"enemies":"Looter","floor":13,"turns":1},{"damage":0,"enemies":"3 Louse","floor":14,"turns":2},{"damage":4,"enemies":"Fading Forest","floor":16,"turns":10},{"damage":0,"enemies":"ruina:3_Bats","floor":18,"turns":1},{"damage":0,"enemies":"ruina:Nosferatu","floor":19,"turns":2},{"damage":45,"enemies":"ruina:Mountain","floor":24,"turns":5},{"damage":0,"enemies":"ruina:QueenOfHate","floor":27,"turns":2},{"damage":0,"enemies":"ruina:Woodsman","floor":31,"turns":1},{"damage":0,"enemies":"ruina:Ozma","floor":33,"turns":3},{"damage":0,"enemies":"3 Darklings","floor":35,"turns":1},{"damage":0,"enemies":"Orb Walker","floor":38,"turns":1},{"damage":0,"enemies":"R_Hoarder","floor":40,"turns":4},{"damage":0,"enemies":"Jaw Worm Horde","floor":41,"turns":1},{"damage":5,"enemies":"Nemesis","floor":45,"turns":3},{"damage":0,"enemies":"Spire Growth","floor":48,"turns":2},{"damage":0,"enemies":"Awakened One","floor":50,"turns":4},{"damage":0,"enemies":"Awakened One","floor":51,"turns":4}],"seed_played":"-5856824661944823300","potions_obtained":[{"floor":1,"key":"GamblersBrew"},{"floor":5,"key":"Adrenaline Potion"},{"floor":7,"key":"BlessingOfTheForge"},{"floor":16,"key":"Dexterity Potion"},{"floor":18,"key":"Toxic Potion"},{"floor":27,"key":"GamblersBrew"},{"floor":33,"key":"SkillPotion"}],"is_trial":false,"path_per_floor":["M","?","M","M","M","R","M","?","T","$","?","R","M","M","R","B",null,"M","M","$","?","?","R","E","R","T","M","R","?","$","M","R","B",null,"M","?","?","M","?","E","M","R","T","$","E","R","?","M","R","B",null,null],"character_chosen":"Librarian","items_purchased":["Lee\u0027s Waffle","Fruit Juice","SkillPotion"],"campfire_rested":2,"item_purchase_floors":[10,20,30],"current_hp_per_floor":[60,60,60,60,60,60,60,42,42,97,97,97,97,97,97,93,97,97,97,102,102,94,94,53,53,53,53,53,53,53,53,81,81,94,94,94,94,94,89,89,89,89,89,89,84,84,84,84,89,89,89],"gold":76,"neow_bonus":"ONE_RANDOM_RARE_CARD","is_daily":false,"chose_seed":false,"campfire_upgraded":8,"win_rate":0.0,"timestamp":1614196500,"path_taken":["M","?","?","M","M","R","M","?","T","$","?","R","M","M","R","BOSS","M","M","?","?","?","R","E","R","T","M","R","?","?","M","R","BOSS","M","?","?","M","?","E","M","R","T","?","E","R","?","M","R","BOSS"],"items_purchased_type":["Relic","Potion","Potion"],"build_version":"2020-12-22","purchased_purges":2,"victory":true,"max_hp_per_floor":[90,90,90,90,90,90,90,90,90,97,97,97,97,97,97,97,97,97,97,102,102,94,94,94,94,94,94,94,94,94,94,94,94,94,94,94,94,94,89,89,89,89,89,89,89,89,89,89,89,89,89],"card_choices":[{"not_picked":["Mutilate","NightInTheBackstreets","WildCard","HiddenBlade","DesperateStruggle","BulkyImpact","GuardingStance","AlloutWar"],"picked":"UpbeatPerformance","floor":1},{"not_picked":["StrikeDown","NonstopAssault","WaitUp","StrongStrike","GatherIntel","Rewind","TimeForALittleTest","SuppressingShot"],"picked":"Unlock1","floor":3},{"not_picked":["SnakesPrey","QuickSuppression","SearingSword","YoureTooSlow","Overcharge","DarkCloud","SunsetBlade","Riposte"],"picked":"Diversion","floor":4},{"not_picked":["Reload","ViolentFlame","ShrineToMusic","Duel_lor","AsThePrescriptOrders","DesperateStruggle","Mutilate","Thrust"],"picked":"CleanUp","floor":5},{"not_picked":["FieryWaltz","Wallop_lor","Parry","SturdyDefense","DriedUp","PreemptiveStrike","RapidGashes","UpbeatPerformance"],"picked":"ForTheFamily","floor":7},{"not_picked":["DirtyBlow","Deflect_lor","CookingPrep","QuickSuppression","Diversion","Overpower","Pound","BizarreAttack"],"picked":"FrontalAssault","floor":13},{"not_picked":["Feast","TendonChords","YoureTooSlow","EnergyShield","StructuralAnalysis","UpbeatPerformance","Endure","HiddenBlade","ConcentratedFire"],"picked":"SKIP","floor":14},{"not_picked":["ChargeUp","FlamingDragonFist"],"picked":"UnforgettableMelody","floor":16},{"not_picked":["UncannyStrike","FleetFootsteps","DefenseOrder","FierceCharge+1","ScatteringSlash","WaitUp","DarkCloud","Standoff+1","EnergyStrike"],"picked":"SKIP","floor":18},{"not_picked":["ShockingBlow","DesperateStruggle","HiddenBlade","StrikeDown","FieryDragonSlash","AlloutWar+1","MultiBlock","UpbeatPerformance","SuppressingShot"],"picked":"SKIP","floor":19},{"not_picked":["ruina:BlindRage","ruina:Lumber","ruina:FadedMemories","ruina:Nihil","ruina:Harvest","ruina:CrimsonScar","ruina:SwordSharpened","ruina:Smile"],"picked":"ruina:LoveAndHate","floor":22},{"not_picked":["Concentration+1","BurningFlash+1","BoundaryOfDeath","PinpointShot","OpportunitySpotted","QuickAttack+1","TrimTheIngredients","BiAn","StrikeDown"],"picked":"SKIP","floor":24},{"not_picked":["GuardingStance","ShockingBlow","BattleCommand","WrathOfTorment","Unlock1","FeelinGood+1","ReadyUp","QuickSuppression"],"picked":"Pound","floor":27},{"not_picked":["OpportunitySpotted","GreatSerpentsImpact","UpbeatPerformance","SharpNails","FleetFootsteps+1","SerpentSwordTechnique","FlowOfTheSword","QuickSuppression","SnakesPrey"],"picked":"SKIP","floor":31},{"not_picked":["FleetEdge+1","HighKick+1","Rewind+1","StrikeDown+1","WildCard+1","MultiBlock","Thrust+1"],"picked":"SKIP","floor":35},{"not_picked":["SmokingPipe+1","ShrineToMusic+1","Parry+1","ProselytesBlade+1","Tailoring","Execute_lor"],"picked":"Pound","floor":38},{"not_picked":["FervidEmotions","CookingPrep","Tailoring+1","SearingSword","FleshFillet","SinglePointStab+1","DimensionalRift"],"picked":"SKIP","floor":40},{"not_picked":["FervidEmotions","CookingPrep","Tailoring+1","SearingSword","FleshFillet","SinglePointStab+1","DimensionalRift"],"picked":"SKIP","floor":40},{"not_picked":["FlowOfTheSword","HandleRequest","SnakesPrey","FlyingSword+1","FocusFire+1","Collision","MultiHit"],"picked":"SKIP","floor":41},{"not_picked":["GuidanceOfTheGears","NightInTheBackstreets+1","FendThisOffIfYouCan+1","HighKick","YoureAHindrance+1","Rewind+1","Unlock1+1"],"picked":"SKIP","floor":45},{"not_picked":["HandleRequest+1","MultiHit+1","FleetEdge+1","ShockingBlow","WillOfThePrescript+1","SharpSwipe+1","ProselytesBlade"],"picked":"SKIP","floor":48}],"player_experience":217693,"relics_obtained":[{"floor":9,"key":"PageOfPorccubus"},{"floor":24,"key":"Centennial Puzzle"},{"floor":26,"key":"White Beast Statue"},{"floor":40,"key":"PageOfPunishingBird"},{"floor":43,"key":"Mummified Hand"},{"floor":45,"key":"Iron Hammer"}],"event_choices":[{"damage_healed":0,"gold_gain":0,"player_choice":"Trade","damage_taken":0,"relics_obtained":["CultistMask"],"max_hp_gain":0,"max_hp_loss":0,"event_name":"FaceTrader","floor":2,"gold_loss":0},{"damage_healed":0,"gold_gain":0,"player_choice":"Entered Light","damage_taken":18,"max_hp_gain":0,"max_hp_loss":0,"event_name":"Shining Light","floor":8,"gold_loss":0,"cards_upgraded":["CleanUp","CleanUp"]},{"cards_removed":["ForTheFamily"],"damage_healed":0,"gold_gain":0,"player_choice":"Offered Uncommon","damage_taken":0,"max_hp_gain":0,"max_hp_loss":0,"event_name":"Bonfire Elementals","floor":11,"gold_loss":0},{"damage_healed":0,"gold_gain":0,"player_choice":"Paid","damage_taken":0,"relics_obtained":["Red Mask"],"max_hp_gain":0,"max_hp_loss":0,"event_name":"Tomb of Lord Red Mask","floor":36,"gold_loss":147},{"cards_removed":["ruina:LoveAndHate"],"damage_healed":0,"gold_gain":0,"player_choice":"Removed Attack","damage_taken":0,"max_hp_gain":0,"max_hp_loss":0,"event_name":"Falling","floor":37,"gold_loss":0},{"damage_healed":0,"gold_gain":0,"player_choice":"Max HP","damage_taken":0,"max_hp_gain":0,"max_hp_loss":5,"event_name":"Winding Halls","floor":39,"gold_loss":0},{"damage_healed":0,"gold_gain":0,"player_choice":"0 cards matched","damage_taken":0,"max_hp_gain":0,"max_hp_loss":0,"event_name":"Match and Keep!","floor":47,"gold_loss":0,"cards_obtained":[]}],"is_beta":false,"boss_relics":[{"not_picked":["Ectoplasm","Replay:Ancient Bell"],"picked":"Replay:Bronze Core"},{"not_picked":["ReplayTheSpireMod:DimensionalGlitch","Empty Cage"],"picked":"Replay:Grab Bag"},{"not_picked":["Runic Dome","ReplayTheSpireMod:Onyx Gauntlets"],"picked":"Sozu"},{"not_picked":["Velvet Choker","Abe\u0027s Treasure"],"picked":"Busted Crown"},{"not_picked":["Kintsugi","Replay:Drink Me"],"picked":"Astrolabe"}],"items_purged_floors":[20,44],"is_endless":false,"potions_floor_spawned":[1,5,7,16,18,19,27,31,33,35,38,40,41,45,48,51],"ascension_level":0}}