{"host":"a5lz0e76zb3fcwkm","time":1614170173,"event":{"mods":["AchievementEnabler","BaseMod","Colored Map","Colored Powertips","Minty Spire (QoL Compilation)","StSLib","SuperFastMode"],"gold_per_floor":[366,75,75,75,99,130,130,161,187,203,222,240,311,329,329,329,329],"floor_reached":16,"language":"KOR","playtime":386,"items_purged":["Strike_G"],"score":224,"play_id":"e9e99f5f-5534-41d1-a852-742a1fb36835","local_time":"20210224213613","is_ascension_mode":true,"campfire_choices":[{"data":"Terror","floor":7,"key":"SMITH"},{"floor":15,"key":"REST"}],"circlet_count":0,"master_deck":["AscendersBane","Strike_G","Strike_G","Strike_G","Defend_G","Defend_G","Defend_G","Defend_G","Defend_G","Survivor","Neutralize","Terror+1","Blade Dance","Dagger Spray","Backstab","Blur","Phantasmal Killer","Finisher"],"relics":["Ring of the Snake","Orrery","Golden Idol","Pen Nib","Kunai","Vajra","Smiling Mask"],"acts_visited":["Exordium"],"potions_floor_usage":[6,6,13,14,16],"damage_taken":[{"damage":2,"enemies":"Small Slimes","floor":1,"turns":5},{"damage":0,"enemies":"Cultist","floor":5,"turns":2},{"damage":12,"enemies":"3 Sentries","floor":6,"turns":7},{"damage":25,"enemies":"Lagavulin","floor":8,"turns":8},{"damage":0,"enemies":"Jaw Worm","floor":10,"turns":2},{"damage":4,"enemies":"3 Louse","floor":11,"turns":2},{"damage":0,"enemies":"Lots of Slimes","floor":12,"turns":1},{"damage":0,"enemies":"Gremlin Nob","floor":13,"turns":2},{"damage":0,"enemies":"Large Slime","floor":14,"turns":4},{"damage":20,"enemies":"Slime Boss","floor":16,"turns":5}],"seed_played":"-4071291414758916402","potions_obtained":[{"floor":1,"key":"FearPotion"},{"floor":10,"key":"DistilledChaos"},{"floor":12,"key":"LiquidMemories"},{"floor":14,"key":"Block Potion"}],"is_trial":false,"path_per_floor":["M","$","?","?","M","E","R","E","T","M","M","M","?","M","R","B"],"character_chosen":"THE_SILENT","items_purchased":["Orrery","SteroidPotion"],"campfire_rested":1,"item_purchase_floors":[2,2],"current_hp_per_floor":[42,42,42,42,42,30,30,5,5,5,1,1,1,1,19,0,0],"gold":329,"neow_bonus":"TWO_FIFTY_GOLD","is_daily":false,"chose_seed":false,"campfire_upgraded":1,"win_rate":0.0,"timestamp":1614170173,"path_taken":["M","$","?","?","M","E","R","E","T","M","M","?","?","M","R","BOSS"],"items_purchased_type":["Relic","Potion"],"build_version":"2020-12-22","purchased_purges":1,"victory":false,"max_hp_per_floor":[66,66,60,60,60,60,60,60,60,60,60,60,60,60,60,60,60],"card_choices":[{"not_picked":["Endless Agony","Quick Slash"],"picked":"Terror","floor":1},{"not_picked":["Flying Knee","Dagger Throw"],"picked":"Blade Dance","floor":2},{"not_picked":["Poisoned Stab","Skewer"],"picked":"Dagger Spray","floor":2},{"not_picked":["Caltrops","All Out Attack","Distraction"],"picked":"SKIP","floor":5},{"not_picked":["Endless Agony","Prepared"],"picked":"Backstab","floor":6},{"not_picked":["Choke","Riddle With Holes"],"picked":"Blur","floor":8},{"not_picked":["Quick Slash","Slice","Dagger Spray"],"picked":"SKIP","floor":10},{"not_picked":["Eviscerate","Reflex"],"picked":"Phantasmal Killer","floor":11},{"not_picked":["Prepared","Backflip"],"picked":"Finisher","floor":12},{"not_picked":["Footwork","Bane","Outmaneuver"],"picked":"SKIP","floor":14}],"player_experience":1918250,"relics_obtained":[{"floor":6,"key":"Pen Nib"},{"floor":8,"key":"Kunai"},{"floor":9,"key":"Vajra"},{"floor":13,"key":"Smiling Mask"}],"event_choices":[{"damage_healed":0,"gold_gain":0,"player_choice":"Lose Max HP","damage_taken":0,"relics_obtained":["Golden Idol"],"max_hp_gain":0,"max_hp_loss":6,"event_name":"Golden Idol","floor":3,"gold_loss":0},{"cards_removed":["Strike_G"],"damage_healed":0,"gold_gain":0,"player_choice":"Purged","damage_taken":0,"max_hp_gain":0,"max_hp_loss":0,"event_name":"Purifier","floor":4,"gold_loss":0},{"damage_healed":0,"gold_gain":0,"player_choice":"Searched \u00271\u0027 times","damage_taken":0,"max_hp_gain":0,"max_hp_loss":0,"event_name":"Dead Adventurer","floor":13,"gold_loss":0}],"is_beta":false,"boss_relics":[],"items_purged_floors":[2],"is_endless":false,"potions_floor_spawned":[1,10,12,14],"killed_by":"Slime Boss","ascension_level":20}}