{"host":"0cm5wy4nhuju7tij","time":1614153750,"event":{"mods":["2.2 Compatiblity","AchievementEnabler","BaseMod","Better Third Choice","BetterRewards","Colored Powertips","Curses Come First","Custom Start","Displayed Cursed Tome","Downfall","Energized Spire","Evolution","Filter the Spire","Fireblade Mod","Hermit","Highlight Path","Jess\u0027s Bottle","Minty Spire (QoL Compilation)","Permanent Neow","Poor People Problems","Relic Filter Mod","Shop Mod","Spicy Shops","StSLib","The Cursed","The Servant 0.9.4","TheSwordswoman","TheVacant","Weighted Paths"],"gold_per_floor":[115,135,148,166,177,209,66,66,66,95,109,109,109],"floor_reached":12,"language":"ENG","playtime":608,"items_purged":[],"score":117,"play_id":"3772207f-91a9-4746-a3e0-5053ee2ec157","local_time":"20210224030230","is_ascension_mode":false,"campfire_choices":[{"floor":8,"key":"REST"}],"circlet_count":0,"master_deck":["FireBladeMod:SoulStrike","FireBladeMod:SoulStrike","FireBladeMod:SoulStrike","FireBladeMod:SoulStrike","FireBladeMod:DefendFireBlade","FireBladeMod:DefendFireBlade","FireBladeMod:DefendFireBlade","FireBladeMod:DefendFireBlade","FireBladeMod:FlamingSword","FireBladeMod:FireBarrier+1","FireBladeMod:ComboCleave","FireBladeMod:SpinningSmash","FireBladeMod:ComplexDefense","FireBladeMod:GetPumped","FireBladeMod:ThirstForBlood","FireBladeMod:ScorchingCleave","FireBladeMod:IronEndurance","FireBladeMod:AfterBurn","FireBladeMod:SmokeScreen","FireBladeMod:Tempo","FireBladeMod:BackhandSwing","FireBladeMod:FerventSlash","FireBladeMod:ThirstForBlood"],"relics":["FireBladeMod:DuelistLocket","EVO:Axolotl","Anchor","Orrery","Ginger","Singing Bowl"],"acts_visited":["Exordium"],"potions_floor_usage":[12],"damage_taken":[{"damage":0,"enemies":"Cultist","floor":1,"turns":2},{"damage":4,"enemies":"Jaw Worm","floor":2,"turns":3},{"damage":8,"enemies":"2 Louse","floor":3,"turns":2},{"damage":5,"enemies":"2 Fungi Beasts","floor":4,"turns":3},{"damage":1,"enemies":"Gremlin Gang","floor":5,"turns":3},{"damage":24,"enemies":"Lagavulin","floor":6,"turns":8},{"damage":28,"enemies":"Gremlin Nob","floor":10,"turns":4},{"damage":0,"enemies":"3 Louse","floor":11,"turns":3},{"damage":27,"enemies":"Lagavulin","floor":12,"turns":5}],"seed_played":"-3412730745403413437","potions_obtained":[{"floor":3,"key":"LiquidBronze"},{"floor":4,"key":"Ancient Potion"},{"floor":11,"key":"Regen Potion"}],"is_trial":false,"path_per_floor":["M","M","M","M","M","E","$","R","T","E","M","E"],"character_chosen":"THE_FIREBLADE","items_purchased":["Orrery"],"campfire_rested":1,"item_purchase_floors":[7],"current_hp_per_floor":[70,66,58,53,52,28,28,49,49,21,21,0,0],"gold":109,"neow_bonus":"UPGRADE_CARD","is_daily":false,"chose_seed":false,"campfire_upgraded":0,"win_rate":0.0,"timestamp":1614153750,"path_taken":["M","M","M","?","M","E","$","R","T","E","M","E"],"items_purchased_type":["Relic"],"build_version":"2020-12-22","purchased_purges":0,"victory":false,"max_hp_per_floor":[70,70,70,70,70,70,70,70,70,70,70,70,70],"card_choices":[{"not_picked":["FireBladeMod:Robust","FireBladeMod:MomentumStrikes"],"picked":"FireBladeMod:ComboCleave","floor":1},{"not_picked":["FireBladeMod:HealthyEndurance","FireBladeMod:OverCharge"],"picked":"FireBladeMod:SpinningSmash","floor":2},{"not_picked":["FireBladeMod:SmokeInTheEyes","FireBladeMod:Feint"],"picked":"FireBladeMod:ComplexDefense","floor":3},{"not_picked":["FireBladeMod:Refreshment","FireBladeMod:Flames"],"picked":"FireBladeMod:GetPumped","floor":4},{"not_picked":["FireBladeMod:ComboCleave","FireBladeMod:SpinningSmash"],"picked":"FireBladeMod:ThirstForBlood","floor":5},{"not_picked":["FireBladeMod:Shove","FireBladeMod:BasicSmash"],"picked":"FireBladeMod:ScorchingCleave","floor":6},{"not_picked":["FireBladeMod:SpinningSmash","FireBladeMod:StunningBlow"],"picked":"FireBladeMod:IronEndurance","floor":7},{"not_picked":["FireBladeMod:TorsoSmash","FireBladeMod:StingingSlash"],"picked":"FireBladeMod:AfterBurn","floor":7},{"not_picked":["FireBladeMod:BasicSmash","FireBladeMod:RollWithTheBlow"],"picked":"FireBladeMod:SmokeScreen","floor":7},{"not_picked":["FireBladeMod:OverCharge","FireBladeMod:Reposition"],"picked":"FireBladeMod:Tempo","floor":7},{"not_picked":["FireBladeMod:ComboSlashes","FireBladeMod:BodyAsFuel"],"picked":"FireBladeMod:BackhandSwing","floor":7},{"not_picked":["FireBladeMod:Robust","FireBladeMod:Turtle"],"picked":"FireBladeMod:FerventSlash","floor":10},{"not_picked":["FireBladeMod:Turtle","FireBladeMod:WellPrepared"],"picked":"FireBladeMod:ThirstForBlood","floor":11}],"player_experience":460140,"relics_obtained":[{"floor":6,"key":"Anchor"},{"floor":9,"key":"Ginger"},{"floor":10,"key":"Singing Bowl"}],"event_choices":[],"is_beta":false,"boss_relics":[],"items_purged_floors":[],"is_endless":false,"potions_floor_spawned":[2,3,4,11],"killed_by":"Lagavulin","ascension_level":0}}