{"host":"m0xu04lznsue37gd","time":1614170446,"event":{"mods":["2.2 Compatiblity","AchievementEnabler","Act Like it!","BaseMod","Better Third Choice","Colored Map","Colored Powertips","Hallownest","Minty Spire (QoL Compilation)","Quick Restart","Random Character Button","StSLib","Synergy Search"],"gold_per_floor":[117,136,136,136,148,148,148,148,148,148,148,163,188,203,203,305,305,321,321,0,12,26,26,53,53,53,83,83,98,128,139,139,236,236,250,267,267,192,203,203,203,229,229,229,243,260,260,61,61,165,165,175,189,189,189,208,242,258,285,285,285,295,322,332,332,332,332,332,332,0,31,31],"floor_reached":73,"language":"ENG","playtime":4813,"items_purged":["Writhe","Pain","Normality"],"score":2320,"play_id":"4c361c39-7799-4af8-91ef-4cd6c56483e6","local_time":"20210224134046","is_ascension_mode":true,"campfire_choices":[{"data":"Adaptation","floor":6.0,"key":"SMITH"},{"data":"Eruption","floor":8.0,"key":"SMITH"},{"data":"ConjureBlade","floor":10.0,"key":"SMITH"},{"data":"CutThroughFate","floor":15.0,"key":"SMITH"},{"floor":23.0,"key":"REST"},{"data":"WreathOfFlame","floor":28.0,"key":"SMITH"},{"data":"LikeWater","floor":32.0,"key":"SMITH"},{"data":"Scrawl","floor":40.0,"key":"SMITH"},{"data":"Dramatic Entrance","floor":44.0,"key":"SMITH"},{"data":"Collect","floor":49.0,"key":"SMITH"},{"floor":61.0,"key":"RECALL"},{"data":"JustLucky","floor":66.0,"key":"SMITH"},{"data":"WaveOfTheHand","floor":69,"key":"SMITH"}],"circlet_count":0,"master_deck":["Eruption+1","Vigilance+1","ConjureBlade+1","ClearTheMind+1","Consecrate+1","Adaptation+1","FlurryOfBlows+1","Vengeance+1","CutThroughFate+1","Devotion+1","Sanctity+1","Halt+1","SashWhip+1","FlurryOfBlows+1","Consecrate+1","ReachHeaven+1","FearNoEvil+1","FearNoEvil+1","LikeWater+1","Dramatic Entrance+1","WreathOfFlame+1","SashWhip+1","Nirvana+1","CutThroughFate+1","Scrawl+1","Collect+1","Hallownest:curseDreamersLament","FlurryOfBlows+1","Judgement+1","Consecrate+1","LikeWater+1","Scrawl+1","FlurryOfBlows+1","FlurryOfBlows+1","WaveOfTheHand+1","JustLucky+1","Hallownest:curseDreamersLament"],"relics":["Boot","GoldenEye","Bag of Preparation","Busted Crown","Pandora\u0027s Box","betterThird:SlimedRelic","TheAbacus","Torii","Sundial","Darkstone Periapt","Meat on the Bone","Cursed Key","Bird Faced Urn","Gremlin Horn","The Courier","Akabeko","InkBottle","Bag of Marbles","SlaversCollar","Mark of the Bloom","Yang","Whetstone","Kunai","Toy Ornithopter","Medical Kit","Blood Vial","Pen Nib"],"acts_visited":["Exordium","TheCity","TheBeyond","TheEnding"],"potions_floor_usage":[71,72,72],"damage_taken":[{"damage":5.0,"enemies":"Small Slimes","floor":1.0,"turns":5.0},{"damage":2.0,"enemies":"Jaw Worm","floor":2.0,"turns":3.0},{"damage":3.0,"enemies":"2 Louse","floor":5.0,"turns":3.0},{"damage":4.0,"enemies":"2 Fungi Beasts","floor":12.0,"turns":3.0},{"damage":0.0,"enemies":"Gremlin Nob","floor":13.0,"turns":2.0},{"damage":0.0,"enemies":"Exordium Wildlife","floor":14.0,"turns":2.0},{"damage":0.0,"enemies":"Slime Boss","floor":16.0,"turns":3.0},{"damage":12.0,"enemies":"Jaw Worm","floor":18.0,"turns":2.0},{"damage":0.0,"enemies":"Cultist","floor":21.0,"turns":3.0},{"damage":0.0,"enemies":"Small Slimes","floor":22.0,"turns":1.0},{"damage":13.0,"enemies":"Lagavulin","floor":24.0,"turns":5.0},{"damage":0.0,"enemies":"Gremlin Nob","floor":27.0,"turns":2.0},{"damage":0.0,"enemies":"Blue Slaver","floor":29.0,"turns":1.0},{"damage":1.0,"enemies":"Lagavulin","floor":30.0,"turns":3.0},{"damage":0.0,"enemies":"Lots of Slimes","floor":31.0,"turns":1.0},{"damage":0.0,"enemies":"Slime Boss","floor":33.0,"turns":5.0},{"damage":0.0,"enemies":"3 Byrds","floor":35.0,"turns":2.0},{"damage":0.0,"enemies":"Spheric Guardian","floor":36.0,"turns":2.0},{"damage":0.0,"enemies":"Snake Plant","floor":39.0,"turns":1.0},{"damage":0.0,"enemies":"Slavers","floor":42.0,"turns":2.0},{"damage":0.0,"enemies":"Sentry and Sphere","floor":45.0,"turns":2.0},{"damage":0.0,"enemies":"Shelled Parasite and Fungi","floor":46.0,"turns":1.0},{"damage":2.0,"enemies":"Automaton","floor":50.0,"turns":6.0},{"damage":0.0,"enemies":"3 Shapes","floor":52.0,"turns":1.0},{"damage":0.0,"enemies":"Orb Walker","floor":53.0,"turns":2.0},{"damage":1.0,"enemies":"4 Shapes","floor":56.0,"turns":1.0},{"damage":19.0,"enemies":"Nemesis","floor":57.0,"turns":3.0},{"damage":8.0,"enemies":"Writhing Mass","floor":58.0,"turns":3.0},{"damage":1.0,"enemies":"Reptomancer","floor":59.0,"turns":2.0},{"damage":0.0,"enemies":"Sphere and 2 Shapes","floor":62.0,"turns":1.0},{"damage":0.0,"enemies":"Nemesis","floor":63.0,"turns":2.0},{"damage":0.0,"enemies":"Jaw Worm Horde","floor":64.0,"turns":1.0},{"damage":10,"enemies":"Awakened One","floor":67,"turns":7},{"damage":9,"enemies":"Shield and Spear","floor":71,"turns":5},{"damage":30,"enemies":"The Heart","floor":72,"turns":8}],"seed_played":"-4699968275895572402","potions_obtained":[{"floor":12.0,"key":"CultistPotion"},{"floor":13.0,"key":"DuplicationPotion"},{"floor":21.0,"key":"EssenceOfSteel"},{"floor":22.0,"key":"Ancient Potion"},{"floor":42.0,"key":"Strength Potion"},{"floor":50.0,"key":"Fire Potion"}],"is_trial":false,"path_per_floor":["M","M","?","?","M","R","?","R","T","R","?","M","E","M","R","B",null,"M","?","$","M","M","R","E","?","T","E","R","M","E","M","R","B",null,"M","M","?","$","M","R","T","E","T","R","M","M","?","$","R","B",null,"M","M","?","?","M","E","M","E","T","R","M","E","M","T","R","B",null,"R","$","E","B",null],"character_chosen":"WATCHER","items_purchased":["LikeWater","TheAbacus","Dramatic Entrance","Bag of Marbles","Medical Kit","Blood Vial"],"campfire_rested":1,"item_purchase_floors":[20,20,20,48,70,70],"current_hp_per_floor":[60,58,46,46,43,43,43,43,43,43,36,32,32,32,32,32,62,50,39,39,39,39,60,47,47,47,47,47,47,46,46,46,46,66,66,66,72,72,72,72,78,84,90,90,90,90,90,90,90,89,90,90,90,90,90,89,70,62,61,61,61,61,61,61,61,61,51,51,51,51,42,12],"gold":31,"neow_bonus":"BOSS_RELIC","is_daily":false,"chose_seed":false,"campfire_upgraded":11,"win_rate":0.0,"timestamp":1614170446,"path_taken":["M","M","?","?","?","R","?","R","T","R","?","M","E","M","R","BOSS","M","?","$","M","M","R","E","?","T","E","R","?","E","M","R","BOSS","M","M","?","$","M","R","?","E","T","R","?","M","?","$","R","BOSS","M","M","?","?","?","E","M","E","T","R","M","E","M","?","R","BOSS","R","$","E","BOSS"],"items_purchased_type":["Card","Relic","Card","Relic","Relic","Relic"],"build_version":"2020-12-22","purchased_purges":3,"victory":true,"max_hp_per_floor":[72,72,72,72,72,72,72,72,72,72,72,72,72,72,72,72,72,72,72,72,72,72,72,72,72,72,72,72,72,72,72,72,72,72,72,72,78,78,78,78,84,84,90,90,90,90,90,90,90,90,90,90,90,90,90,90,90,90,90,96,96,96,96,96,102,102,102,102,102,102,102,102],"card_choices":[{"not_picked":["Crescendo","ThirdEye"],"picked":"ClearTheMind","floor":1.0},{"not_picked":["JustLucky","ClearTheMind"],"picked":"Consecrate","floor":2.0},{"not_picked":["JustLucky","CrushJoints"],"picked":"Adaptation","floor":5.0},{"not_picked":["Alpha","ThirdEye"],"picked":"FlurryOfBlows","floor":12.0},{"not_picked":["FlyingSleeves","Worship"],"picked":"Vengeance","floor":13.0},{"not_picked":["Evaluate","Wish"],"picked":"CutThroughFate","floor":14.0},{"not_picked":["ConjureBlade","Ragnarok"],"picked":"Devotion","floor":16.0},{"not_picked":["EmptyFist"],"picked":"SKIP","floor":18.0},{"not_picked":[],"picked":"Fasting2","floor":21.0},{"not_picked":["Worship"],"picked":"SKIP","floor":22.0},{"not_picked":[],"picked":"WreathOfFlame","floor":24.0},{"not_picked":["CarveReality"],"picked":"SKIP","floor":27.0},{"not_picked":["Tantrum"],"picked":"SKIP","floor":29.0},{"not_picked":[],"picked":"Nirvana","floor":30.0},{"not_picked":[],"picked":"CutThroughFate","floor":31.0},{"not_picked":[],"picked":"Scrawl","floor":33.0},{"not_picked":["Halt"],"picked":"SKIP","floor":35.0},{"not_picked":[],"picked":"Collect","floor":36.0},{"not_picked":["Pray+1"],"picked":"SKIP","floor":39.0},{"not_picked":["SignatureMove"],"picked":"SKIP","floor":42.0},{"not_picked":["Crescendo"],"picked":"SKIP","floor":45.0},{"not_picked":[],"picked":"FlurryOfBlows","floor":46.0},{"not_picked":[],"picked":"Judgement","floor":50.0},{"not_picked":[],"picked":"Consecrate+1","floor":52.0},{"not_picked":[],"picked":"LikeWater","floor":53.0},{"not_picked":[],"picked":"FlurryOfBlows+1","floor":56.0},{"not_picked":[],"picked":"FlurryOfBlows+1","floor":57.0},{"not_picked":[],"picked":"WaveOfTheHand","floor":58.0},{"not_picked":[],"picked":"JustLucky","floor":59.0},{"not_picked":["EmptyFist+1"],"picked":"SKIP","floor":62.0},{"not_picked":["BowlingBash"],"picked":"SKIP","floor":63.0},{"not_picked":["MentalFortress"],"picked":"SKIP","floor":64.0},{"not_picked":["Vengeance+1"],"picked":"SKIP","floor":71}],"player_experience":670813,"relics_obtained":[{"floor":9.0,"key":"GoldenEye"},{"floor":13.0,"key":"Bag of Preparation"},{"floor":24.0,"key":"Torii"},{"floor":26.0,"key":"Sundial"},{"floor":27.0,"key":"Darkstone Periapt"},{"floor":30.0,"key":"Meat on the Bone"},{"floor":41.0,"key":"Gremlin Horn"},{"floor":42.0,"key":"The Courier"},{"floor":43.0,"key":"Akabeko"},{"floor":57.0,"key":"Yang"},{"floor":59.0,"key":"Whetstone"},{"floor":60.0,"key":"Kunai"},{"floor":63.0,"key":"Toy Ornithopter"},{"floor":71,"key":"Pen Nib"}],"event_choices":[{"damage_healed":0.0,"max_hp_gain":0.0,"max_hp_loss":0.0,"gold_gain":0.0,"event_name":"betterThird:BetterScrap","player_choice":"Relic ","floor":3.0,"gold_loss":0.0,"damage_taken":12.0,"cards_obtained":["Chaos"]},{"damage_healed":46.0,"max_hp_gain":0.0,"max_hp_loss":72.0,"gold_gain":0.0,"event_name":"betterThird:BetterShining","player_choice":"Embrace Burn","floor":4.0,"gold_loss":0.0,"damage_taken":0.0},{"damage_healed":0.0,"max_hp_gain":0.0,"max_hp_loss":0.0,"gold_gain":0.0,"event_name":"Golden Idol","player_choice":"Ignored","floor":7.0,"gold_loss":0.0,"damage_taken":0.0},{"cards_removed":["Burn"],"damage_healed":0.0,"max_hp_gain":0.0,"max_hp_loss":0.0,"gold_gain":0.0,"event_name":"Golden Wing","player_choice":"Card Removal","floor":11.0,"gold_loss":0.0,"damage_taken":7.0},{"damage_healed":0.0,"max_hp_gain":1.0,"max_hp_loss":0.0,"gold_gain":0.0,"event_name":"betterThird:BetterGoop","player_choice":"Slimed","floor":19.0,"gold_loss":0.0,"damage_taken":11.0},{"damage_healed":0.0,"max_hp_gain":0.0,"max_hp_loss":0.0,"gold_gain":0.0,"cards_transformed":["Fasting2"],"event_name":"Transmorgrifier","player_choice":"Transformed","floor":25.0,"gold_loss":0.0,"damage_taken":0.0,"cards_obtained":["SashWhip"]},{"damage_healed":0.0,"max_hp_gain":0.0,"max_hp_loss":0.0,"gold_gain":0.0,"event_name":"The Mausoleum","player_choice":"Opened","floor":37.0,"gold_loss":0.0,"damage_taken":0.0,"relics_obtained":["Bird Faced Urn"],"cards_obtained":["Writhe"]},{"damage_healed":0.0,"max_hp_gain":0.0,"max_hp_loss":0.0,"gold_gain":0.0,"event_name":"WeMeetAgain","player_choice":"Gave Potion","floor":47.0,"gold_loss":0.0,"damage_taken":0.0,"relics_obtained":["InkBottle"]},{"damage_healed":0.0,"max_hp_gain":0.0,"max_hp_loss":0.0,"gold_gain":0.0,"event_name":"MindBloom","player_choice":"Upgrade","floor":54.0,"gold_loss":0.0,"damage_taken":0.0,"cards_upgraded":["Vigilance","ClearTheMind","Consecrate","FlurryOfBlows","Vengeance","Devotion","Sanctity","Halt","SashWhip","FlurryOfBlows","Consecrate","ReachHeaven","FearNoEvil","FearNoEvil","SashWhip","Nirvana","CutThroughFate","FlurryOfBlows","Judgement","LikeWater"],"relics_obtained":["Mark of the Bloom"]},{"damage_healed":0.0,"max_hp_gain":0.0,"max_hp_loss":0.0,"gold_gain":0.0,"event_name":"Duplicator","player_choice":"Copied","floor":55.0,"gold_loss":0.0,"damage_taken":0.0,"cards_obtained":["Scrawl"]}],"is_beta":false,"boss_relics":[{"not_picked":["Calling Bell","Sozu"],"picked":"Busted Crown"},{"not_picked":["Snecko Eye","Coffee Dripper"],"picked":"Cursed Key"},{"not_picked":["Fusion Hammer","Philosopher\u0027s Stone"],"picked":"SlaversCollar"}],"items_purged_floors":[38,48,70],"is_endless":false,"potions_floor_spawned":[12,13,21,22,31,36,42,45,50,56,59,62,64],"ascension_level":9}}