{"host":"8fuipfsvjht9cgcs","time":1614131032,"event":{"mods":["AchievementEnabler","BaseMod","Colored Map","Colored Powertips","DeckTracker","Friendly Minions","Kiyohime£¨?ýï£©","Marisa£¨Ùöéë¡¡Øª×âÞÞ£©","Minty Spire (QoL Compilation)","Prisma Mod","StSLib","SuperFastMode","The Cursed","The Gatherer"],"gold_per_floor":[109,34,34,34,47,77,77,108,192,222,234,263,275,305,317,426,438,460,489,521,533,533],"floor_reached":21,"language":"KOR","playtime":487,"items_purged":["Strike_R"],"score":266,"play_id":"a5982d24-f21e-47d3-b931-8bfbdca184b3","local_time":"20210224144352","is_ascension_mode":false,"campfire_choices":[{"data":"Bash","floor":7,"key":"SMITH"},{"data":"Thunderclap","floor":11,"key":"SMITH"},{"data":"Strike_R","floor":13,"key":"SMITH"},{"data":"Strike_R","floor":15,"key":"SMITH"}],"circlet_count":0,"master_deck":["Strike_R","Strike_R","Strike_R+1","Strike_R+1","Defend_R","Defend_R","Defend_R","Bash+1","Thunderclap+1"],"relics":["Burning Blood","NeowsBlessing","Blood Vial","MawBank","Shuriken","SlaversCollar"],"acts_visited":["TheCity"],"potions_floor_usage":[6,16,20],"damage_taken":[{"damage":0,"enemies":"2 Louse","floor":1,"turns":1},{"damage":0,"enemies":"Jaw Worm","floor":5,"turns":1},{"damage":0,"enemies":"Lagavulin","floor":6,"turns":1},{"damage":28,"enemies":"Gremlin Nob","floor":8,"turns":4},{"damage":6,"enemies":"Cultist","floor":10,"turns":3},{"damage":11,"enemies":"Lots of Slimes","floor":12,"turns":3},{"damage":10,"enemies":"Exordium Thugs","floor":14,"turns":3},{"damage":0,"enemies":"Slime Boss","floor":16,"turns":6},{"damage":56,"enemies":"Shell Parasite","floor":18,"turns":6},{"damage":5,"enemies":"Chosen","floor":19,"turns":4},{"damage":8,"enemies":"Snecko","floor":20,"turns":4},{"damage":44,"enemies":"Sentry and Sphere","floor":21,"turns":5}],"seed_played":"6938307442209997180","potions_obtained":[{"floor":4,"key":"CultistPotion"},{"floor":4,"key":"SmokeBomb"},{"floor":4,"key":"ElixirPotion"},{"floor":6,"key":"Fruit Juice"},{"floor":10,"key":"ColorlessPotion"},{"floor":12,"key":"Fire Potion"},{"floor":18,"key":"DistilledChaos"}],"is_trial":false,"path_per_floor":["M","$","?","?","M","E","R","E","T","M","R","M","R","M","R","B",null,"M","M","M","M"],"character_chosen":"IRONCLAD","items_purchased":[],"campfire_rested":0,"item_purchase_floors":[],"current_hp_per_floor":[80,80,73,73,79,85,85,63,63,65,65,62,62,60,60,68,85,35,38,38,0,0],"gold":533,"neow_bonus":"THREE_ENEMY_KILL","is_daily":false,"chose_seed":false,"campfire_upgraded":4,"win_rate":0.0,"timestamp":1614131032,"path_taken":["M","$","?","?","?","E","R","E","T","M","R","M","R","M","R","BOSS","M","M","M","?"],"items_purchased_type":[],"build_version":"2020-12-22","purchased_purges":1,"victory":false,"max_hp_per_floor":[80,80,80,80,80,85,85,85,85,85,85,85,85,85,85,85,85,85,85,85,85,85],"card_choices":[{"not_picked":["Twin Strike","Warcry","Perfected Strike"],"picked":"SKIP","floor":1},{"not_picked":["Warcry","Battle Trance"],"picked":"Thunderclap","floor":5},{"not_picked":["Berserk","Dual Wield","Power Through"],"picked":"SKIP","floor":6},{"not_picked":["Warcry","Heavy Blade","Wild Strike"],"picked":"SKIP","floor":8},{"not_picked":["Clash","Iron Wave","Rage"],"picked":"SKIP","floor":10},{"not_picked":["Sentinel","Clash","Seeing Red"],"picked":"SKIP","floor":12},{"not_picked":["Bloodletting","Wild Strike","Bludgeon"],"picked":"SKIP","floor":14},{"not_picked":["Dual Wield","Havoc","Flame Barrier"],"picked":"SKIP","floor":18},{"not_picked":["Wild Strike+1","Clothesline","Twin Strike+1"],"picked":"SKIP","floor":19},{"not_picked":["Body Slam","Hemokinesis","Twin Strike"],"picked":"SKIP","floor":20}],"player_experience":506338,"relics_obtained":[{"floor":6,"key":"Blood Vial"},{"floor":8,"key":"MawBank"},{"floor":9,"key":"Shuriken"}],"event_choices":[{"cards_removed":["Defend_R"],"damage_healed":0,"gold_gain":0,"player_choice":"Card Removal","damage_taken":7,"max_hp_gain":0,"max_hp_loss":0,"event_name":"Golden Wing","floor":3,"gold_loss":0},{"damage_healed":0,"gold_gain":0,"player_choice":"Got Potions","damage_taken":0,"max_hp_gain":0,"max_hp_loss":0,"event_name":"Lab","floor":4,"gold_loss":0}],"is_beta":false,"boss_relics":[{"not_picked":["Black Blood","Runic Dome"],"picked":"SlaversCollar"}],"items_purged_floors":[2],"is_endless":false,"potions_floor_spawned":[6,10,12,14,18],"killed_by":"Sentry and Sphere","ascension_level":0}}