{"host":"2se5dq1do2gp0x9k","time":1614149657,"event":{"mods":["AchievementEnabler","BaseMod","Block Reminder","Colored Map","Colored Powertips","Minty Spire (QoL Compilation)","Relic Stats","StSLib","SuperFastMode"],"gold_per_floor":[117,129,144,144,144,170,170,203,215,227,251,95,95,106,106,180,180,192,227,13,23,23,23],"floor_reached":22,"language":"ENG","playtime":817,"items_purged":["Defend_P","Defend_P"],"score":382,"play_id":"ddd2b28e-2ca7-438f-b93e-c3e4e806ae16","local_time":"20210223225417","is_ascension_mode":true,"campfire_choices":[{"data":"Prostrate","floor":7,"key":"SMITH"},{"data":"Evaluate","floor":10,"key":"SMITH"},{"floor":15,"key":"REST"}],"circlet_count":0,"master_deck":["AscendersBane","Strike_P","Strike_P","Strike_P","Defend_P","Defend_P","Eruption","Vigilance","FollowUp","CarveReality+1","Prostrate+1","Pray","Evaluate+1","LikeWater","Evaluate","WaveOfTheHand","DeusExMachina","Wish","Pray","Devotion","ThirdEye+1"],"relics":["PureWater","NeowsBlessing","TeardropLocket","Ginger","MawBank","The Courier","Cursed Key"],"acts_visited":["Exordium","TheCity"],"potions_floor_usage":[8,8,16,19,22],"damage_taken":[{"damage":0,"enemies":"Cultist","floor":1,"turns":1},{"damage":0,"enemies":"2 Louse","floor":2,"turns":1},{"damage":0,"enemies":"Jaw Worm","floor":3,"turns":1},{"damage":26,"enemies":"Lagavulin","floor":6,"turns":7},{"damage":10,"enemies":"Gremlin Nob","floor":8,"turns":3},{"damage":4,"enemies":"3 Louse","floor":11,"turns":4},{"damage":0,"enemies":"Red Slaver","floor":14,"turns":6},{"damage":28,"enemies":"The Guardian","floor":16,"turns":9},{"damage":15,"enemies":"Shell Parasite","floor":18,"turns":5},{"damage":29,"enemies":"Chosen","floor":19,"turns":6},{"damage":9,"enemies":"Snake Plant","floor":21,"turns":3},{"damage":9,"enemies":"Shelled Parasite and Fungi","floor":22,"turns":1}],"seed_played":"2489237706180703716","potions_obtained":[{"floor":2,"key":"AttackPotion"},{"floor":3,"key":"FearPotion"},{"floor":8,"key":"Fruit Juice"},{"floor":18,"key":"Swift Potion"},{"floor":19,"key":"BlessingOfTheForge"}],"is_trial":false,"path_per_floor":["M","M","M","T","?","E","R","E","T","R","M","$","?","M","R","B",null,"M","M","$","M","M"],"character_chosen":"WATCHER","items_purchased":["Evaluate","WaveOfTheHand","Devotion"],"campfire_rested":1,"item_purchase_floors":[12,12,20],"current_hp_per_floor":[61,61,61,61,54,28,28,18,18,18,14,14,14,14,34,11,58,43,14,14,5,0,0],"gold":23,"neow_bonus":"THREE_ENEMY_KILL","is_daily":false,"chose_seed":false,"campfire_upgraded":2,"win_rate":0.0,"timestamp":1614149657,"path_taken":["M","M","?","?","?","E","R","E","T","R","M","$","?","M","R","BOSS","M","M","$","M","M"],"items_purchased_type":["Card","Card","Card"],"build_version":"2020-12-22","purchased_purges":2,"victory":false,"max_hp_per_floor":[68,68,68,68,68,68,68,68,68,68,68,68,68,68,68,73,73,73,73,73,73,73,73],"relic_stats":{"counters":[12,47],"Ginger":[10],"MawBank":48,"Cursed Key":0,"obtain_stats":[{"NeowsBlessing":0,"The Courier":9,"TeardropLocket":4,"Ginger":6,"PureWater":0,"MawBank":8,"Cursed Key":17},{"NeowsBlessing":0,"The Courier":5,"TeardropLocket":3,"Ginger":4,"PureWater":0,"MawBank":5,"Cursed Key":8},{"NeowsBlessing":0,"The Courier":13,"TeardropLocket":3,"Ginger":10,"PureWater":0,"MawBank":13,"Cursed Key":32}]},"card_choices":[{"not_picked":["ThirdEye","EmptyBody"],"picked":"FollowUp","floor":1},{"not_picked":["Consecrate","Worship"],"picked":"CarveReality","floor":2},{"not_picked":["FlyingSleeves","CrushJoints"],"picked":"Prostrate","floor":3},{"not_picked":["EmptyFist","FearNoEvil"],"picked":"Pray","floor":6},{"not_picked":["FlurryOfBlows","BowlingBash"],"picked":"Evaluate","floor":8},{"not_picked":["CutThroughFate","DeceiveReality"],"picked":"LikeWater","floor":11},{"not_picked":["Halt","Protect"],"picked":"DeusExMachina","floor":14},{"not_picked":["Ragnarok","Alpha"],"picked":"Wish","floor":16},{"not_picked":["EmptyBody","ReachHeaven","JustLucky"],"picked":"SKIP","floor":18},{"not_picked":["BowlingBash","PathToVictory+1"],"picked":"Pray","floor":19},{"not_picked":["ForeignInfluence","EmptyBody"],"picked":"ThirdEye+1","floor":21}],"player_experience":4137477,"relics_obtained":[{"floor":4,"key":"TeardropLocket"},{"floor":6,"key":"Ginger"},{"floor":8,"key":"MawBank"},{"floor":9,"key":"The Courier"}],"event_choices":[{"cards_removed":["Strike_P"],"damage_healed":0,"gold_gain":0,"player_choice":"Card Removal","damage_taken":7,"max_hp_gain":0,"max_hp_loss":0,"event_name":"Golden Wing","floor":5,"gold_loss":0},{"damage_healed":0,"gold_gain":0,"player_choice":"Grow","damage_taken":0,"max_hp_gain":0,"max_hp_loss":0,"event_name":"Living Wall","floor":13,"gold_loss":0,"cards_upgraded":["CarveReality"]}],"is_beta":false,"boss_relics":[{"not_picked":["SlaversCollar","Runic Dome"],"picked":"Cursed Key"}],"items_purged_floors":[12,20],"is_endless":false,"potions_floor_spawned":[2,3,8,18,19],"killed_by":"Shelled Parasite and Fungi","ascension_level":19}}