{"host":"nz11ypxva4e39b7q","time":1614210635,"event":{"mods":["BaseMod","Better Third Choice","Better Vampires","Colored Map","Minty Spire (QoL Compilation)","Quick Restart","Shapeshifter Mod","StSLib"],"gold_per_floor":[119,134,148,36,51,80,80,132,183,215,232,232,54,85,85,160,160,180,180,199,4,4,4,36,36,36,68,68,102,17,31,31,107,107,118,143,155,155,155,155,175,205,205,216,230,230,256,256,256,256,256,256,22,47,47],"floor_reached":56,"language":"ENG","playtime":3569,"items_purged":["StSShapeShifter:ShapeShifter_Strike","StSShapeShifter:ShapeShifter_Strike","StSShapeShifter:ShapeShifter_Strike"],"score":2316,"play_id":"8b4082be-1cac-4289-8025-cbd6be12a237","local_time":"20210225005035","is_ascension_mode":true,"campfire_choices":[{"data":"StSShapeShifter:DiverseSpirit","floor":7.0,"key":"SMITH"},{"data":"StSShapeShifter:Garden","floor":12.0,"key":"SMITH"},{"data":"StSShapeShifter:DeerForm","floor":15.0,"key":"SMITH"},{"data":"StSShapeShifter:OwlForm","floor":23.0,"key":"SMITH"},{"data":"StSShapeShifter:DeerForm","floor":25.0,"key":"SMITH"},{"data":"StSShapeShifter:RaptorForm","floor":28.0,"key":"SMITH"},{"data":"StSShapeShifter:MammothForm","floor":32.0,"key":"SMITH"},{"floor":40.0,"key":"DIG"},{"floor":46.0,"key":"DIG"},{"floor":49.0,"key":"RECALL"},{"floor":52.0,"key":"DIG"}],"circlet_count":0,"master_deck":["AscendersBane","StSShapeShifter:ShapeShifter_Strike","StSShapeShifter:ShapeShifter_Strike","StSShapeShifter:ShapeShifter_Defend","StSShapeShifter:ShapeShifter_Defend","StSShapeShifter:ShapeShifter_Defend","StSShapeShifter:ShapeShifter_Defend","StSShapeShifter:ShapeShifter_Defend","StSShapeShifter:Tortoise_Form","StSShapeShifter:Lynx_Form","StSShapeShifter:SquirrelForm","StSShapeShifter:DeepWound","StSShapeShifter:DiverseSpirit+1","StSShapeShifter:Garden+1","StSShapeShifter:DeerForm+1","StSShapeShifter:RaptorForm+1","StSShapeShifter:MonkeyForm+1","StSShapeShifter:MammothForm+1","StSShapeShifter:OwlForm+1","StSShapeShifter:SquirrelForm","StSShapeShifter:DeerForm+1","StSShapeShifter:EntForm+1","StSShapeShifter:Bonk","StSShapeShifter:PowerShifter","StSShapeShifter:UnicornForm","StSShapeShifter:EntForm","StSShapeShifter:ClimbTree","Good Instincts"],"relics":["StSShapeShifter:TheShapeShiftersMagnolia","Coffee Dripper","StSShapeShifter:LoyalLobster","Tiny Chest","Bag of Preparation","StSShapeShifter:WristwrapsOfDiscovery","Runic Pyramid","Membership Card","Pocketwatch","Shuriken","Anchor","War Paint","Pen Nib","Akabeko","Fusion Hammer","Shovel","StSShapeShifter:FruitTree","Letter Opener","Toy Ornithopter","Darkstone Periapt","Bag of Marbles","Sundial","Mercury Hourglass","OrangePellets","Oddly Smooth Stone","TungstenRod"],"acts_visited":["Exordium","TheCity","TheBeyond","TheEnding"],"potions_floor_usage":[55],"damage_taken":[{"damage":0.0,"enemies":"Cultist","floor":1.0,"turns":4.0},{"damage":0.0,"enemies":"Small Slimes","floor":2.0,"turns":3.0},{"damage":6.0,"enemies":"2 Louse","floor":3.0,"turns":2.0},{"damage":0.0,"enemies":"Large Slime","floor":5.0,"turns":4.0},{"damage":12.0,"enemies":"Lagavulin","floor":6.0,"turns":8.0},{"damage":16.0,"enemies":"Gremlin Nob","floor":10.0,"turns":4.0},{"damage":3.0,"enemies":"2 Fungi Beasts","floor":11.0,"turns":3.0},{"damage":8.0,"enemies":"Lagavulin","floor":14.0,"turns":5.0},{"damage":0.0,"enemies":"The Guardian","floor":16.0,"turns":6.0},{"damage":2.0,"enemies":"Shell Parasite","floor":18.0,"turns":5.0},{"damage":0.0,"enemies":"3 Byrds","floor":20.0,"turns":3.0},{"damage":0.0,"enemies":"Book of Stabbing","floor":24.0,"turns":5.0},{"damage":21.0,"enemies":"Gremlin Leader","floor":27.0,"turns":6.0},{"damage":0.0,"enemies":"Book of Stabbing","floor":29.0,"turns":3.0},{"damage":0.0,"enemies":"Snecko","floor":31.0,"turns":2.0},{"damage":32.0,"enemies":"Champ","floor":33.0,"turns":9.0},{"damage":2.0,"enemies":"3 Darklings","floor":35.0,"turns":6.0},{"damage":0.0,"enemies":"Mind Bloom Boss Battle","floor":36.0,"turns":3.0},{"damage":1.0,"enemies":"Orb Walker","floor":37.0,"turns":3.0},{"damage":17.0,"enemies":"Writhing Mass","floor":41.0,"turns":7.0},{"damage":9.0,"enemies":"Nemesis","floor":42.0,"turns":7.0},{"damage":22.0,"enemies":"3 Darklings","floor":44.0,"turns":6.0},{"damage":0.0,"enemies":"Jaw Worm Horde","floor":45.0,"turns":1.0},{"damage":0.0,"enemies":"Reptomancer","floor":47.0,"turns":3.0},{"damage":40.0,"enemies":"Awakened One","floor":50.0,"turns":9.0},{"damage":59.0,"enemies":"Shield and Spear","floor":54.0,"turns":8.0},{"damage":11,"enemies":"The Heart","floor":55,"turns":7}],"seed_played":"-5397776953696460727","potions_obtained":[{"floor":3.0,"key":"FearPotion"},{"floor":5.0,"key":"EssenceOfSteel"},{"floor":6.0,"key":"PowerPotion"},{"floor":20.0,"key":"ColorlessPotion"},{"floor":29.0,"key":"SpeedPotion"},{"floor":31.0,"key":"SkillPotion"},{"floor":45.0,"key":"CultistPotion"}],"is_trial":false,"path_per_floor":["M","M","M","$","M","E","R","T","T","E","M","R","$","E","R","B",null,"M","?","M","$","T","R","E","R","T","E","R","E","?","M","R","B",null,"M","?","M","?","T","R","M","E","T","M","M","R","E","?","R","B",null,"R","$","E","B",null],"character_chosen":"SHAPESHIFTER","items_purchased":["StSShapeShifter:DiverseSpirit","StSShapeShifter:RaptorForm","Membership Card","StSShapeShifter:DeerForm","OrangePellets","Oddly Smooth Stone"],"campfire_rested":0,"item_purchase_floors":[4,13,21,21,53,53],"current_hp_per_floor":[66,66,60,60,60,48,48,48,48,32,29,29,29,23,23,25,61,61,51,53,53,53,53,53,53,53,34,34,34,34,39,39,24,61,70,73,73,73,73,73,73,73,73,63,63,63,73,73,73,35,64,64,64,40,64],"gold":47,"neow_bonus":"BOSS_RELIC","is_daily":false,"chose_seed":false,"campfire_upgraded":7,"win_rate":0.0,"timestamp":1614210635,"path_taken":["M","?","M","$","M","E","R","?","T","E","?","R","$","E","R","BOSS","M","?","?","$","?","R","E","R","T","E","R","E","?","M","R","BOSS","M","?","M","?","?","R","M","E","T","M","M","R","E","?","R","BOSS","R","$","E","BOSS"],"items_purchased_type":["Card","Card","Relic","Card","Relic","Relic"],"build_version":"2020-12-22","purchased_purges":3,"victory":true,"max_hp_per_floor":[73,73,73,73,73,73,73,73,73,73,73,73,73,73,73,73,73,73,73,73,73,73,73,73,73,73,73,73,73,73,73,73,73,73,73,73,73,73,73,73,73,73,73,73,73,73,73,73,73,73,73,73,73,73,73],"card_choices":[{"not_picked":["StSShapeShifter:RockSlide","StSShapeShifter:EntForm"],"picked":"StSShapeShifter:SquirrelForm","floor":1.0},{"not_picked":["StSShapeShifter:HummingbirdForm","StSShapeShifter:SquirrelForm"],"picked":"StSShapeShifter:DeepWound","floor":2.0},{"not_picked":["StSShapeShifter:IntimidatingAura","StSShapeShifter:FallingLeaves","StSShapeShifter:ShiftingStrike"],"picked":"SKIP","floor":3.0},{"not_picked":["StSShapeShifter:FlowerShield","StSShapeShifter:BloomingSlash","StSShapeShifter:FesteringBite"],"picked":"SKIP","floor":5.0},{"not_picked":["StSShapeShifter:RitualOfTheExtinct","StSShapeShifter:FesteringBite","StSShapeShifter:BulwarkOfDiscovery"],"picked":"SKIP","floor":6.0},{"not_picked":["StSShapeShifter:Maul","StSShapeShifter:PoisonIvy"],"picked":"StSShapeShifter:Garden","floor":10.0},{"not_picked":["StSShapeShifter:BurstingSpore","StSShapeShifter:PoisonIvy"],"picked":"StSShapeShifter:DeerForm","floor":11.0},{"not_picked":["StSShapeShifter:DiverseSpirit","StSShapeShifter:BladeOfGrass"],"picked":"StSShapeShifter:MonkeyForm","floor":14.0},{"not_picked":["StSShapeShifter:Spring","StSShapeShifter:Autumn"],"picked":"StSShapeShifter:MammothForm","floor":16.0},{"not_picked":["StSShapeShifter:WaspSwarmForm","StSShapeShifter:CursedApple"],"picked":"StSShapeShifter:OwlForm","floor":18.0},{"not_picked":["StSShapeShifter:Maul+1","StSShapeShifter:OakBlade"],"picked":"StSShapeShifter:SquirrelForm","floor":20.0},{"not_picked":["StSShapeShifter:FallingLeaves","StSShapeShifter:OakBlade","StSShapeShifter:FruitBasket"],"picked":"SKIP","floor":24.0},{"not_picked":["StSShapeShifter:SquirrelForm","StSShapeShifter:BladeOfGrass"],"picked":"StSShapeShifter:EntForm","floor":27.0},{"not_picked":["StSShapeShifter:FesteringBite","StSShapeShifter:FlowerShield+1","StSShapeShifter:OpportuneSwoop"],"picked":"SKIP","floor":29.0},{"not_picked":["StSShapeShifter:HydraForm","StSShapeShifter:Maul"],"picked":"StSShapeShifter:Bonk","floor":31.0},{"not_picked":["StSShapeShifter:Blossom2","StSShapeShifter:Forgiveness"],"picked":"StSShapeShifter:PowerShifter","floor":33.0},{"not_picked":["StSShapeShifter:ThornToss","StSShapeShifter:Sapling","StSShapeShifter:ThornedSkin"],"picked":"SKIP","floor":35.0},{"not_picked":["StSShapeShifter:Garden","StSShapeShifter:Sapling","StSShapeShifter:BulwarkOfDiscovery"],"picked":"SKIP","floor":37.0},{"not_picked":["StSShapeShifter:ThornToss","StSShapeShifter:TopazSkin","StSShapeShifter:AdaptiveStrikes"],"picked":"SKIP","floor":41.0},{"not_picked":["StSShapeShifter:BarkSkin","StSShapeShifter:TopazSkin","StSShapeShifter:VileMushroom+1"],"picked":"SKIP","floor":42.0},{"not_picked":["StSShapeShifter:Rest","StSShapeShifter:IntimidatingAura","StSShapeShifter:Garden"],"picked":"SKIP","floor":44.0},{"not_picked":["StSShapeShifter:RockSlide+1","StSShapeShifter:Wildfire2"],"picked":"StSShapeShifter:EntForm","floor":45.0},{"not_picked":["StSShapeShifter:BurstingSpore","StSShapeShifter:ShiftingStrike+1"],"picked":"StSShapeShifter:ClimbTree","floor":47.0},{"not_picked":["Dark Shackles","Magnetism"],"picked":"Good Instincts","floor":48.0},{"not_picked":["StSShapeShifter:FallingLeaves","StSShapeShifter:FlowerShield","StSShapeShifter:Guard"],"picked":"SKIP","floor":54.0}],"player_experience":1112625,"relics_obtained":[{"floor":6.0,"key":"StSShapeShifter:LoyalLobster"},{"floor":9.0,"key":"Tiny Chest"},{"floor":10.0,"key":"Bag of Preparation"},{"floor":14.0,"key":"StSShapeShifter:WristwrapsOfDiscovery"},{"floor":22.0,"key":"Pocketwatch"},{"floor":24.0,"key":"Shuriken"},{"floor":26.0,"key":"Anchor"},{"floor":27.0,"key":"War Paint"},{"floor":29.0,"key":"Pen Nib"},{"floor":36.0,"key":"Shovel"},{"floor":39.0,"key":"StSShapeShifter:FruitTree"},{"floor":40.0,"key":"Letter Opener"},{"floor":42.0,"key":"Toy Ornithopter"},{"floor":43.0,"key":"Darkstone Periapt"},{"floor":46.0,"key":"Bag of Marbles"},{"floor":47.0,"key":"Sundial"},{"floor":52.0,"key":"Mercury Hourglass"},{"floor":54.0,"key":"TungstenRod"}],"event_choices":[{"damage_healed":0.0,"max_hp_gain":0.0,"max_hp_loss":0.0,"gold_gain":0.0,"event_name":"Wheel of Change","player_choice":"Damaged","floor":19.0,"gold_loss":0.0,"damage_taken":10.0},{"damage_healed":0.0,"max_hp_gain":0.0,"max_hp_loss":0.0,"gold_gain":0.0,"event_name":"Addict","player_choice":"Obtained Relic","floor":30.0,"gold_loss":85.0,"damage_taken":0.0,"relics_obtained":["Akabeko"]},{"damage_healed":0.0,"max_hp_gain":0.0,"max_hp_loss":0.0,"gold_gain":0.0,"event_name":"MindBloom","player_choice":"Fight","floor":36.0,"gold_loss":0.0,"damage_taken":0.0},{"damage_healed":0.0,"max_hp_gain":0.0,"max_hp_loss":0.0,"gold_gain":0.0,"event_name":"SensoryStone","player_choice":"Memory 1","floor":48.0,"gold_loss":0.0,"damage_taken":0.0}],"is_beta":false,"boss_relics":[{"not_picked":["Busted Crown","Runic Dome"],"picked":"Runic Pyramid"},{"not_picked":["Cursed Key","Calling Bell"],"picked":"Fusion Hammer"}],"items_purged_floors":[4,13,53],"is_endless":false,"potions_floor_spawned":[3,5,6,20,29,31,44,45,47],"ascension_level":16}}