{"host":"fm9e0lfunjlbhzxv","time":1614208877,"event":{"mods":["2.2 Compatiblity","AchievementEnabler","Alarm Clock","BaseMod","Bestiary","Colored Map","Colored Powertips","Key Reminder","Minty Spire (QoL Compilation)","Permanent Neow","Random Character Button","Rare Cards Sparkle","Relic Stats","StSLib","slay the spire mod where everything is the same but ironclad has a cowboy hat"],"gold_per_floor":[219,229,229,229,84,84,125,47,126,162,162,183,221,245,245,375,375,389,389,34,55,68,102,102,146,219,219,219,250,349,382,382,511,511,527,547,133,133,147,178,178,213,263,287,287,287,310,351,351,351,351,351,5,45,45],"floor_reached":56,"language":"ENG","playtime":6315,"items_purged":["Strike_G","Strike_G","Survivor","Acrobatics"],"score":1645,"play_id":"040f2bed-f09f-42c5-a482-6fe0a9c3121d","local_time":"20210224152117","is_ascension_mode":true,"campfire_choices":[{"data":"Neutralize","floor":6,"key":"SMITH"},{"floor":11,"key":"REST"},{"floor":15,"key":"REST"},{"floor":24,"key":"REST"},{"floor":28,"key":"RECALL"},{"floor":32,"key":"REST"},{"floor":41,"key":"REST"},{"floor":46,"key":"REST"},{"floor":49,"key":"REST"},{"floor":52,"key":"REST"}],"circlet_count":0,"master_deck":["Defend_G+1","Defend_G+1","Defend_G+1","Defend_G+1","Defend_G+1","Neutralize+1","Crippling Poison","Crippling Poison","Poisoned Stab","Cloak And Dagger","PiercingWail","Catalyst+1","Well Laid Plans","Caltrops","Unload","PiercingWail","Bouncing Flask","Catalyst","Footwork+1","Caltrops+1","Backflip","Poisoned Stab","Footwork+1","A Thousand Cuts+1","Dodge and Roll","Poisoned Stab+1","Poisoned Stab+1","Dodge and Roll","Blur+1","Backflip+1","Poisoned Stab+1","Dodge and Roll","Catalyst","Calculated Gamble","Dash","Noxious Fumes+1","Footwork+1","Night Terror","Caltrops+1","Footwork+1"],"relics":["Ring of the Snake","Golden Idol","Ninja Scroll","Eternal Feather","The Courier","Paper Crane","Fusion Hammer","Enchiridion","OrangePellets","Blood Vial","Frozen Egg 2","Dream Catcher","Bottled Tornado","Vajra","Smiling Mask","Empty Cage","Snake Skull","TwistedFunnel","Anchor","Blue Candle","Orichalcum","Oddly Smooth Stone","Ginger"],"acts_visited":["Exordium","TheCity","TheBeyond","TheEnding"],"potions_floor_usage":[13,13,23,25,54,55,55,55],"damage_taken":[{"damage":0,"enemies":"2 Louse","floor":1,"turns":4},{"damage":4,"enemies":"Jaw Worm","floor":2,"turns":5},{"damage":18,"enemies":"3 Sentries","floor":7,"turns":13},{"damage":16,"enemies":"Lagavulin","floor":10,"turns":6},{"damage":0,"enemies":"Cultist","floor":12,"turns":3},{"damage":18,"enemies":"Gremlin Nob","floor":13,"turns":4},{"damage":1,"enemies":"Blue Slaver","floor":14,"turns":3},{"damage":17,"enemies":"The Guardian","floor":16,"turns":11},{"damage":3,"enemies":"Shell Parasite","floor":18,"turns":6},{"damage":12,"enemies":"Spheric Guardian","floor":21,"turns":4},{"damage":3,"enemies":"Snecko","floor":22,"turns":4},{"damage":18,"enemies":"Slavers","floor":23,"turns":6},{"damage":15,"enemies":"Gremlin Leader","floor":25,"turns":5},{"damage":4,"enemies":"Slavers","floor":29,"turns":5},{"damage":0,"enemies":"Gremlin Leader","floor":31,"turns":5},{"damage":48,"enemies":"Automaton","floor":33,"turns":10},{"damage":7,"enemies":"3 Shapes","floor":35,"turns":4},{"damage":0,"enemies":"Orb Walker","floor":36,"turns":4},{"damage":5,"enemies":"Sphere and 2 Shapes","floor":39,"turns":6},{"damage":16,"enemies":"Reptomancer","floor":40,"turns":5},{"damage":11,"enemies":"Nemesis","floor":42,"turns":7},{"damage":4,"enemies":"Writhing Mass","floor":44,"turns":4},{"damage":0,"enemies":"Jaw Worm Horde","floor":47,"turns":4},{"damage":0,"enemies":"Giant Head","floor":48,"turns":5},{"damage":30,"enemies":"Time Eater","floor":50,"turns":11},{"damage":5,"enemies":"Shield and Spear","floor":54,"turns":9},{"damage":47,"enemies":"The Heart","floor":55,"turns":8}],"seed_played":"1402261891735206660","potions_obtained":[{"floor":1,"key":"Strength Potion"},{"floor":7,"key":"DuplicationPotion"},{"floor":10,"key":"EssenceOfSteel"},{"floor":14,"key":"GamblersBrew"},{"floor":18,"key":"Swift Potion"},{"floor":23,"key":"ColorlessPotion"},{"floor":33,"key":"LiquidMemories"},{"floor":54,"key":"EssenceOfSteel"}],"is_trial":false,"path_per_floor":["M","M","?","?","$","R","E","$","T","E","R","M","E","M","R","B",null,"M","?","$","M","M","E","R","E","T","?","R","E","?","E","R","B",null,"M","M","$","?","M","E","R","E","T","M","?","R","M","E","R","B",null,"R","$","E","B",null],"character_chosen":"THE_SILENT","items_purchased":["Poisoned Stab","Cloak And Dagger","Catalyst","OrangePellets","Bouncing Flask","Blood Vial","Snake Skull","TwistedFunnel","Anchor","Noxious Fumes+1","Footwork+1","Night Terror","Caltrops+1","Footwork+1"],"campfire_rested":8,"item_purchase_floors":[5,5,8,20,20,20,37,37,37,53,53,53,53,53],"current_hp_per_floor":[70,66,49,49,49,49,31,31,31,15,45,45,27,26,56,39,70,67,51,51,41,40,24,57,44,44,44,56,54,54,56,70,22,70,63,65,65,65,62,48,70,59,59,57,57,66,66,66,66,36,66,66,66,61,16],"gold":45,"neow_bonus":"HUNDRED_GOLD","is_daily":false,"chose_seed":false,"campfire_upgraded":1,"win_rate":0.0,"timestamp":1614208877,"path_taken":["M","M","?","?","$","R","E","$","T","E","R","?","E","M","R","BOSS","M","?","$","M","M","E","R","E","T","?","R","E","?","E","R","BOSS","M","M","$","?","M","E","R","E","T","?","?","R","M","E","R","BOSS","R","$","E","BOSS"],"items_purchased_type":["Card","Card","Card","Relic","Card","Relic","Relic","Relic","Relic","Card","Card","Card","Card","Card"],"build_version":"2020-12-22","purchased_purges":4,"victory":true,"max_hp_per_floor":[70,70,70,70,70,70,70,70,70,70,70,70,70,70,70,70,70,70,70,70,70,70,70,70,70,70,70,70,70,70,70,70,70,70,70,70,70,70,70,70,70,70,70,70,66,66,66,66,66,66,66,66,66,66,66],"relic_stats":{"counters":[27,161],"Golden Idol":222,"Blue Candle":[0],"Eternal Feather":80,"Snake Skull":[93],"Ginger":[2],"Orichalcum":[30],"Smiling Mask":120,"Blood Vial":22,"OrangePellets":[7],"Dream Catcher":5,"obtain_stats":[{"TwistedFunnel":37,"Golden Idol":3,"Blue Candle":40,"Enchiridion":19,"Vajra":29,"Oddly Smooth Stone":48,"Eternal Feather":9,"The Courier":10,"Snake Skull":37,"Ginger":54,"Paper Crane":13,"Frozen Egg 2":23,"Bottled Tornado":26,"Orichalcum":42,"Smiling Mask":31,"Empty Cage":34,"Blood Vial":20,"keyreminder:keyreminder":23,"OrangePellets":20,"Dream Catcher":25,"Anchor":37,"Ninja Scroll":7,"Fusion Hammer":17,"Ring of the Snake":0},{"TwistedFunnel":18,"Golden Idol":2,"Blue Candle":20,"Enchiridion":9,"Vajra":14,"Oddly Smooth Stone":24,"Eternal Feather":3,"The Courier":4,"Snake Skull":18,"Ginger":26,"Paper Crane":6,"Frozen Egg 2":12,"Bottled Tornado":13,"Orichalcum":21,"Smiling Mask":15,"Empty Cage":16,"Blood Vial":9,"keyreminder:keyreminder":12,"OrangePellets":9,"Dream Catcher":13,"Anchor":18,"Ninja Scroll":3,"Fusion Hammer":8,"Ring of the Snake":0},{"TwistedFunnel":102,"Golden Idol":9,"Blue Candle":113,"Enchiridion":55,"Vajra":79,"Oddly Smooth Stone":133,"Eternal Feather":22,"The Courier":28,"Snake Skull":102,"Ginger":153,"Paper Crane":35,"Frozen Egg 2":69,"Bottled Tornado":74,"Orichalcum":120,"Smiling Mask":84,"Empty Cage":94,"Blood Vial":55,"keyreminder:keyreminder":69,"OrangePellets":55,"Dream Catcher":74,"Anchor":102,"Ninja Scroll":22,"Fusion Hammer":49,"Ring of the Snake":0}],"Ring of the Snake":[36]},"card_choices":[{"not_picked":["Outmaneuver","Underhanded Strike"],"picked":"Crippling Poison","floor":1},{"not_picked":["Calculated Gamble","Eviscerate"],"picked":"Crippling Poison","floor":2},{"not_picked":["Slice","Dagger Spray"],"picked":"PiercingWail","floor":7},{"not_picked":["Prepared","Finisher","Accuracy"],"picked":"SKIP","floor":10},{"not_picked":["PiercingWail","Predator"],"picked":"Well Laid Plans","floor":12},{"not_picked":["Well Laid Plans","Poisoned Stab"],"picked":"Caltrops","floor":13},{"not_picked":["Flechettes","A Thousand Cuts","Quick Slash"],"picked":"SKIP","floor":14},{"not_picked":["Phantasmal Killer","Grand Finale"],"picked":"Unload","floor":16},{"not_picked":["Blade Dance+1","Dagger Throw"],"picked":"PiercingWail","floor":18},{"not_picked":["Concentrate","Dagger Spray"],"picked":"Catalyst","floor":21},{"not_picked":["Outmaneuver","Dodge and Roll"],"picked":"Acrobatics","floor":22},{"not_picked":["PiercingWail","Bouncing Flask"],"picked":"Footwork+1","floor":23},{"not_picked":["Bane","Deflect"],"picked":"Caltrops+1","floor":25},{"not_picked":["Deadly Poison","PiercingWail"],"picked":"Backflip","floor":29},{"not_picked":["Quick Slash","Masterful Stab+1"],"picked":"Poisoned Stab","floor":31},{"not_picked":["Expertise+1","Dash"],"picked":"Footwork+1","floor":32},{"not_picked":["Grand Finale","Phantasmal Killer"],"picked":"A Thousand Cuts+1","floor":33},{"not_picked":["PiercingWail+1","Deflect+1"],"picked":"Dodge and Roll","floor":35},{"not_picked":["PiercingWail","Prepared"],"picked":"Poisoned Stab+1","floor":36},{"not_picked":["Outmaneuver+1","Infinite Blades+1"],"picked":"Poisoned Stab+1","floor":39},{"not_picked":["Sucker Punch+1","Outmaneuver+1"],"picked":"Dodge and Roll","floor":40},{"not_picked":["Quick Slash+1","Deflect+1"],"picked":"Blur+1","floor":41},{"not_picked":["A Thousand Cuts+1","Underhanded Strike+1"],"picked":"Backflip+1","floor":42},{"not_picked":["Infinite Blades+1","Sucker Punch+1"],"picked":"Poisoned Stab+1","floor":44},{"not_picked":["Prepared+1","Endless Agony"],"picked":"Dodge and Roll","floor":46},{"not_picked":["Well Laid Plans+1","All Out Attack+1","Acrobatics"],"picked":"SKIP","floor":47},{"not_picked":["Dagger Spray+1","Poisoned Stab"],"picked":"Catalyst","floor":48},{"not_picked":["Skewer","Endless Agony+1"],"picked":"Calculated Gamble","floor":49},{"not_picked":["Endless Agony","Bane+1"],"picked":"Dash","floor":52},{"not_picked":["Quick Slash+1","Tactician+1","Eviscerate+1"],"picked":"SKIP","floor":54}],"player_experience":454398,"relics_obtained":[{"floor":7,"key":"Ninja Scroll"},{"floor":9,"key":"Eternal Feather"},{"floor":10,"key":"The Courier"},{"floor":13,"key":"Paper Crane"},{"floor":19,"key":"Enchiridion"},{"floor":23,"key":"Frozen Egg 2"},{"floor":25,"key":"Dream Catcher"},{"floor":26,"key":"Bottled Tornado"},{"floor":29,"key":"Vajra"},{"floor":31,"key":"Smiling Mask"},{"floor":40,"key":"Blue Candle"},{"floor":42,"key":"Orichalcum"},{"floor":48,"key":"Oddly Smooth Stone"},{"floor":54,"key":"Ginger"}],"event_choices":[{"damage_healed":0,"gold_gain":0,"player_choice":"Take Damage","damage_taken":17,"relics_obtained":["Golden Idol"],"max_hp_gain":0,"max_hp_loss":0,"event_name":"Golden Idol","floor":3,"gold_loss":0},{"cards_removed":["Strike_G"],"damage_healed":0,"gold_gain":0,"player_choice":"Purged","damage_taken":0,"max_hp_gain":0,"max_hp_loss":0,"event_name":"Purifier","floor":4,"gold_loss":0},{"damage_healed":0,"gold_gain":0,"player_choice":"Obtained Book","damage_taken":16,"max_hp_gain":0,"max_hp_loss":0,"event_name":"Cursed Tome","floor":19,"gold_loss":0},{"damage_healed":0,"gold_gain":0,"player_choice":"Simplicity","damage_taken":0,"max_hp_gain":0,"max_hp_loss":0,"event_name":"Back to Basics","floor":27,"gold_loss":0,"cards_upgraded":["Strike_G","Strike_G","Defend_G","Defend_G","Defend_G","Defend_G","Defend_G"]},{"damage_healed":0,"gold_gain":99,"player_choice":"Stole From Cult","damage_taken":0,"max_hp_gain":0,"max_hp_loss":0,"event_name":"Nest","floor":30,"gold_loss":0},{"damage_healed":0,"gold_gain":0,"player_choice":"Upgraded","damage_taken":0,"max_hp_gain":0,"max_hp_loss":0,"event_name":"Upgrade Shrine","floor":38,"gold_loss":0,"cards_upgraded":["Catalyst"]},{"damage_healed":0,"gold_gain":0,"player_choice":"Max HP","damage_taken":0,"max_hp_gain":0,"max_hp_loss":4,"event_name":"Winding Halls","floor":45,"gold_loss":0}],"is_beta":false,"boss_relics":[{"not_picked":["Sozu","WristBlade"],"picked":"Fusion Hammer"},{"not_picked":["Philosopher\u0027s Stone","HoveringKite"],"picked":"Empty Cage"}],"items_purged_floors":[5,20,37,53],"is_endless":false,"potions_floor_spawned":[1,7,10,14,18,23,33,35,39,54],"ascension_level":4}}