{"host":"kejh1c9c53env2nx","time":1614204579,"event":{"mods":["BaseMod","Downfall","Minty Spire (QoL Compilation)","StSLib"],"gold_per_floor":[114,94,112,125,125,157,177,177,201,201,201,215,215,232,232,329,329,345,435,206,224,238,238,272,290,339,357,374,374,374],"floor_reached":29,"language":"ENG","playtime":1462,"items_purged":["Indignation"],"score":249,"play_id":"1d31a274-b660-4bde-b877-1cc1248c049c","local_time":"20210224220939","is_ascension_mode":false,"campfire_choices":[{"floor":10,"key":"REST"},{"floor":13,"key":"REST"},{"data":"Vengeance","floor":15,"key":"SMITH"},{"floor":23,"key":"REST"}],"circlet_count":0,"master_deck":["Strike_P","Strike_P","Strike_P","Strike_P+1","Defend_P","Defend_P","Defend_P","Defend_P","Eruption","Vigilance+1","Ragnarok+1","BowlingBash+1","Prostrate+1","JustLucky","Wallop","Vengeance+1","LessonLearned","Collect+1","ThirdEye","Ragnarok","JustLucky+1","Tantrum"],"relics":["PureWater","PreservedInsect","Bronze Scales","War Paint","Fusion Hammer","Sling","Ginger","Orichalcum"],"acts_visited":["Exordium","TheCity"],"potions_floor_usage":[3,6,6,16,22,24,28],"damage_taken":[{"damage":0,"enemies":"Small Slimes","floor":1,"turns":2},{"damage":1,"enemies":"Cultist","floor":3,"turns":4},{"damage":0,"enemies":"2 Louse","floor":4,"turns":2},{"damage":7,"enemies":"Lagavulin","floor":6,"turns":4},{"damage":5,"enemies":"Exordium Wildlife","floor":7,"turns":4},{"damage":21,"enemies":"Looter","floor":12,"turns":2},{"damage":0,"enemies":"Exordium Thugs","floor":14,"turns":3},{"damage":25,"enemies":"Slime Boss","floor":16,"turns":4},{"damage":0,"enemies":"Chosen","floor":18,"turns":3},{"damage":0,"enemies":"Spheric Guardian","floor":21,"turns":2},{"damage":10,"enemies":"Snake Plant","floor":22,"turns":3},{"damage":11,"enemies":"Slavers","floor":24,"turns":2},{"damage":30,"enemies":"Chosen and Byrds","floor":25,"turns":6},{"damage":8,"enemies":"Snecko","floor":27,"turns":4},{"damage":12,"enemies":"Sentry and Sphere","floor":28,"turns":4},{"damage":0,"enemies":"Centurion and Healer","floor":29,"turns":1}],"seed_played":"2375210270214003080","potions_obtained":[{"floor":2,"key":"BlessingOfTheForge"},{"floor":3,"key":"Fruit Juice"},{"floor":4,"key":"Fire Potion"},{"floor":14,"key":"SteroidPotion"},{"floor":18,"key":"EssenceOfSteel"},{"floor":22,"key":"Dexterity Potion"},{"floor":27,"key":"Swift Potion"}],"is_trial":false,"path_per_floor":["M","?","M","M","?","E","M","?","T","R","?","M","R","M","R","B",null,"M","?","$","M","M","R","E","M","T","M","M","M"],"character_chosen":"WATCHER","items_purchased":["Sling"],"campfire_rested":3,"item_purchase_floors":[20],"current_hp_per_floor":[51,51,55,55,52,45,40,45,45,69,69,48,72,72,72,47,82,82,70,70,70,60,82,71,41,41,33,21,21,21],"gold":374,"neow_bonus":"THREE_RARE_CARDS","is_daily":false,"chose_seed":false,"campfire_upgraded":1,"win_rate":0.0,"timestamp":1614204579,"path_taken":["M","?","?","M","?","E","M","?","T","R","?","?","R","M","R","BOSS","M","?","?","?","M","R","E","M","T","?","M","M"],"items_purchased_type":["Relic"],"build_version":"2020-12-22","purchased_purges":1,"victory":false,"max_hp_per_floor":[72,72,77,77,77,77,77,82,82,82,82,82,82,82,82,82,82,82,82,82,82,82,82,82,82,82,82,82,82,82],"card_choices":[{"not_picked":["LessonLearned","Brilliance"],"picked":"Ragnarok","floor":0},{"not_picked":["Crescendo","EmptyMind","FlurryOfBlows"],"picked":"SKIP","floor":1},{"not_picked":["PathToVictory","WindmillStrike"],"picked":"BowlingBash","floor":3},{"not_picked":["CutThroughFate","SashWhip"],"picked":"Prostrate","floor":4},{"not_picked":["CarveReality","Consecrate"],"picked":"Indignation","floor":6},{"not_picked":["BowlingBash","CrushJoints"],"picked":"JustLucky","floor":7},{"not_picked":["ClearTheMind","Consecrate"],"picked":"Wallop","floor":12},{"not_picked":["Wallop","FlyingSleeves"],"picked":"Vengeance","floor":14},{"not_picked":["Establishment","Blasphemy"],"picked":"LessonLearned","floor":16},{"not_picked":["FollowUp","EmptyMind"],"picked":"Collect+1","floor":18},{"not_picked":["EmptyMind","Collect+1","CrushJoints+1"],"picked":"SKIP","floor":21},{"not_picked":["Protect","FollowUp+1"],"picked":"ThirdEye","floor":22},{"not_picked":["Nirvana","EmptyMind"],"picked":"Ragnarok","floor":24},{"not_picked":["SignatureMove","BowlingBash"],"picked":"JustLucky+1","floor":25},{"not_picked":["WaveOfTheHand","WindmillStrike","Protect"],"picked":"SKIP","floor":27},{"not_picked":["Nirvana","Worship"],"picked":"Tantrum","floor":28}],"player_experience":98675,"relics_obtained":[{"floor":6,"key":"Bronze Scales"},{"floor":9,"key":"War Paint"},{"floor":24,"key":"Ginger"},{"floor":26,"key":"Orichalcum"}],"event_choices":[{"damage_healed":0,"gold_gain":0,"player_choice":"Bought 1 Potion","damage_taken":0,"max_hp_gain":0,"max_hp_loss":0,"event_name":"The Woman in Blue","floor":2,"gold_loss":0},{"damage_healed":0,"gold_gain":0,"player_choice":"Success","damage_taken":3,"relics_obtained":["PreservedInsect"],"max_hp_gain":0,"max_hp_loss":0,"event_name":"Scrap Ooze","floor":5,"gold_loss":0},{"damage_healed":0,"gold_gain":0,"player_choice":"Donut","damage_taken":0,"max_hp_gain":5,"max_hp_loss":0,"event_name":"Big Fish","floor":8,"gold_loss":0},{"damage_healed":0,"gold_gain":0,"player_choice":"Grow","damage_taken":0,"max_hp_gain":0,"max_hp_loss":0,"event_name":"Living Wall","floor":11,"gold_loss":0,"cards_upgraded":["Ragnarok"]},{"damage_healed":0,"gold_gain":90,"player_choice":"GOLD ","damage_taken":12,"max_hp_gain":0,"max_hp_loss":0,"event_name":"Knowing Skull","floor":19,"potions_obtained":[],"gold_loss":0,"cards_obtained":[]}],"is_beta":false,"boss_relics":[{"not_picked":["Runic Dome","Snecko Eye"],"picked":"Fusion Hammer"}],"items_purged_floors":[20],"is_endless":false,"potions_floor_spawned":[3,4,14,18,22,27],"killed_by":"Centurion and Healer","ascension_level":0}}