{"host":"fujxx38qt1kwucvg","time":1614153716,"event":{"mods":["AchievementEnabler","BaseMod","Colored Powertips","Highlight Path","Library of Ruina","Library of Ruina Extra","Minty Spire (QoL Compilation)","Quick Restart","StSLib"],"gold_per_floor":[116,129,141,154,173,207,207,242,321,332,332,103,121,131,131,226,226,245,259,272,287,305,305,315,315,315,350,363,119,137,147,147,245,245,265,265,276,292,305,330,330,205,256,281,291,291,291,310,310,310,310,310,310,3,37,37,37],"floor_reached":56,"language":"KOR","playtime":2962,"items_purged":["LightDefense","LightAttack","LightDefense"],"score":916,"play_id":"b1cd1671-0027-4678-804f-4bc4fb5e2907","local_time":"20210224170156","is_ascension_mode":true,"campfire_choices":[{"floor":7,"key":"RECALL"},{"data":"TheArtOfRapidSteps","floor":11,"key":"SMITH"},{"data":"Faith","floor":15,"key":"SMITH"},{"data":"CombatPreparation","floor":23,"key":"SMITH"},{"data":"DimensionalRift","floor":25,"key":"SMITH"},{"data":"SuanNi","floor":32,"key":"SMITH"},{"data":"RagingStormLove","floor":41,"key":"SMITH"},{"data":"SenseQuarry","floor":46,"key":"SMITH"},{"data":"Madness","floor":49,"key":"SMITH"},{"floor":53,"key":"REST"}],"circlet_count":0,"master_deck":["Dodge","LightAttack","LightDefense","ChargeAndCover","FocusedStrikes","CombatPreparation+1","Unlock1","Outburst","QuickSuppression","Leap_lor","FrontalAssault","TheArtOfRapidSteps+1","Faith+1","BiAn","Deflect_lor","DimensionalRift+1","DevastatingThrash+1","QuickSuppression","DimensionalRift+1","Leap_lor","FlashOfSunup+1","BulkyImpact","SuanNi+1","CookingPrep+1","VioletBlade","RagingStormLove+1","SenseQuarry+1","EmotionalTurbulence","InnerArdor+1","Quickness+1","Transpierce","Madness+1","Madness","UncannyStrike+1","Apotheosis","Finesse+1","AbsorbImpact+1"],"relics":["PageOfLibrarian","NeowsBlessing","Akabeko","Happy Flower","Medical Kit","Empty Cage","PageOfPinocchio","Incense Burner","Philosopher\u0027s Stone","Lantern","Toy Ornithopter","StrikeDummy","War Paint"],"acts_visited":["Exordium","TheCity","TheBeyond","TheEnding"],"potions_floor_usage":[6,13,27,50,51,55,56],"damage_taken":[{"damage":4,"enemies":"2 Louse","floor":1,"turns":2},{"damage":0,"enemies":"Small Slimes","floor":2,"turns":2},{"damage":0,"enemies":"Jaw Worm","floor":3,"turns":1},{"damage":1,"enemies":"Exordium Wildlife","floor":4,"turns":5},{"damage":5,"enemies":"Blue Slaver","floor":5,"turns":4},{"damage":18,"enemies":"3 Sentries","floor":6,"turns":6},{"damage":22,"enemies":"Lagavulin","floor":8,"turns":8},{"damage":0,"enemies":"Large Slime","floor":10,"turns":3},{"damage":0,"enemies":"2 Fungi Beasts","floor":13,"turns":2},{"damage":0,"enemies":"3 Louse","floor":14,"turns":2},{"damage":0,"enemies":"Slime Boss","floor":16,"turns":6},{"damage":6,"enemies":"2 Thieves","floor":18,"turns":4},{"damage":0,"enemies":"3 Byrds","floor":19,"turns":3},{"damage":0,"enemies":"Snecko","floor":20,"turns":2},{"damage":0,"enemies":"Cultist and Chosen","floor":21,"turns":4},{"damage":10,"enemies":"Snake Plant","floor":22,"turns":3},{"damage":18,"enemies":"Centurion and Healer","floor":24,"turns":3},{"damage":0,"enemies":"Gremlin Leader","floor":27,"turns":2},{"damage":0,"enemies":"Snecko","floor":28,"turns":2},{"damage":0,"enemies":"Snake Plant","floor":30,"turns":2},{"damage":0,"enemies":"Centurion and Healer","floor":31,"turns":2},{"damage":12,"enemies":"Champ","floor":33,"turns":6},{"damage":0,"enemies":"3 Darklings","floor":35,"turns":1},{"damage":0,"enemies":"Orb Walker","floor":37,"turns":1},{"damage":0,"enemies":"Sphere and 2 Shapes","floor":38,"turns":1},{"damage":0,"enemies":"Jaw Worm Horde","floor":39,"turns":1},{"damage":1,"enemies":"Giant Head","floor":40,"turns":5},{"damage":17,"enemies":"Nemesis","floor":44,"turns":3},{"damage":4,"enemies":"Writhing Mass","floor":45,"turns":2},{"damage":0,"enemies":"Spire Growth","floor":48,"turns":2},{"damage":2,"enemies":"Donu and Deca","floor":50,"turns":5},{"damage":54,"enemies":"Donu and Deca","floor":51,"turns":5},{"damage":16,"enemies":"Shield and Spear","floor":55,"turns":3},{"damage":90,"enemies":"The Heart","floor":56,"turns":3}],"seed_played":"4454371891592732735","potions_obtained":[{"floor":3,"key":"Dexterity Potion"},{"floor":4,"key":"Strength Potion"},{"floor":5,"key":"GamblersBrew"},{"floor":8,"key":"Energy Potion"},{"floor":13,"key":"Fruit Juice"},{"floor":16,"key":"Dexterity Potion"},{"floor":28,"key":"Block Potion"},{"floor":45,"key":"DuplicationPotion"}],"is_trial":false,"path_per_floor":["M","M","M","M","M","E","R","E","T","M","R","$","M","M","R","B",null,"M","M","M","M","M","R","M","R","T","E","M","$","M","M","R","B",null,"M","?","M","M","M","E","R","$","T","E","M","R","?","M","R","B",null,null,"R","$","E","B"],"character_chosen":"Librarian","items_purchased":["Medical Kit","SuanNi","Apotheosis","Finesse","AttackPotion"],"campfire_rested":1,"item_purchase_floors":[12,29,54,54,54],"current_hp_per_floor":[56,56,56,55,50,35,35,17,17,22,22,22,29,29,29,29,82,76,76,76,76,66,66,48,48,48,48,48,48,48,48,48,36,100,100,100,100,100,100,99,99,99,99,82,78,78,65,65,65,68,19,100,100,100,84,0,0],"gold":37,"neow_bonus":"THREE_ENEMY_KILL","is_daily":false,"chose_seed":false,"campfire_upgraded":8,"win_rate":0.0,"timestamp":1614153716,"path_taken":["M","M","M","M","M","E","R","E","T","M","R","$","M","M","R","BOSS","M","M","M","M","M","R","M","R","T","E","M","$","M","M","R","BOSS","M","?","M","M","M","E","R","$","T","E","M","R","?","M","R","BOSS","R","$","E","BOSS"],"items_purchased_type":["Relic","Card","Card","Card","Potion"],"build_version":"2020-12-22","purchased_purges":3,"victory":false,"max_hp_per_floor":[65,71,71,65,74,74,74,74,74,74,74,74,82,82,82,82,82,82,82,82,82,82,82,100,100,100,100,100,100,100,100,100,100,100,100,100,100,100,100,100,100,100,100,100,100,100,100,100,100,100,100,100,100,100,100,100,100],"card_choices":[{"not_picked":["ClassAndRespect","StayCalm","FeatherShield","AsThePrescriptOrders","FormingStorm","SuppressingShot","WillOfThePrescript","ScatteringSlash"],"picked":"CombatPreparation","floor":1},{"not_picked":["RapidGashes","SuppressingShot","FleetEdge","UnavoidableGaze","ICanCookAnything","FaintMemories","GoinFirst","GuardingStance"],"picked":"Unlock1","floor":2},{"not_picked":["BayonetCombat","DevastatingThrash","FlamingDragonFist","HighKick","Parry2","FieryWaltz","GreatSerpentsImpact","SunsetBlade"],"picked":"Outburst","floor":3},{"not_picked":["DarkCloud","Creak","ExtractFuel","Reload","Faith","Parry","RhinoRam","DesperateStruggle"],"picked":"RipSpace","floor":4},{"not_picked":["UpbeatPerformance","UncannyStrike","StrongStrike","PinpointShot","FleetEdge","BiteOff","UnavoidableGaze","Overpower"],"picked":"QuickSuppression","floor":5},{"not_picked":["IngredientHunt","Rewind","Castigation","Guardian_lor","FeelinGood","HighSpeedStabbing","ConcentratedFire","StrongStrike"],"picked":"Leap_lor","floor":6},{"not_picked":["TheRedNotes","LeRegole","GatherIntel","SkitterAway","FleetFootsteps","CoordinatedAssault","StrikeDown","TendonChords"],"picked":"FrontalAssault","floor":8},{"not_picked":["BackAttack","SerpentSwordTechnique","InkOver","FrontalAssault","BackstreetsDash","SmokingPipe","Tailoring","FieryWaltz"],"picked":"TheArtOfRapidSteps","floor":10},{"not_picked":["InkOver","InhaleSmoke","FeelinGood","Outburst","HandleRequest","SunsetBlade","FierceCharge","SnakesPrey"],"picked":"Faith","floor":13},{"not_picked":["SerpentSwordTechnique","AsThePrescriptOrders","MindCrush","PreemptiveStrike","MultiHit","EndlessBattle","Diversion","LoosenUp"],"picked":"BiAn","floor":14},{"not_picked":["Castigation","WillProduceFineSilk"],"picked":"Deflect_lor","floor":16},{"not_picked":["QuickSuppression","Parry+1","PreemptiveStrike","GuidanceOfTheGears","SinglePointStab","Thrust","Rampage_lor","GaleKick+1"],"picked":"DimensionalRift+1","floor":18},{"not_picked":["DarkCloud+1","Parry","InnerArdor","DaringDecision","SharpNails","FrontalAssault","SpearedSweep","SnakesPrey"],"picked":"DevastatingThrash+1","floor":19},{"not_picked":["Thrust","Standoff","StrikeDown","EnergyStrike","ViolentFlame+1","BackstreetsDash+1","FervidEmotions","QuickAttack"],"picked":"QuickSuppression","floor":20},{"not_picked":["UnavoidableGaze+1","DarkCloud+1","SnakesPrey+1","EnergyConversion","FocusFire","HiddenBlade","FlashOfSunup","BlowItUp"],"picked":"DimensionalRift","floor":21},{"not_picked":["GreatSerpentsImpact+1","WrathOfTorment+1","SnakeSlit","Wallop_lor","Multislash","FieryWaltz","Reload","UpbeatPerformance"],"picked":"Leap_lor","floor":22},{"not_picked":["Multislash","Parry2","Collision","Quickness","Unlock1","BiteOff+1","ConcentratedFire","ForTheFamily"],"picked":"FlashOfSunup+1","floor":24},{"not_picked":["QuickAttack","ChopItOff","EndlessBattle","StrikeDown","Castigation","EnergyStrike","BackstreetsDash+1","SteelKnuckles","Rampage_lor"],"picked":"SKIP","floor":27},{"not_picked":["GuardingStance","Standoff","GuidanceOfTheGears","SinglePointStab","HeavyPeaks+1","CoordinatedAssault","Outburst+1","Parry2"],"picked":"BulkyImpact","floor":28},{"not_picked":["Parry+1","CircusKnives","Slice_lor+1","SetFire+1","Reload","SinglePointStab","ButterflySlash+1","Diversion+1"],"picked":"CookingPrep+1","floor":30},{"not_picked":["ShockRound","Overpower","ProselytesBlade","PreemptiveStrike+1","EnergyShield+1","NightInTheBackstreets","Outburst","SerpentSwordTechnique"],"picked":"VioletBlade","floor":31},{"not_picked":["Cruelty","Castigation"],"picked":"RagingStormLove","floor":33},{"not_picked":["GuardingStance+1","BayonetCombat+1","Diversion","SinglePointStab","SpearedSweep","MultiHit+1","BiAn+1","PreemptiveStrike+1"],"picked":"SenseQuarry","floor":35},{"not_picked":["GuardingStance+1","Quickness","FeatherShield","QuickAttack+1","ButterflySlash+1","UnavoidableGaze","SuppressingShot+1","PinpointShot"],"picked":"EmotionalTurbulence","floor":37},{"not_picked":["Unlock1","StartinOutLightly","WillOfThePrescript","SpearedSweep+1","Thrust","FleetFootsteps","TheArtOfRapidSteps","GuardingStance","BiAn+1"],"picked":"SKIP","floor":38},{"not_picked":["SinglePointStab+1","Pound+1","DevastatingThrash","DarkCloud","Quickness","GreatSerpentsImpact+1","SnakesPrey","SteelKnuckles"],"picked":"InnerArdor","floor":39},{"not_picked":["AGoldenOpportunity+1","ForcefulGesture","Ripple+1","SharpSwipe+1","WildCard+1","BiXi","JiaoTu+1","Eliminate+1"],"picked":"Quickness+1","floor":40},{"not_picked":["EndlessBattle","Outburst+1","FleetEdge+1","MultiBlock","StructuralAnalysis+1","FlashingStrike+1","BladeWhirl","TendonChords","BindingArms"],"picked":"SKIP","floor":44},{"not_picked":["EnergyShield","GuidanceOfTheGears","RushDown+1","UnavoidableGaze","SharpSwipe","EnergyStrike+1","StructuralAnalysis+1","Thrust"],"picked":"Transpierce","floor":45},{"not_picked":["GuardingStance","TendonChords","HandlingWork+1","SharpSwipe","DesperateStruggle+1","CoordinatedAssault","Tailoring","InkOver"],"picked":"UncannyStrike+1","floor":48},{"not_picked":["GreatSerpentsImpact","Pound+1","SinglePointStab","FlashOfSunup","UncannyStrike+1","AsThePrescriptOrders","GuardingStance","QuickSuppression+1"],"picked":"AbsorbImpact+1","floor":55}],"player_experience":170606,"relics_obtained":[{"floor":6,"key":"Akabeko"},{"floor":8,"key":"Happy Flower"},{"floor":26,"key":"PageOfPinocchio"},{"floor":27,"key":"Incense Burner"},{"floor":40,"key":"Lantern"},{"floor":43,"key":"Toy Ornithopter"},{"floor":44,"key":"StrikeDummy"},{"floor":55,"key":"War Paint"}],"event_choices":[{"cards_removed":["RipSpace"],"damage_healed":0,"gold_gain":0,"player_choice":"Removed Attack","damage_taken":0,"max_hp_gain":0,"max_hp_loss":0,"event_name":"Falling","floor":36,"gold_loss":0},{"damage_healed":0,"gold_gain":0,"player_choice":"Embrace Madness","damage_taken":13,"max_hp_gain":0,"max_hp_loss":0,"event_name":"Winding Halls","floor":47,"gold_loss":0,"cards_obtained":["Madness","Madness"]}],"is_beta":false,"boss_relics":[{"not_picked":["Fusion Hammer","Black Star"],"picked":"Empty Cage"},{"not_picked":["Velvet Choker","Tiny House"],"picked":"Philosopher\u0027s Stone"}],"items_purged_floors":[12,29,42],"is_endless":false,"potions_floor_spawned":[3,4,5,8,13,16,18,21,24,28,31,35,39,45],"killed_by":"The Heart","ascension_level":1}}