{"host":"19r1ww88x2tc73i0","time":1614191693,"event":{"mods":["BaseMod","BetterRewards","Colored Map","Minty Spire (QoL Compilation)","Relic Stats","StSLib","SuperFastMode","slay the spire mod where everything is the same but ironclad has a cowboy hat"],"gold_per_floor":[119,138,149,169,232,232,261,261,285,297,297,297],"floor_reached":11,"language":"ENG","playtime":321,"items_purged":[],"score":130,"play_id":"0b92ceac-9615-4428-9981-258606b673e3","local_time":"25640225013453","is_ascension_mode":true,"campfire_choices":[{"data":"Deadly Poison","floor":6,"key":"SMITH"},{"data":"Footwork","floor":8,"key":"SMITH"}],"circlet_count":0,"master_deck":["AscendersBane","Strike_G","Strike_G","Strike_G","Strike_G","Strike_G","Defend_G","Defend_G","Defend_G","Defend_G","Defend_G","Survivor","Neutralize","Venomology","Masterful Stab","Flying Knee","Footwork+1","Deadly Poison+1","Footwork"],"relics":["Ring of the Snake","Odd Mushroom","Nunchaku"],"acts_visited":["Exordium"],"potions_floor_usage":[2,3,4,7,10,10,11,11],"damage_taken":[{"damage":3,"enemies":"2 Louse","floor":1,"turns":3},{"damage":0,"enemies":"Small Slimes","floor":2,"turns":3},{"damage":2,"enemies":"Jaw Worm","floor":3,"turns":3},{"damage":6,"enemies":"Looter","floor":4,"turns":3},{"damage":19,"enemies":"The Mushroom Lair","floor":7,"turns":5},{"damage":10,"enemies":"Large Slime","floor":10,"turns":6},{"damage":54,"enemies":"Gremlin Nob","floor":11,"turns":4}],"seed_played":"-192211532328322196","potions_obtained":[{"floor":1,"key":"Explosive Potion"},{"floor":2,"key":"Strength Potion"},{"floor":7,"key":"DuplicationPotion"},{"floor":10,"key":"PowerPotion"}],"is_trial":false,"path_per_floor":["M","M","M","M","?","R","?","R","T","M","E"],"character_chosen":"THE_SILENT","items_purchased":[],"campfire_rested":0,"item_purchase_floors":[],"current_hp_per_floor":[41,41,39,33,33,33,14,14,14,4,0,0],"gold":297,"neow_bonus":"THREE_RARE_CARDS","is_daily":false,"chose_seed":false,"campfire_upgraded":2,"win_rate":0.0,"timestamp":1614191693,"path_taken":["M","M","M","M","?","R","?","R","T","M","E"],"items_purchased_type":[],"build_version":"2020-12-22","purchased_purges":0,"victory":false,"max_hp_per_floor":[66,66,66,66,66,66,66,66,66,66,66,66],"relic_stats":{"Nunchaku":[1],"counters":[13,54],"obtain_stats":[{"Anchor":3,"Nunchaku":9,"HornCleat":9,"NeowsBlessing":0,"MealTicket":7,"Odd Mushroom":7,"Ring of the Snake":0},{"Anchor":1,"Nunchaku":11,"HornCleat":3,"NeowsBlessing":0,"MealTicket":3,"Odd Mushroom":11,"Ring of the Snake":0},{"Anchor":1,"Nunchaku":44,"HornCleat":4,"NeowsBlessing":0,"MealTicket":4,"Odd Mushroom":44,"Ring of the Snake":0}],"Ring of the Snake":[26]},"card_choices":[{"not_picked":["Doppelganger","Grand Finale"],"picked":"Venomology","floor":0},{"not_picked":["Reflex","Dagger Throw"],"picked":"Masterful Stab","floor":1},{"not_picked":["Deflect","Underhanded Strike"],"picked":"Flying Knee","floor":2},{"not_picked":["Infinite Blades","Dodge and Roll"],"picked":"Footwork","floor":3},{"not_picked":["Blur","Setup"],"picked":"Deadly Poison","floor":4},{"not_picked":["Blade Dance","Prepared"],"picked":"Footwork","floor":10}],"player_experience":1166244,"relics_obtained":[{"floor":7,"key":"Odd Mushroom"},{"floor":9,"key":"Nunchaku"}],"event_choices":[{"damage_healed":0,"gold_gain":63,"player_choice":"Gained Gold","damage_taken":0,"max_hp_gain":0,"max_hp_loss":0,"event_name":"Golden Wing","floor":5,"gold_loss":0},{"damage_healed":0,"gold_gain":0,"player_choice":"Fought Mushrooms","damage_taken":0,"max_hp_gain":0,"max_hp_loss":0,"event_name":"Mushrooms","floor":7,"gold_loss":0}],"is_beta":false,"boss_relics":[],"items_purged_floors":[],"is_endless":false,"potions_floor_spawned":[1,2,7,10],"killed_by":"Gremlin Nob","ascension_level":20}}