{"host":"kaame4qwxxqnygv7","time":1614178337,"event":{"mods":["AchievementEnabler","BaseMod","Better Match","Better Skull","Better Third Choice","BetterRewards","Block Reminder","Bossed Relics","DeckTracker","Energized Spire","GungeonMod","Minty Spire (QoL Compilation)","Quick Restart","Red Circlet Mod","StSLib","SuperFastMode","The Blue Laboratory"],"gold_per_floor":[119,84,9,9,9,47,68,106,159,159,434,452,473,80,80,80,80],"floor_reached":16,"language":"KOR","playtime":225,"items_purged":["Strike_G","Regret"],"score":261,"play_id":"4efeead6-0bbc-4567-aae3-720d829e95fc","local_time":"20210224235217","is_ascension_mode":true,"campfire_choices":[{"data":"Glass Knife","floor":10.0,"key":"SMITH"},{"data":"Apotheosis","floor":15.0,"key":"SMITH"}],"circlet_count":0,"master_deck":["AscendersBane","Strike_G","Strike_G","Strike_G","Strike_G","Defend_G","Defend_G","Defend_G","Defend_G","Defend_G","Survivor","Neutralize+1","Glass Knife+1","Blade Dance","Cloak And Dagger","Apotheosis+1"],"relics":["Ring of the Snake","DemoMod:MeatBun","DemoMod:GreenGuonStone","HornCleat","Calipers","DemoMod:GlassGuonStoneRelic","Golden Idol","DemoMod:WhiteGuonStone","Bronze Scales","DemoMod:GnawedKey"],"acts_visited":["Exordium"],"potions_floor_usage":[],"damage_taken":[{"damage":0.0,"enemies":"Jaw Worm","floor":1.0,"turns":2.0},{"damage":0.0,"enemies":"Gremlin Nob","floor":6.0,"turns":4.0},{"damage":0.0,"enemies":"Small Slimes","floor":7.0,"turns":1.0},{"damage":0.0,"enemies":"3 Sentries","floor":8.0,"turns":6.0},{"damage":0.0,"enemies":"Cultist","floor":12.0,"turns":1.0},{"damage":4.0,"enemies":"Looter","floor":13.0,"turns":2.0},{"damage":0,"enemies":"The Guardian","floor":16,"turns":1}],"seed_played":"-3593191844739011496","potions_obtained":[{"floor":7.0,"key":"EssenceOfSteel"}],"is_trial":false,"path_per_floor":["M","?","$","?","?","E","M","E","T","R","?","M","M","$","R","B"],"character_chosen":"THE_SILENT","items_purchased":["DemoMod:MeatBun","DemoMod:GreenGuonStone","HornCleat","DemoMod:GnawedKey","Apotheosis"],"campfire_rested":0,"item_purchase_floors":[0,0,0,14,14],"current_hp_per_floor":[45,62,62,62,45,45,45,45,45,45,45,45,41,41,41,41,41],"gold":80,"neow_bonus":"","is_daily":false,"chose_seed":false,"campfire_upgraded":2,"win_rate":0.0,"timestamp":1614178337,"path_taken":["M","?","$","?","?","E","M","E","T","R","?","?","M","$","R","BOSS"],"items_purchased_type":["Relic","Relic","Relic","Relic","Card"],"build_version":"2020-12-22","purchased_purges":2,"victory":false,"max_hp_per_floor":[70,70,70,70,70,70,70,70,70,70,70,70,70,70,70,70,70],"card_choices":[{"not_picked":["Outmaneuver","Dagger Throw","Acrobatics"],"picked":"SKIP","floor":1.0},{"not_picked":["Dodge and Roll","Flying Knee"],"picked":"Glass Knife","floor":6.0},{"not_picked":["Flying Knee","Slice"],"picked":"Blade Dance","floor":7.0},{"not_picked":["Backflip","Setup","Catalyst"],"picked":"SKIP","floor":8.0},{"not_picked":["Sucker Punch","Underhanded Strike","Prepared"],"picked":"SKIP","floor":12.0},{"not_picked":["Acrobatics","Tactician"],"picked":"Cloak And Dagger","floor":13.0}],"player_experience":337081,"relics_obtained":[{"floor":6.0,"key":"DemoMod:WhiteGuonStone"},{"floor":8.0,"key":"Bronze Scales"}],"event_choices":[{"damage_healed":17.0,"max_hp_gain":0.0,"max_hp_loss":0.0,"gold_gain":0.0,"event_name":"The Cleric","player_choice":"Healed","floor":2.0,"gold_loss":35.0,"damage_taken":0.0},{"damage_healed":0.0,"max_hp_gain":0.0,"max_hp_loss":0.0,"gold_gain":0.0,"event_name":"Living Wall","player_choice":"Grow","floor":4.0,"gold_loss":0.0,"damage_taken":0.0,"cards_upgraded":["Neutralize"]},{"damage_healed":0.0,"max_hp_gain":0.0,"max_hp_loss":0.0,"gold_gain":0.0,"event_name":"Golden Idol","player_choice":"Take Damage","floor":5.0,"gold_loss":0.0,"damage_taken":17.0,"relics_obtained":["Golden Idol"]},{"damage_healed":0.0,"max_hp_gain":0.0,"max_hp_loss":0.0,"gold_gain":275.0,"event_name":"Golden Shrine","player_choice":"Desecrate","floor":11.0,"gold_loss":0.0,"damage_taken":0.0,"cards_obtained":["Regret"]}],"is_beta":false,"boss_relics":[],"items_purged_floors":[3,14],"is_endless":false,"potions_floor_spawned":[7],"killed_by":"The Guardian","ascension_level":13}}