{"host":"6gwm7y0tp7acoxay","time":1614146648,"event":{"mods":["BaseMod","Colored Map","Keyboard Shortcuts","Minty Spire (QoL Compilation)","Quick Restart","StSLib","SuperFastMode","everything is the same but u backflip on backflip"],"gold_per_floor":[113,113,113,113,38,64,64,92,115,142,142,172,195,210,210,287,287,302,145,157,72,124,155,155,185,238,238,263,263,293,312,312,389,389,403,457,457,249,260,291,321,321,348,348,380,396,421,253,253,253,253,253,253,84,112,112],"floor_reached":57,"language":"KOR","playtime":2449,"items_purged":["Undo"],"score":3432,"play_id":"1401643d-fb0b-40ba-9b6d-a2b5b849cfca","local_time":"20210224150408","daily_mods":["SealedDeck","Heirloom","Flight"],"is_ascension_mode":true,"campfire_choices":[{"data":"Defragment","floor":7.0,"key":"SMITH"},{"data":"Chaos","floor":15.0,"key":"SMITH"},{"data":"Blizzard","floor":24.0,"key":"SMITH"},{"data":"Coolheaded","floor":27.0,"key":"SMITH"},{"data":"Loop","floor":29.0,"key":"SMITH"},{"data":"Amplify","floor":32.0,"key":"SMITH"},{"floor":44.0,"key":"RECALL"},{"data":"Capacitor","floor":49.0,"key":"SMITH"},{"data":"Reboot","floor":53.0,"key":"SMITH"}],"circlet_count":0,"master_deck":["AscendersBane","Gash","Hologram+1","Go for the Eyes","Chaos+1","Compile Driver","Coolheaded+1","Defragment+1","Core Surge","Chill","Echo Form","Reboot+1","Loop+1","Blizzard+1","White Noise+1","Amplify+1","Electrodynamics","Capacitor+1"],"relics":["Cracked Core","Pocketwatch","Tiny Chest","Eternal Feather","Orichalcum","Bottled Flame","Vajra","Oddly Smooth Stone","Bird Faced Urn","Lantern","Sozu","Medical Kit","Art of War","War Paint","DataDisk","Bag of Marbles","Ancient Tea Set","Mummified Hand","Empty Cage","Prayer Wheel","Bag of Preparation","Regal Pillow","Symbiotic Virus","Peace Pipe","Anchor","Happy Flower","Omamori","Runic Capacitor","PrismaticShard","Pen Nib"],"acts_visited":["Exordium","TheCity","TheBeyond","TheEnding"],"potions_floor_usage":[56],"damage_taken":[{"damage":5.0,"enemies":"Small Slimes","floor":1.0,"turns":4.0},{"damage":0.0,"enemies":"Lagavulin","floor":6.0,"turns":5.0},{"damage":1.0,"enemies":"3 Sentries","floor":8.0,"turns":12.0},{"damage":0.0,"enemies":"Gremlin Nob","floor":10.0,"turns":3.0},{"damage":0.0,"enemies":"Lagavulin","floor":12.0,"turns":5.0},{"damage":1.0,"enemies":"Jaw Worm","floor":14.0,"turns":3.0},{"damage":5.0,"enemies":"Slime Boss","floor":16.0,"turns":5.0},{"damage":0.0,"enemies":"Spheric Guardian","floor":18.0,"turns":4.0},{"damage":0.0,"enemies":"Chosen","floor":20.0,"turns":4.0},{"damage":3.0,"enemies":"Book of Stabbing","floor":23.0,"turns":5.0},{"damage":0.0,"enemies":"Gremlin Leader","floor":25.0,"turns":4.0},{"damage":4.0,"enemies":"Book of Stabbing","floor":28.0,"turns":4.0},{"damage":5.0,"enemies":"Slavers","floor":30.0,"turns":5.0},{"damage":0.0,"enemies":"Snecko","floor":31.0,"turns":4.0},{"damage":5.0,"enemies":"Champ","floor":33.0,"turns":6.0},{"damage":4.0,"enemies":"Orb Walker","floor":35.0,"turns":3.0},{"damage":42.0,"enemies":"2 Orb Walkers","floor":36.0,"turns":3.0},{"damage":0.0,"enemies":"3 Shapes","floor":39.0,"turns":3.0},{"damage":13.0,"enemies":"Reptomancer","floor":40.0,"turns":5.0},{"damage":15.0,"enemies":"Nemesis","floor":41.0,"turns":5.0},{"damage":9.0,"enemies":"Reptomancer","floor":45.0,"turns":4.0},{"damage":0.0,"enemies":"3 Darklings","floor":46.0,"turns":2.0},{"damage":3.0,"enemies":"Giant Head","floor":47.0,"turns":6.0},{"damage":0.0,"enemies":"Donu and Deca","floor":50.0,"turns":4.0},{"damage":17.0,"enemies":"Time Eater","floor":51.0,"turns":6.0},{"damage":0,"enemies":"Shield and Spear","floor":55,"turns":2},{"damage":44,"enemies":"The Heart","floor":56,"turns":6}],"seed_played":"-856982985470085848","potions_obtained":[{"floor":6.0,"key":"SpeedPotion"},{"floor":8.0,"key":"Energy Potion"},{"floor":12.0,"key":"FocusPotion"}],"is_trial":true,"path_per_floor":["M","?","?","T","$","E","R","E","T","E","?","E","T","M","R","B",null,"M","$","M","?","T","E","R","E","T","R","E","R","E","M","R","B",null,"M","?","?","$","M","E","E","T","T","R","E","M","E","$","R","B","B",null,"R","$","E","B",null],"character_chosen":"DEFECT","items_purchased":["Medical Kit","Capacitor","Bag of Preparation","Runic Capacitor","PrismaticShard"],"campfire_rested":0,"item_purchase_floors":[19,38,38,48,54],"current_hp_per_floor":[59,52,47,47,47,47,53,52,52,52,57,57,57,60,66,65,73,76,76,76,76,76,76,76,76,76,76,76,76,73,76,76,76,76,76,44,44,44,62,63,62,62,62,71,75,76,76,76,76,76,76,76,76,76,76,46],"gold":112,"neow_bonus":"","is_daily":false,"chose_seed":false,"campfire_upgraded":8,"win_rate":0.0,"timestamp":1614146648,"path_taken":["M","?","?","?","?","E","R","E","T","E","?","E","?","?","R","BOSS","M","$","?","?","?","E","R","E","T","R","E","R","E","M","R","BOSS","M","?","?","$","?","E","E","?","T","R","E","M","E","$","R","BOSS","BOSS","R","$","E","BOSS"],"items_purchased_type":["Relic","Card","Relic","Relic","Relic"],"build_version":"2020-12-22","purchased_purges":1,"victory":true,"max_hp_per_floor":[71,71,71,71,71,71,71,71,71,71,76,76,76,76,76,76,76,76,76,76,76,76,76,76,76,76,76,76,76,76,76,76,76,76,76,76,76,76,76,76,76,76,76,76,76,76,76,76,76,76,76,76,76,76,76,76],"card_choices":[{"not_picked":["Capacitor","Consume"],"picked":"Defragment","floor":1.0},{"not_picked":["Hologram","Ball Lightning"],"picked":"Core Surge","floor":6.0},{"not_picked":["Rip and Tear","Heatsinks"],"picked":"Chill","floor":8.0},{"not_picked":["Beam Cell","Turbo"],"picked":"Echo Form","floor":10.0},{"not_picked":["Doom and Gloom","Storm","Coolheaded"],"picked":"SKIP","floor":12.0},{"not_picked":["Ball Lightning","Static Discharge","Go for the Eyes"],"picked":"SKIP","floor":14.0},{"not_picked":["Meteor Strike","Biased Cognition"],"picked":"Reboot","floor":16.0},{"not_picked":["Rip and Tear","Rebound","Leap"],"picked":"SKIP","floor":18.0},{"not_picked":["Ball Lightning","Hologram"],"picked":"Loop","floor":20.0},{"not_picked":["Reinforced Body","Stack"],"picked":"Blizzard","floor":23.0},{"not_picked":["FTL","Heatsinks+1","Reinforced Body"],"picked":"SKIP","floor":25.0},{"not_picked":["Doom and Gloom","BootSequence"],"picked":"White Noise+1","floor":28.0},{"not_picked":["Go for the Eyes+1","Fusion"],"picked":"Amplify","floor":30.0},{"not_picked":["Gash+1","Beam Cell+1","Steam"],"picked":"SKIP","floor":31.0},{"not_picked":["Buffer","Core Surge"],"picked":"Electrodynamics","floor":33.0},{"not_picked":["Compile Driver","Turbo+1","Ball Lightning"],"picked":"SKIP","floor":35.0},{"not_picked":["Blizzard","Conserve Battery","Go for the Eyes"],"picked":"SKIP","floor":39.0},{"not_picked":["Streamline","Stack+1","Steam Power"],"picked":"SKIP","floor":39.0},{"not_picked":["Aggregate","Force Field","Reinforced Body"],"picked":"SKIP","floor":40.0},{"not_picked":["Glacier","Leap+1","Sunder"],"picked":"SKIP","floor":41.0},{"not_picked":["Cold Snap","Steam Power","Lockon"],"picked":"SKIP","floor":45.0},{"not_picked":["Chill+1","FTL","Redo+1"],"picked":"SKIP","floor":46.0},{"not_picked":["Reboot","Chaos+1","Beam Cell"],"picked":"SKIP","floor":46.0},{"not_picked":["Ball Lightning","Genetic Algorithm+1","Stack"],"picked":"SKIP","floor":47.0},{"not_picked":["Underhanded Strike+1","Outmaneuver+1","Clash"],"picked":"SKIP","floor":55}],"player_experience":4602985,"relics_obtained":[{"floor":4.0,"key":"Eternal Feather"},{"floor":6.0,"key":"Orichalcum"},{"floor":8.0,"key":"Bottled Flame"},{"floor":9.0,"key":"Vajra"},{"floor":10.0,"key":"Oddly Smooth Stone"},{"floor":12.0,"key":"Bird Faced Urn"},{"floor":13.0,"key":"Lantern"},{"floor":22.0,"key":"War Paint"},{"floor":23.0,"key":"DataDisk"},{"floor":25.0,"key":"Bag of Marbles"},{"floor":28.0,"key":"Ancient Tea Set"},{"floor":30.0,"key":"Mummified Hand"},{"floor":36.0,"key":"Prayer Wheel"},{"floor":40.0,"key":"Regal Pillow"},{"floor":41.0,"key":"Symbiotic Virus"},{"floor":42.0,"key":"Peace Pipe"},{"floor":43.0,"key":"Anchor"},{"floor":45.0,"key":"Happy Flower"},{"floor":47.0,"key":"Omamori"},{"floor":55,"key":"Pen Nib"}],"event_choices":[{"cards_removed":["Darkness"],"damage_healed":0.0,"max_hp_gain":0.0,"max_hp_loss":0.0,"gold_gain":0.0,"event_name":"Golden Wing","player_choice":"Card Removal","floor":2.0,"gold_loss":0.0,"damage_taken":7.0},{"damage_healed":0.0,"max_hp_gain":0.0,"max_hp_loss":0.0,"gold_gain":0.0,"event_name":"Scrap Ooze","player_choice":"Success","floor":3.0,"gold_loss":0.0,"damage_taken":5.0,"relics_obtained":["Tiny Chest"]},{"damage_healed":0.0,"max_hp_gain":5.0,"max_hp_loss":0.0,"gold_gain":0.0,"event_name":"Big Fish","player_choice":"Donut","floor":11.0,"gold_loss":0.0,"damage_taken":0.0},{"damage_healed":0.0,"max_hp_gain":0.0,"max_hp_loss":0.0,"gold_gain":0.0,"event_name":"Addict","player_choice":"Obtained Relic","floor":21.0,"gold_loss":85.0,"damage_taken":0.0,"relics_obtained":["Art of War"]},{"damage_healed":0.0,"max_hp_gain":0.0,"max_hp_loss":0.0,"gold_gain":0.0,"event_name":"Mysterious Sphere","player_choice":"Fight","floor":36.0,"gold_loss":0.0,"damage_taken":0.0},{"damage_healed":0.0,"max_hp_gain":0.0,"max_hp_loss":0.0,"gold_gain":0.0,"event_name":"SecretPortal","player_choice":"Ignored","floor":37.0,"gold_loss":0.0,"damage_taken":0.0}],"is_beta":false,"boss_relics":[{"not_picked":["SacredBark","Ectoplasm"],"picked":"Sozu"},{"not_picked":["Cursed Key","Runic Dome"],"picked":"Empty Cage"}],"items_purged_floors":[5],"is_endless":false,"potions_floor_spawned":[6,8,12,18,23,35,36,41,46],"ascension_level":20}}