{"host":"l4am8ae7vj09bp0g","time":1614189356,"event":{"mods":["ATMod(°¢èªMod)","Act Like it!","BaseMod","Colored Powertips","Conspire","LagranYue(À­¸ñÀÊ¡¤ÔÂ)","Minty Spire (QoL Compilation)","Quick Restart","Relic Filter","Reliquary","Replay The Spire","Shop Mod","StSLib","SuperFastMode","TestMod"],"gold_per_floor":[110,141,157,27,38,67,77,91,114,114,114,114],"floor_reached":11,"language":"ZHS","playtime":466,"items_purged":[],"score":79,"play_id":"5b472f29-3b88-4400-ade9-407084241ad7","local_time":"20210225015556","daily_mods":["Heirloom","DeadlyEvents","Elite Swarm","Uncertain Future"],"is_ascension_mode":true,"campfire_choices":[{"data":"Rampage","floor":10,"key":"SMITH"}],"circlet_count":0,"master_deck":["Strike_R","Strike_R","Strike_R","Strike_R","Strike_R","Defend_R","Defend_R","Defend_R","Defend_R","Bash","Shrug It Off","Rampage+1","Barricade","Pommel Strike","Twin Strike"],"relics":["Burning Blood","testmod-TestBox","AT_ATBox","LagranYue:RandomDrawCardRelic","testmod-Maize","Tiny Chest","MerchantsRug","testmod-IndustrialRevolution"],"acts_visited":["Exordium"],"potions_floor_usage":[6,11],"damage_taken":[{"damage":6,"enemies":"Jaw Worm","floor":1,"turns":3},{"damage":19,"enemies":"conspire:MimicChest","floor":2,"turns":5},{"damage":5,"enemies":"Small Slimes","floor":3,"turns":4},{"damage":6,"enemies":"Cultist","floor":5,"turns":3},{"damage":34,"enemies":"3 Sentries","floor":6,"turns":9},{"damage":12,"enemies":"Looter","floor":7,"turns":3},{"damage":10,"enemies":"Red Slaver","floor":8,"turns":4},{"damage":27,"enemies":"Lagavulin","floor":11,"turns":8}],"seed_played":"-1971680119226483924","potions_obtained":[{"floor":2,"key":"DuplicationPotion"},{"floor":3,"key":"PowerPotion"},{"floor":6,"key":"Block Potion"}],"is_trial":true,"path_per_floor":["M","?","M","$","M","E","M","M","T","R","E"],"character_chosen":"IRONCLAD","items_purchased":["MerchantsRug"],"campfire_rested":0,"item_purchase_floors":[4],"current_hp_per_floor":[80,67,68,68,68,40,34,30,30,30,3,3],"gold":114,"neow_bonus":"","is_daily":false,"chose_seed":false,"campfire_upgraded":1,"win_rate":0.0,"timestamp":1614189356,"path_taken":["M","?","M","$","M","E","M","?","T","R","E"],"items_purchased_type":["Relic"],"build_version":"2020-12-22","purchased_purges":0,"victory":false,"max_hp_per_floor":[80,80,80,80,80,80,80,80,80,80,80,80],"card_choices":[{"not_picked":["Perfected Strike","Heavy Blade"],"picked":"Shrug It Off","floor":1},{"not_picked":["Cleave","Spot Weakness"],"picked":"Rampage","floor":3},{"not_picked":["Run Through","AT_ManFootWork","Disarm"],"picked":"SKIP","floor":5},{"not_picked":["conspire:HitWhereItHurts","Fiend Fire"],"picked":"Barricade","floor":6},{"not_picked":["ReplayTheSpireMod:Strike From Hell","Thunderclap"],"picked":"Pommel Strike","floor":7},{"not_picked":["Run Through","Fire Breathing"],"picked":"Twin Strike","floor":8}],"player_experience":87533,"relics_obtained":[{"floor":2,"key":"Tiny Chest"},{"floor":6,"key":"testmod-IndustrialRevolution"}],"event_choices":[],"is_beta":false,"boss_relics":[],"items_purged_floors":[],"is_endless":true,"potions_floor_spawned":[2,3,6],"killed_by":"Lagavulin","ascension_level":1}}