{"host":"wbs0wzz0alz01mnq","time":1614209953,"event":{"mods":["2.2 Compatiblity","AchievementEnabler","BaseMod","Bestiary","Colored Map","Colored Powertips","Curses Come First","Dark Map","DeckTracker","GifTheSpireLib","Googly Eyes","Highlight Path","Minty Spire (QoL Compilation)","Morshu Shopkeeper - ENHANCED","Permanent Neow","Quick Restart","RNG Fix","Rare Cards Sparkle","Robot Space Explorer","Smile Girya","StSLib","SuperFastMode","UnlockEverythingMod","Waifu the Spire","Weighted Paths"],"gold_per_floor":[111,121,138,156,172,172,200,200,200,200,241,306,306,306,306,429,429,442,442,357,401,500,500,535,530,530,543,543,93,93,112,112,241,241,265,44,63,285,300,300,344,344,370,385,423,423,462,475,475,475],"floor_reached":51,"language":"ENG","playtime":1597,"items_purged":[],"score":901,"play_id":"c281f08b-f836-47de-b7dc-5b567dd6c1b9","local_time":"20210224183913","is_ascension_mode":true,"campfire_choices":[{"data":"RobotSpaceExplorer:Multitool","floor":6.0,"key":"SMITH"},{"floor":13.0,"key":"REST"},{"floor":15.0,"key":"RECALL"},{"data":"RobotSpaceExplorer:Fix","floor":23.0,"key":"SMITH"},{"floor":30.0,"key":"REST"},{"floor":32.0,"key":"REST"},{"floor":40,"key":"REST"},{"floor":42,"key":"REST"},{"floor":46,"key":"REST"},{"floor":49,"key":"REST"}],"circlet_count":0,"master_deck":["RobotSpaceExplorer:Strike","RobotSpaceExplorer:Strike","RobotSpaceExplorer:Strike","RobotSpaceExplorer:Strike","RobotSpaceExplorer:Defend","RobotSpaceExplorer:Defend","RobotSpaceExplorer:Defend","RobotSpaceExplorer:Defend","RobotSpaceExplorer:Scan","RobotSpaceExplorer:MiniLasers","RobotSpaceExplorer:Multitool+1","RobotSpaceExplorer:MiniDrones","RobotSpaceExplorer:ScrapMissile","RobotSpaceExplorer:Discharger","RobotSpaceExplorer:Fix+1","RobotSpaceExplorer:Electroshield","RobotSpaceExplorer:Discharger","RobotSpaceExplorer:MiniDrones","RobotSpaceExplorer:Electroshield","RobotSpaceExplorer:Multitool+1","CurseOfTheBell","RobotSpaceExplorer:FreezeRay+1","RobotSpaceExplorer:PowerCollector+1","RobotSpaceExplorer:Fix+1","RobotSpaceExplorer:ScrapMissile","RobotSpaceExplorer:Electropulse+1","RobotSpaceExplorer:MiniBoosters+1","RobotSpaceExplorer:SurgingShield","RobotSpaceExplorer:DroneSwarm+1","RobotSpaceExplorer:Probe+1","RobotSpaceExplorer:DualCore+1","RobotSpaceExplorer:DualCore+1","RobotSpaceExplorer:SurgingStrike+1","RobotSpaceExplorer:ScrapMissile+1","RobotSpaceExplorer:Probe+1","RobotSpaceExplorer:MiniBoosters+1","RobotSpaceExplorer:Probe+1","RobotSpaceExplorer:ScrapToss+1"],"relics":["RobotSpaceExplorer:RoboCore","Thread and Needle","Golden Idol","StrikeDummy","Ancient Tea Set","Frozen Egg 2","Calling Bell","Smiling Mask","Matryoshka","Turnip","Orichalcum","Red Mask","HornCleat","Anchor","Nunchaku","Molten Egg 2","RobotSpaceExplorer:FoglandsKnife","Fusion Hammer","Vajra","MealTicket","Akabeko","Pen Nib","Dream Catcher","Potion Belt"],"acts_visited":["Exordium","TheCity","TheBeyond"],"potions_floor_usage":[33,33,33],"damage_taken":[{"damage":0.0,"enemies":"2 Louse","floor":1.0,"turns":3.0},{"damage":0.0,"enemies":"Small Slimes","floor":2.0,"turns":4.0},{"damage":2.0,"enemies":"Jaw Worm","floor":3.0,"turns":4.0},{"damage":2.0,"enemies":"Looter","floor":4.0,"turns":3.0},{"damage":5.0,"enemies":"3 Louse","floor":5.0,"turns":4.0},{"damage":36.0,"enemies":"Gremlin Nob","floor":7.0,"turns":7.0},{"damage":0.0,"enemies":"3 Sentries","floor":11.0,"turns":5.0},{"damage":14.0,"enemies":"3 Sentries","floor":12.0,"turns":5.0},{"damage":18.0,"enemies":"The Guardian","floor":16.0,"turns":12.0},{"damage":0.0,"enemies":"Spheric Guardian","floor":18.0,"turns":8.0},{"damage":53.0,"enemies":"Masked Bandits","floor":21.0,"turns":7.0},{"damage":17.0,"enemies":"Gremlin Leader","floor":24.0,"turns":6.0},{"damage":0.0,"enemies":"2 Thieves","floor":25.0,"turns":5.0},{"damage":0.0,"enemies":"Snecko","floor":27.0,"turns":6.0},{"damage":10.0,"enemies":"3 Cultists","floor":31.0,"turns":5.0},{"damage":21,"enemies":"Automaton","floor":33,"turns":9},{"damage":0,"enemies":"Orb Walker","floor":35,"turns":4},{"damage":7,"enemies":"3 Shapes","floor":37,"turns":4},{"damage":23,"enemies":"Transient","floor":39,"turns":5},{"damage":0,"enemies":"Nemesis","floor":41,"turns":7},{"damage":0,"enemies":"4 Shapes","floor":44,"turns":3},{"damage":30,"enemies":"Giant Head","floor":45,"turns":9},{"damage":8,"enemies":"Nemesis","floor":47,"turns":7},{"damage":0,"enemies":"Spire Growth","floor":48,"turns":5},{"damage":13,"enemies":"Time Eater","floor":50,"turns":7}],"seed_played":"-4934596082973464942","potions_obtained":[{"floor":1.0,"key":"Strength Potion"},{"floor":11.0,"key":"RobotSpaceExplorer:LiquidFusion"},{"floor":12.0,"key":"PowerPotion"},{"floor":24.0,"key":"EssenceOfSteel"},{"floor":35,"key":"Ancient Potion"},{"floor":37,"key":"AttackPotion"},{"floor":44,"key":"Dexterity Potion"}],"is_trial":false,"path_per_floor":["M","M","M","M","M","R","E","?","T","$","E","?","R","?","R","B",null,"M","?","?","?","?","R","E","M","T","M","?","$","R","M","R","B",null,"M","$","M","?","M","R","E","R","T","M","E","R","E","M","R","B",null],"character_chosen":"RobotSpaceExplorer","items_purchased":["RobotSpaceExplorer:MiniBoosters+1","Molten Egg 2","RobotSpaceExplorer:FoglandsKnife","RobotSpaceExplorer:DualCore+1","Vajra"],"campfire_rested":7,"item_purchase_floors":[29,29,29,36,36],"current_hp_per_floor":[75,75,73,71,70,70,38,38,38,38,42,32,52,52,52,40,69,69,69,69,16,16,16,5,17,17,29,29,29,49,51,69,48,69,69,69,68,68,52,69,69,69,69,69,39,59,63,69,69,64],"gold":475,"neow_bonus":"ONE_RANDOM_RARE_CARD","is_daily":false,"chose_seed":false,"campfire_upgraded":2,"win_rate":0.0,"timestamp":1614209953,"path_taken":["M","?","M","M","M","R","E","?","T","$","E","?","R","?","R","BOSS","M","?","?","?","?","R","E","M","T","M","?","$","R","M","R","BOSS","M","$","M","?","M","R","E","R","T","M","E","R","E","M","R","BOSS"],"items_purchased_type":["Card","Relic","Relic","Card","Relic"],"build_version":"2020-12-22","purchased_purges":0,"victory":true,"max_hp_per_floor":[75,75,75,75,75,75,75,69,69,69,69,69,69,69,69,69,69,69,69,69,69,69,69,69,69,69,69,69,69,69,69,69,69,69,69,69,69,69,69,69,69,69,69,69,69,69,69,69,69,69],"card_choices":[{"not_picked":["RobotSpaceExplorer:FranticSearch","RobotSpaceExplorer:MetalStrike"],"picked":"RobotSpaceExplorer:MiniDrones","floor":1.0},{"not_picked":["RobotSpaceExplorer:LaserBurst","RobotSpaceExplorer:MakeshiftVolley"],"picked":"RobotSpaceExplorer:ScrapMissile","floor":2.0},{"not_picked":["RobotSpaceExplorer:ImprovisedAttack","RobotSpaceExplorer:FranticSearch"],"picked":"RobotSpaceExplorer:Discharger","floor":3.0},{"not_picked":["RobotSpaceExplorer:StarDust","RobotSpaceExplorer:StunGrenade"],"picked":"RobotSpaceExplorer:Fix","floor":4.0},{"not_picked":["RobotSpaceExplorer:Counterblock","RobotSpaceExplorer:ImprovisedAttack"],"picked":"RobotSpaceExplorer:Electroshield","floor":5.0},{"not_picked":["RobotSpaceExplorer:Ammunition","RobotSpaceExplorer:Explosion"],"picked":"RobotSpaceExplorer:Discharger","floor":7.0},{"not_picked":["RobotSpaceExplorer:Probe","RobotSpaceExplorer:SurgingStrike"],"picked":"RobotSpaceExplorer:MiniDrones","floor":11.0},{"not_picked":["RobotSpaceExplorer:SwiftStep","RobotSpaceExplorer:SurgingStrike"],"picked":"RobotSpaceExplorer:Electroshield","floor":12.0},{"not_picked":["RobotSpaceExplorer:BlastShield","RobotSpaceExplorer:Scanner+1"],"picked":"RobotSpaceExplorer:Multitool+1","floor":16.0},{"not_picked":["RobotSpaceExplorer:SlimeMissile","RobotSpaceExplorer:GlueShot"],"picked":"RobotSpaceExplorer:FreezeRay+1","floor":18.0},{"not_picked":["RobotSpaceExplorer:StarDust+1","RobotSpaceExplorer:StunGrenade"],"picked":"RobotSpaceExplorer:PowerCollector+1","floor":21.0},{"not_picked":["RobotSpaceExplorer:Probe","RobotSpaceExplorer:DoubleBlock"],"picked":"RobotSpaceExplorer:Fix+1","floor":24.0},{"not_picked":["RobotSpaceExplorer:MiniDrones","RobotSpaceExplorer:SwiftStep"],"picked":"RobotSpaceExplorer:ScrapMissile","floor":25.0},{"not_picked":["RobotSpaceExplorer:ScrapMissile+1","RobotSpaceExplorer:Ammunition+1"],"picked":"RobotSpaceExplorer:Electropulse+1","floor":27.0},{"not_picked":["RobotSpaceExplorer:Probe+1","RobotSpaceExplorer:Counterblock"],"picked":"RobotSpaceExplorer:SurgingShield","floor":31.0},{"not_picked":["RobotSpaceExplorer:Arsenal","RobotSpaceExplorer:ChargingLaser+1"],"picked":"RobotSpaceExplorer:DroneSwarm+1","floor":33},{"not_picked":["RobotSpaceExplorer:FrostMissile+1","RobotSpaceExplorer:LaserBurst+1"],"picked":"RobotSpaceExplorer:Probe+1","floor":35},{"not_picked":["RobotSpaceExplorer:SlimeMissile+1","RobotSpaceExplorer:Ammunition+1"],"picked":"RobotSpaceExplorer:DualCore+1","floor":37},{"not_picked":["RobotSpaceExplorer:Ammunition+1","RobotSpaceExplorer:FrostMissile+1"],"picked":"RobotSpaceExplorer:SurgingStrike+1","floor":39},{"not_picked":["RobotSpaceExplorer:Asteroid+1","RobotSpaceExplorer:MetalStrike+1"],"picked":"RobotSpaceExplorer:ScrapMissile+1","floor":41},{"not_picked":["RobotSpaceExplorer:MakeshiftVolley+1","RobotSpaceExplorer:LaserBurst+1","RobotSpaceExplorer:DoubleBlock+1"],"picked":"SKIP","floor":44},{"not_picked":["RobotSpaceExplorer:Counterblock+1","RobotSpaceExplorer:MetalStrike+1"],"picked":"RobotSpaceExplorer:Probe+1","floor":45},{"not_picked":["RobotSpaceExplorer:FranticSearch+1","RobotSpaceExplorer:StarLightning+1"],"picked":"RobotSpaceExplorer:MiniBoosters+1","floor":46},{"not_picked":["RobotSpaceExplorer:FrostMissile+1","RobotSpaceExplorer:MetalStrike+1","RobotSpaceExplorer:StunGrenade+1"],"picked":"SKIP","floor":47},{"not_picked":["RobotSpaceExplorer:StunGrenade+1","RobotSpaceExplorer:ShovelStrike+1"],"picked":"RobotSpaceExplorer:Probe+1","floor":48},{"not_picked":["RobotSpaceExplorer:BigMissile+1","RobotSpaceExplorer:Reload+1"],"picked":"RobotSpaceExplorer:ScrapToss+1","floor":49}],"player_experience":67238,"relics_obtained":[{"floor":7.0,"key":"Thread and Needle"},{"floor":9.0,"key":"StrikeDummy"},{"floor":11.0,"key":"Ancient Tea Set"},{"floor":12.0,"key":"Frozen Egg 2"},{"floor":17.0,"key":"Smiling Mask"},{"floor":17.0,"key":"Matryoshka"},{"floor":17.0,"key":"Turnip"},{"floor":21.0,"key":"Red Mask"},{"floor":24.0,"key":"HornCleat"},{"floor":26.0,"key":"Anchor"},{"floor":26.0,"key":"Nunchaku"},{"floor":41,"key":"MealTicket"},{"floor":43,"key":"Akabeko"},{"floor":43,"key":"Pen Nib"},{"floor":45,"key":"Dream Catcher"},{"floor":47,"key":"Potion Belt"}],"event_choices":[{"damage_healed":0.0,"max_hp_gain":0.0,"max_hp_loss":6.0,"gold_gain":0.0,"event_name":"Golden Idol","player_choice":"Lose Max HP","floor":8.0,"gold_loss":0.0,"damage_taken":0.0,"relics_obtained":["Golden Idol"]},{"damage_healed":0.0,"max_hp_gain":0.0,"max_hp_loss":0.0,"gold_gain":30.0,"event_name":"Dead Adventurer","player_choice":"Searched \u00272\u0027 times","floor":12.0,"gold_loss":0.0,"damage_taken":0.0},{"damage_healed":0.0,"max_hp_gain":0.0,"max_hp_loss":0.0,"gold_gain":0.0,"event_name":"The Cleric","player_choice":"Leave","floor":14.0,"gold_loss":0.0,"damage_taken":0.0},{"damage_healed":0.0,"max_hp_gain":0.0,"max_hp_loss":0.0,"gold_gain":0.0,"event_name":"Ghosts","player_choice":"Ignored","floor":19.0,"gold_loss":0.0,"damage_taken":0.0},{"damage_healed":0.0,"max_hp_gain":0.0,"max_hp_loss":0.0,"gold_gain":0.0,"event_name":"Addict","player_choice":"Obtained Relic","floor":20.0,"gold_loss":85.0,"damage_taken":0.0,"relics_obtained":["Orichalcum"]},{"damage_healed":0.0,"max_hp_gain":0.0,"max_hp_loss":0.0,"gold_gain":0.0,"event_name":"Masked Bandits","player_choice":"Fought Bandits","floor":21.0,"gold_loss":0.0,"damage_taken":0.0},{"damage_healed":0.0,"max_hp_gain":0.0,"max_hp_loss":0.0,"gold_gain":99.0,"event_name":"Nest","player_choice":"Stole From Cult","floor":22.0,"gold_loss":0.0,"damage_taken":0.0},{"damage_healed":0.0,"max_hp_gain":0.0,"max_hp_loss":0.0,"gold_gain":0.0,"event_name":"The Woman in Blue","player_choice":"Bought 0 Potions","floor":28.0,"gold_loss":0.0,"damage_taken":0.0},{"damage_healed":0,"gold_gain":222,"player_choice":"Wore Mask","damage_taken":0,"max_hp_gain":0,"max_hp_loss":0,"event_name":"Tomb of Lord Red Mask","floor":38,"gold_loss":0}],"is_beta":false,"boss_relics":[{"not_picked":["Runic Pyramid","Velvet Choker"],"picked":"Calling Bell"},{"not_picked":["SlaversCollar","Tiny House"],"picked":"Fusion Hammer"}],"items_purged_floors":[],"is_endless":false,"potions_floor_spawned":[1,11,12,16,21,24,25,35,37,44],"ascension_level":1}}