{"host":"i8x3uekhioq8aaet","time":1614166152,"event":{"mods":["AchievementEnabler","BaseMod","Colored Map","Colored Powertips","DeckTracker","Minty Spire (QoL Compilation)","Relic Sorter","StSLib"],"gold_per_floor":[112,127,127,127,151,151,178,192,192,192,223,223,240,5,5,101,151,170,0,99,114,39,39,73,73,73],"floor_reached":25,"language":"ZHT","playtime":1022,"items_purged":[],"score":250,"play_id":"d908981a-f3fd-4eed-8b71-ad4f8fb60ff8","local_time":"20210224192912","is_ascension_mode":true,"campfire_choices":[{"data":"Dagger Throw","floor":6,"key":"SMITH"},{"floor":12,"key":"REST"},{"floor":15,"key":"REST"},{"floor":23,"key":"REST"}],"circlet_count":0,"master_deck":["Strike_G","Strike_G","Strike_G","Strike_G","Defend_G","Defend_G","Defend_G","Defend_G","Defend_G","Survivor","Neutralize","Dagger Throw+1","Outmaneuver","Calculated Gamble","Crippling Poison","Endless Agony","Burst","Footwork","Deadly Poison"],"relics":["Ring of the Snake","Potion Belt","Snake Skull","Kunai","Turnip","Darkstone Periapt","OrangePellets","Tiny House","Shuriken"],"acts_visited":["Exordium","TheCity"],"potions_floor_usage":[7,11,16,21,21],"damage_taken":[{"damage":4,"enemies":"Cultist","floor":1,"turns":5},{"damage":8,"enemies":"Small Slimes","floor":2,"turns":5},{"damage":18,"enemies":"3 Sentries","floor":7,"turns":9},{"damage":5,"enemies":"2 Louse","floor":8,"turns":4},{"damage":8,"enemies":"Lagavulin","floor":11,"turns":9},{"damage":13,"enemies":"Blue Slaver","floor":13,"turns":3},{"damage":44,"enemies":"The Guardian","floor":16,"turns":23},{"damage":32,"enemies":"2 Thieves","floor":18,"turns":4},{"damage":6,"enemies":"Shell Parasite","floor":21,"turns":6},{"damage":52,"enemies":"Book of Stabbing","floor":24,"turns":9},{"damage":16,"enemies":"Snake Plant","floor":25,"turns":1}],"seed_played":"4417813173629872533","potions_obtained":[{"floor":1,"key":"Energy Potion"},{"floor":2,"key":"Explosive Potion"},{"floor":17,"key":"LiquidBronze"},{"floor":18,"key":"EssenceOfSteel"},{"floor":24,"key":"Poison Potion"}],"is_trial":false,"path_per_floor":["M","M","?","?","T","R","E","M","T","?","E","R","M","$","R","B",null,"M","?","?","M","?","R","E","M"],"character_chosen":"THE_SILENT","items_purchased":["OrangePellets","Block Potion","Endless Agony"],"campfire_rested":3,"item_purchase_floors":[14,14,14],"current_hp_per_floor":[73,65,65,65,65,65,47,42,42,35,27,50,37,37,60,16,82,50,50,50,44,44,68,16,0,0],"gold":73,"neow_bonus":"TEN_PERCENT_HP_BONUS","is_daily":false,"chose_seed":false,"campfire_upgraded":1,"win_rate":0.0,"timestamp":1614166152,"path_taken":["M","?","?","?","?","R","E","?","T","?","E","R","M","$","R","BOSS","M","?","?","M","?","R","E","M"],"items_purchased_type":["Relic","Potion","Card"],"build_version":"2020-12-22","purchased_purges":0,"victory":false,"max_hp_per_floor":[77,77,77,77,77,77,77,77,77,77,77,77,77,77,77,77,82,82,82,82,82,82,82,82,82,82],"card_choices":[{"not_picked":["Masterful Stab","Dagger Spray","Dagger Throw"],"picked":"SKIP","floor":1},{"not_picked":["Slice","Underhanded Strike"],"picked":"Dagger Throw","floor":2},{"not_picked":["Riddle With Holes","Dodge and Roll"],"picked":"Outmaneuver","floor":7},{"not_picked":["Quick Slash","Sucker Punch","Deflect"],"picked":"SKIP","floor":8},{"not_picked":["Dagger Throw","Acrobatics"],"picked":"Calculated Gamble","floor":11},{"not_picked":["Endless Agony","Dagger Throw"],"picked":"Crippling Poison","floor":13},{"not_picked":["A Thousand Cuts","Glass Knife"],"picked":"Burst","floor":16},{"not_picked":["Sucker Punch","PiercingWail"],"picked":"Footwork","floor":17},{"not_picked":["Quick Slash+1","Flechettes"],"picked":"Deadly Poison","floor":18},{"not_picked":["Outmaneuver+1","Sucker Punch","Acrobatics"],"picked":"SKIP","floor":21},{"not_picked":["Caltrops+1","Dagger Spray","Flying Knee"],"picked":"SKIP","floor":24}],"player_experience":350594,"relics_obtained":[{"floor":5,"key":"Potion Belt"},{"floor":7,"key":"Snake Skull"},{"floor":9,"key":"Kunai"},{"floor":11,"key":"Darkstone Periapt"},{"floor":24,"key":"Shuriken"}],"event_choices":[{"damage_healed":0,"gold_gain":0,"player_choice":"Leave","damage_taken":0,"max_hp_gain":0,"max_hp_loss":0,"event_name":"The Cleric","floor":3,"gold_loss":0},{"damage_healed":0,"gold_gain":0,"player_choice":"Ignored","damage_taken":0,"max_hp_gain":0,"max_hp_loss":0,"event_name":"Golden Idol","floor":4,"gold_loss":0},{"damage_healed":0,"gold_gain":0,"player_choice":"Success","damage_taken":7,"relics_obtained":["Turnip"],"max_hp_gain":0,"max_hp_loss":0,"event_name":"Scrap Ooze","floor":10,"gold_loss":0},{"damage_healed":0,"gold_gain":0,"player_choice":"Paid Fearfully","damage_taken":0,"max_hp_gain":0,"max_hp_loss":0,"event_name":"Masked Bandits","floor":19,"gold_loss":170},{"damage_healed":0,"gold_gain":99,"player_choice":"Stole From Cult","damage_taken":0,"max_hp_gain":0,"max_hp_loss":0,"event_name":"Nest","floor":20,"gold_loss":0},{"cards_removed":["Strike_G"],"damage_healed":0,"gold_gain":0,"player_choice":"Gave Gold","damage_taken":0,"max_hp_gain":0,"max_hp_loss":0,"event_name":"Beggar","floor":22,"gold_loss":75}],"is_beta":false,"boss_relics":[{"not_picked":["Coffee Dripper","Runic Dome"],"picked":"Tiny House"}],"items_purged_floors":[],"is_endless":false,"potions_floor_spawned":[1,2,18,24],"killed_by":"Snake Plant","ascension_level":2}}