{"host":"5tzvto3beate6p8b","time":1614164295,"event":{"mods":["BaseMod","Colored Map","DeckTracker","Minty Spire (QoL Compilation)","Relic Stats","StSLib","SuperFastMode"],"gold_per_floor":[117,2,2,26,39,39,70,84,165,165,185,225,225,263,263,359,359,378,397,418,0,0,0,43,43,43,93,118,138,173,13,13,103,103,122,122,135,6,37,37,80,80,80,99,99,115,154,49,49,49,49,49,49,49,93,93,93],"floor_reached":56,"language":"JPN","playtime":3615,"items_purged":["Strike_G","Strike_G"],"score":2076,"play_id":"d193f6ba-5fa8-4539-89f2-e3564ebf51ac","local_time":"20210224195815","is_ascension_mode":true,"campfire_choices":[{"data":"Noxious Fumes","floor":6.0,"key":"SMITH"},{"data":"Neutralize","floor":10.0,"key":"SMITH"},{"data":"Deadly Poison","floor":15.0,"key":"SMITH"},{"floor":23.0,"key":"REST"},{"data":"Noxious Fumes","floor":25.0,"key":"SMITH"},{"floor":32.0,"key":"REST"},{"data":"Blade Dance","floor":40.0,"key":"SMITH"},{"data":"Blade Dance","floor":42.0,"key":"SMITH"},{"floor":45.0,"key":"RECALL"},{"data":"Malaise","floor":49.0,"key":"SMITH"},{"floor":53.0,"key":"REST"}],"circlet_count":0,"master_deck":["AscendersBane","Defend_G","Defend_G","Defend_G","Defend_G","Defend_G","Survivor","Neutralize+1","Skewer","Noxious Fumes+1","Backflip","Deadly Poison+1","Unload","Slice","Venomology","Noxious Fumes+1","After Image","After Image+1","Adrenaline+1","Night Terror+1","Deflect","Blade Dance+1","Blade Dance+1","Adrenaline","Storm of Steel","PiercingWail","Caltrops+1","Adrenaline","Blur+1","Blade Dance","PiercingWail","Prepared","Blade Dance+1","Acrobatics","Malaise+1","Blade Dance+1","Footwork+1","PiercingWail"],"relics":["Ring of the Snake","NeowsBlessing","Golden Idol","The Specimen","Bottled Tornado","Toy Ornithopter","Smiling Mask","Astrolabe","Shuriken","Orichalcum","Frozen Egg 2","Mercury Hourglass","TwistedFunnel","Philosopher\u0027s Stone","Pear","Tough Bandages","Bag of Marbles","Nunchaku","Art of War"],"acts_visited":["Exordium","TheCity","TheBeyond","TheEnding"],"potions_floor_usage":[],"damage_taken":[{"damage":0.0,"enemies":"Small Slimes","floor":1.0,"turns":1.0},{"damage":0.0,"enemies":"Cultist","floor":4.0,"turns":1.0},{"damage":0.0,"enemies":"Jaw Worm","floor":5.0,"turns":1.0},{"damage":21.0,"enemies":"3 Sentries","floor":7.0,"turns":8.0},{"damage":1.0,"enemies":"Lots of Slimes","floor":8.0,"turns":2.0},{"damage":5.0,"enemies":"Red Slaver","floor":11.0,"turns":3.0},{"damage":14.0,"enemies":"Lagavulin","floor":12.0,"turns":5.0},{"damage":3.0,"enemies":"3 Sentries","floor":14.0,"turns":5.0},{"damage":17.0,"enemies":"The Guardian","floor":16.0,"turns":8.0},{"damage":0.0,"enemies":"Chosen","floor":18.0,"turns":6.0},{"damage":1.0,"enemies":"Spheric Guardian","floor":19.0,"turns":4.0},{"damage":21.0,"enemies":"Snake Plant","floor":20.0,"turns":6.0},{"damage":0.0,"enemies":"Gremlin Leader","floor":24.0,"turns":5.0},{"damage":3.0,"enemies":"Centurion and Healer","floor":28.0,"turns":6.0},{"damage":10.0,"enemies":"Snecko","floor":29.0,"turns":4.0},{"damage":52.0,"enemies":"Slavers","floor":30.0,"turns":5.0},{"damage":22.0,"enemies":"Automaton","floor":33.0,"turns":11.0},{"damage":1.0,"enemies":"Orb Walker","floor":35.0,"turns":3.0},{"damage":0.0,"enemies":"3 Darklings","floor":37.0,"turns":4.0},{"damage":3.0,"enemies":"Mind Bloom Boss Battle","floor":39.0,"turns":6.0},{"damage":24.0,"enemies":"Reptomancer","floor":41.0,"turns":5.0},{"damage":0.0,"enemies":"Maw","floor":44.0,"turns":6.0},{"damage":0.0,"enemies":"Sphere and 2 Shapes","floor":46.0,"turns":4.0},{"damage":0.0,"enemies":"Giant Head","floor":47.0,"turns":6.0},{"damage":26.0,"enemies":"Awakened One","floor":50.0,"turns":13.0},{"damage":26.0,"enemies":"Donu and Deca","floor":51.0,"turns":8.0},{"damage":72.0,"enemies":"Shield and Spear","floor":55.0,"turns":6.0},{"damage":71,"enemies":"The Heart","floor":56,"turns":5}],"seed_played":"-1092260897416624986","potions_obtained":[{"floor":4.0,"key":"SteroidPotion"},{"floor":7.0,"key":"Explosive Potion"},{"floor":11.0,"key":"Fire Potion"},{"floor":16.0,"key":"FairyPotion"},{"floor":28.0,"key":"Fruit Juice"},{"floor":33.0,"key":"CultistPotion"},{"floor":35.0,"key":"Fire Potion"}],"is_trial":false,"path_per_floor":["M","$","?","M","M","R","E","M","T","R","M","E","?","E","R","B",null,"M","M","M","$","$","R","E","R","T","?","M","M","E","$","R","B",null,"M","T","M","$","?","R","E","R","T","M","R","M","E","$","R","B","B",null,"R","$","E","B"],"character_chosen":"THE_SILENT","items_purchased":["Noxious Fumes","Shuriken","Adrenaline","TwistedFunnel","PiercingWail","Prepared","Footwork+1","PiercingWail"],"campfire_rested":3,"item_purchase_floors":[2,21,21,31,38,38,48,48],"current_hp_per_floor":[59,59,59,59,59,59,38,37,37,37,32,18,9,16,16,9,47,52,51,35,35,35,53,53,53,53,53,65,55,13,13,32,15,53,62,72,75,75,75,75,51,51,51,51,51,56,66,66,66,55,34,65,75,75,8,0,0],"gold":93,"neow_bonus":"THREE_ENEMY_KILL","is_daily":false,"chose_seed":false,"campfire_upgraded":7,"win_rate":0.0,"timestamp":1614164295,"path_taken":["M","$","?","M","M","R","E","M","T","R","M","E","?","E","R","BOSS","M","M","?","?","$","R","E","R","T","?","?","M","E","$","R","BOSS","M","?","M","$","?","R","E","R","T","M","R","M","E","?","R","BOSS","BOSS","R","$","E","BOSS"],"items_purchased_type":["Card","Relic","Card","Relic","Card","Card","Card","Card"],"build_version":"2020-12-22","purchased_purges":2,"victory":false,"max_hp_per_floor":[66,66,60,60,60,60,60,60,60,60,60,60,60,60,60,60,60,60,60,60,60,60,60,60,60,60,60,65,65,65,65,65,65,65,65,75,75,75,75,75,75,75,75,75,75,75,75,75,75,75,75,75,75,75,75,75,75],"relic_stats":{"counters":[28,147],"Golden Idol":194,"Astrolabe":["After Image","Adrenaline","Night Terror"],"Orichalcum":[18],"Smiling Mask":50,"Mercury Hourglass":[282],"Tough Bandages":[150],"Nunchaku":[13],"Shuriken":[96],"Art of War":[1],"obtain_stats":[{"TwistedFunnel":31,"Pear":36,"NeowsBlessing":0,"The Specimen":7,"Golden Idol":3,"Astrolabe":17,"Bottled Tornado":9,"Orichalcum":24,"Frozen Egg 2":26,"Smiling Mask":14,"Mercury Hourglass":30,"Tough Bandages":39,"Nunchaku":47,"Shuriken":21,"Philosopher\u0027s Stone":34,"Bag of Marbles":41,"Art of War":55,"Toy Ornithopter":12,"Ring of the Snake":0},{"TwistedFunnel":16,"Pear":18,"NeowsBlessing":0,"The Specimen":4,"Golden Idol":1,"Astrolabe":9,"Bottled Tornado":5,"Orichalcum":13,"Frozen Egg 2":13,"Smiling Mask":8,"Mercury Hourglass":16,"Tough Bandages":20,"Nunchaku":24,"Shuriken":12,"Philosopher\u0027s Stone":17,"Bag of Marbles":21,"Art of War":27,"Toy Ornithopter":7,"Ring of the Snake":0},{"TwistedFunnel":70,"Pear":84,"NeowsBlessing":0,"The Specimen":11,"Golden Idol":1,"Astrolabe":34,"Bottled Tornado":13,"Orichalcum":55,"Frozen Egg 2":55,"Smiling Mask":26,"Mercury Hourglass":70,"Tough Bandages":94,"Nunchaku":115,"Shuriken":50,"Philosopher\u0027s Stone":81,"Bag of Marbles":99,"Art of War":142,"Toy Ornithopter":21,"Ring of the Snake":0}],"Toy Ornithopter":111,"Ring of the Snake":[56]},"card_choices":[{"not_picked":["Dagger Throw","Finisher"],"picked":"Skewer","floor":1.0},{"not_picked":["Slice","Outmaneuver"],"picked":"Backflip","floor":4.0},{"not_picked":["Dagger Throw","Terror"],"picked":"Deadly Poison","floor":5.0},{"not_picked":["Accuracy","Skewer"],"picked":"Unload","floor":7.0},{"not_picked":["Outmaneuver","Flying Knee","Dodge and Roll"],"picked":"SKIP","floor":8.0},{"not_picked":["Well Laid Plans","Acrobatics"],"picked":"Slice","floor":11.0},{"not_picked":["Infinite Blades","Dagger Throw"],"picked":"Venomology","floor":12.0},{"not_picked":["Blade Dance","Accuracy"],"picked":"Noxious Fumes","floor":14.0},{"not_picked":["Storm of Steel","Glass Knife"],"picked":"After Image","floor":16.0},{"not_picked":["Prepared","Endless Agony"],"picked":"Deflect","floor":18.0},{"not_picked":["Underhanded Strike","Dagger Throw+1"],"picked":"Blade Dance","floor":19.0},{"not_picked":["Sucker Punch","PiercingWail"],"picked":"Blade Dance","floor":20.0},{"not_picked":["Riddle With Holes","Sucker Punch"],"picked":"Storm of Steel","floor":24.0},{"not_picked":["Reflex","Underhanded Strike+1","Flechettes"],"picked":"SKIP","floor":28.0},{"not_picked":["Cloak And Dagger","Backflip"],"picked":"PiercingWail","floor":29.0},{"not_picked":["Grand Finale","Well Laid Plans+1"],"picked":"Caltrops+1","floor":30.0},{"not_picked":["Doppelganger","Die Die Die"],"picked":"Adrenaline","floor":33.0},{"not_picked":["Dodge and Roll","Flying Knee"],"picked":"Blur+1","floor":35.0},{"not_picked":["Deflect","Outmaneuver+1"],"picked":"Blade Dance","floor":37.0},{"not_picked":["Skewer","Prepared"],"picked":"Blade Dance+1","floor":39.0},{"not_picked":["Flying Knee","Reflex+1"],"picked":"Acrobatics","floor":41.0},{"not_picked":["Setup","PiercingWail+1"],"picked":"Malaise","floor":44.0},{"not_picked":["Eviscerate+1","Deflect","All Out Attack"],"picked":"SKIP","floor":46.0},{"not_picked":["Choke+1","Setup"],"picked":"Blade Dance+1","floor":47.0},{"not_picked":["Dagger Spray+1","Outmaneuver","Deadly Poison+1"],"picked":"SKIP","floor":55.0}],"player_experience":858576,"relics_obtained":[{"floor":7.0,"key":"The Specimen"},{"floor":9.0,"key":"Bottled Tornado"},{"floor":12.0,"key":"Toy Ornithopter"},{"floor":14.0,"key":"Smiling Mask"},{"floor":24.0,"key":"Orichalcum"},{"floor":26.0,"key":"Frozen Egg 2"},{"floor":30.0,"key":"Mercury Hourglass"},{"floor":36.0,"key":"Pear"},{"floor":39.0,"key":"Tough Bandages"},{"floor":41.0,"key":"Bag of Marbles"},{"floor":47.0,"key":"Nunchaku"},{"floor":55.0,"key":"Art of War"}],"event_choices":[{"damage_healed":0.0,"max_hp_gain":0.0,"max_hp_loss":6.0,"gold_gain":0.0,"event_name":"Golden Idol","player_choice":"Lose Max HP","floor":3.0,"gold_loss":0.0,"damage_taken":0.0,"relics_obtained":["Golden Idol"]},{"damage_healed":0.0,"max_hp_gain":0.0,"max_hp_loss":0.0,"gold_gain":0.0,"event_name":"Wheel of Change","player_choice":"Damaged","floor":13.0,"gold_loss":0.0,"damage_taken":9.0},{"damage_healed":0.0,"max_hp_gain":0.0,"max_hp_loss":0.0,"gold_gain":50.0,"event_name":"Golden Shrine","player_choice":"Pray","floor":27.0,"gold_loss":0.0,"damage_taken":0.0},{"damage_healed":0.0,"max_hp_gain":0.0,"max_hp_loss":0.0,"gold_gain":0.0,"event_name":"MindBloom","player_choice":"Fight","floor":39.0,"gold_loss":0.0,"damage_taken":0.0}],"is_beta":false,"boss_relics":[{"not_picked":["Ring of the Serpent","WristBlade"],"picked":"Astrolabe"},{"not_picked":["SacredBark","Runic Pyramid"],"picked":"Philosopher\u0027s Stone"}],"items_purged_floors":[2,38],"is_endless":false,"potions_floor_spawned":[4,7,11,16,28,33,35,39,44],"killed_by":"The Heart","ascension_level":20}}