{"host":"4i5my69dv6e41930","time":1614140865,"event":{"mods":["AchievementEnabler","BaseMod","Minty Spire (QoL Compilation)","Relic Stats"],"gold_per_floor":[116,116,136,155,175,175,192,219,219,238,249,249,267,293,293,368,368,380,131,146,146,146,146,180,180,205,205,4,39,59,6,6,83,83,96,96,121,137,137,170,182,217,243,243,268,281,291,306,306,306,306,306,40,73,73,73],"floor_reached":55,"language":"ENG","playtime":3979,"items_purged":["Strike_R","Strike_R"],"score":1366,"play_id":"ab2f6c2c-8aa5-4168-9eda-eea2fc7573f5","local_time":"20210223232745","is_ascension_mode":true,"campfire_choices":[{"data":"Clothesline","floor":6.0,"key":"SMITH"},{"data":"Berserk","floor":15.0,"key":"SMITH"},{"data":"Whirlwind","floor":23.0,"key":"SMITH"},{"data":"J.A.X.","floor":25.0,"key":"SMITH"},{"floor":27.0,"key":"REST"},{"data":"Bludgeon","floor":32.0,"key":"SMITH"},{"data":"Flame Barrier","floor":44.0,"key":"SMITH"},{"floor":49.0,"key":"RECALL"},{"data":"Bloodletting","floor":52.0,"key":"SMITH"}],"circlet_count":0,"master_deck":["AscendersBane","Strike_R","Defend_R","Defend_R","Defend_R","Defend_R","Bash+1","Cleave","Clothesline+1","Rampage","Iron Wave","Bludgeon+1","Flame Barrier+1","Berserk+1","Offering","Offering","Whirlwind+1","Shockwave","J.A.X.+1","Offering","Shrug It Off","Impervious","Shrug It Off","Double Tap","Spot Weakness","Bloodletting+1"],"relics":["Black Blood","Meat on the Bone","Mercury Hourglass","Mango","Runic Pyramid","Enchiridion","Pantograph","Orichalcum","Ginger","Prayer Wheel","Red Skull","Toy Ornithopter","Omamori","Medical Kit","HornCleat"],"acts_visited":["Exordium","TheCity","TheBeyond","TheEnding"],"potions_floor_usage":[55],"damage_taken":[{"damage":1.0,"enemies":"Small Slimes","floor":1.0,"turns":5.0},{"damage":1.0,"enemies":"Cultist","floor":3.0,"turns":4.0},{"damage":4.0,"enemies":"2 Louse","floor":4.0,"turns":2.0},{"damage":6.0,"enemies":"Exordium Wildlife","floor":5.0,"turns":3.0},{"damage":9.0,"enemies":"Blue Slaver","floor":7.0,"turns":4.0},{"damage":35.0,"enemies":"3 Sentries","floor":8.0,"turns":7.0},{"damage":6.0,"enemies":"Looter","floor":10.0,"turns":2.0},{"damage":7.0,"enemies":"3 Louse","floor":11.0,"turns":3.0},{"damage":14.0,"enemies":"Exordium Thugs","floor":13.0,"turns":4.0},{"damage":1.0,"enemies":"Gremlin Nob","floor":14.0,"turns":4.0},{"damage":17.0,"enemies":"The Guardian","floor":16.0,"turns":11.0},{"damage":23.0,"enemies":"2 Thieves","floor":18.0,"turns":4.0},{"damage":16.0,"enemies":"Shell Parasite","floor":20.0,"turns":5.0},{"damage":28.0,"enemies":"Slavers","floor":24.0,"turns":4.0},{"damage":24.0,"enemies":"Book of Stabbing","floor":29.0,"turns":3.0},{"damage":15.0,"enemies":"Sentry and Sphere","floor":30.0,"turns":3.0},{"damage":49.0,"enemies":"Automaton","floor":33.0,"turns":7.0},{"damage":14.0,"enemies":"Orb Walker","floor":35.0,"turns":3.0},{"damage":24.0,"enemies":"Mind Bloom Boss Battle","floor":37.0,"turns":6.0},{"damage":28.0,"enemies":"3 Darklings","floor":38.0,"turns":3.0},{"damage":23.0,"enemies":"Reptomancer","floor":40.0,"turns":5.0},{"damage":21.0,"enemies":"Maw","floor":41.0,"turns":6.0},{"damage":30.0,"enemies":"Giant Head","floor":42.0,"turns":6.0},{"damage":64.0,"enemies":"Reptomancer","floor":45.0,"turns":7.0},{"damage":18.0,"enemies":"Spire Growth","floor":46.0,"turns":4.0},{"damage":18.0,"enemies":"Sphere and 2 Shapes","floor":47.0,"turns":4.0},{"damage":21.0,"enemies":"Writhing Mass","floor":48.0,"turns":1.0},{"damage":56.0,"enemies":"Donu and Deca","floor":50.0,"turns":7.0},{"damage":58.0,"enemies":"Shield and Spear","floor":54.0,"turns":3.0},{"damage":54,"enemies":"The Heart","floor":55,"turns":6}],"seed_played":"9084338259887079979","potions_obtained":[{"floor":1.0,"key":"Swift Potion"},{"floor":2.0,"key":"Weak Potion"},{"floor":8.0,"key":"SkillPotion"},{"floor":10.0,"key":"PowerPotion"},{"floor":11.0,"key":"PowerPotion"},{"floor":13.0,"key":"EssenceOfSteel"},{"floor":29.0,"key":"Swift Potion"},{"floor":38.0,"key":"BloodPotion"},{"floor":41.0,"key":"SteroidPotion"},{"floor":42.0,"key":"Energy Potion"},{"floor":46.0,"key":"Ancient Potion"}],"is_trial":false,"path_per_floor":["M","?","M","M","M","R","M","E","T","M","M","?","M","E","R","B",null,"M","$","M","?","?","R","E","R","T","R","$","E","M","$","R","B",null,"M","?","?","M","?","E","M","E","T","R","E","M","M","M","R","B",null,"R","$","E","B"],"character_chosen":"IRONCLAD","items_purchased":["Offering","Whirlwind","Offering","Shrug It Off","SteroidPotion","Medical Kit"],"campfire_rested":1,"item_purchase_floors":[19,19,28,28,31,53],"current_hp_per_floor":[73,73,75,75,75,75,72,43,43,55,54,54,46,65,65,54,80,63,63,53,32,32,32,22,22,22,48,48,42,45,45,45,39,77,75,75,73,57,57,58,78,60,60,60,25,36,42,45,45,38,73,73,73,39,15,15],"gold":73,"neow_bonus":"UPGRADE_CARD","is_daily":false,"chose_seed":false,"campfire_upgraded":7,"win_rate":0.0,"timestamp":1614140865,"path_taken":["M","?","M","M","M","R","M","E","T","M","?","?","M","E","R","BOSS","M","$","M","?","?","R","E","R","T","R","?","E","M","$","R","BOSS","M","?","?","M","?","E","M","E","T","R","E","M","M","M","R","BOSS","R","$","E","BOSS"],"items_purchased_type":["Card","Card","Card","Card","Potion","Relic"],"build_version":"2020-12-22","purchased_purges":2,"victory":false,"max_hp_per_floor":[75,75,75,75,75,75,75,75,75,75,75,75,75,89,89,89,89,89,89,89,89,89,89,89,89,89,89,89,89,89,89,89,89,89,89,85,85,85,85,85,85,85,85,85,85,85,85,85,85,85,85,85,85,85,85,85],"relic_stats":{"counters":[30,136],"Pantograph":85,"Black Blood":241,"Prayer Wheel":5,"Ginger":[11],"Orichalcum":[126],"Medical Kit":[2],"obtain_stats":[{"Enchiridion":21,"Black Blood":34,"Mango":14,"Omamori":45,"Ginger":29,"Orichalcum":26,"Medical Kit":53,"Burning Blood":0,"Mercury Hourglass":9,"HornCleat":54,"Pantograph":24,"Prayer Wheel":37,"Red Skull":40,"Toy Ornithopter":42,"Meat on the Bone":8,"Runic Pyramid":17},{"Enchiridion":13,"Black Blood":17,"Mango":10,"Omamori":24,"Ginger":15,"Orichalcum":14,"Medical Kit":28,"Burning Blood":0,"Mercury Hourglass":6,"HornCleat":29,"Pantograph":14,"Prayer Wheel":19,"Red Skull":21,"Toy Ornithopter":23,"Meat on the Bone":6,"Runic Pyramid":11},{"Enchiridion":58,"Black Blood":75,"Mango":38,"Omamori":111,"Ginger":65,"Orichalcum":62,"Medical Kit":127,"Burning Blood":0,"Mercury Hourglass":25,"HornCleat":130,"Pantograph":62,"Prayer Wheel":84,"Red Skull":92,"Toy Ornithopter":104,"Meat on the Bone":25,"Runic Pyramid":49}],"Toy Ornithopter":15,"Meat on the Bone":156,"Mercury Hourglass":[364]},"card_choices":[{"not_picked":["Evolve","Perfected Strike","Headbutt"],"picked":"SKIP","floor":1.0},{"not_picked":["Blood for Blood","True Grit"],"picked":"Cleave","floor":3.0},{"not_picked":["Dark Embrace","Heavy Blade"],"picked":"Clothesline","floor":4.0},{"not_picked":["Thunderclap","Anger"],"picked":"Rampage","floor":5.0},{"not_picked":["Twin Strike","Anger"],"picked":"Iron Wave","floor":7.0},{"not_picked":["Perfected Strike","Bloodletting"],"picked":"Bludgeon","floor":8.0},{"not_picked":["Bloodletting","Flex"],"picked":"Flame Barrier","floor":10.0},{"not_picked":["Cleave","Iron Wave","Uppercut"],"picked":"SKIP","floor":11.0},{"not_picked":["Heavy Blade","Wild Strike","Uppercut"],"picked":"SKIP","floor":13.0},{"not_picked":["Pommel Strike","Perfected Strike"],"picked":"Berserk","floor":14.0},{"not_picked":["Berserk","Exhume"],"picked":"Offering","floor":16.0},{"not_picked":["True Grit","Iron Wave","Clothesline"],"picked":"SKIP","floor":18.0},{"not_picked":["Battle Trance","Cleave"],"picked":"Shockwave","floor":20.0},{"not_picked":["Thunderclap","Heavy Blade","Combust"],"picked":"SKIP","floor":24.0},{"not_picked":["Thunderclap","Juggernaut","Dark Embrace"],"picked":"SKIP","floor":29.0},{"not_picked":["Dark Embrace","Armaments","Heavy Blade"],"picked":"SKIP","floor":30.0},{"not_picked":["Immolate","Berserk"],"picked":"Impervious","floor":33.0},{"not_picked":["Sentinel","Twin Strike"],"picked":"Shrug It Off","floor":35.0},{"not_picked":["Iron Wave","Heavy Blade+1"],"picked":"Double Tap","floor":38.0},{"not_picked":["Iron Wave","Infernal Blade","Perfected Strike+1"],"picked":"SKIP","floor":38.0},{"not_picked":["Clothesline+1","Uppercut","Rampage"],"picked":"SKIP","floor":40.0},{"not_picked":["Feel No Pain","Dropkick","Iron Wave"],"picked":"SKIP","floor":41.0},{"not_picked":["Twin Strike","Sword Boomerang+1","Iron Wave"],"picked":"SKIP","floor":41.0},{"not_picked":["Feel No Pain","Dropkick","Iron Wave"],"picked":"SKIP","floor":41.0},{"not_picked":["Twin Strike","Sword Boomerang+1","Iron Wave"],"picked":"SKIP","floor":41.0},{"not_picked":["Headbutt","Thunderclap+1","Perfected Strike"],"picked":"SKIP","floor":42.0},{"not_picked":["Body Slam","Feed"],"picked":"Spot Weakness","floor":45.0},{"not_picked":["Cleave+1","Thunderclap+1"],"picked":"Bloodletting","floor":46.0},{"not_picked":["Shrug It Off","Body Slam+1","Warcry"],"picked":"SKIP","floor":46.0},{"not_picked":["Clothesline","Iron Wave","Pommel Strike+1"],"picked":"SKIP","floor":47.0},{"not_picked":["Clothesline+1","Hemokinesis+1","Uppercut+1"],"picked":"SKIP","floor":47.0},{"not_picked":["Headbutt","Warcry","Iron Wave"],"picked":"SKIP","floor":48.0},{"not_picked":["Carnage","Perfected Strike","Shockwave"],"picked":"SKIP","floor":48.0},{"not_picked":["Headbutt","Warcry","Iron Wave"],"picked":"SKIP","floor":48.0},{"not_picked":["Carnage","Perfected Strike","Shockwave"],"picked":"SKIP","floor":48.0},{"not_picked":["Clothesline","Blood for Blood+1","Armaments"],"picked":"SKIP","floor":54.0}],"player_experience":135856,"relics_obtained":[{"floor":8.0,"key":"Meat on the Bone"},{"floor":9.0,"key":"Mercury Hourglass"},{"floor":14.0,"key":"Mango"},{"floor":21.0,"key":"Enchiridion"},{"floor":24.0,"key":"Pantograph"},{"floor":26.0,"key":"Orichalcum"},{"floor":29.0,"key":"Ginger"},{"floor":37.0,"key":"Prayer Wheel"},{"floor":40.0,"key":"Red Skull"},{"floor":42.0,"key":"Toy Ornithopter"},{"floor":45.0,"key":"Omamori"},{"floor":54.0,"key":"HornCleat"}],"event_choices":[{"damage_healed":0.0,"max_hp_gain":0.0,"max_hp_loss":0.0,"gold_gain":0.0,"event_name":"Lab","player_choice":"Got Potions","floor":2.0,"gold_loss":0.0,"damage_taken":0.0},{"cards_removed":["Strike_R"],"damage_healed":0.0,"max_hp_gain":0.0,"max_hp_loss":0.0,"gold_gain":0.0,"event_name":"Bonfire Elementals","player_choice":"Offered Basic","floor":12.0,"gold_loss":0.0,"damage_taken":0.0},{"damage_healed":0.0,"max_hp_gain":0.0,"max_hp_loss":0.0,"gold_gain":0.0,"event_name":"Cursed Tome","player_choice":"Obtained Book","floor":21.0,"gold_loss":0.0,"damage_taken":21.0},{"damage_healed":0.0,"max_hp_gain":0.0,"max_hp_loss":0.0,"gold_gain":0.0,"event_name":"Drug Dealer","player_choice":"Obtain J.A.X.","floor":22.0,"gold_loss":0.0,"damage_taken":0.0,"cards_obtained":["J.A.X."]},{"damage_healed":0.0,"max_hp_gain":0.0,"max_hp_loss":4.0,"gold_gain":0.0,"event_name":"Winding Halls","player_choice":"Max HP","floor":36.0,"gold_loss":0.0,"damage_taken":0.0},{"damage_healed":0.0,"max_hp_gain":0.0,"max_hp_loss":0.0,"gold_gain":0.0,"event_name":"MindBloom","player_choice":"Fight","floor":37.0,"gold_loss":0.0,"damage_taken":0.0},{"cards_removed":["Strike_R"],"damage_healed":0.0,"max_hp_gain":0.0,"max_hp_loss":0.0,"gold_gain":0.0,"event_name":"Falling","player_choice":"Removed Attack","floor":39.0,"gold_loss":0.0,"damage_taken":0.0}],"is_beta":false,"boss_relics":[{"not_picked":["Pandora\u0027s Box","Ectoplasm"],"picked":"Runic Pyramid"},{"not_picked":["Runic Dome","Mark of Pain"],"picked":"Black Blood"}],"items_purged_floors":[19,53],"is_endless":false,"potions_floor_spawned":[1,8,10,11,13,29,33,35,38,41,42,46],"killed_by":"The Heart","ascension_level":16}}