{"host":"hpdezpg731xgox4e","time":1614139069,"event":{"mods":["2.2 Compatiblity","Aspiration","BaseMod","Downfall","GifTheSpireLib","Minty Spire (QoL Compilation)","Shop Mod","StSLib"],"gold_per_floor":[99,118,118,118,35,112,112,112,122,122,150,150,34,44,56,158,158,158,168,168,168,24,34,57,86,114,126,154,182,194,225,255,369,381,393,417,429,28,28,45,45,95,111,111,125,125,143,167,181,181],"floor_reached":51,"language":"ENG","playtime":4124,"items_purged":["bronze:Strike","bronze:Strike"],"score":751,"play_id":"b1d59419-aaee-49dd-a3ec-f110ca13f2e2","local_time":"20210223225749","is_ascension_mode":false,"campfire_choices":[{"data":"bronze:Assembly","floor":1,"key":"SMITH"},{"data":"bronze:Flail","floor":10,"key":"SMITH"},{"data":"bronze:Verify","floor":12,"key":"SMITH"},{"data":"bronze:Mutator","floor":18,"key":"SMITH"},{"floor":30,"key":"REST"},{"data":"bronze:Hardcode","floor":35,"key":"SMITH"},{"data":"bronze:AlphaBuild","floor":46,"key":"SMITH"}],"circlet_count":0,"master_deck":["bronze:Strike+1","bronze:Defend","bronze:Defend","bronze:Defend+1","bronze:Defend","bronze:Replicate","bronze:Goto+1","bronze:Assembly+1","bronze:ItsAFeature","bronze:CutThrough","bronze:Flail+1","downfall:Malfunctioning","bronze:FindAndReplace","bronze:Verify+1","bronze:Turbo","bronze:Refactor","bronze:Mutator+1","bronze:Return+1","bronze:BuggyMess","bronze:Turbo","bronze:Shield+1","bronze:BronzeOrb","bronze:Terminator+1","bronze:SpaghettiCode","bronze:Terminator+1","CurseOfTheBell","bronze:ChildClass+1","bronze:AlphaBuild+1","bronze:ItsAFeature","bronze:Shield","expansioncontent:LastStand","bronze:MaxOutput+1","bronze:FunctionCard","bronze:Flail","bronze:Shell","bronze:ItsAFeature","bronze:Philosophize+1"],"relics":["bronze:PlatinumCore","bronze:CableSpool","Bottled Flame","Bag of Preparation","Nloth\u0027s Gift","MawBank","Calling Bell","Ancient Tea Set","Mummified Hand","FossilizedHelix","Strawberry","aspiration:Nostalgia","Cracked Core","aspiration:FrozenJewel","Gremlin Horn","Lizard Tail","Vajra"],"acts_visited":["Exordium","TheCity","TheBeyond"],"potions_floor_usage":[33,33,43,50,50],"damage_taken":[{"damage":11,"enemies":"Jaw Worm","floor":2,"turns":6},{"damage":0,"enemies":"downfall:FleeingMerchant","floor":5,"turns":4},{"damage":0,"enemies":"2 Louse","floor":9,"turns":1},{"damage":8,"enemies":"Gremlin Nob","floor":11,"turns":3},{"damage":10,"enemies":"downfall:FleeingMerchant","floor":13,"turns":4},{"damage":0,"enemies":"Small Slimes","floor":14,"turns":1},{"damage":0,"enemies":"Gremlin Gang","floor":15,"turns":1},{"damage":4,"enemies":"SI_SHIV_ARCHETYPE","floor":16,"turns":3},{"damage":0,"enemies":"downfall:LooterAlt2","floor":19,"turns":1},{"damage":15,"enemies":"downfall:FleeingMerchant","floor":22,"turns":4},{"damage":10,"enemies":"Chosen","floor":23,"turns":4},{"damage":0,"enemies":"Centurion and Healer","floor":25,"turns":1},{"damage":10,"enemies":"Cultist and Chosen","floor":26,"turns":3},{"damage":4,"enemies":"Snake Plant","floor":28,"turns":3},{"damage":0,"enemies":"3 Cultists","floor":29,"turns":2},{"damage":6,"enemies":"Centurion and Healer","floor":31,"turns":2},{"damage":4,"enemies":"Shelled Parasite and Fungi","floor":32,"turns":2},{"damage":7,"enemies":"DF_ARCHETYPE_CLAW","floor":33,"turns":7},{"damage":0,"enemies":"3 Darklings","floor":36,"turns":1},{"damage":0,"enemies":"downfall:FleeingMerchant","floor":38,"turns":4},{"damage":14,"enemies":"3 Shapes","floor":40,"turns":2},{"damage":2,"enemies":"3 Shapes","floor":42,"turns":8},{"damage":0,"enemies":"Maw","floor":43,"turns":5},{"damage":18,"enemies":"4 Shapes","floor":45,"turns":1},{"damage":0,"enemies":"Jaw Worm Horde","floor":47,"turns":1},{"damage":0,"enemies":"3 Darklings","floor":49,"turns":1},{"damage":0,"enemies":"IC_BLOCK_ARCHETYPE","floor":50,"turns":7}],"seed_played":"6670088239546892701","potions_obtained":[{"floor":2,"key":"Slimebound:ThreeZeroPotion"},{"floor":11,"key":"bronze:FreeFunctionsPotion"},{"floor":15,"key":"Regen Potion"},{"floor":33,"key":"sneckomod:MuddlingPotion"},{"floor":42,"key":"EssenceOfSteel"},{"floor":43,"key":"SneckoOil"},{"floor":47,"key":"DistilledChaos"}],"is_trial":false,"path_per_floor":["R","M","?","?","$","T","T","?","M","R","E","R","$","M","M","B",null,"R","M","?","?","$","M","T","M","M","?","M","M","R","M","M","B",null,"R","M","?","$","?","M","T","?","M","?","M","R","M","T","M","B",null],"character_chosen":"THE_AUTOMATON","items_purchased":["bronze:Flail","bronze:BugBarrage","bronze:Refactor","bronze:BuggyMess","bronze:AlphaBuild","Strawberry","bronze:ItsAFeature","bronze:Shield","bronze:OilSpill","aspiration:Nostalgia","expansioncontent:LastStand"],"campfire_rested":1,"item_purchase_floors":[5,13,13,22,38,38,38,38,38,38,38],"current_hp_per_floor":[70,59,59,59,59,59,59,59,59,59,51,51,41,41,41,37,70,70,70,70,70,55,45,45,45,35,35,31,31,52,46,42,50,70,70,70,70,77,77,63,63,61,61,69,51,51,51,51,51,51],"gold":181,"neow_bonus":"ONE_RANDOM_RARE_CARD","is_daily":false,"chose_seed":false,"campfire_upgraded":6,"win_rate":0.0,"timestamp":1614139069,"path_taken":["R","M","?","?","$","?","T","?","M","R","E","R","?","M","M","BOSS","R","M","?","?","$","M","T","?","?","?","M","M","R","M","M","BOSS","R","M","?","$","?","M","T","?","M","?","M","R","?","?","M","BOSS"],"items_purchased_type":["Card","Card","Card","Card","Card","Relic","Card","Card","Card","Relic","Card"],"build_version":"2020-12-22","purchased_purges":2,"victory":true,"max_hp_per_floor":[70,70,70,70,70,70,70,70,70,70,70,70,70,70,70,70,70,70,70,70,70,70,70,70,70,70,70,70,70,70,70,70,70,70,70,70,70,77,77,77,77,77,77,77,77,77,77,77,77,77],"card_choices":[{"not_picked":["bronze:FollowUp","bronze:ForLoop"],"picked":"bronze:ItsAFeature","floor":2},{"not_picked":["bronze:OilSpill","bronze:Turbo","bronze:DelayedSlice"],"picked":"SKIP","floor":5},{"not_picked":["bronze:DelayedGuard","bronze:DelayedSlice"],"picked":"bronze:FindAndReplace","floor":9},{"not_picked":["bronze:NullPointer","bronze:ForLoop"],"picked":"bronze:Verify","floor":11},{"not_picked":["bronze:NullPointer","bronze:Branch"],"picked":"bronze:Turbo","floor":13},{"not_picked":["bronze:InfiniteBeams","bronze:Shield"],"picked":"bronze:CutThrough","floor":14},{"not_picked":["bronze:Frontload","bronze:DelayedSlice","bronze:BronzeArmor"],"picked":"SKIP","floor":15},{"not_picked":["bronze:ShipIt","bronze:AlphaBuild"],"picked":"bronze:Mutator","floor":16},{"not_picked":["bronze:Return+1","bronze:Philosophize","bronze:ForceShield+1"],"picked":"SKIP","floor":19},{"not_picked":["bronze:FineTuning+1","bronze:Iterate"],"picked":"bronze:Return+1","floor":22},{"not_picked":["bronze:BronzeOrb+1","bronze:Shell"],"picked":"bronze:Turbo","floor":23},{"not_picked":["bronze:DarkDash","bronze:CutThrough"],"picked":"bronze:Shield+1","floor":25},{"not_picked":["bronze:NullPointer+1","bronze:BuggyMess"],"picked":"bronze:BronzeOrb","floor":26},{"not_picked":["bronze:InfiniteBeams","bronze:Shield"],"picked":"bronze:Terminator+1","floor":28},{"not_picked":["bronze:Refactor","bronze:FineTuning"],"picked":"bronze:SpaghettiCode","floor":29},{"not_picked":["bronze:DelayedSlice","bronze:OilSpill"],"picked":"bronze:Terminator+1","floor":31},{"not_picked":["bronze:Separator","bronze:Backtrace","bronze:Overheat+1"],"picked":"SKIP","floor":32},{"not_picked":["bronze:AlphaBuild","bronze:FindAndReplace"],"picked":"bronze:Hardcode","floor":33},{"not_picked":["bronze:Shell","bronze:Separator"],"picked":"bronze:ChildClass+1","floor":36},{"not_picked":["bronze:FineTuning+1","bronze:Refactor","bronze:Frontload+1"],"picked":"SKIP","floor":38},{"not_picked":["bronze:Branch+1","bronze:Overheat+1"],"picked":"bronze:MaxOutput+1","floor":40},{"not_picked":["bronze:InfiniteBeams","bronze:Philosophize"],"picked":"bronze:Flail","floor":42},{"not_picked":["bronze:Branch+1","bronze:Safeguard"],"picked":"bronze:Shell","floor":43},{"not_picked":["bronze:Invalidate+1","bronze:DelayedSlice","bronze:NullPointer+1"],"picked":"SKIP","floor":45},{"not_picked":["bronze:FollowUp+1","bronze:HardenedForm"],"picked":"bronze:ItsAFeature","floor":47},{"not_picked":["bronze:Invalidate+1","bronze:CleanCode"],"picked":"bronze:Philosophize+1","floor":49}],"player_experience":119944,"relics_obtained":[{"floor":6,"key":"bronze:CableSpool"},{"floor":7,"key":"Bottled Flame"},{"floor":11,"key":"Bag of Preparation"},{"floor":24,"key":"MawBank"},{"floor":34,"key":"Ancient Tea Set"},{"floor":34,"key":"Mummified Hand"},{"floor":34,"key":"FossilizedHelix"},{"floor":39,"key":"aspiration:FrozenJewel"},{"floor":41,"key":"Gremlin Horn"},{"floor":42,"key":"Lizard Tail"},{"floor":48,"key":"Vajra"}],"event_choices":[{"damage_healed":0,"gold_gain":0,"player_choice":"Ignored","damage_taken":0,"max_hp_gain":0,"max_hp_loss":0,"event_name":"Ghosts","floor":20,"gold_loss":0},{"cards_removed":["bronze:BugBarrage"],"damage_healed":0,"gold_gain":0,"player_choice":"Removed Attack","damage_taken":0,"max_hp_gain":0,"max_hp_loss":0,"event_name":"Falling","floor":37,"gold_loss":0}],"is_beta":false,"boss_relics":[{"not_picked":["aspiration:PoetsPen_weak","aspiration:IroncladSkillbook"],"picked":"bronze:PlatinumCore"},{"not_picked":["Fusion Hammer","Astrolabe"],"picked":"Calling Bell"}],"items_purged_floors":[22,38],"is_endless":false,"potions_floor_spawned":[2,11,15,25,28,32,33,42,43,45,47],"ascension_level":0}}