{"host":"981nlwu0905dw1bz","time":1614178744,"event":{"mods":["AchievementEnabler","BaseMod","DeckTracker","Minty Spire (QoL Compilation)","Rare Cards Sparkle","SuperFastMode"],"gold_per_floor":[119,135,150,150,167,197,197,213,236,261,261,261,261],"floor_reached":12,"language":"KOR","playtime":211,"items_purged":[],"score":144,"play_id":"4450d7d6-99d0-4f91-b40d-1f85a70a9387","local_time":"20210224235904","is_ascension_mode":true,"campfire_choices":[{"floor":7,"key":"REST"}],"circlet_count":0,"master_deck":["AscendersBane","Strike_B","Strike_B","Strike_B","Strike_B","Defend_B","Defend_B","Defend_B","Defend_B","Zap","Dualcast","Gash","Sweeping Beam","Gash+1","Leap","Electrodynamics","Gash","Glacier"],"relics":["Cracked Core","Lantern","Akabeko","Omamori","Bronze Scales"],"acts_visited":["Exordium"],"potions_floor_usage":[3,6],"damage_taken":[{"damage":5,"enemies":"Cultist","floor":1,"turns":5},{"damage":2,"enemies":"Jaw Worm","floor":2,"turns":3},{"damage":0,"enemies":"Small Slimes","floor":3,"turns":2},{"damage":30,"enemies":"Exordium Thugs","floor":5,"turns":5},{"damage":19,"enemies":"Gremlin Nob","floor":6,"turns":4},{"damage":5,"enemies":"Gremlin Gang","floor":8,"turns":3},{"damage":26,"enemies":"Lagavulin","floor":10,"turns":5},{"damage":10,"enemies":"Gremlin Nob","floor":12,"turns":2}],"seed_played":"-7959425638713011491","potions_obtained":[{"floor":2,"key":"Fire Potion"},{"floor":3,"key":"BlessingOfTheForge"}],"is_trial":false,"path_per_floor":["M","M","M","?","M","E","R","M","T","E","?","E"],"character_chosen":"DEFECT","items_purchased":[],"campfire_rested":1,"item_purchase_floors":[],"current_hp_per_floor":[63,61,61,61,31,12,34,29,29,3,3,0,0],"gold":261,"neow_bonus":"RANDOM_COMMON_RELIC","is_daily":false,"chose_seed":false,"campfire_upgraded":0,"win_rate":0.0,"timestamp":1614178744,"path_taken":["M","?","M","?","?","E","R","M","T","E","?","E"],"items_purchased_type":[],"build_version":"2020-12-22","purchased_purges":0,"victory":false,"max_hp_per_floor":[75,75,75,75,75,75,75,75,75,75,75,75,75],"card_choices":[{"not_picked":["Compile Driver","Reinforced Body"],"picked":"Gash","floor":1},{"not_picked":["Storm","Redo"],"picked":"Sweeping Beam","floor":2},{"not_picked":["Rebound","Beam Cell"],"picked":"Gash","floor":3},{"not_picked":["Blizzard","Barrage"],"picked":"Leap","floor":5},{"not_picked":["Conserve Battery","Consume"],"picked":"Electrodynamics","floor":6},{"not_picked":["Barrage","Go for the Eyes"],"picked":"Gash","floor":8},{"not_picked":["Coolheaded","Steam Power"],"picked":"Glacier","floor":10}],"player_experience":570757,"relics_obtained":[{"floor":6,"key":"Akabeko"},{"floor":9,"key":"Omamori"},{"floor":10,"key":"Bronze Scales"}],"event_choices":[{"damage_healed":0,"gold_gain":0,"player_choice":"Upgraded","damage_taken":0,"max_hp_gain":0,"max_hp_loss":0,"event_name":"Upgrade Shrine","floor":4,"gold_loss":0,"cards_upgraded":["Gash"]},{"damage_healed":0,"gold_gain":0,"player_choice":"Ignored","damage_taken":0,"max_hp_gain":0,"max_hp_loss":0,"event_name":"Liars Game","floor":11,"gold_loss":0}],"is_beta":false,"boss_relics":[],"items_purged_floors":[],"is_endless":false,"potions_floor_spawned":[2,3],"killed_by":"Gremlin Nob","ascension_level":12}}