{"host":"qp7xs8nuzfsyommi","time":1614174950,"event":{"mods":["2.2 Compatiblity","BaseMod","Colored Powertips","DeckTracker","Highlight Path","Minty Spire (QoL Compilation)","Permanent Neow","Quick Restart","StSLib","Weighted Paths"],"gold_per_floor":[114,125,142,26,46,46,71,14,62,96,96,114,114,126,126,197,197,207,223,238,256,15,15,47,59,71,83,95,107,119,159,171,259,271,296,288,300,146,163,163,163,163,163,163,163,163,192,205,205,205,205],"floor_reached":50,"language":"ENG","playtime":4626,"items_purged":["Amplify"],"score":1057,"play_id":"208b1fd1-6495-4098-97f0-502f2683ad72","local_time":"20210224085550","is_ascension_mode":true,"campfire_choices":[{"floor":6.0,"key":"REST"},{"data":"Genetic Algorithm","floor":11.0,"key":"SMITH"},{"data":"Streamline","floor":13.0,"key":"SMITH"},{"data":"Turbo","floor":15.0,"key":"SMITH"},{"floor":23.0,"key":"REST"},{"floor":25.0,"key":"RECALL"},{"floor":28.0,"key":"REST"},{"floor":30.0,"key":"REST"},{"floor":32.0,"key":"REST"},{"floor":40.0,"key":"REST"},{"floor":42.0,"key":"REST"},{"data":"Madness","floor":44.0,"key":"SMITH"},{"data":"Madness","floor":46.0,"key":"SMITH"},{"floor":49,"key":"REST"}],"circlet_count":0,"master_deck":["AscendersBane","Dualcast","Skim","Beam Cell","All For One","Core Surge","Gash","Genetic Algorithm+1","Go for the Eyes","BootSequence","Chill","Sweeping Beam","Turbo+1","Leap","Conserve Battery","Conserve Battery","Streamline+1","Machine Learning","Melter","Gash","Hologram","Coolheaded","Steam","Rainbow","Electrodynamics","BootSequence","Reinforced Body+1","Ball Lightning+1","Recycle","Echo Form","Double Energy+1","Madness+1","Conserve Battery","Parasite","Compile Driver"],"relics":["Pandora\u0027s Box","Bottled Tornado","Bronze Scales","Smiling Mask","Black Star","MawBank","HornCleat","Bottled Flame","Thread and Needle","Empty Cage","Orrery","Symbiotic Virus","Lantern","Boot"],"acts_visited":["Exordium","TheCity","TheBeyond"],"potions_floor_usage":[],"damage_taken":[{"damage":0.0,"enemies":"Cultist","floor":1.0,"turns":2.0},{"damage":11.0,"enemies":"Jaw Worm","floor":2.0,"turns":2.0},{"damage":15.0,"enemies":"Small Slimes","floor":3.0,"turns":3.0},{"damage":1.0,"enemies":"2 Fungi Beasts","floor":5.0,"turns":3.0},{"damage":3.0,"enemies":"3 Sentries","floor":7.0,"turns":5.0},{"damage":1.0,"enemies":"Gremlin Nob","floor":10.0,"turns":3.0},{"damage":8.0,"enemies":"Exordium Thugs","floor":12.0,"turns":3.0},{"damage":0.0,"enemies":"Large Slime","floor":14.0,"turns":3.0},{"damage":9.0,"enemies":"The Guardian","floor":16.0,"turns":9.0},{"damage":8.0,"enemies":"Chosen","floor":18.0,"turns":4.0},{"damage":23.0,"enemies":"Shell Parasite","floor":19.0,"turns":3.0},{"damage":9.0,"enemies":"Snake Plant","floor":20.0,"turns":5.0},{"damage":0.0,"enemies":"Snecko","floor":21.0,"turns":5.0},{"damage":19.0,"enemies":"Book of Stabbing","floor":24.0,"turns":5.0},{"damage":27.0,"enemies":"Gremlin Leader","floor":31.0,"turns":8.0},{"damage":56.0,"enemies":"Champ","floor":33.0,"turns":10.0},{"damage":10.0,"enemies":"Orb Walker","floor":35.0,"turns":4.0},{"damage":0.0,"enemies":"3 Shapes","floor":39.0,"turns":2.0},{"damage":26.0,"enemies":"Nemesis","floor":47.0,"turns":9.0},{"damage":18,"enemies":"Writhing Mass","floor":48,"turns":8},{"damage":92,"enemies":"Donu and Deca","floor":50,"turns":9}],"seed_played":"5047463870581693558","potions_obtained":[{"floor":2.0,"key":"DuplicationPotion"},{"floor":5.0,"key":"PowerPotion"},{"floor":7.0,"key":"Regen Potion"},{"floor":16.0,"key":"AttackPotion"},{"floor":19.0,"key":"Explosive Potion"},{"floor":35.0,"key":"Weak Potion"},{"floor":36.0,"key":"EssenceOfDarkness"}],"is_trial":false,"path_per_floor":["M","M","M","$","M","R","E","$","T","E","R","M","R","M","R","B",null,"M","M","M","M","$","R","E","R","T","?","R","?","R","E","R","B",null,"M","?","$","$","M","R","?","R","T","R","?","R","E","M","R","B"],"character_chosen":"DEFECT","items_purchased":["Chill","Sweeping Beam","Conserve Battery","FairyPotion","Hologram","Coolheaded","Orrery"],"campfire_rested":8,"item_purchase_floors":[4,4,8,22,22,22,38],"current_hp_per_floor":[64,53,38,38,37,58,55,55,55,54,54,46,46,46,46,37,63,55,32,23,37,37,58,39,39,39,19,41,41,63,36,58,2,58,48,48,48,48,48,70,56,76,76,76,76,76,50,32,54,0,0],"gold":205,"neow_bonus":"BOSS_RELIC","is_daily":false,"chose_seed":false,"campfire_upgraded":5,"win_rate":0.0,"timestamp":1614174950,"path_taken":["M","M","?","$","M","R","E","$","T","E","R","M","R","M","R","BOSS","M","M","M","M","$","R","E","R","T","?","R","?","R","E","R","BOSS","M","?","?","$","M","R","?","R","T","R","?","R","E","?","R","BOSS"],"items_purchased_type":["Card","Card","Card","Potion","Card","Card","Relic"],"build_version":"2020-12-22","purchased_purges":1,"victory":false,"max_hp_per_floor":[71,71,71,71,71,71,71,71,71,71,71,71,71,71,71,71,71,71,71,71,71,71,71,71,71,71,76,76,76,76,76,76,76,76,76,76,76,76,76,76,76,76,76,76,76,76,76,76,76,76,76],"card_choices":[{"not_picked":["Conserve Battery","Sweeping Beam"],"picked":"Genetic Algorithm","floor":1.0},{"not_picked":["Turbo","Hologram"],"picked":"Go for the Eyes","floor":2.0},{"not_picked":["Reprogram","Sweeping Beam"],"picked":"BootSequence","floor":3.0},{"not_picked":["White Noise","Aggregate"],"picked":"Turbo","floor":5.0},{"not_picked":["Force Field","Compile Driver"],"picked":"Leap","floor":7.0},{"not_picked":["Sweeping Beam","Ball Lightning"],"picked":"Conserve Battery","floor":10.0},{"not_picked":["Steam","Core Surge"],"picked":"Streamline","floor":12.0},{"not_picked":["Barrage","Redo","Reinforced Body"],"picked":"SKIP","floor":14.0},{"not_picked":["Core Surge","Seek"],"picked":"Machine Learning","floor":16.0},{"not_picked":["Rebound+1","Go for the Eyes"],"picked":"Melter","floor":18.0},{"not_picked":["Genetic Algorithm","Hologram"],"picked":"Gash","floor":19.0},{"not_picked":["Ball Lightning","Streamline","Steam Power"],"picked":"SKIP","floor":20.0},{"not_picked":["Chaos","Rebound","Go for the Eyes"],"picked":"SKIP","floor":21.0},{"not_picked":["Coolheaded","Cold Snap"],"picked":"Steam","floor":24.0},{"not_picked":["Ball Lightning+1","Double Energy","Streamline"],"picked":"SKIP","floor":31.0},{"not_picked":["Rainbow","Machine Learning"],"picked":"Electrodynamics","floor":33.0},{"not_picked":["Steam+1","Go for the Eyes"],"picked":"BootSequence","floor":35.0},{"not_picked":["Rebound","Storm"],"picked":"Reinforced Body+1","floor":38.0},{"not_picked":["Heatsinks+1","Leap"],"picked":"Ball Lightning+1","floor":38.0},{"not_picked":["Defragment+1","Beam Cell"],"picked":"Recycle","floor":38.0},{"not_picked":["Cold Snap","Turbo"],"picked":"Echo Form","floor":38.0},{"not_picked":["Rainbow","Ball Lightning"],"picked":"Double Energy+1","floor":38.0},{"not_picked":["BootSequence","Aggregate","Blizzard"],"picked":"SKIP","floor":39.0},{"not_picked":["Cold Snap","Ball Lightning"],"picked":"Conserve Battery","floor":47.0},{"not_picked":["Genetic Algorithm","Turbo+1"],"picked":"Compile Driver","floor":48}],"player_experience":1492837,"relics_obtained":[{"floor":7.0,"key":"Bottled Tornado"},{"floor":9.0,"key":"Bronze Scales"},{"floor":10.0,"key":"Smiling Mask"},{"floor":24.0,"key":"MawBank"},{"floor":24.0,"key":"HornCleat"},{"floor":31.0,"key":"Bottled Flame"},{"floor":31.0,"key":"Thread and Needle"},{"floor":43.0,"key":"Symbiotic Virus"},{"floor":47.0,"key":"Lantern"},{"floor":47.0,"key":"Boot"}],"event_choices":[{"damage_healed":0.0,"max_hp_gain":5.0,"max_hp_loss":0.0,"gold_gain":0.0,"event_name":"Forgotten Altar","player_choice":"Shed Blood","floor":27.0,"gold_loss":0.0,"damage_taken":25.0},{"damage_healed":0.0,"max_hp_gain":0.0,"max_hp_loss":0.0,"gold_gain":0.0,"cards_transformed":["Lockon","Hello World"],"event_name":"Drug Dealer","player_choice":"Became Test Subject","floor":29.0,"gold_loss":0.0,"damage_taken":0.0,"cards_obtained":["Rainbow","Streamline"]},{"damage_healed":0.0,"max_hp_gain":0.0,"max_hp_loss":0.0,"gold_gain":0.0,"event_name":"The Woman in Blue","player_choice":"Bought 1 Potion","floor":36.0,"gold_loss":0.0,"damage_taken":0.0},{"damage_healed":0.0,"max_hp_gain":0.0,"max_hp_loss":0.0,"gold_gain":0.0,"event_name":"Winding Halls","player_choice":"Embrace Madness","floor":41.0,"gold_loss":0.0,"damage_taken":14.0,"cards_obtained":["Madness","Madness"]},{"cards_removed":["Madness"],"damage_healed":0.0,"max_hp_gain":0.0,"max_hp_loss":0.0,"gold_gain":0.0,"event_name":"Falling","player_choice":"Removed Skill","floor":45.0,"gold_loss":0.0,"damage_taken":0.0}],"is_beta":false,"boss_relics":[{"not_picked":["Fusion Hammer","Velvet Choker"],"picked":"Black Star"},{"not_picked":["Runic Dome","Coffee Dripper"],"picked":"Empty Cage"}],"items_purged_floors":[22],"is_endless":false,"potions_floor_spawned":[2,5,7,16,19,20,24,35],"killed_by":"Donu and Deca","ascension_level":20}}