{"host":"dj20jyxj5yo6mk8a","time":1614186324,"event":{"mods":["AchievementEnabler","BaseMod","BetterRewards","Card Forge","Minty Spire (QoL Compilation)","Replay The Spire","StSLib","Treasure Hunter"],"gold_per_floor":[118,134,144,144,144,162,162,176,176,201,57,57,86,99,302,403,503,521,534,546,104,120,152,152,187,268,268,306,306,319,330,330,439,489,499,132,147,147,147,147,182,182,182,209,234,234,267,281,281,286,286],"floor_reached":50,"language":"ENG","playtime":3051,"items_purged":[],"score":1059,"play_id":"b3cbc90c-dc48-49a6-be14-fa6b0fb6e913","local_time":"20210224140524","is_ascension_mode":true,"campfire_choices":[{"floor":7.0,"key":"RECALL"},{"floor":12.0,"key":"REST"},{"floor":24.0,"key":"REST"},{"floor":27.0,"key":"REST"},{"floor":29.0,"key":"REST"},{"floor":32.0,"key":"REST"},{"floor":40,"key":"REST"},{"floor":46,"key":"REST"},{"floor":49,"key":"REST"}],"circlet_count":0,"master_deck":["Strike_G+1","Strike_G+1","Defend_G+1","Defend_G+1","Defend_G+1","Defend_G+1","Defend_G+1","Survivor+1","Neutralize+1","White Noise+1","BecomeAlmighty+1","Dark Shackles+1","Dark Echo+1","Discovery+1","Dramatic Entrance+1","Good Instincts+1","LiveForever+1","Panache+1","RitualDagger+1","Sadistic Nature+1","Trip+1","White Noise+1","BecomeAlmighty+1","Dark Shackles+1","Dramatic Entrance+1","Discovery+1","Good Instincts+1","Poisoned Strike+1","Sadistic Nature+1","Trip+1","Swift Strike+1","White Noise+1","BecomeAlmighty+1","Blind+1","Dramatic Entrance+1","Discovery+1","LiveForever+1","Sadistic Nature+1","Slice+1","TH:ElvenBoots+1","TH:ElvenBoots+1","Blade Dance+1","TH:DeckOfManyThings+1","All For One+1","TH:ElvenBoots+1","PathToVictory+1","TH:CopperCoins+1","Rebound+1","TH:ArmorSpikes+1","Armaments+1","Self Repair+1","Master of Strategy+1","Rip and Tear+1","Steam+1","Dark Shackles+1","Flash of Steel+1","Trip+1","Barrage+1","TH:DeckOfManyThings+1","TH:ElvenBoots+1","Chaos+1","Crippling Poison+1","EmptyFist+1","Dual Wield+1","Cleave+1","Leap+1"],"relics":["Hammer of Thor","Seething Fire","Anvil of the Gods","Busted Crown","Ring of Hypnosis","Dream Catcher","PrismaticShard","Bottled Tornado","Replay:Grab Bag","Fusion Hammer","Replay:Wanted Poster","Ring of Chaos","Lizard Tail","HandDrill","FossilizedHelix","Snack Pack","Bottled Flame","Tingsha","Tiny House","Membership Card","Juzu Bracelet","Ice Cream","White Beast Statue","Replay:Bottled Steam","Regal Pillow"],"acts_visited":["Exordium","TheCity","TheBeyond"],"potions_floor_usage":[],"damage_taken":[{"damage":0.0,"enemies":"2 Louse","floor":1.0,"turns":1.0},{"damage":0.0,"enemies":"Jaw Worm","floor":2.0,"turns":2.0},{"damage":0.0,"enemies":"Cultist","floor":3.0,"turns":2.0},{"damage":0.0,"enemies":"Large Slime","floor":6.0,"turns":3.0},{"damage":0.0,"enemies":"2 Fungi Beasts","floor":8.0,"turns":1.0},{"damage":0.0,"enemies":"3 Sentries","floor":10.0,"turns":2.0},{"damage":0.0,"enemies":"Gremlin Nob","floor":13.0,"turns":2.0},{"damage":3.0,"enemies":"Looter","floor":14.0,"turns":2.0},{"damage":0.0,"enemies":"Hexaghost","floor":16.0,"turns":7.0},{"damage":0.0,"enemies":"Chosen","floor":18.0,"turns":4.0},{"damage":0.0,"enemies":"Spheric Guardian","floor":19.0,"turns":4.0},{"damage":2.0,"enemies":"Centurion and Healer","floor":20.0,"turns":4.0},{"damage":3.0,"enemies":"3 Cultists","floor":22.0,"turns":4.0},{"damage":34.0,"enemies":"Gremlin Leader","floor":23.0,"turns":6.0},{"damage":7.0,"enemies":"Replay:Snechameleon","floor":25.0,"turns":3.0},{"damage":11.0,"enemies":"Gremlin Leader","floor":28.0,"turns":3.0},{"damage":18.0,"enemies":"Snake Plant","floor":30.0,"turns":2.0},{"damage":0.0,"enemies":"Centurion and Healer","floor":31.0,"turns":3.0},{"damage":32.0,"enemies":"Pondfish","floor":33.0,"turns":10.0},{"damage":2.0,"enemies":"3 Darklings","floor":35.0,"turns":3.0},{"damage":10.0,"enemies":"Orb Walker","floor":37.0,"turns":3.0},{"damage":35,"enemies":"Nemesis","floor":41,"turns":5},{"damage":5,"enemies":"Reptomancer","floor":44,"turns":4},{"damage":9,"enemies":"Sphere and 2 Shapes","floor":45,"turns":4},{"damage":35,"enemies":"Nemesis","floor":47,"turns":7},{"damage":0,"enemies":"Spire Growth","floor":48,"turns":5},{"damage":124,"enemies":"Time Eater","floor":50,"turns":12}],"seed_played":"-1910214035040823070","potions_obtained":[{"floor":10.0,"key":"Regen Potion"},{"floor":23.0,"key":"CunningPotion"},{"floor":33.0,"key":"LiquidBronze"}],"is_trial":false,"path_per_floor":["M","M","M","?","?","M","R","M","T","E","$","R","E","M","R","B",null,"M","M","M","$","M","E","R","E","T","R","E","R","M","M","R","B",null,"M","$","M","$","?","R","E","?","T","E","M","R","E","M","R","B"],"character_chosen":"THE_SILENT","items_purchased":["PrismaticShard","Lizard Tail","HandDrill","Membership Card","Juzu Bracelet","Ice Cream"],"campfire_rested":8,"item_purchase_floors":[11,21,21,36,36,36],"current_hp_per_floor":[70,70,70,70,70,70,70,70,70,70,70,70,70,67,50,50,65,65,65,63,63,60,26,47,40,40,61,54,70,52,56,70,54,71,71,71,63,63,53,75,55,55,55,52,57,75,54,58,75,0,0],"gold":286,"neow_bonus":"BOSS_RELIC","is_daily":false,"chose_seed":false,"campfire_upgraded":0,"win_rate":0.0,"timestamp":1614186324,"path_taken":["M","M","M","?","?","M","R","M","T","E","$","R","E","M","R","BOSS","M","M","M","$","M","E","R","E","T","R","E","R","M","M","R","BOSS","M","$","M","$","?","R","E","?","T","E","M","R","E","M","R","BOSS"],"items_purchased_type":["Relic","Relic","Relic","Relic","Relic","Relic"],"build_version":"2020-12-22","purchased_purges":0,"victory":false,"max_hp_per_floor":[70,70,70,70,70,70,70,70,70,70,70,70,70,70,70,70,70,70,70,70,70,70,70,70,70,70,70,70,70,70,70,70,70,75,75,75,75,75,75,75,75,75,75,75,75,75,75,75,75,75,75],"card_choices":[{"not_picked":["All Out Attack"],"picked":"SKIP","floor":1.0},{"not_picked":["Outmaneuver"],"picked":"SKIP","floor":2.0},{"not_picked":[],"picked":"Slice","floor":3.0},{"not_picked":["Dagger Throw"],"picked":"SKIP","floor":6.0},{"not_picked":["ReplayTheSpireMod:Exploit Weakness"],"picked":"SKIP","floor":8.0},{"not_picked":[],"picked":"TH:ElvenBoots","floor":9.0},{"not_picked":[],"picked":"TH:ElvenBoots","floor":10.0},{"not_picked":[],"picked":"Blade Dance","floor":10.0},{"not_picked":[],"picked":"TH:DeckOfManyThings","floor":13.0},{"not_picked":["Panic Button"],"picked":"SKIP","floor":13.0},{"not_picked":["Underhanded Strike"],"picked":"SKIP","floor":14.0},{"not_picked":[],"picked":"All For One","floor":16.0},{"not_picked":["Heatsinks+1"],"picked":"SKIP","floor":18.0},{"not_picked":["Heavy Blade"],"picked":"SKIP","floor":19.0},{"not_picked":["ReplayTheSpireMod:The Works"],"picked":"SKIP","floor":20.0},{"not_picked":["Panic Button"],"picked":"SKIP","floor":22.0},{"not_picked":[],"picked":"TH:ElvenBoots","floor":23.0},{"not_picked":["Compile Driver"],"picked":"SKIP","floor":23.0},{"not_picked":[],"picked":"PathToVictory","floor":24.0},{"not_picked":[],"picked":"TH:CopperCoins","floor":25.0},{"not_picked":[],"picked":"Rebound","floor":25.0},{"not_picked":[],"picked":"TH:ArmorSpikes","floor":26.0},{"not_picked":["TH:ArmorSpikes"],"picked":"SKIP","floor":28.0},{"not_picked":["Rupture"],"picked":"SKIP","floor":28.0},{"not_picked":["Backflip"],"picked":"SKIP","floor":30.0},{"not_picked":[],"picked":"Armaments","floor":31.0},{"not_picked":[],"picked":"Self Repair","floor":32.0},{"not_picked":[],"picked":"Master of Strategy","floor":33.0},{"not_picked":[],"picked":"Rip and Tear+1","floor":34.0},{"not_picked":["Life Link+1"],"picked":"SKIP","floor":35.0},{"not_picked":[],"picked":"Steam+1","floor":37},{"not_picked":[],"picked":"Dark Shackles","floor":39},{"not_picked":[],"picked":"Flash of Steel","floor":39},{"not_picked":[],"picked":"Trip","floor":39},{"not_picked":[],"picked":"Barrage","floor":40},{"not_picked":["TH:ArmorSpikes"],"picked":"SKIP","floor":41},{"not_picked":["True Grit"],"picked":"SKIP","floor":41},{"not_picked":[],"picked":"TH:DeckOfManyThings","floor":43},{"not_picked":[],"picked":"TH:ElvenBoots","floor":44},{"not_picked":[],"picked":"Chaos","floor":44},{"not_picked":[],"picked":"Crippling Poison","floor":45},{"not_picked":[],"picked":"EmptyFist+1","floor":46},{"not_picked":[],"picked":"Dual Wield","floor":47},{"not_picked":["TH:Mimic"],"picked":"SKIP","floor":47},{"not_picked":[],"picked":"Cleave+1","floor":48},{"not_picked":[],"picked":"Leap+1","floor":49}],"player_experience":127006,"relics_obtained":[{"floor":4.0,"key":"Ring of Hypnosis"},{"floor":10.0,"key":"Dream Catcher"},{"floor":13.0,"key":"Bottled Tornado"},{"floor":23.0,"key":"FossilizedHelix"},{"floor":25.0,"key":"Snack Pack"},{"floor":26.0,"key":"Bottled Flame"},{"floor":28.0,"key":"Tingsha"},{"floor":43,"key":"White Beast Statue"},{"floor":44,"key":"Replay:Bottled Steam"},{"floor":47,"key":"Regal Pillow"}],"event_choices":[{"damage_healed":0.0,"max_hp_gain":0.0,"max_hp_loss":0.0,"gold_gain":0.0,"event_name":"Shining Light","player_choice":"Ignored","floor":5.0,"gold_loss":0.0,"damage_taken":0.0},{"damage_healed":0,"gold_gain":0,"player_choice":"Memory 3","damage_taken":10,"max_hp_gain":0,"max_hp_loss":0,"event_name":"SensoryStone","floor":39,"gold_loss":0},{"cards_removed":["Blind"],"damage_healed":0,"gold_gain":0,"player_choice":"Removed Skill","damage_taken":0,"max_hp_gain":0,"max_hp_loss":0,"event_name":"Falling","floor":42,"gold_loss":0}],"is_beta":false,"boss_relics":[{"not_picked":["Replay:Bronze Core","SlaversCollar"],"picked":"Replay:Grab Bag"},{"not_picked":["Runic Dome","Velvet Choker"],"picked":"Fusion Hammer"},{"not_picked":["Painkiller Herb","ReplayTheSpireMod:Onyx Gauntlets"],"picked":"Replay:Wanted Poster"},{"not_picked":["Calling Bell","Replay:Drink Me"],"picked":"Ring of Chaos"},{"not_picked":["HoveringKite","Kintsugi"],"picked":"Tiny House"}],"items_purged_floors":[],"is_endless":false,"potions_floor_spawned":[1,3,10,14,16,23,25,33,37,44,45,47,48],"killed_by":"Time Eater","ascension_level":5}}