{"host":"o9lehcdjc4u6j9un","time":1614157042,"event":{"mods":["Aspiration","BaseMod","Better-Laid Plans","Bossed Relics","Colored Map","Koishi","Marisa£®ÏF”Í°°ƒß¿Ì…≥£©","Minty Spire (QoL Compilation)","Reimu£®≤©¿ˆ¡È√Œ£©","Remilia£®¿Ÿ√◊¿Ú—«£©","StSLib","The Senshi","The Servant 0.9.4","Yakumo Yukari mod","Youmu£®ªÍ∆«—˝√Œ£©"],"gold_per_floor":[112,12,31,42,57,57,67,67,67],"floor_reached":8,"language":"ZHS","playtime":1167,"items_purged":["Strike_S"],"score":50,"play_id":"0185f569-d823-4c61-b97d-9b781147b2e8","local_time":"20210224165722","is_ascension_mode":false,"campfire_choices":[{"data":"Barrier","floor":6,"key":"SMITH"}],"circlet_count":0,"master_deck":["Strike_S","Strike_S","Strike_S","Defend_S","Defend_S","Defend_S","Defend_S","KidneyShot","Exchange","Panacea","Spin","Rearm","SpecialFormula","Barrier+1","DualDimension","Rewind"],"relics":["Uniform"],"acts_visited":["Exordium"],"potions_floor_usage":[7],"damage_taken":[{"damage":8,"enemies":"Jaw Worm","floor":1,"turns":5},{"damage":5,"enemies":"2 Louse","floor":3,"turns":2},{"damage":0,"enemies":"Small Slimes","floor":4,"turns":2},{"damage":0,"enemies":"Gremlin Gang","floor":5,"turns":2},{"damage":1,"enemies":"Large Slime","floor":7,"turns":10},{"damage":3,"enemies":"3 Sentries","floor":8,"turns":4}],"seed_played":"3159850092520608196","potions_obtained":[{"floor":3,"key":"Dexterity Potion"},{"floor":5,"key":"LiquidMemories"},{"floor":7,"key":"Ancient Potion"}],"is_trial":false,"path_per_floor":["M","$","M","M","M","R","M","E"],"character_chosen":"THE_SERVANT","items_purchased":["Rearm"],"campfire_rested":0,"item_purchase_floors":[2],"current_hp_per_floor":[57,57,52,52,52,52,56,58,58],"gold":67,"neow_bonus":"RANDOM_COLORLESS","is_daily":false,"chose_seed":false,"campfire_upgraded":1,"win_rate":0.0,"timestamp":1614157042,"path_taken":["M","$","M","M","M","R","M","E"],"items_purchased_type":["Card"],"build_version":"2020-12-22","purchased_purges":1,"victory":false,"max_hp_per_floor":[65,65,65,65,65,65,65,65,65],"card_choices":[{"not_picked":["Flash of Steel","Good Instincts"],"picked":"Panacea","floor":0},{"not_picked":["Defy","Revamp"],"picked":"Spin","floor":1},{"not_picked":["Sabotage","Rearm"],"picked":"SpecialFormula","floor":3},{"not_picked":["Revamp","Alleviate"],"picked":"Barrier","floor":4},{"not_picked":["Rearm","Contraction"],"picked":"DualDimension","floor":5},{"not_picked":["Rearm","ShiftingGears"],"picked":"Rewind","floor":7}],"player_experience":174932,"relics_obtained":[],"event_choices":[],"is_beta":false,"boss_relics":[],"items_purged_floors":[2],"is_endless":false,"potions_floor_spawned":[3,5,7],"killed_by":"3 Sentries","ascension_level":0}}