{"host":"y087t2reloz9bi43","time":1614170257,"event":{"mods":["2.2 Compatiblity","AchievementEnabler","Aspiration","BaseMod","Bestiary","Better Note","Better Vampires","BetterRewards","ChefMod","Colored Map","Colored Powertips","Conspire","Downfall","GifTheSpireLib","Gold Saver","Halation","Hubris","Infinite Spire","Jedi Mod","Mimic Mod","Minty Spire (QoL Compilation)","Permanent Neow","Rare Cards Sparkle","Relic Stats","Reliquary","Replay The Spire","Shop Mod","StSLib","The Runesmith","The Servant 0.9.4","TheFirefly","Transform Curses","Uncapped","everything is the same but u backflip on backflip"],"gold_per_floor":[582,594,594,609,623,652,686,386,415,415,515,515,549,549,560,665,665,665,684,704,704,714,699,722,722,753,767,767,792,792,811,822,822,822,822],"floor_reached":33,"language":"ENG","playtime":4223,"items_purged":["Injury"],"score":420,"play_id":"9fbbaf7b-2a4e-414c-a966-49ee98366d71","local_time":"20210224123737","is_ascension_mode":true,"campfire_choices":[{"floor":1.0,"key":"RECALL"},{"data":"hexamod:CatchUp","floor":8.0,"key":"SMITH"},{"data":"hexamod:GiftsFromTheDead","floor":18.0,"key":"SMITH"},{"data":"hexamod:TurnItUp","floor":30,"key":"SMITH"}],"circlet_count":0,"master_deck":["conspire:GhostlyStrike","conspire:GhostlyStrike","conspire:GhostlyStrike","conspire:GhostlyStrike","conspire:GhostlyDefend","conspire:GhostlyDefend","conspire:GhostlyDefend","conspire:GhostlyDefend","hexamod:Float+1","hexamod:ThirdSeal","hexamod:BacktrackSmack","hexamod:CatchUp+1","hexamod:FirstSeal","hexamod:Hexaguard","hexamod:CatchUp+1","hexamod:TurnItUp+1","hexamod:SkipABeat+1","hexamod:BacktrackSmack","hexamod:PhantomCloak","hexamod:ApocalypseNow+1","hexamod:FastForward+1","hexamod:GiftsFromTheDead+1","hexamod:FlameSwitch+1","hexamod:FastForward+1","hexamod:CatchUp+1","hexamod:Haunt+1","hexamod:SkipABeat+1","hexamod:FastForward+1","hexamod:StepThrough+1","hexamod:UnleashSpirits","hexamod:CatchUp+1","hexamod:FastForward+1","hexamod:CatchUp+1","hexamod:AdvancingGuard+1"],"relics":["hexamod:SpiritBrand","infinitespire:Bottled Soul","downfall:HeartBlessingBlue","downfall:HeartBlessingRed","downfall:HeartBlessingGreen","Oddly Smooth Stone","Ring of Searing","Ring of Fangs","aspiration:ChemicalBlood","Toxic Egg 2","jedi:hotpepper","hexamod:IceCube","conspire:Dentures","jedi:cryingmask","hexamod:CandleOfCauterizing","Peace Pipe"],"acts_visited":["Exordium","TheCity"],"potions_floor_usage":[29,33,33,33],"damage_taken":[{"damage":1.0,"enemies":"Jaw Worm","floor":2.0,"turns":3.0},{"damage":1.0,"enemies":"Cultist","floor":4.0,"turns":3.0},{"damage":0.0,"enemies":"conspire:RoseBush","floor":5.0,"turns":3.0},{"damage":15.0,"enemies":"Replay:BlueRogue","floor":6.0,"turns":7.0},{"damage":0.0,"enemies":"Large Slime","floor":7.0,"turns":6.0},{"damage":1.0,"enemies":"Lagavulin","floor":9.0,"turns":6.0},{"damage":30.0,"enemies":"downfall:Heads","floor":11.0,"turns":9.0},{"damage":6.0,"enemies":"Replay:BlueRogue","floor":13.0,"turns":4.0},{"damage":0.0,"enemies":"Large Slime","floor":15.0,"turns":4.0},{"damage":9.0,"enemies":"WA_ARCHETYPE_RETAIN","floor":16.0,"turns":5.0},{"damage":15.0,"enemies":"Chosen","floor":19.0,"turns":4.0},{"damage":10.0,"enemies":"3 Byrds","floor":20.0,"turns":4.0},{"damage":17.0,"enemies":"Shelled Parasite and Fungi","floor":22.0,"turns":5.0},{"damage":0.0,"enemies":"downfall:FleeingMerchant","floor":23.0,"turns":4.0},{"damage":29.0,"enemies":"Slavers","floor":26.0,"turns":4.0},{"damage":2.0,"enemies":"conspire:HollyBat","floor":27.0,"turns":6.0},{"damage":13,"enemies":"conspire:SneckoGhost","floor":29,"turns":4},{"damage":7,"enemies":"Centurion and Healer","floor":31,"turns":6},{"damage":6,"enemies":"Snake Plant","floor":32,"turns":3},{"damage":26,"enemies":"IC_MUSHROOM_ARCHETYPE","floor":33,"turns":4}],"seed_played":"-6860312277490587094","potions_obtained":[{"floor":2.0,"key":"Dexterity Potion"},{"floor":3.0,"key":"EssenceOfSteel"},{"floor":3.0,"key":"Milkshake"},{"floor":3.0,"key":"Flashbang"},{"floor":6.0,"key":"sneckomod:MuddlingPotion"},{"floor":9.0,"key":"BlessingOfTheForge"},{"floor":15.0,"key":"DistilledChaos"},{"floor":22.0,"key":"Languid Potion"},{"floor":29,"key":"Guardian:BlockOnCardUsePotion"},{"floor":31,"key":"ColorlessPotion"}],"is_trial":false,"path_per_floor":["R","M","?","M","M","E","MIM","R","E","?","?","?","E","?","M","B",null,"R_BF","M","M","AVR","M","$","T","?","E","M","?","E","R","M","M","B"],"character_chosen":"THE_SPIRIT","items_purchased":[],"campfire_rested":0,"item_purchase_floors":[],"current_hp_per_floor":[70,69,69,68,68,60,67,77,80,80,57,57,58,58,65,56,60,60,52,49,49,39,46,46,46,24,29,29,23,23,23,17,0,0,0],"gold":822,"neow_bonus":"UPGRADE_CARD","is_daily":false,"chose_seed":false,"campfire_upgraded":3,"win_rate":0.0,"timestamp":1614170257,"path_taken":["R","M","?","M","?","E","MIM","R","E","?","?","?","E","?","M","BOSS","R_BF","M","M","AVR","M","$","T","?","E","?","?","E","R","M","M","BOSS"],"items_purchased_type":[],"build_version":"2020-12-22","purchased_purges":1,"victory":false,"max_hp_per_floor":[70,70,70,70,70,70,70,80,80,80,80,80,80,80,80,80,60,60,60,60,60,60,60,60,60,60,60,60,60,60,60,60,60,60,60],"relic_stats":{"Peace Pipe":0,"counters":[20,94],"obtain_stats":[{"conspire:Dentures":21,"hexamod:CandleOfCauterizing":26,"downfall:HeartBlessingRed":8,"Oddly Smooth Stone":9,"downfall:HeartBlessingGreen":8,"Ring of Searing":10,"Peace Pipe":29,"Ring of Fangs":10,"jedi:hotpepper":17,"infinitespire:Bottled Soul":6,"downfall:HeartBlessingBlue":8,"jedi:cryingmask":24,"Toxic Egg 2":14,"hexamod:SpiritBrand":0,"hexamod:IceCube":21,"aspiration:ChemicalBlood":13},{"conspire:Dentures":12,"hexamod:CandleOfCauterizing":15,"downfall:HeartBlessingRed":5,"Oddly Smooth Stone":6,"downfall:HeartBlessingGreen":5,"Ring of Searing":6,"Peace Pipe":17,"Ring of Fangs":6,"jedi:hotpepper":10,"infinitespire:Bottled Soul":4,"downfall:HeartBlessingBlue":5,"jedi:cryingmask":14,"Toxic Egg 2":8,"hexamod:SpiritBrand":0,"hexamod:IceCube":12,"aspiration:ChemicalBlood":8},{"conspire:Dentures":58,"hexamod:CandleOfCauterizing":71,"downfall:HeartBlessingRed":22,"Oddly Smooth Stone":28,"downfall:HeartBlessingGreen":22,"Ring of Searing":28,"Peace Pipe":81,"Ring of Fangs":28,"jedi:hotpepper":50,"infinitespire:Bottled Soul":16,"downfall:HeartBlessingBlue":22,"jedi:cryingmask":67,"Toxic Egg 2":41,"hexamod:SpiritBrand":0,"hexamod:IceCube":58,"aspiration:ChemicalBlood":41}]},"card_choices":[{"not_picked":["hexamod:NecessarySacrifice","hexamod:InspiringFlames"],"picked":"hexamod:ThirdSeal","floor":2.0},{"not_picked":["hexamod:HeatMetal","hexamod:PhantomFireball"],"picked":"hexamod:BacktrackSmack","floor":4.0},{"not_picked":["hexamod:ThirdSeal","hexamod:FlamesFromBeyond"],"picked":"hexamod:CatchUp","floor":4.0},{"not_picked":["hexamod:SkipABeat","hexamod:RainOfEmbers"],"picked":"hexamod:FirstSeal","floor":5.0},{"not_picked":["hexamod:RadiantFlame","hexamod:SpectersWail"],"picked":"hexamod:Hexaguard","floor":5.0},{"not_picked":["hexamod:DynamicBlow","hexamod:RainOfEmbers","hexamod:ThermalTransfer"],"picked":"SKIP","floor":6.0},{"not_picked":["hexamod:BurningTouch","hexamod:VolcanoVisage","hexamod:NightmareGuise"],"picked":"SKIP","floor":6.0},{"not_picked":["hexamod:GhostShield","hexamod:EtherealExpedition"],"picked":"hexamod:CatchUp","floor":7.0},{"not_picked":["hexamod:NightmareStrike","hexamod:EtherealExpedition","hexamod:AdvancingGuard"],"picked":"SKIP","floor":9.0},{"not_picked":["hexamod:SpectralSpark","hexamod:SoulSteal","hexamod:Firestarter"],"picked":"SKIP","floor":9.0},{"not_picked":["hexamod:PhantomFireball","hexamod:Again"],"picked":"hexamod:SkipABeat","floor":11.0},{"not_picked":["hexamod:RadiantFlame","hexamod:EtherealExpedition"],"picked":"hexamod:BacktrackSmack","floor":11.0},{"not_picked":["hexamod:SpectralSpark","hexamod:HeatCrush"],"picked":"hexamod:PhantomCloak","floor":13.0},{"not_picked":["hexamod:NightmareGuise","hexamod:HeatCrush","hexamod:AdvancingGuard"],"picked":"SKIP","floor":13.0},{"not_picked":["hexamod:GhostOfSpireFuture","hexamod:NightmareGuise+1"],"picked":"hexamod:ApocalypseNow+1","floor":15.0},{"not_picked":["hexamod:AdvancingGuard+1","hexamod:NightmareStrike"],"picked":"hexamod:FastForward+1","floor":15.0},{"not_picked":["hexamod:FlameSwitch+1","hexamod:UnlimitedPower+1"],"picked":"hexamod:GiftsFromTheDead","floor":16.0},{"not_picked":["hexamod:TimeOfNeed+1","hexamod:GhostOfSpirePresent"],"picked":"hexamod:FlameSwitch+1","floor":16.0},{"not_picked":["hexamod:SwordOfDarkness","hexamod:Hexaguard+1"],"picked":"hexamod:FastForward+1","floor":19.0},{"not_picked":["hexamod:Again+1","hexamod:RainOfEmbers","hexamod:ShieldOfDarkness+1"],"picked":"SKIP","floor":19.0},{"not_picked":["hexamod:GhostLash+1","hexamod:HeatShield+1"],"picked":"hexamod:CatchUp+1","floor":20.0},{"not_picked":["hexamod:SwordOfDarkness+1","hexamod:NightmareGuise+1"],"picked":"hexamod:Haunt+1","floor":22.0},{"not_picked":["hexamod:Incineration+1","hexamod:BurningTouch+1","hexamod:FirstSeal"],"picked":"SKIP","floor":22.0},{"not_picked":["hexamod:Incineration","hexamod:SpectersWail+1"],"picked":"hexamod:SkipABeat+1","floor":23.0},{"not_picked":["hexamod:ShieldOfDarkness+1","hexamod:GhostLash","hexamod:FlamesFromBeyond+1"],"picked":"SKIP","floor":23.0},{"not_picked":["hexamod:Firestarter+1","hexamod:SkipABeat+1"],"picked":"hexamod:FastForward+1","floor":26.0},{"not_picked":["hexamod:InspiringFlames+1","hexamod:NecessarySacrifice+1"],"picked":"hexamod:StepThrough+1","floor":26.0},{"not_picked":["hexamod:HeatMetal","hexamod:GhostLash"],"picked":"hexamod:UnleashSpirits","floor":27.0},{"not_picked":["hexamod:HeatCrush","hexamod:SuperheatedStrike","hexamod:GhostLash"],"picked":"SKIP","floor":27.0},{"not_picked":["hexamod:ApocalypticArmor","hexamod:RadiantFlame+1"],"picked":"hexamod:CatchUp+1","floor":29},{"not_picked":["hexamod:SpectersWail+1","hexamod:PhantomCloak","hexamod:FlamesFromBeyond+1"],"picked":"SKIP","floor":29},{"not_picked":["hexamod:SwordOfDarkness","hexamod:BurningTouch+1"],"picked":"hexamod:FastForward+1","floor":31},{"not_picked":["hexamod:WildfireWeapon","hexamod:GhostLash"],"picked":"hexamod:CatchUp+1","floor":31},{"not_picked":["hexamod:ThermalTransfer","hexamod:SwordOfDarkness+1"],"picked":"hexamod:AdvancingGuard+1","floor":32}],"player_experience":374184,"relics_obtained":[{"floor":6.0,"key":"infinitespire:Bottled Soul"},{"floor":9.0,"key":"Oddly Smooth Stone"},{"floor":10.0,"key":"Ring of Searing"},{"floor":10.0,"key":"Ring of Fangs"},{"floor":13.0,"key":"aspiration:ChemicalBlood"},{"floor":24.0,"key":"jedi:cryingmask"},{"floor":26.0,"key":"hexamod:CandleOfCauterizing"},{"floor":29,"key":"Peace Pipe"}],"event_choices":[{"damage_healed":0.0,"max_hp_gain":0.0,"max_hp_loss":0.0,"gold_gain":0.0,"event_name":"Lab","player_choice":"Got Potions","floor":3.0,"gold_loss":0.0,"damage_taken":0.0},{"damage_healed":0.0,"max_hp_gain":0.0,"max_hp_loss":0.0,"gold_gain":0.0,"event_name":"conspire:LoneGhost","player_choice":"Agree","floor":12.0,"gold_loss":0.0,"damage_taken":0.0},{"damage_healed":0.0,"max_hp_gain":0.0,"max_hp_loss":0.0,"gold_gain":0.0,"event_name":"Accursed Blacksmith","player_choice":"Forge","floor":25.0,"gold_loss":0.0,"damage_taken":0.0,"cards_upgraded":["hexamod:SkipABeat"]}],"is_beta":false,"boss_relics":[{"not_picked":["Abe\u0027s Treasure","aspiration:MobileForge"],"picked":"jedi:hotpepper"}],"items_purged_floors":[21],"is_endless":false,"potions_floor_spawned":[2,6,9,11,15,19,27,31,32],"killed_by":"IC_MUSHROOM_ARCHETYPE","ascension_level":1}}