{"host":"r3islh0l1a1ykxfu","time":1614190042,"event":{"mods":["BaseMod","Bestiary","Colored Map","Colored Powertips","Highlight Path","Minty Spire (QoL Compilation)","Relic Stats","Slay-I","StSLib","Weighted Paths"],"gold_per_floor":[117,136,152,166,178,191,204,204,228,228,253,428,428,428,428,532,532,546,23,23,23,46,46,46,46],"floor_reached":24,"language":"ENG","playtime":2908,"items_purged":[],"score":235,"play_id":"fde05000-a2ba-4c29-91e8-9aff4ad8d5f0","local_time":"20210224120722","is_ascension_mode":true,"campfire_choices":[{"data":"Consume","floor":8.0,"key":"SMITH"},{"floor":10.0,"key":"REST"},{"floor":13.0,"key":"REST"},{"data":"Defragment","floor":15.0,"key":"SMITH"},{"floor":23,"key":"REST"}],"circlet_count":0,"master_deck":["Strike_B","Strike_B","Strike_B","Strike_B","Defend_B","Defend_B","Zap","Dualcast","Ball Lightning","Leap","Ball Lightning","Go for the Eyes","Beam Cell","Auto Shields","Consume+1","Defragment+1","Electrodynamics","Streamline+1","Consume"],"relics":["Sozu","Omamori","Bottled Lightning","Empty Cage","Runic Capacitor","Blood Vial","Pen Nib","Enchiridion","Vajra"],"acts_visited":["Exordium","TheCity"],"potions_floor_usage":[],"damage_taken":[{"damage":2.0,"enemies":"2 Louse","floor":1.0,"turns":2.0},{"damage":2.0,"enemies":"Jaw Worm","floor":2.0,"turns":3.0},{"damage":0.0,"enemies":"Small Slimes","floor":3.0,"turns":3.0},{"damage":8.0,"enemies":"Blue Slaver","floor":4.0,"turns":3.0},{"damage":10.0,"enemies":"Large Slime","floor":5.0,"turns":4.0},{"damage":5.0,"enemies":"2 Fungi Beasts","floor":6.0,"turns":3.0},{"damage":0.0,"enemies":"Looter","floor":7.0,"turns":3.0},{"damage":35.0,"enemies":"3 Sentries","floor":11.0,"turns":7.0},{"damage":38.0,"enemies":"Hexaghost","floor":16.0,"turns":8.0},{"damage":32.0,"enemies":"2 Thieves","floor":18.0,"turns":3.0},{"damage":41,"enemies":"Book of Stabbing","floor":24,"turns":3}],"seed_played":"2110843458732890541","potions_obtained":[],"is_trial":false,"path_per_floor":["M","M","M","M","M","M","M","R","T","R","E","?","R","?","R","B",null,"M","$","?","?","T","R","E"],"character_chosen":"DEFECT","items_purchased":["Runic Capacitor","Blood Vial","Pen Nib","Consume"],"campfire_rested":3,"item_purchase_floors":[19,19,19,19],"current_hp_per_floor":[73,71,71,63,53,48,48,48,48,70,35,35,57,75,75,37,75,43,43,27,13,13,37,0,0],"gold":46,"neow_bonus":"BOSS_RELIC","is_daily":false,"chose_seed":false,"campfire_upgraded":2,"win_rate":0.0,"timestamp":1614190042,"path_taken":["M","M","M","M","M","M","M","R","T","R","E","?","R","?","R","BOSS","M","$","?","?","?","R","E"],"items_purchased_type":["Relic","Relic","Relic","Card"],"build_version":"2020-12-22","purchased_purges":0,"victory":false,"max_hp_per_floor":[75,75,75,75,75,75,75,75,75,75,75,75,75,75,75,75,75,75,75,75,80,80,80,80,80],"relic_stats":{"Sozu":4,"Blood Vial":2,"counters":[11,42],"Pen Nib":[0],"obtain_stats":[{"Sozu":0,"Blood Vial":19,"Enchiridion":20,"Vajra":22,"Pen Nib":19,"Omamori":9,"Runic Capacitor":19,"Bottled Lightning":11,"Cracked Core":0,"Empty Cage":17},{"Sozu":0,"Blood Vial":10,"Enchiridion":10,"Vajra":10,"Pen Nib":10,"Omamori":7,"Runic Capacitor":10,"Bottled Lightning":8,"Cracked Core":0,"Empty Cage":9},{"Sozu":0,"Blood Vial":39,"Enchiridion":39,"Vajra":39,"Pen Nib":39,"Omamori":21,"Runic Capacitor":39,"Bottled Lightning":28,"Cracked Core":0,"Empty Cage":36}]},"card_choices":[{"not_picked":["BootSequence","Coolheaded"],"picked":"Ball Lightning","floor":1.0},{"not_picked":["Redo","Rebound"],"picked":"Leap","floor":2.0},{"not_picked":["Scrape","Reinforced Body"],"picked":"Ball Lightning","floor":3.0},{"not_picked":["Rip and Tear","Chill"],"picked":"Go for the Eyes","floor":4.0},{"not_picked":["Go for the Eyes","Sweeping Beam"],"picked":"Beam Cell","floor":5.0},{"not_picked":["Sunder","Reinforced Body"],"picked":"Auto Shields","floor":6.0},{"not_picked":["Ball Lightning","Cold Snap"],"picked":"Consume","floor":7.0},{"not_picked":["Thunder Strike","Skim"],"picked":"Defragment","floor":11.0},{"not_picked":["Creative AI","Thunder Strike"],"picked":"Electrodynamics","floor":16.0},{"not_picked":["Redo+1","Storm"],"picked":"Streamline+1","floor":18}],"player_experience":1413849,"relics_obtained":[{"floor":9.0,"key":"Omamori"},{"floor":11.0,"key":"Bottled Lightning"},{"floor":20,"key":"Enchiridion"},{"floor":22,"key":"Vajra"}],"event_choices":[{"damage_healed":0.0,"max_hp_gain":0.0,"max_hp_loss":0.0,"gold_gain":175.0,"event_name":"Liars Game","player_choice":"AGREE","floor":12.0,"gold_loss":0.0,"damage_taken":0.0,"cards_obtained":["Doubt"]},{"damage_healed":18.0,"max_hp_gain":0.0,"max_hp_loss":0.0,"gold_gain":0.0,"event_name":"Mushrooms","player_choice":"Healed and dodged fight","floor":14.0,"gold_loss":0.0,"damage_taken":0.0,"cards_obtained":["Parasite"]},{"damage_healed":0,"gold_gain":0,"player_choice":"Obtained Book","damage_taken":16,"max_hp_gain":0,"max_hp_loss":0,"event_name":"Cursed Tome","floor":20,"gold_loss":0},{"damage_healed":0,"gold_gain":0,"player_choice":"Shed Blood","damage_taken":19,"max_hp_gain":5,"max_hp_loss":0,"event_name":"Forgotten Altar","floor":21,"gold_loss":0}],"is_beta":false,"boss_relics":[{"not_picked":["Busted Crown","SacredBark"],"picked":"Empty Cage"}],"items_purged_floors":[],"is_endless":false,"potions_floor_spawned":[1,2,11,18],"killed_by":"Book of Stabbing","ascension_level":4}}