{"host":"e0rtortnmozl44qq","time":1614161772,"event":{"mods":["AchievementEnabler","Act Like it!","BaseMod","Colored Map","Highlight Path","Marisa????????","Minty Spire (QoL Compilation)","Permanent Neow","StSLib","SuperFastMode"],"gold_per_floor":[117,117,131,141,141,141,158,158,207,218,218,218,183,199,199,328,328,341,40,40,60,81,81,81,107,107,107,128,128,169,84,84,212,212,232,295,628,644,644,644,662,364,364,391,403,432,432,446,446,446],"floor_reached":51,"language":"ENG","playtime":1368,"items_purged":["Strike_R","Strike_R"],"score":1206,"play_id":"5773f842-401d-4950-9a7c-56dde5116a95","local_time":"20210224111612","is_ascension_mode":true,"campfire_choices":[{"data":"Defend_R","floor":6.0,"key":"SMITH"},{"data":"Defend_R","floor":11.0,"key":"SMITH"},{"data":"Defend_R","floor":15.0,"key":"SMITH"},{"data":"Barricade","floor":23,"key":"SMITH"},{"data":"Body Slam","floor":27,"key":"SMITH"},{"floor":29,"key":"REST"},{"floor":32,"key":"REST"},{"data":"Strike_R","floor":40,"key":"PURGE"},{"data":"Bash+1","floor":47,"key":"PURGE"},{"floor":49,"key":"REST"}],"circlet_count":0,"master_deck":["Defend_R+1","Defend_R+1","Defend_R+1","Defend_R+1","Barricade+1","Entrench+1","Body Slam+1","Shrug It Off+1","Juggernaut+1","Battle Trance+1","Madness+1","Madness+1","Entrench+1"],"relics":["Burning Blood","Bronze Scales","Dream Catcher","SacredBark","War Paint","PreservedInsect","Frozen Egg 2","HornCleat","Toxic Egg 2","Peace Pipe","Lantern","Orichalcum","Anchor","Pear"],"acts_visited":["Exordium","TheCity","TheBeyond"],"potions_floor_usage":[30,35,44,45,50,50,50],"damage_taken":[{"damage":7.0,"enemies":"2 Louse","floor":1.0,"turns":3.0},{"damage":9.0,"enemies":"Jaw Worm","floor":3.0,"turns":5.0},{"damage":1.0,"enemies":"Cultist","floor":4.0,"turns":3.0},{"damage":37.0,"enemies":"Exordium Thugs","floor":7.0,"turns":8.0},{"damage":2.0,"enemies":"2 Fungi Beasts","floor":10.0,"turns":4.0},{"damage":3.0,"enemies":"Looter","floor":14.0,"turns":4.0},{"damage":21.0,"enemies":"The Guardian","floor":16.0,"turns":15.0},{"damage":19.0,"enemies":"Shell Parasite","floor":18.0,"turns":14.0},{"damage":12,"enemies":"Chosen","floor":21,"turns":9},{"damage":33,"enemies":"Shelled Parasite and Fungi","floor":22,"turns":17},{"damage":0,"enemies":"3 Cultists","floor":28,"turns":4},{"damage":20,"enemies":"Gremlin Leader","floor":30,"turns":4},{"damage":0,"enemies":"Automaton","floor":33,"turns":7},{"damage":0,"enemies":"3 Darklings","floor":35,"turns":5},{"damage":0,"enemies":"Mind Bloom Boss Battle","floor":36,"turns":7},{"damage":0,"enemies":"Orb Walker","floor":38,"turns":5},{"damage":8,"enemies":"Maw","floor":41,"turns":6},{"damage":4,"enemies":"Giant Head","floor":44,"turns":3},{"damage":0,"enemies":"4 Shapes","floor":45,"turns":5},{"damage":0,"enemies":"Nemesis","floor":46,"turns":5},{"damage":0,"enemies":"Writhing Mass","floor":48,"turns":2},{"damage":14,"enemies":"Time Eater","floor":50,"turns":5}],"seed_played":"7868119605569963605","potions_obtained":[{"floor":1.0,"key":"FearPotion"},{"floor":14.0,"key":"EssenceOfSteel"},{"floor":16.0,"key":"LiquidMemories"},{"floor":18.0,"key":"Fruit Juice"},{"floor":22,"key":"LiquidBronze"},{"floor":33,"key":"ColorlessPotion"},{"floor":36,"key":"LiquidBronze"},{"floor":38,"key":"PowerPotion"},{"floor":44,"key":"Explosive Potion"},{"floor":46,"key":"BlessingOfTheForge"},{"floor":48,"key":"DuplicationPotion"}],"is_trial":false,"path_per_floor":["M","?","M","M","?","R","M","T","T","M","R","?","?","M","R","B",null,"M","$","?","M","M","R","?","T","T","R","M","R","E","?","R","B",null,"M","?","?","M","?","R","M","$","T","E","M","E","R","M","R","B",null],"character_chosen":"IRONCLAD","items_purchased":["Entrench","War Paint","Lantern","PowerPotion"],"campfire_rested":3,"item_purchase_floors":[19,19,42,42],"current_hp_per_floor":[71,71,68,73,73,73,42,42,42,46,46,26,46,49,49,34,69,66,66,66,60,33,33,33,33,33,33,39,66,52,52,79,85,89,90,90,90,90,79,79,77,77,77,79,85,100,100,100,100,92],"gold":446,"neow_bonus":"UPGRADE_CARD","is_daily":false,"chose_seed":false,"campfire_upgraded":5,"win_rate":0.0,"timestamp":1614161772,"path_taken":["M","?","M","M","?","R","?","?","T","M","R","?","?","M","R","BOSS","M","$","?","M","M","R","?","?","T","R","M","R","E","?","R","BOSS","M","?","?","M","?","R","M","$","T","E","M","E","R","M","R","BOSS"],"items_purchased_type":["Card","Relic","Relic","Potion"],"build_version":"2020-12-22","purchased_purges":2,"victory":true,"max_hp_per_floor":[80,80,80,80,80,80,80,80,80,80,80,80,80,80,80,80,80,90,90,90,90,90,90,90,90,90,90,90,90,90,90,90,90,90,90,90,90,90,90,90,90,90,90,90,90,100,100,100,100,100],"card_choices":[{"not_picked":["Intimidate","Heavy Blade","True Grit"],"picked":"SKIP","floor":1.0},{"not_picked":["Hemokinesis","Flame Barrier","Evolve"],"picked":"SKIP","floor":3.0},{"not_picked":["Cleave","Warcry","Inflame"],"picked":"SKIP","floor":4.0},{"not_picked":["Searing Blow","Whirlwind","Perfected Strike"],"picked":"SKIP","floor":7.0},{"not_picked":["Feel No Pain","Wild Strike","Warcry"],"picked":"SKIP","floor":10.0},{"not_picked":["Clash","Blood for Blood","Headbutt"],"picked":"SKIP","floor":14.0},{"not_picked":["Bludgeon","Demon Form"],"picked":"Barricade","floor":16.0},{"not_picked":["Thunderclap","Clash","Warcry"],"picked":"SKIP","floor":18.0},{"not_picked":["Pommel Strike","Clash","Demon Form"],"picked":"SKIP","floor":21},{"not_picked":["Ghostly Armor","Pommel Strike"],"picked":"Body Slam","floor":22},{"not_picked":["True Grit","Warcry","Reckless Charge"],"picked":"SKIP","floor":28},{"not_picked":["Warcry","Double Tap"],"picked":"Shrug It Off+1","floor":30},{"not_picked":["Limit Break+1","Feed"],"picked":"Juggernaut+1","floor":33},{"not_picked":["Infernal Blade+1","Combust+1","Cleave"],"picked":"SKIP","floor":35},{"not_picked":["Intimidate+1","Clothesline+1"],"picked":"Battle Trance+1","floor":38},{"not_picked":["Second Wind+1","Clash"],"picked":"Entrench+1","floor":41},{"not_picked":["Thunderclap","Dual Wield+1","Perfected Strike"],"picked":"SKIP","floor":44},{"not_picked":["Feel No Pain+1","Warcry+1","Armaments+1"],"picked":"SKIP","floor":45},{"not_picked":["Wild Strike+1","Clash+1","Thunderclap"],"picked":"SKIP","floor":46},{"not_picked":["Shrug It Off+1","Corruption+1","Heavy Blade"],"picked":"SKIP","floor":48}],"player_experience":92635,"relics_obtained":[{"floor":8.0,"key":"Bronze Scales"},{"floor":9.0,"key":"Dream Catcher"},{"floor":25,"key":"PreservedInsect"},{"floor":26,"key":"Frozen Egg 2"},{"floor":30,"key":"HornCleat"},{"floor":36,"key":"Peace Pipe"},{"floor":43,"key":"Orichalcum"},{"floor":44,"key":"Anchor"},{"floor":46,"key":"Pear"}],"event_choices":[{"damage_healed":0.0,"max_hp_gain":0.0,"max_hp_loss":0.0,"gold_gain":0.0,"event_name":"Liars Game","player_choice":"Ignored","floor":2.0,"gold_loss":0.0,"damage_taken":0.0},{"cards_removed":["Strike_R"],"damage_healed":0.0,"max_hp_gain":0.0,"max_hp_loss":0.0,"gold_gain":0.0,"event_name":"Purifier","player_choice":"Purged","floor":5.0,"gold_loss":0.0,"damage_taken":0.0},{"damage_healed":0.0,"max_hp_gain":0.0,"max_hp_loss":0.0,"gold_gain":0.0,"event_name":"Golden Idol","player_choice":"Take Damage","floor":12.0,"gold_loss":0.0,"damage_taken":20.0,"relics_obtained":["Golden Idol"]},{"damage_healed":20.0,"max_hp_gain":0.0,"max_hp_loss":0.0,"gold_gain":0.0,"event_name":"The Cleric","player_choice":"Healed","floor":13.0,"gold_loss":35.0,"damage_taken":0.0},{"damage_healed":0.0,"max_hp_gain":0.0,"max_hp_loss":0.0,"gold_gain":0.0,"event_name":"Ghosts","player_choice":"Ignored","floor":20.0,"gold_loss":0.0,"damage_taken":0.0},{"cards_removed":["Strike_R"],"damage_healed":0,"gold_gain":0,"player_choice":"Elegance","damage_taken":0,"max_hp_gain":0,"max_hp_loss":0,"event_name":"Back to Basics","floor":24,"gold_loss":0},{"damage_healed":0,"gold_gain":0,"player_choice":"Obtained Relic","damage_taken":0,"relics_obtained":["Toxic Egg 2"],"max_hp_gain":0,"max_hp_loss":0,"event_name":"Addict","floor":31,"gold_loss":85},{"damage_healed":0,"gold_gain":0,"player_choice":"Fight","damage_taken":0,"max_hp_gain":0,"max_hp_loss":0,"event_name":"MindBloom","floor":36,"gold_loss":0},{"damage_healed":0,"gold_gain":333,"player_choice":"Gave Idol","damage_taken":0,"max_hp_gain":0,"max_hp_loss":0,"event_name":"The Moai Head","floor":37,"relics_lost":["Golden Idol"],"gold_loss":0},{"damage_healed":0,"gold_gain":0,"player_choice":"Embrace Madness","damage_taken":11,"max_hp_gain":0,"max_hp_loss":0,"event_name":"Winding Halls","floor":39,"gold_loss":0,"cards_obtained":["Madness","Madness"]}],"is_beta":false,"boss_relics":[{"not_picked":["Runic Pyramid","Busted Crown"],"picked":"SacredBark"},{"not_picked":["Calling Bell","Fusion Hammer","Runic Dome"]}],"items_purged_floors":[19,42],"is_endless":false,"potions_floor_spawned":[1,14,16,18,22,33,36,38,44,46,48],"ascension_level":8}}