{"host":"61r95uy0hn86b9iu","time":1614147156,"event":{"mods":["AchievementEnabler","BaseMod","Better Vampires","BetterRewards","Colored Powertips","Hubris","Minty Spire (QoL Compilation)","Shop Mod","StSLib"],"gold_per_floor":[119,133,133,133,91,91,121,141,141,141,154,188,188,188,188,261,261,275,136,155,178,193,193,208,208,208,208,220,220,247,361,361,434,434,452,452,269,386,399,399,412,412,438,510,530,222,239,249,249,249,249,249,62,62,62],"floor_reached":54,"language":"ENG","playtime":1713,"items_purged":["Defend_B","Strike_B","Strike_B"],"score":1720,"play_id":"3b01533f-f6d5-4521-90a3-114aa11269b2","local_time":"20210224001236","is_ascension_mode":true,"campfire_choices":[{"floor":6.0,"key":"REST"},{"data":"Consume","floor":13.0,"key":"SMITH"},{"floor":15.0,"key":"REST"},{"floor":23.0,"key":"REST"},{"floor":25.0,"key":"REST"},{"floor":32.0,"key":"REST"},{"floor":40.0,"key":"RECALL"},{"floor":42.0,"key":"REST"},{"floor":49.0,"key":"REST"},{"floor":52.0,"key":"REST"}],"circlet_count":0,"master_deck":["AscendersBane","Strike_B","Defend_B+1","Defend_B","Defend_B","Zap","Dualcast","Conserve Battery+1","Doom and Gloom","Lockon+1","Consume+1","Coolheaded","Conserve Battery","Electrodynamics","Reinforced Body","Chill","Static Discharge","Seek","Leap+1","Defragment","Defragment"],"relics":["Cracked Core","Symbiotic Virus","Bottled Lightning","hubris:RunicObelisk","MerchantsRug","Nilry\u0027s Codex","hubris:Icosahedron","Pen Nib","Sozu","Orichalcum","OrangePellets","hubris:DeckOfHolding","Runic Capacitor"],"acts_visited":["Exordium","TheCity","TheBeyond","TheEnding"],"potions_floor_usage":[],"damage_taken":[{"damage":5.0,"enemies":"Jaw Worm","floor":1.0,"turns":3.0},{"damage":0.0,"enemies":"Small Slimes","floor":2.0,"turns":2.0},{"damage":8.0,"enemies":"Lagavulin","floor":7.0,"turns":5.0},{"damage":1.0,"enemies":"Cultist","floor":8.0,"turns":3.0},{"damage":8.0,"enemies":"Exordium Thugs","floor":11.0,"turns":3.0},{"damage":10.0,"enemies":"Gremlin Nob","floor":12.0,"turns":3.0},{"damage":13.0,"enemies":"Slime Boss","floor":16.0,"turns":5.0},{"damage":0.0,"enemies":"3 Byrds","floor":18.0,"turns":2.0},{"damage":29.0,"enemies":"Shell Parasite","floor":20.0,"turns":4.0},{"damage":28.0,"enemies":"Shelled Parasite and Fungi","floor":22.0,"turns":6.0},{"damage":0.0,"enemies":"Snecko","floor":24.0,"turns":4.0},{"damage":14.0,"enemies":"Cultist and Chosen","floor":28.0,"turns":7.0},{"damage":0.0,"enemies":"Gremlin Leader","floor":30.0,"turns":6.0},{"damage":13.0,"enemies":"Chosen and Byrds","floor":31.0,"turns":4.0},{"damage":37.0,"enemies":"Champ","floor":33.0,"turns":10.0},{"damage":20.0,"enemies":"Orb Walker","floor":35.0,"turns":3.0},{"damage":21.0,"enemies":"3 Darklings","floor":38.0,"turns":3.0},{"damage":14.0,"enemies":"4 Shapes","floor":39.0,"turns":5.0},{"damage":17.0,"enemies":"Spire Growth","floor":41.0,"turns":6.0},{"damage":44.0,"enemies":"Transient","floor":45.0,"turns":6.0},{"damage":9.0,"enemies":"Writhing Mass","floor":47.0,"turns":7.0},{"damage":5.0,"enemies":"3 Darklings","floor":48.0,"turns":3.0},{"damage":58.0,"enemies":"Donu and Deca","floor":50.0,"turns":9.0},{"damage":101,"enemies":"Shield and Spear","floor":54,"turns":5}],"seed_played":"-8947610582535275771","potions_obtained":[{"floor":2.0,"key":"ColorlessPotion"},{"floor":8.0,"key":"Weak Potion"},{"floor":11.0,"key":"SkillPotion"},{"floor":12.0,"key":"Fire Potion"},{"floor":18.0,"key":"Regen Potion"},{"floor":22.0,"key":"LiquidBronze"},{"floor":24.0,"key":"Ancient Potion"},{"floor":33.0,"key":"Energy Potion"}],"is_trial":false,"path_per_floor":["M","M","?","?","$","R","E","M","T","T","M","E","R","?","R","B",null,"M","$","M","T","M","R","M","R","T","?","M","?","E","M","R","B",null,"M","?","$","M","M","R","M","R","T","T","M","$","M","M","R","B",null,"R","$","E"],"character_chosen":"DEFECT","items_purchased":["Conserve Battery","Doom and Gloom","Defragment","MerchantsRug","OrangePellets","Regal Pillow","Defragment","Runic Capacitor"],"campfire_rested":8,"item_purchase_floors":[0,0,5,19,37,46,46,53],"current_hp_per_floor":[66,66,66,66,66,85,77,76,76,76,68,58,58,58,83,70,81,81,81,52,52,39,64,64,85,85,76,62,62,62,49,74,37,73,53,53,53,32,71,71,54,79,79,79,35,35,26,21,61,3,65,85,85,0,0],"gold":62,"neow_bonus":"","is_daily":false,"chose_seed":false,"campfire_upgraded":1,"win_rate":0.0,"timestamp":1614147156,"path_taken":["M","M","?","?","$","R","E","?","T","?","M","E","R","?","R","BOSS","M","$","M","?","M","R","M","R","T","?","M","?","E","M","R","BOSS","M","?","$","M","M","R","M","R","T","?","M","$","?","M","R","BOSS","R","$","E"],"items_purchased_type":["Card","Card","Card","Relic","Relic","Relic","Card","Relic"],"build_version":"2020-12-22","purchased_purges":3,"victory":false,"max_hp_per_floor":[85,85,85,85,85,85,85,85,85,85,85,85,85,85,85,85,85,85,85,85,85,85,85,85,85,85,85,85,85,85,85,85,85,85,85,85,85,85,85,85,85,85,85,85,85,85,85,85,85,85,85,85,85,85,85],"card_choices":[{"not_picked":["Barrage","Recycle"],"picked":"Lockon","floor":1.0},{"not_picked":["Streamline","BootSequence","Beam Cell"],"picked":"SKIP","floor":2.0},{"not_picked":["Go for the Eyes","Stack"],"picked":"Consume","floor":7.0},{"not_picked":["Go for the Eyes","Compile Driver"],"picked":"Coolheaded","floor":8.0},{"not_picked":["Go for the Eyes","Loop"],"picked":"Conserve Battery","floor":11.0},{"not_picked":["Compile Driver","Blizzard","Hologram"],"picked":"SKIP","floor":12.0},{"not_picked":["Reboot","hubris:Prefetch"],"picked":"Electrodynamics","floor":16.0},{"not_picked":["Cold Snap","Gash"],"picked":"Defragment","floor":18.0},{"not_picked":["Stack","Sweeping Beam","Go for the Eyes"],"picked":"SKIP","floor":20.0},{"not_picked":["Lockon","Ball Lightning"],"picked":"Reinforced Body","floor":22.0},{"not_picked":["Recycle","Ball Lightning"],"picked":"Chill","floor":24.0},{"not_picked":["Sweeping Beam+1","Chill","hubris:PowerSurge"],"picked":"SKIP","floor":28.0},{"not_picked":["Reinforced Body","Rebound"],"picked":"Static Discharge","floor":30.0},{"not_picked":["Ball Lightning","Streamline","Hello World"],"picked":"SKIP","floor":31.0},{"not_picked":["All For One","Multi-Cast"],"picked":"Seek","floor":33.0},{"not_picked":["Storm+1","Leap","Genetic Algorithm"],"picked":"SKIP","floor":35.0},{"not_picked":["Conserve Battery","Hello World","Cold Snap"],"picked":"SKIP","floor":38.0},{"not_picked":["Compile Driver","Rip and Tear","Conserve Battery"],"picked":"SKIP","floor":39.0},{"not_picked":["Redo+1","Beam Cell+1","Cold Snap"],"picked":"SKIP","floor":41.0},{"not_picked":["Cold Snap+1","Sweeping Beam+1"],"picked":"Leap+1","floor":45.0},{"not_picked":["hubris:Ukulele","Sweeping Beam"],"picked":"Defragment","floor":47.0},{"not_picked":["Storm+1","Fusion","Cold Snap"],"picked":"SKIP","floor":48.0}],"player_experience":3390720,"relics_obtained":[{"floor":7.0,"key":"Tiny Chest"},{"floor":9.0,"key":"Symbiotic Virus"},{"floor":10.0,"key":"Bottled Lightning"},{"floor":12.0,"key":"War Paint"},{"floor":21.0,"key":"hubris:TenFootPole"},{"floor":26.0,"key":"hubris:DuctTape"},{"floor":27.0,"key":"Nilry\u0027s Codex"},{"floor":30.0,"key":"Pen Nib"},{"floor":44.0,"key":"hubris:DeckOfHolding"}],"event_choices":[{"damage_healed":0.0,"max_hp_gain":0.0,"max_hp_loss":0.0,"gold_gain":0.0,"cards_transformed":["Strike_B"],"event_name":"Living Wall","player_choice":"Change","floor":3.0,"gold_loss":0.0,"damage_taken":0.0,"cards_obtained":["Melter"]},{"damage_healed":0.0,"max_hp_gain":0.0,"max_hp_loss":0.0,"gold_gain":0.0,"event_name":"Upgrade Shrine","player_choice":"Upgraded","floor":4.0,"gold_loss":0.0,"damage_taken":0.0,"cards_upgraded":["Lockon"]},{"damage_healed":0.0,"max_hp_gain":0.0,"max_hp_loss":0.0,"gold_gain":0.0,"event_name":"Liars Game","player_choice":"Ignored","floor":14.0,"gold_loss":0.0,"damage_taken":0.0},{"damage_healed":0.0,"max_hp_gain":0.0,"max_hp_loss":0.0,"gold_gain":0.0,"event_name":"Cursed Tome","player_choice":"Obtained Book","floor":27.0,"gold_loss":0.0,"damage_taken":21.0},{"cards_removed":["Melter"],"damage_healed":0.0,"max_hp_gain":0.0,"max_hp_loss":0.0,"gold_gain":0.0,"event_name":"WeMeetAgain","player_choice":"Gave Card","floor":36.0,"gold_loss":0.0,"damage_taken":0.0,"relics_obtained":["Orichalcum"]}],"is_beta":false,"boss_relics":[{"not_picked":["SlaversCollar","Astrolabe"],"picked":"hubris:RunicObelisk"},{"not_picked":["hubris:CrackedHourglass","Philosopher\u0027s Stone"],"picked":"Sozu"}],"items_purged_floors":[37,46,53],"is_endless":false,"potions_floor_spawned":[2,8,11,12,18,22,24,33,39,45],"killed_by":"Shield and Spear","ascension_level":19}}