{"host":"y080dcqw8fj32q7d","time":1614187690,"event":{"mods":["AchievementEnabler","BaseMod","Colored Map","Colored Powertips","DeckTracker","Minty Spire (QoL Compilation)","Relic Sorter"],"gold_per_floor":[113,38,38,55,68,68,101,101,127,159,179,179,179,195,195,195,195],"floor_reached":16,"language":"ENG","playtime":532,"items_purged":["Defend_R"],"score":116,"play_id":"0ccbb050-8dd0-472a-9cf0-9f1761cf46bd","local_time":"20210224202810","is_ascension_mode":true,"campfire_choices":[{"floor":6,"key":"RECALL"},{"floor":8,"key":"REST"},{"floor":13,"key":"REST"},{"data":"Shrug It Off","floor":15,"key":"SMITH"}],"circlet_count":0,"master_deck":["Strike_R","Strike_R","Strike_R","Strike_R","Defend_R","Defend_R","Defend_R","Bash","Pommel Strike","Shrug It Off+1"],"relics":["Burning Blood","NeowsBlessing","Regal Pillow","Torii","Happy Flower","Bag of Preparation"],"acts_visited":["Exordium"],"potions_floor_usage":[7,10,16],"damage_taken":[{"damage":0,"enemies":"Small Slimes","floor":1,"turns":1},{"damage":0,"enemies":"2 Louse","floor":4,"turns":1},{"damage":0,"enemies":"Cultist","floor":5,"turns":1},{"damage":20,"enemies":"Gremlin Nob","floor":7,"turns":4},{"damage":36,"enemies":"Lagavulin","floor":10,"turns":8},{"damage":28,"enemies":"Exordium Wildlife","floor":11,"turns":4},{"damage":0,"enemies":"2 Fungi Beasts","floor":14,"turns":3},{"damage":76,"enemies":"Hexaghost","floor":16,"turns":14}],"seed_played":"-6008914967802981850","potions_obtained":[{"floor":1,"key":"Fire Potion"},{"floor":7,"key":"BlessingOfTheForge"},{"floor":14,"key":"EssenceOfSteel"}],"is_trial":false,"path_per_floor":["M","$","?","M","M","R","E","R","T","E","M","?","R","M","R","B"],"character_chosen":"IRONCLAD","items_purchased":[],"campfire_rested":2,"item_purchase_floors":[],"current_hp_per_floor":[80,80,73,79,80,80,66,80,80,50,28,28,67,73,73,0,0],"gold":195,"neow_bonus":"THREE_ENEMY_KILL","is_daily":false,"chose_seed":false,"campfire_upgraded":1,"win_rate":0.0,"timestamp":1614187690,"path_taken":["M","$","?","M","M","R","E","R","T","E","M","?","R","?","R","BOSS"],"items_purchased_type":[],"build_version":"2020-12-22","purchased_purges":1,"victory":false,"max_hp_per_floor":[80,80,80,80,80,80,80,80,80,80,80,80,80,80,80,80,80],"card_choices":[{"not_picked":["Flex","True Grit","Thunderclap"],"picked":"SKIP","floor":1},{"not_picked":["Iron Wave","True Grit","Battle Trance"],"picked":"SKIP","floor":4},{"not_picked":["Intimidate","Heavy Blade","Havoc"],"picked":"SKIP","floor":5},{"not_picked":["Flex","Sever Soul","Warcry"],"picked":"SKIP","floor":7},{"not_picked":["Bloodletting","Sword Boomerang"],"picked":"Pommel Strike","floor":10},{"not_picked":["Fire Breathing","Battle Trance"],"picked":"Shrug It Off","floor":11},{"not_picked":["Battle Trance","Iron Wave","Feel No Pain"],"picked":"SKIP","floor":14}],"player_experience":375161,"relics_obtained":[{"floor":7,"key":"Torii"},{"floor":9,"key":"Happy Flower"},{"floor":10,"key":"Bag of Preparation"}],"event_choices":[{"damage_healed":0,"gold_gain":0,"player_choice":"Success","damage_taken":7,"relics_obtained":["Regal Pillow"],"max_hp_gain":0,"max_hp_loss":0,"event_name":"Scrap Ooze","floor":3,"gold_loss":0},{"cards_removed":["Strike_R"],"damage_healed":0,"gold_gain":0,"player_choice":"Offered Basic","damage_taken":0,"max_hp_gain":0,"max_hp_loss":0,"event_name":"Bonfire Elementals","floor":12,"gold_loss":0}],"is_beta":false,"boss_relics":[],"items_purged_floors":[2],"is_endless":false,"potions_floor_spawned":[1,7,14],"killed_by":"Hexaghost","ascension_level":1}}