{"host":"3g4eblpl3h3xsaol","time":1614184227,"event":{"mods":["AchievementEnabler","Act Like it!","Aspiration","BaseMod","Better Third Choice","BetterRewards","Colored Powertips","Conspire","Downfall","Hallownest","Hubris","Infinite Spire","Marisa????????","Mimic Mod","Minty Spire (QoL Compilation)","Pale of the Ancients","Ruina","StSLib","Td1madao Mod","The Blackbeard","The Bladedancer","The Bug Knight","The Cursed","The Elementalist","The Judge","The Marked","The Mystic","The Servant 0.9.4","TheBandit","Youmu??????"],"gold_per_floor":[113,131,147,197,372,405,405,174,174,186,199,199,199,211,211,211,211],"floor_reached":16,"language":"ENG","playtime":415,"items_purged":["Doubt"],"score":102,"play_id":"d6873cb3-3d78-42b3-8178-7d2e6e9ea49f","local_time":"20210224163027","is_ascension_mode":false,"campfire_choices":[{"data":"Clothesline","floor":7,"key":"SMITH"},{"floor":12,"key":"RECALL"},{"floor":15,"key":"REST"}],"circlet_count":0,"master_deck":["Strike_R","Strike_R","Strike_R","Strike_R","Strike_R","Defend_R","Defend_R","Defend_R","Defend_R","Bash+1","Pommel Strike","Clothesline+1","Wild Strike","Sever Soul","Wild Strike","Pommel Strike","Entrench"],"relics":["Burning Blood","hubris:DeckOfHolding","Bag of Marbles","Strawberry"],"acts_visited":["Exordium"],"potions_floor_usage":[16,16],"damage_taken":[{"damage":0,"enemies":"2 Louse","floor":1,"turns":3},{"damage":1,"enemies":"Jaw Worm","floor":2,"turns":4},{"damage":3,"enemies":"Small Slimes","floor":3,"turns":3},{"damage":15,"enemies":"HollowMod:MossKnight","floor":6,"turns":6},{"damage":0,"enemies":"2 Fungi Beasts","floor":10,"turns":2},{"damage":10,"enemies":"Looter","floor":11,"turns":3},{"damage":19,"enemies":"Gremlin Gang","floor":14,"turns":4},{"damage":79,"enemies":"The Guardian","floor":16,"turns":12}],"seed_played":"2583046028420136016","potions_obtained":[{"floor":1,"key":"Block Potion"},{"floor":2,"key":"Block Potion"},{"floor":10,"key":"DistilledChaos"},{"floor":14,"key":"Fire Potion"}],"is_trial":false,"path_per_floor":["M","M","M","?","?","E","R","$","T","M","M","R","?","M","R","B"],"character_chosen":"IRONCLAD","items_purchased":["Bag of Marbles"],"campfire_rested":1,"item_purchase_floors":[8],"current_hp_per_floor":[80,80,80,80,80,71,71,71,71,77,73,73,62,49,75,0,0],"gold":211,"neow_bonus":"UPGRADE_CARD","is_daily":false,"chose_seed":false,"campfire_upgraded":1,"win_rate":0.0,"timestamp":1614184227,"path_taken":["M","M","M","?","?","E","R","$","T","M","M","R","?","M","R","BOSS"],"items_purchased_type":["Relic"],"build_version":"2020-12-22","purchased_purges":1,"victory":false,"max_hp_per_floor":[80,80,80,80,80,80,80,80,80,80,80,80,87,87,87,87,87],"card_choices":[{"not_picked":["conspire:Charge","Cleave"],"picked":"Pommel Strike","floor":1},{"not_picked":["Entrench","Armaments"],"picked":"Clothesline","floor":2},{"not_picked":["Dual Wield","Power Through"],"picked":"Wild Strike","floor":3},{"not_picked":["Shrug It Off","Combust"],"picked":"Sever Soul","floor":6},{"not_picked":["Havoc","Anger"],"picked":"Wild Strike","floor":10},{"not_picked":["Ghostly Armor","Iron Wave"],"picked":"Pommel Strike","floor":11},{"not_picked":["Evolve","Rage"],"picked":"Entrench","floor":14}],"player_experience":226687,"relics_obtained":[{"floor":6,"key":"hubris:DeckOfHolding"}],"event_choices":[{"damage_healed":0,"gold_gain":175,"player_choice":"AGREE","damage_taken":197,"max_hp_gain":0,"max_hp_loss":0,"event_name":"betterThird:BetterSerpent","floor":5,"gold_loss":0},{"damage_healed":0,"gold_gain":0,"player_choice":"Relic ","damage_taken":18,"max_hp_gain":0,"max_hp_loss":0,"event_name":"betterThird:BetterScrap","floor":13,"gold_loss":0,"cards_obtained":["Rainbow"]}],"is_beta":false,"boss_relics":[],"items_purged_floors":[8],"is_endless":false,"potions_floor_spawned":[1,2,10,14],"killed_by":"The Guardian","ascension_level":0}}