{"host":"t7mx8yfj1no5p62f","time":1614178900,"event":{"mods":["BaseMod","Bestiary","Colored Map","Colored Powertips","Minty Spire (QoL Compilation)","Relic Stats","ojb\u0027s Info Mod: The sequel"],"gold_per_floor":[115,134,150,169,186,186,216,216,268,283,283,283,283],"floor_reached":12,"language":"ENG","playtime":362,"items_purged":[],"score":164,"play_id":"3a48be92-8fe1-4064-a2fe-6fa8c34efbef","local_time":"20210224100140","is_ascension_mode":true,"campfire_choices":[{"data":"Dagger Spray","floor":6.0,"key":"SMITH"},{"floor":8.0,"key":"REST"}],"circlet_count":0,"master_deck":["AscendersBane","Strike_G","Strike_G","Strike_G","Strike_G","Strike_G","Defend_G","Defend_G","Defend_G","Defend_G","Defend_G","Survivor","Neutralize","Dagger Spray+1","Noxious Fumes","Leg Sweep","Bane","Catalyst","Deadly Poison"],"relics":["Ring of the Snake","Potion Belt","Question Card","Eternal Feather"],"acts_visited":["Exordium"],"potions_floor_usage":[10],"damage_taken":[{"damage":9.0,"enemies":"Cultist","floor":1.0,"turns":5.0},{"damage":1.0,"enemies":"Small Slimes","floor":2.0,"turns":3.0},{"damage":1.0,"enemies":"2 Louse","floor":3.0,"turns":2.0},{"damage":2.0,"enemies":"Exordium Wildlife","floor":4.0,"turns":4.0},{"damage":7.0,"enemies":"2 Fungi Beasts","floor":5.0,"turns":4.0},{"damage":34.0,"enemies":"Lagavulin","floor":7.0,"turns":9.0},{"damage":0,"enemies":"Gremlin Gang","floor":10,"turns":1},{"damage":19,"enemies":"3 Sentries","floor":12,"turns":5}],"seed_played":"2248157250367095797","potions_obtained":[{"floor":2.0,"key":"SteroidPotion"},{"floor":4.0,"key":"DuplicationPotion"}],"is_trial":false,"path_per_floor":["M","M","M","M","M","R","E","R","T","M","?","E"],"character_chosen":"THE_SILENT","items_purchased":[],"campfire_rested":1,"item_purchase_floors":[],"current_hp_per_floor":[50,49,48,46,39,39,5,24,24,24,19,0,0],"gold":283,"neow_bonus":"RANDOM_COMMON_RELIC","is_daily":false,"chose_seed":false,"campfire_upgraded":1,"win_rate":0.0,"timestamp":1614178900,"path_taken":["M","M","M","?","M","R","E","R","T","M","?","E"],"items_purchased_type":[],"build_version":"2020-12-22","purchased_purges":0,"victory":false,"max_hp_per_floor":[66,66,66,66,66,66,66,66,66,66,66,66,66],"relic_stats":{"counters":[8,33],"Eternal Feather":0,"Question Card":1,"obtain_stats":[{"Potion Belt":0,"Eternal Feather":11,"Question Card":7,"Ring of the Snake":0},{"Potion Belt":0,"Eternal Feather":7,"Question Card":6,"Ring of the Snake":0},{"Potion Belt":0,"Eternal Feather":28,"Question Card":27,"Ring of the Snake":0}],"Ring of the Snake":[16]},"card_choices":[{"not_picked":["Blade Dance","Reflex"],"picked":"Dagger Spray","floor":1.0},{"not_picked":["Prepared","Acrobatics"],"picked":"Noxious Fumes","floor":2.0},{"not_picked":["Blade Dance","Bouncing Flask"],"picked":"Leg Sweep","floor":3.0},{"not_picked":["All Out Attack","PiercingWail"],"picked":"Bane","floor":4.0},{"not_picked":["Flying Knee","Terror"],"picked":"Catalyst","floor":5.0},{"not_picked":["Eviscerate","Accuracy"],"picked":"Deadly Poison","floor":7.0},{"not_picked":["Doppelganger","Deflect","Outmaneuver","Concentrate"],"picked":"SKIP","floor":10}],"player_experience":1994298,"relics_obtained":[{"floor":7.0,"key":"Question Card"}],"event_choices":[{"damage_healed":0,"gold_gain":0,"player_choice":"Success","damage_taken":5,"relics_obtained":["Eternal Feather"],"max_hp_gain":0,"max_hp_loss":0,"event_name":"Scrap Ooze","floor":11,"gold_loss":0}],"is_beta":false,"boss_relics":[],"items_purged_floors":[],"is_endless":false,"potions_floor_spawned":[2,4],"killed_by":"3 Sentries","ascension_level":20}}