{"host":"y0i0tbisecj7yjyn","time":1614149706,"event":{"mods":["2.2 Compatiblity","AchievementEnabler","AlwaysNeverKeys","BaseMod","Better Third Choice","BetterRewards","Colored Map","Colored Powertips","Curses Come First","Disable Question Mark Monsters","Displayed Cursed Tome","Highlight Path","Keyboard Shortcuts","Minty Spire (QoL Compilation)","Quick Restart","Random Character Button","Rare Cards Sparkle","Relic Stats","Reliquary","Smile Girya","StSLib","SuperFastMode","Transform Curses","Weighted Paths"],"gold_per_floor":[112,112,125,143,143,174,174,202,227,253,284,330,342,366,378,488,500,525,537,562,574,601,613,625,625],"floor_reached":24,"language":"ENG","playtime":1446,"items_purged":[],"score":350,"play_id":"4cbd22a9-4273-480d-9249-056ef8258cf4","local_time":"20210224005506","is_ascension_mode":true,"campfire_choices":[{"data":"Inflame","floor":7,"key":"SMITH"},{"floor":13,"key":"REST"},{"floor":15,"key":"REST"},{"data":"Heavy Blade","floor":23,"key":"SMITH"}],"circlet_count":0,"master_deck":["Strike_R","Strike_R","Strike_R","Defend_R","Defend_R","Defend_R","Defend_R","Bash","Inflame+1","Anger","Thunderclap","Perfected Strike","Perfected Strike","Infernal Blade","Wild Strike","Evolve","Immolate","Heavy Blade+1","Heavy Blade","Fire Breathing"],"relics":["Burning Blood","Dead Branch","reliquary:TuningFork","Potion Belt","MawBank","reliquary:ExpiredCoupon","reliquary:KinkedSpring"],"acts_visited":["Exordium","TheCity"],"potions_floor_usage":[6,12,20,24,24,24,24],"damage_taken":[{"damage":7,"enemies":"Jaw Worm","floor":1,"turns":3},{"damage":0,"enemies":"2 Louse","floor":3,"turns":2},{"damage":0,"enemies":"Cultist","floor":4,"turns":2},{"damage":24,"enemies":"Lagavulin","floor":6,"turns":5},{"damage":14,"enemies":"Gremlin Nob","floor":8,"turns":3},{"damage":0,"enemies":"Exordium Thugs","floor":10,"turns":3},{"damage":0,"enemies":"2 Fungi Beasts","floor":11,"turns":2},{"damage":36,"enemies":"Lagavulin","floor":12,"turns":4},{"damage":14,"enemies":"Red Slaver","floor":14,"turns":2},{"damage":58,"enemies":"The Guardian","floor":16,"turns":8},{"damage":11,"enemies":"2 Thieves","floor":18,"turns":2},{"damage":0,"enemies":"3 Byrds","floor":20,"turns":2},{"damage":15,"enemies":"Snecko","floor":22,"turns":4},{"damage":63,"enemies":"Book of Stabbing","floor":24,"turns":4}],"seed_played":"-3025525449081006220","potions_obtained":[{"floor":3,"key":"Block Potion"},{"floor":8,"key":"Regen Potion"},{"floor":10,"key":"BloodPotion"},{"floor":12,"key":"SkillPotion"},{"floor":16,"key":"EssenceOfSteel"},{"floor":21,"key":"EssenceOfSteel"},{"floor":21,"key":"SneckoOil"},{"floor":21,"key":"AttackPotion"}],"is_trial":false,"path_per_floor":["M","?","M","M","$","E","R","E","T","M","M","E","R","M","R","B",null,"M","?","M","?","M","R","E"],"character_chosen":"IRONCLAD","items_purchased":["Inflame"],"campfire_rested":2,"item_purchase_floors":[0],"current_hp_per_floor":[63,56,62,68,68,50,50,42,42,48,54,40,64,56,80,28,80,75,60,66,66,57,57,0,0],"gold":625,"neow_bonus":"","is_daily":false,"chose_seed":false,"campfire_upgraded":2,"win_rate":0.0,"timestamp":1614149706,"path_taken":["M","?","M","M","$","E","R","E","T","M","M","E","R","M","R","BOSS","M","?","M","?","M","R","E"],"items_purchased_type":["Card"],"build_version":"2020-12-22","purchased_purges":0,"victory":false,"max_hp_per_floor":[80,80,80,80,80,80,80,80,80,80,80,80,80,80,80,80,80,80,85,85,85,85,85,85,85],"relic_stats":{"counters":[57,252],"Dead Branch":[17],"MawBank":180,"obtain_stats":[{"Lantern":29,"Gremlin Horn":11,"Singing Bowl":26,"reliquary:PartyBalloon":9,"Black Blood":34,"Vajra":46,"reliquary:BigHammer":17,"Mango":42,"reliquary:RedCape":17,"Bottled Tornado":13,"Ancient Tea Set":8,"reliquary:QuartzCube":10,"Burning Blood":0,"Blood Vial":30,"Sundial":31,"WingedGreaves":28,"reliquary:Vitrine":47,"InkBottle":26,"Potion Belt":21,"Girya":7,"NeowsBlessing":0,"Golden Idol":5,"Dead Branch":0,"The Courier":43,"War Paint":46,"MawBank":9,"reliquary:IridiumChain":41,"WarpedTongs":2,"reliquary:KinkedSpring":17,"reliquary:ExpiredCoupon":12,"Bottled Flame":22,"Anchor":6,"Bloody Idol":19,"Bronze Scales":24,"reliquary:TuningFork":6,"Toy Ornithopter":24},{"Lantern":15,"Gremlin Horn":25,"Singing Bowl":31,"reliquary:PartyBalloon":3,"Black Blood":34,"Vajra":41,"reliquary:BigHammer":28,"Mango":40,"reliquary:RedCape":7,"Bottled Tornado":26,"Ancient Tea Set":23,"reliquary:QuartzCube":23,"Burning Blood":0,"Blood Vial":32,"Sundial":33,"WingedGreaves":32,"reliquary:Vitrine":42,"InkBottle":12,"Potion Belt":30,"Girya":3,"NeowsBlessing":0,"Golden Idol":2,"Dead Branch":43,"The Courier":40,"War Paint":41,"MawBank":48,"reliquary:IridiumChain":39,"WarpedTongs":18,"reliquary:KinkedSpring":53,"reliquary:ExpiredCoupon":51,"Bottled Flame":10,"Anchor":21,"Bloody Idol":8,"Bronze Scales":31,"reliquary:TuningFork":47,"Toy Ornithopter":11},{"Lantern":43,"Gremlin Horn":97,"Singing Bowl":137,"reliquary:PartyBalloon":3,"Black Blood":157,"Vajra":192,"reliquary:BigHammer":119,"Mango":188,"reliquary:RedCape":15,"Bottled Tornado":104,"Ancient Tea Set":85,"reliquary:QuartzCube":85,"Burning Blood":0,"Blood Vial":142,"Sundial":148,"WingedGreaves":142,"reliquary:Vitrine":200,"InkBottle":32,"Potion Belt":131,"Girya":3,"NeowsBlessing":0,"Golden Idol":2,"Dead Branch":206,"The Courier":188,"War Paint":192,"MawBank":221,"reliquary:IridiumChain":181,"WarpedTongs":57,"reliquary:KinkedSpring":240,"reliquary:ExpiredCoupon":230,"Bottled Flame":25,"Anchor":77,"Bloody Idol":18,"Bronze Scales":137,"reliquary:TuningFork":218,"Toy Ornithopter":30}],"Burning Blood":354},"card_choices":[{"not_picked":["Pommel Strike","Blood for Blood","Rampage"],"picked":"SKIP","floor":1},{"not_picked":["Anger","Metallicize"],"picked":"Thunderclap","floor":3},{"not_picked":["Havoc","Twin Strike"],"picked":"Perfected Strike","floor":4},{"not_picked":["Wild Strike","Bludgeon"],"picked":"Perfected Strike","floor":6},{"not_picked":["Entrench","Hemokinesis"],"picked":"Infernal Blade","floor":8},{"not_picked":["Combust","Clash"],"picked":"Wild Strike","floor":10},{"not_picked":["Whirlwind","Sentinel","Dropkick"],"picked":"SKIP","floor":11},{"not_picked":["Body Slam","Offering","Whirlwind"],"picked":"SKIP","floor":12},{"not_picked":["Body Slam","Thunderclap"],"picked":"Evolve","floor":14},{"not_picked":["Double Tap","Reaper"],"picked":"Immolate","floor":16},{"not_picked":["Sword Boomerang+1","Seeing Red"],"picked":"Heavy Blade","floor":18},{"not_picked":["Shrug It Off","Twin Strike"],"picked":"Heavy Blade","floor":20},{"not_picked":["Havoc","Clothesline"],"picked":"Fire Breathing","floor":22}],"player_experience":547077,"relics_obtained":[{"floor":6,"key":"reliquary:TuningFork"},{"floor":8,"key":"Potion Belt"},{"floor":9,"key":"MawBank"},{"floor":12,"key":"reliquary:ExpiredCoupon"}],"event_choices":[{"cards_removed":["Strike_R"],"damage_healed":0,"gold_gain":0,"player_choice":"Card Removal","damage_taken":7,"max_hp_gain":0,"max_hp_loss":0,"event_name":"Golden Wing","floor":2,"gold_loss":0},{"damage_healed":0,"gold_gain":0,"player_choice":"Shed Blood","damage_taken":20,"max_hp_gain":5,"max_hp_loss":0,"event_name":"Forgotten Altar","floor":19,"gold_loss":0},{"damage_healed":0,"gold_gain":0,"player_choice":"Got Potions","damage_taken":0,"max_hp_gain":0,"max_hp_loss":0,"event_name":"Lab","floor":21,"gold_loss":0}],"is_beta":false,"boss_relics":[{"not_picked":["reliquary:RedCape","Black Star"],"picked":"reliquary:KinkedSpring"}],"items_purged_floors":[],"is_endless":false,"potions_floor_spawned":[3,8,10,12,16,22],"killed_by":"Book of Stabbing","ascension_level":2}}