{"host":"rb2p2z6v6vieend5","time":1614203790,"event":{"mods":["BaseMod","Block Reminder","Colored Map","DeckTracker","Highlight Path","Minty Spire (QoL Compilation)","Random Character Button","Relic Stats"],"gold_per_floor":[114,114,214,229,229,229,259,274,349,349,379,404,404,419,419,519,519,534,549,474,474,21,21,36,66,66,96,111,111,141,156,156,256,256,271,271,271,301,51,51,81,131,206,221,236,266,278,305,317,329],"floor_reached":51,"language":"ENG","playtime":2584,"items_purged":["Strike_R","Defend_R"],"score":901,"play_id":"f38eb253-eb5e-4944-b001-c78431944a10","local_time":"20210224225630","daily_mods":["Heirloom","Colorless Cards","DeadlyEvents"],"is_ascension_mode":false,"campfire_choices":[{"data":"Cleave","floor":6,"key":"SMITH"},{"data":"Bash","floor":10,"key":"SMITH"},{"data":"Forethought","floor":13,"key":"SMITH"},{"data":"Spot Weakness","floor":15,"key":"SMITH"},{"data":"Demon Form","floor":23,"key":"SMITH"},{"data":"Blood for Blood","floor":29,"key":"SMITH"},{"floor":32,"key":"REST"},{"data":"Clothesline","floor":40,"key":"SMITH"},{"data":"Metallicize","floor":47,"key":"SMITH"},{"data":"Ghostly Armor","floor":49,"key":"SMITH"}],"circlet_count":0,"master_deck":["Strike_R","Strike_R+1","Defend_R","Defend_R","Defend_R","Bash+1","Cleave+1","Inflame","Bloodletting","Anger+1","Forethought+1","Demon Form+1","Evolve","Ghostly Armor+1","Metallicize+1","Blood for Blood+1","True Grit+1","Clothesline+1","True Grit+1","Bandage Up+1","Ghostly Armor+1","Panacea","Shrug It Off+1"],"relics":["Burning Blood","Magic Flower","Gremlin Horn","Sundial","Bottled Flame","Centennial Puzzle","Black Star","Oddly Smooth Stone","Bag of Marbles","Toy Ornithopter","Ice Cream","Whetstone","Red Skull","Mummified Hand","Tiny Chest","Potion Belt","Coffee Dripper","Blue Candle","Gambling Chip","Bronze Scales","Frozen Egg 2","Singing Bowl","Happy Flower","Bottled Lightning","MawBank","Strawberry"],"acts_visited":["Exordium","TheCity","TheBeyond"],"potions_floor_usage":[19,25,27,27,31,33,50],"damage_taken":[{"damage":6,"enemies":"Cultist","floor":1,"turns":3},{"damage":8,"enemies":"Jaw Worm","floor":4,"turns":4},{"damage":37,"enemies":"Lagavulin","floor":7,"turns":6},{"damage":1,"enemies":"2 Louse","floor":8,"turns":2},{"damage":14,"enemies":"Gremlin Nob","floor":11,"turns":3},{"damage":7,"enemies":"Blue Slaver","floor":14,"turns":2},{"damage":33,"enemies":"The Guardian","floor":16,"turns":7},{"damage":14,"enemies":"Spheric Guardian","floor":18,"turns":4},{"damage":18,"enemies":"2 Thieves","floor":19,"turns":3},{"damage":13,"enemies":"Snecko","floor":24,"turns":6},{"damage":41,"enemies":"Book of Stabbing","floor":25,"turns":7},{"damage":20,"enemies":"Slavers","floor":27,"turns":3},{"damage":12,"enemies":"Centurion and Healer","floor":28,"turns":5},{"damage":28,"enemies":"Book of Stabbing","floor":30,"turns":4},{"damage":2,"enemies":"Snake Plant","floor":31,"turns":4},{"damage":46,"enemies":"Automaton","floor":33,"turns":10},{"damage":3,"enemies":"3 Shapes","floor":35,"turns":5},{"damage":17,"enemies":"Giant Head","floor":38,"turns":7},{"damage":6,"enemies":"Reptomancer","floor":41,"turns":5},{"damage":12,"enemies":"3 Darklings","floor":44,"turns":4},{"damage":12,"enemies":"Maw","floor":45,"turns":7},{"damage":33,"enemies":"Giant Head","floor":46,"turns":9},{"damage":7,"enemies":"Jaw Worm Horde","floor":48,"turns":4},{"damage":11,"enemies":"Time Eater","floor":50,"turns":13}],"seed_played":"1986488565424594500","potions_obtained":[{"floor":8,"key":"BloodPotion"},{"floor":11,"key":"Block Potion"},{"floor":16,"key":"EssenceOfSteel"},{"floor":19,"key":"DistilledChaos"},{"floor":25,"key":"SmokeBomb"},{"floor":27,"key":"DistilledChaos"},{"floor":30,"key":"Swift Potion"},{"floor":38,"key":"LiquidBronze"},{"floor":41,"key":"BloodPotion"},{"floor":45,"key":"Ancient Potion"}],"is_trial":false,"path_per_floor":["M","$","?","M","?","R","E","M","T","R","E","T","R","M","R","B",null,"M","M","?","?","$","R","M","E","T","E","M","R","E","M","R","B",null,"M","?","?","E","$","R","E","T","T","M","M","E","R","M","R","B",null],"character_chosen":"IRONCLAD","items_purchased":["Oddly Smooth Stone","Bag of Marbles","Ghostly Armor","Bronze Scales"],"campfire_rested":1,"item_purchase_floors":[22,22,22,39],"current_hp_per_floor":[80,80,80,80,80,80,52,60,60,60,55,55,55,57,57,33,80,75,80,80,80,80,80,76,44,44,49,46,46,27,42,66,37,80,80,76,76,68,68,68,76,76,76,78,77,63,63,74,74,87],"gold":341,"neow_bonus":"","is_daily":true,"chose_seed":false,"campfire_upgraded":9,"win_rate":0.0,"timestamp":1614203790,"path_taken":["M","?","?","?","?","R","E","?","T","R","?","?","R","M","R","BOSS","M","M","?","?","?","R","?","E","T","?","M","R","E","M","R","BOSS","M","?","?","?","$","R","E","?","T","M","?","E","R","M","R","BOSS"],"items_purchased_type":["Relic","Relic","Card","Relic"],"build_version":"2020-12-22","purchased_purges":2,"victory":true,"max_hp_per_floor":[80,80,80,80,80,80,80,80,80,80,80,80,80,80,80,80,80,80,80,80,80,80,80,80,80,80,80,80,80,80,80,80,80,80,80,76,76,76,76,76,76,76,76,78,80,87,87,87,87,87],"relic_stats":{"Gremlin Horn":[18,18],"Singing Bowl":4,"Happy Flower":[12],"counters":[24,127],"Blue Candle":[0],"Magic Flower":[84],"Whetstone":["Strike_R","Anger"],"MawBank":60,"Burning Blood":195,"Centennial Puzzle":[57],"Sundial":[22],"Mummified Hand":[56],"Gambling Chip":[16],"Bronze Scales":[138],"Tiny Chest":1,"Black Star":6,"obtain_stats":[{"Ice Cream":25,"Gremlin Horn":7,"Singing Bowl":41,"Magic Flower":0,"Whetstone":26,"Burning Blood":0,"Centennial Puzzle":12,"Sundial":9,"Mummified Hand":27,"Gambling Chip":38,"Strawberry":46,"Tiny Chest":30,"Red Skull":27,"Potion Belt":30,"Happy Flower":42,"Blue Candle":38,"Oddly Smooth Stone":22,"Frozen Egg 2":41,"MawBank":46,"Bottled Flame":11,"Bronze Scales":39,"Black Star":17,"Bag of Marbles":22,"Coffee Dripper":34,"Bottled Lightning":43,"Toy Ornithopter":25},{"Ice Cream":11,"Gremlin Horn":3,"Singing Bowl":19,"Magic Flower":0,"Whetstone":11,"Burning Blood":0,"Centennial Puzzle":5,"Sundial":4,"Mummified Hand":12,"Gambling Chip":18,"Strawberry":22,"Tiny Chest":14,"Red Skull":12,"Potion Belt":14,"Happy Flower":19,"Blue Candle":18,"Oddly Smooth Stone":9,"Frozen Egg 2":19,"MawBank":22,"Bottled Flame":5,"Bronze Scales":18,"Black Star":7,"Bag of Marbles":9,"Coffee Dripper":16,"Bottled Lightning":19,"Toy Ornithopter":11},{"Ice Cream":47,"Gremlin Horn":13,"Singing Bowl":90,"Magic Flower":0,"Whetstone":47,"Burning Blood":0,"Centennial Puzzle":18,"Sundial":15,"Mummified Hand":50,"Gambling Chip":85,"Strawberry":110,"Tiny Chest":59,"Red Skull":50,"Potion Belt":59,"Happy Flower":90,"Blue Candle":85,"Oddly Smooth Stone":34,"Frozen Egg 2":90,"MawBank":110,"Bottled Flame":18,"Bronze Scales":85,"Black Star":27,"Bag of Marbles":34,"Coffee Dripper":73,"Bottled Lightning":90,"Toy Ornithopter":47}],"Toy Ornithopter":40},"card_choices":[{"not_picked":["Flex","Body Slam"],"picked":"Cleave","floor":1},{"not_picked":["Second Wind","Flash of Steel"],"picked":"Inflame","floor":4},{"not_picked":["Warcry","Flex"],"picked":"Anger","floor":7},{"not_picked":["Cleave","Dark Embrace","Heavy Blade"],"picked":"SKIP","floor":8},{"not_picked":["Feel No Pain","Demon Form"],"picked":"Forethought","floor":11},{"not_picked":["Thunderclap","Pommel Strike"],"picked":"Spot Weakness","floor":14},{"not_picked":["Thinking Ahead","Apotheosis"],"picked":"Demon Form","floor":16},{"not_picked":["Pommel Strike","Warcry+1","Feel No Pain"],"picked":"SKIP","floor":18},{"not_picked":["Iron Wave","Heavy Blade"],"picked":"Evolve","floor":19},{"not_picked":["Entrench","Searing Blow","Pommel Strike"],"picked":"SKIP","floor":24},{"not_picked":["Pommel Strike","Cleave","Flex"],"picked":"SKIP","floor":25},{"not_picked":["Armaments","Sword Boomerang"],"picked":"Metallicize","floor":27},{"not_picked":["Rage","Wild Strike"],"picked":"Blood for Blood","floor":28},{"not_picked":["Rage","Sword Boomerang"],"picked":"True Grit+1","floor":30},{"not_picked":["Heavy Blade","Pommel Strike"],"picked":"Clothesline","floor":31},{"not_picked":["Wild Strike+1","Anger+1"],"picked":"True Grit+1","floor":35},{"not_picked":["Pommel Strike","Perfected Strike"],"picked":"Bandage Up+1","floor":38},{"not_picked":["Seeing Red","Cleave"],"picked":"Ghostly Armor+1","floor":41},{"not_picked":["Perfected Strike","Wild Strike+1","Headbutt+1"],"picked":"Singing Bowl","floor":44},{"not_picked":["Headbutt+1","Warcry+1","Power Through"],"picked":"Singing Bowl","floor":45},{"not_picked":["Bludgeon","Thunderclap"],"picked":"Panacea","floor":46},{"not_picked":["Cleave","Iron Wave+1"],"picked":"Shrug It Off+1","floor":48}],"player_experience":817574,"relics_obtained":[{"floor":7,"key":"Gremlin Horn"},{"floor":9,"key":"Sundial"},{"floor":11,"key":"Bottled Flame"},{"floor":12,"key":"Centennial Puzzle"},{"floor":25,"key":"Toy Ornithopter"},{"floor":25,"key":"Ice Cream"},{"floor":26,"key":"Whetstone"},{"floor":27,"key":"Red Skull"},{"floor":27,"key":"Mummified Hand"},{"floor":30,"key":"Tiny Chest"},{"floor":30,"key":"Potion Belt"},{"floor":38,"key":"Blue Candle"},{"floor":38,"key":"Gambling Chip"},{"floor":41,"key":"Frozen Egg 2"},{"floor":41,"key":"Singing Bowl"},{"floor":42,"key":"Happy Flower"},{"floor":43,"key":"Bottled Lightning"},{"floor":46,"key":"MawBank"},{"floor":46,"key":"Strawberry"}],"event_choices":[{"damage_healed":0,"gold_gain":100,"player_choice":"Pray","damage_taken":0,"max_hp_gain":0,"max_hp_loss":0,"event_name":"Golden Shrine","floor":3,"gold_loss":0},{"damage_healed":0,"gold_gain":0,"cards_transformed":["Strike_R"],"player_choice":"Change","damage_taken":0,"max_hp_gain":0,"max_hp_loss":0,"event_name":"Living Wall","floor":5,"gold_loss":0,"cards_obtained":["Bloodletting"]},{"cards_removed":["Strike_R"],"damage_healed":0,"gold_gain":0,"player_choice":"Gave Gold","damage_taken":0,"max_hp_gain":0,"max_hp_loss":0,"event_name":"Beggar","floor":20,"gold_loss":75},{"damage_healed":0,"gold_gain":0,"player_choice":"Ignored","damage_taken":0,"max_hp_gain":0,"max_hp_loss":0,"event_name":"Vampires","floor":21,"gold_loss":0},{"damage_healed":0,"gold_gain":0,"player_choice":"Max HP","damage_taken":0,"max_hp_gain":0,"max_hp_loss":4,"event_name":"Winding Halls","floor":36,"gold_loss":0},{"cards_removed":["Spot Weakness"],"damage_healed":0,"gold_gain":0,"player_choice":"Offered Uncommon","damage_taken":0,"max_hp_gain":0,"max_hp_loss":0,"event_name":"Bonfire Elementals","floor":37,"gold_loss":0}],"is_beta":false,"boss_relics":[{"not_picked":["SlaversCollar","Tiny House"],"picked":"Black Star"},{"not_picked":["Runic Pyramid","Runic Cube"],"picked":"Coffee Dripper"}],"items_purged_floors":[22,39],"is_endless":false,"potions_floor_spawned":[8,11,16,19,25,27,30,38,41,45],"ascension_level":0}}