{"host":"epc8efk9vrywpcsw","time":1614178373,"event":{"mods":["BaseMod","Minty Spire (QoL Compilation)","Relic Stats","StSLib"],"gold_per_floor":[367,56,56,66,85,116,116,266,266,266,283,10,85,119,119,191,191,206,156,56,66,66,91,91,120,120,120,35,70,120,70,70,70,70],"floor_reached":33,"language":"ENG","playtime":973,"items_purged":["Regret","Doubt","Regret"],"score":664,"play_id":"6752fe43-72bb-42ef-ae7e-5e3aaf003345","local_time":"20210224155253","is_ascension_mode":true,"campfire_choices":[{"data":"Neutralize","floor":7.0,"key":"SMITH"},{"data":"After Image","floor":10.0,"key":"SMITH"},{"data":"Cloak And Dagger","floor":15,"key":"SMITH"},{"floor":27,"key":"REST"},{"floor":32,"key":"REST"}],"circlet_count":0,"master_deck":["AscendersBane","Strike_G","Strike_G","Strike_G","Strike_G","Strike_G","Defend_G","Defend_G","Defend_G","Defend_G","Defend_G","Survivor","Neutralize+1","Blade Dance","After Image+1","Endless Agony","Infinite Blades","Dagger Throw","Masterful Stab","Cloak And Dagger+1","Panache","Cloak And Dagger","Deflect","Die Die Die+1","Calculated Gamble","Cloak And Dagger","Writhe","Masterful Stab+1","Decay","Infinite Blades","Terror","Footwork","Dodge and Roll+1"],"relics":["Ring of the Snake","Incense Burner","Eternal Feather","Molten Egg 2","Anchor","SlaversCollar","Matryoshka","Dream Catcher","Centennial Puzzle","The Courier","PreservedInsect","Smiling Mask","Singing Bowl"],"acts_visited":["Exordium","TheCity"],"potions_floor_usage":[14,16,23,25],"damage_taken":[{"damage":4.0,"enemies":"2 Louse","floor":1.0,"turns":3.0},{"damage":3.0,"enemies":"Small Slimes","floor":4.0,"turns":3.0},{"damage":8.0,"enemies":"Cultist","floor":5.0,"turns":4.0},{"damage":8.0,"enemies":"Lagavulin","floor":6.0,"turns":7.0},{"damage":3.0,"enemies":"Blue Slaver","floor":11.0,"turns":4.0},{"damage":29,"enemies":"Gremlin Nob","floor":14,"turns":4},{"damage":24,"enemies":"Hexaghost","floor":16,"turns":12},{"damage":8,"enemies":"Shell Parasite","floor":18,"turns":4},{"damage":12,"enemies":"2 Thieves","floor":21,"turns":3},{"damage":27,"enemies":"Book of Stabbing","floor":23,"turns":5},{"damage":0,"enemies":"Slavers","floor":25,"turns":4},{"damage":37,"enemies":"Book of Stabbing","floor":29,"turns":6},{"damage":105,"enemies":"Automaton","floor":33,"turns":12}],"seed_played":"-6092761720404331001","potions_obtained":[{"floor":5.0,"key":"Fruit Juice"},{"floor":11.0,"key":"Explosive Potion"},{"floor":21,"key":"Swift Potion"},{"floor":23,"key":"AttackPotion"}],"is_trial":false,"path_per_floor":["M","$","?","M","M","E","R","?","T","R","M","$","?","E","R","B",null,"M","?","$","M","?","E","?","E","T","R","?","E","?","$","R","B"],"character_chosen":"THE_SILENT","items_purchased":["After Image","Endless Agony","Panache","Cloak And Dagger"],"campfire_rested":2,"item_purchase_floors":[2,2,12,12],"current_hp_per_floor":[55,55,55,52,44,36,48,48,48,60,57,57,46,17,32,13,57,49,49,49,37,37,10,10,10,10,49,49,12,12,12,51,0,0],"gold":70,"neow_bonus":"TWO_FIFTY_GOLD","is_daily":false,"chose_seed":false,"campfire_upgraded":3,"win_rate":0.0,"timestamp":1614178373,"path_taken":["M","$","?","M","M","E","R","?","T","R","M","$","?","E","R","BOSS","M","?","$","?","?","E","?","E","T","R","?","E","?","?","R","BOSS"],"items_purchased_type":["Card","Card","Card","Card"],"build_version":"2020-12-22","purchased_purges":3,"victory":false,"max_hp_per_floor":[66,66,66,66,66,66,66,66,66,66,66,66,66,66,66,71,71,71,71,71,71,71,71,71,71,71,71,71,71,71,71,71,71,71],"relic_stats":{"Dream Catcher":2,"Centennial Puzzle":[6],"Singing Bowl":0,"counters":[13,71],"Eternal Feather":75,"PreservedInsect":43,"Smiling Mask":50,"obtain_stats":[{"Singing Bowl":29,"Eternal Feather":6,"The Courier":26,"PreservedInsect":26,"Incense Burner":3,"Smiling Mask":28,"SlaversCollar":17,"Anchor":14,"Dream Catcher":23,"Centennial Puzzle":25,"Matryoshka":22,"Molten Egg 2":9,"Ring of the Snake":0},{"Singing Bowl":12,"Eternal Feather":4,"The Courier":11,"PreservedInsect":11,"Incense Burner":1,"Smiling Mask":11,"SlaversCollar":7,"Anchor":6,"Dream Catcher":10,"Centennial Puzzle":11,"Matryoshka":9,"Molten Egg 2":4,"Ring of the Snake":0},{"Singing Bowl":59,"Eternal Feather":17,"The Courier":53,"PreservedInsect":53,"Incense Burner":3,"Smiling Mask":53,"SlaversCollar":37,"Anchor":25,"Dream Catcher":49,"Centennial Puzzle":53,"Matryoshka":44,"Molten Egg 2":17,"Ring of the Snake":0}],"Ring of the Snake":[28]},"card_choices":[{"not_picked":["Acrobatics","Dodge and Roll"],"picked":"Blade Dance","floor":1.0},{"not_picked":["Caltrops","Flying Knee"],"picked":"Infinite Blades","floor":4.0},{"not_picked":["Sucker Punch","Underhanded Strike"],"picked":"Dagger Throw","floor":5.0},{"not_picked":["Sucker Punch","Deadly Poison"],"picked":"Masterful Stab","floor":6.0},{"not_picked":["Blur","Dagger Throw+1"],"picked":"Cloak And Dagger","floor":11.0},{"not_picked":["PiercingWail","Bane+1"],"picked":"Deflect","floor":14},{"not_picked":["Malaise","Phantasmal Killer"],"picked":"Die Die Die+1","floor":16},{"not_picked":["Dodge and Roll","Tactician"],"picked":"Calculated Gamble","floor":18},{"not_picked":["Sucker Punch+1","Deflect"],"picked":"Cloak And Dagger","floor":21},{"not_picked":["Acrobatics","Dodge and Roll"],"picked":"Masterful Stab+1","floor":23},{"not_picked":["Predator+1","Leg Sweep"],"picked":"Infinite Blades","floor":25},{"not_picked":["Underhanded Strike+1","Blur"],"picked":"Terror","floor":27},{"not_picked":["Blur+1","Deflect"],"picked":"Footwork","floor":29},{"not_picked":["Quick Slash+1","Blur"],"picked":"Dodge and Roll+1","floor":32}],"player_experience":541018,"relics_obtained":[{"floor":6.0,"key":"Eternal Feather"},{"floor":9.0,"key":"Molten Egg 2"},{"floor":14,"key":"Anchor"},{"floor":23,"key":"Dream Catcher"},{"floor":25,"key":"Centennial Puzzle"},{"floor":26,"key":"The Courier"},{"floor":26,"key":"PreservedInsect"},{"floor":29,"key":"Singing Bowl"}],"event_choices":[{"damage_healed":0.0,"max_hp_gain":0.0,"max_hp_loss":0.0,"gold_gain":0.0,"event_name":"Big Fish","player_choice":"Box","floor":3.0,"gold_loss":0.0,"damage_taken":0.0,"relics_obtained":["Incense Burner"],"cards_obtained":["Regret"]},{"damage_healed":0.0,"max_hp_gain":0.0,"max_hp_loss":0.0,"gold_gain":150.0,"event_name":"Liars Game","player_choice":"AGREE","floor":8.0,"gold_loss":0.0,"damage_taken":0.0,"cards_obtained":["Doubt"]},{"damage_healed":0,"gold_gain":75,"player_choice":"Gather Gold","damage_taken":11,"max_hp_gain":0,"max_hp_loss":0,"event_name":"World of Goop","floor":13,"gold_loss":0},{"damage_healed":0,"gold_gain":0,"player_choice":"Bet on Murderer","damage_taken":0,"max_hp_gain":0,"max_hp_loss":0,"event_name":"The Joust","floor":19,"gold_loss":50},{"damage_healed":0,"gold_gain":0,"player_choice":"Opened","damage_taken":0,"relics_obtained":["Matryoshka"],"max_hp_gain":0,"max_hp_loss":0,"event_name":"The Mausoleum","floor":22,"gold_loss":0,"cards_obtained":["Writhe"]},{"damage_healed":0,"gold_gain":0,"player_choice":"Smashed Altar","damage_taken":0,"max_hp_gain":0,"max_hp_loss":0,"event_name":"Forgotten Altar","floor":24,"gold_loss":0,"cards_obtained":["Decay"]},{"damage_healed":0,"gold_gain":0,"player_choice":"Obtained Relic","damage_taken":0,"relics_obtained":["Smiling Mask"],"max_hp_gain":0,"max_hp_loss":0,"event_name":"Addict","floor":28,"gold_loss":85},{"damage_healed":0,"gold_gain":50,"player_choice":"Stole From Cult","damage_taken":0,"max_hp_gain":0,"max_hp_loss":0,"event_name":"Nest","floor":30,"gold_loss":0}],"is_beta":false,"boss_relics":[{"not_picked":["Snecko Eye","Philosopher\u0027s Stone"],"picked":"SlaversCollar"}],"items_purged_floors":[2,20,31],"is_endless":false,"potions_floor_spawned":[5,11,21,23],"killed_by":"Automaton","ascension_level":20}}