{"host":"prxrhpgaxnj4om9r","time":1614127260,"event":{"mods":["AchievementEnabler","BaseMod","Colored Map","DeckTracker","Minty Spire (QoL Compilation)"],"gold_per_floor":[113,113,134,209,232,232,262,298,324,324,324,324,357,371,371,371,371],"floor_reached":16,"language":"KOR","playtime":608,"items_purged":[],"score":140,"play_id":"eddbd2f5-661e-4d72-bb3f-2c9e9863924f","local_time":"20210224094100","is_ascension_mode":true,"campfire_choices":[{"floor":6,"key":"REST"},{"floor":15,"key":"REST"}],"circlet_count":0,"master_deck":["Strike_G","Strike_G","Strike_G","Strike_G","Strike_G","Defend_G","Defend_G","Defend_G","Defend_G","Defend_G","Survivor","Neutralize","Trip","Finisher","Injury","Blade Dance","Blur","Slice","PiercingWail","Slice"],"relics":["Ring of the Snake","Golden Idol","Blood Vial","Bag of Preparation","Omamori","Pocketwatch","Smiling Mask","Vajra"],"acts_visited":["Exordium"],"potions_floor_usage":[8,8,13],"damage_taken":[{"damage":2,"enemies":"Small Slimes","floor":1,"turns":3},{"damage":0,"enemies":"2 Louse","floor":3,"turns":2},{"damage":4,"enemies":"Jaw Worm","floor":5,"turns":3},{"damage":36,"enemies":"Lagavulin","floor":8,"turns":7},{"damage":26,"enemies":"3 Sentries","floor":13,"turns":9},{"damage":0,"enemies":"Large Slime","floor":14,"turns":4},{"damage":31,"enemies":"Slime Boss","floor":16,"turns":8}],"seed_played":"-5437536547216020553","potions_obtained":[{"floor":1,"key":"DuplicationPotion"},{"floor":5,"key":"SneckoOil"},{"floor":8,"key":"SkillPotion"}],"is_trial":false,"path_per_floor":["M","?","M","?","M","R","?","E","T","?","?","?","E","M","R","B"],"character_chosen":"THE_SILENT","items_purchased":[],"campfire_rested":2,"item_purchase_floors":[],"current_hp_per_floor":[61,61,61,50,46,67,67,33,33,33,33,26,2,4,25,0,0],"gold":371,"neow_bonus":"RANDOM_COLORLESS","is_daily":false,"chose_seed":false,"campfire_upgraded":0,"win_rate":0.0,"timestamp":1614127260,"path_taken":["M","?","M","?","?","R","?","E","T","?","?","?","E","M","R","BOSS"],"items_purchased_type":[],"build_version":"2020-12-22","purchased_purges":0,"victory":false,"max_hp_per_floor":[70,70,70,70,70,70,70,70,70,70,70,70,70,70,70,70,70],"card_choices":[{"not_picked":["Finesse","Panacea"],"picked":"Trip","floor":0},{"not_picked":["Leg Sweep","Underhanded Strike"],"picked":"Finisher","floor":1},{"not_picked":["PiercingWail","Backflip"],"picked":"Blade Dance","floor":3},{"not_picked":["PiercingWail","Sucker Punch"],"picked":"Blur","floor":5},{"not_picked":["Skewer","Well Laid Plans"],"picked":"Slice","floor":8},{"not_picked":["Tactician","Grand Finale"],"picked":"PiercingWail","floor":13},{"not_picked":["Expertise","PiercingWail"],"picked":"Slice","floor":14}],"player_experience":615862,"relics_obtained":[{"floor":8,"key":"Bag of Preparation"},{"floor":9,"key":"Omamori"},{"floor":13,"key":"Vajra"}],"event_choices":[{"damage_healed":0,"gold_gain":0,"player_choice":"Take Wound","damage_taken":0,"relics_obtained":["Golden Idol"],"max_hp_gain":0,"max_hp_loss":0,"event_name":"Golden Idol","floor":2,"gold_loss":0,"cards_obtained":["Injury"]},{"damage_healed":0,"gold_gain":75,"player_choice":"Gather Gold","damage_taken":11,"max_hp_gain":0,"max_hp_loss":0,"event_name":"World of Goop","floor":4,"gold_loss":0},{"damage_healed":0,"gold_gain":30,"player_choice":"Searched \u00273\u0027 times","damage_taken":0,"relics_obtained":["Blood Vial"],"max_hp_gain":0,"max_hp_loss":0,"event_name":"Dead Adventurer","floor":7,"gold_loss":0},{"damage_healed":0,"gold_gain":0,"player_choice":"Box","damage_taken":0,"relics_obtained":["Pocketwatch"],"max_hp_gain":0,"max_hp_loss":0,"event_name":"Big Fish","floor":10,"gold_loss":0,"cards_obtained":["Regret"]},{"damage_healed":0,"gold_gain":0,"player_choice":"Ignored","damage_taken":0,"max_hp_gain":0,"max_hp_loss":0,"event_name":"Golden Wing","floor":11,"gold_loss":0},{"damage_healed":0,"gold_gain":0,"player_choice":"Success","damage_taken":7,"relics_obtained":["Smiling Mask"],"max_hp_gain":0,"max_hp_loss":0,"event_name":"Scrap Ooze","floor":12,"gold_loss":0}],"is_beta":false,"boss_relics":[],"items_purged_floors":[],"is_endless":false,"potions_floor_spawned":[1,5,8],"killed_by":"Slime Boss","ascension_level":6}}