{"host":"nptej036rrbiurf5","time":1614130740,"event":{"mods":["BaseMod","Colored Map","Colored Powertips","DeckTracker","Minty Spire (QoL Compilation)","StSLib","SuperFastMode"],"gold_per_floor":[111,261,278,278,8,8,20,20,20,20,20,30,42,60,60,135,135,154,19,39,39,50,50,62,62,89,89,100,150,150,150],"floor_reached":30,"language":"KOR","playtime":637,"items_purged":[],"score":444,"play_id":"29660036-97b7-4b0c-9076-f95ef0273ca1","local_time":"20210224103900","is_ascension_mode":true,"campfire_choices":[{"data":"Zap","floor":6.0,"key":"SMITH"},{"data":"Hyperbeam","floor":8.0,"key":"SMITH"},{"data":"Master of Strategy","floor":10.0,"key":"SMITH"},{"data":"Streamline","floor":15.0,"key":"SMITH"},{"floor":23.0,"key":"REST"},{"floor":25.0,"key":"REST"},{"data":"Turbo","floor":27.0,"key":"SMITH"}],"circlet_count":0,"master_deck":["AscendersBane","Strike_B","Strike_B","Defend_B","Defend_B","Defend_B","Defend_B","Zap+1","Dualcast","Go for the Eyes","Rebound","Master of Strategy+1","Hyperbeam+1","Streamline+1","Cold Snap","Genetic Algorithm","Reboot","Core Surge","Turbo+1","Chill","Hologram","Meteor Strike"],"relics":["SacredBark","Potion Belt","Empty Cage"],"acts_visited":["Exordium","TheCity"],"potions_floor_usage":[],"damage_taken":[{"damage":2.0,"enemies":"Jaw Worm","floor":1.0,"turns":3.0},{"damage":6.0,"enemies":"2 Louse","floor":3.0,"turns":3.0},{"damage":0.0,"enemies":"Cultist","floor":7.0,"turns":3.0},{"damage":2.0,"enemies":"2 Fungi Beasts","floor":12.0,"turns":3.0},{"damage":10.0,"enemies":"Red Slaver","floor":13.0,"turns":3.0},{"damage":4.0,"enemies":"Exordium Wildlife","floor":14.0,"turns":2.0},{"damage":102.0,"enemies":"Hexaghost","floor":16.0,"turns":11.0},{"damage":17.0,"enemies":"3 Byrds","floor":18.0,"turns":4.0},{"damage":10.0,"enemies":"Shell Parasite","floor":20.0,"turns":2.0},{"damage":49.0,"enemies":"Shelled Parasite and Fungi","floor":22.0,"turns":4.0},{"damage":0.0,"enemies":"Snake Plant","floor":24.0,"turns":2.0},{"damage":9.0,"enemies":"Centurion and Healer","floor":28.0,"turns":2.0},{"damage":49,"enemies":"Cultist and Chosen","floor":30,"turns":5}],"seed_played":"277701744869330116","potions_obtained":[{"floor":12.0,"key":"Fire Potion"},{"floor":14.0,"key":"Regen Potion"},{"floor":21.0,"key":"EssenceOfDarkness"},{"floor":21.0,"key":"Regen Potion"},{"floor":24.0,"key":"Fire Potion"},{"floor":28.0,"key":"Weak Potion"}],"is_trial":false,"path_per_floor":["M","?","M","?","$","R","M","R","T","R","$","M","M","M","R","B",null,"M","$","M","?","M","R","M","R","T","R","M","?","M"],"character_chosen":"DEFECT","items_purchased":["Master of Strategy","Regen Potion","Core Surge","Turbo"],"campfire_rested":2,"item_purchase_floors":[5,5,19,19],"current_hp_per_floor":[62,62,56,49,49,49,49,49,49,49,49,47,37,33,33,43,64,47,47,37,37,15,36,36,57,57,57,48,41,0,0],"gold":150,"neow_bonus":"BOSS_RELIC","is_daily":false,"chose_seed":false,"campfire_upgraded":5,"win_rate":0.0,"timestamp":1614130740,"path_taken":["M","?","M","?","$","R","M","R","T","R","?","M","M","M","R","BOSS","M","$","M","?","?","R","M","R","T","R","M","?","?"],"items_purchased_type":["Card","Potion","Card","Card"],"build_version":"2020-12-22","purchased_purges":0,"victory":false,"max_hp_per_floor":[71,71,71,71,71,71,71,71,71,71,71,71,71,71,71,71,71,71,71,71,71,71,71,71,71,71,71,71,71,71,71],"card_choices":[{"not_picked":["Rebound","Redo"],"picked":"Go for the Eyes","floor":1.0},{"not_picked":["Stack","Skim"],"picked":"Rebound","floor":3.0},{"not_picked":["Conserve Battery","Cold Snap"],"picked":"Hyperbeam","floor":7.0},{"not_picked":["Turbo","Rebound"],"picked":"Streamline","floor":12.0},{"not_picked":["Skim","Turbo"],"picked":"Cold Snap","floor":13.0},{"not_picked":["Compile Driver","Streamline"],"picked":"Genetic Algorithm","floor":14.0},{"not_picked":["Rainbow","All For One"],"picked":"Reboot","floor":16.0},{"not_picked":["Conserve Battery","Rebound","Coolheaded"],"picked":"SKIP","floor":18.0},{"not_picked":["Streamline","Cold Snap","Capacitor"],"picked":"SKIP","floor":20.0},{"not_picked":["Reinforced Body","Static Discharge"],"picked":"Chill","floor":22.0},{"not_picked":["Tempest","Static Discharge"],"picked":"Hologram","floor":24.0},{"not_picked":["FTL","Auto Shields"],"picked":"Meteor Strike","floor":28.0}],"player_experience":1018220,"relics_obtained":[{"floor":9.0,"key":"Potion Belt"}],"event_choices":[{"damage_healed":0.0,"max_hp_gain":0.0,"max_hp_loss":0.0,"gold_gain":150.0,"event_name":"Liars Game","player_choice":"AGREE","floor":2.0,"gold_loss":0.0,"damage_taken":0.0,"cards_obtained":["Doubt"]},{"cards_removed":["Doubt"],"damage_healed":0.0,"max_hp_gain":0.0,"max_hp_loss":0.0,"gold_gain":0.0,"event_name":"Golden Wing","player_choice":"Card Removal","floor":4.0,"gold_loss":0.0,"damage_taken":7.0},{"damage_healed":0.0,"max_hp_gain":0.0,"max_hp_loss":0.0,"gold_gain":0.0,"event_name":"Lab","player_choice":"Got Potions","floor":21.0,"gold_loss":0.0,"damage_taken":0.0},{"damage_healed":0,"gold_gain":50,"player_choice":"Touch","damage_taken":7,"max_hp_gain":0,"max_hp_loss":0,"event_name":"FaceTrader","floor":29,"gold_loss":0}],"is_beta":false,"boss_relics":[{"not_picked":["Busted Crown","Velvet Choker"],"picked":"Empty Cage"}],"items_purged_floors":[],"is_endless":false,"potions_floor_spawned":[12,14,24,28],"killed_by":"Cultist and Chosen","ascension_level":20}}