{"host":"43wsnxh97mgjl5zw","time":1614165876,"event":{"mods":["Aspiration","BaseMod","Colored Map","Colored Powertips","Conspire","Downfall","Halation","Hubris","Minty Spire (QoL Compilation)","Quick Restart","Rare Cards Sparkle","Relic Sorter","Reliquary","Replay The Spire","StSLib"],"gold_per_floor":[110,137,137,137,152,183,183,196,220,295,306,188,200,232,232,311,311,326,342,617,346,346,376,62,81,81,116,116,127,127,177,177,265,265,294,274,318,324,324],"floor_reached":38,"language":"ENG","playtime":1776,"items_purged":["Strike_R","Regret"],"score":984,"play_id":"b7fda59c-1c6e-4210-b934-d1d587b89b87","local_time":"20210224132436","is_ascension_mode":true,"campfire_choices":[{"floor":7.0,"key":"DIG"},{"floor":15,"key":"DIG"},{"floor":28,"key":"DIG"},{"floor":30,"key":"DIG"},{"floor":32,"key":"DIG"}],"circlet_count":0,"master_deck":["AscendersBane","Strike_R","Strike_R","Strike_R","Strike_R+1","Defend_R+1","Defend_R","Defend_R","Defend_R","Hemogenesis","Sword Boomerang","Armaments","Clothesline","Self Repair+1","Mirror Shield+1","Inflame+1","hubris:StunningStrike+1","hubris:StunningStrike+1","ReplayTheSpireMod:Limb From Limb+1","hubris:DuctTapeCard","Disarm+1","Headbutt+1","Demonic Infusion+1","Barricade+1","Dagger Spray+1","Feel No Pain"],"relics":["Golden Egg","Iron Core","Shovel","Du-Vu Doll","hubris:AstralHammer","reliquary:BallBearing","Coffee Dripper","Simple Rune","conspire:Flyswatter","hubris:DuctTape","aspiration:FrozenJewel","Snack Pack","hubris:TinFlute","hubris:CuriousFeather","Replay:Bandana","reliquary:Knoch","Toy Ornithopter","aspiration:SilentSkillbook"],"acts_visited":["Exordium","TheCity","TheBeyond"],"potions_floor_usage":[16,16,23,38],"damage_taken":[{"damage":11.0,"enemies":"2 Louse","floor":1.0,"turns":4.0},{"damage":7.0,"enemies":"Jaw Worm","floor":5.0,"turns":6.0},{"damage":50.0,"enemies":"Lagavulin","floor":6.0,"turns":9.0},{"damage":3.0,"enemies":"Small Slimes","floor":8.0,"turns":4.0},{"damage":0.0,"enemies":"3 Louse","floor":11.0,"turns":4.0},{"damage":8.0,"enemies":"Exordium Thugs","floor":13.0,"turns":5.0},{"damage":33,"enemies":"3 Sentries","floor":14,"turns":9},{"damage":16,"enemies":"Fading Forest","floor":16,"turns":13},{"damage":12,"enemies":"Spheric Guardian","floor":18,"turns":6},{"damage":0,"enemies":"Chosen","floor":19,"turns":4},{"damage":35,"enemies":"conspire:Head Lice","floor":23,"turns":6},{"damage":5,"enemies":"Snecko","floor":25,"turns":4},{"damage":12,"enemies":"Gremlin Leader","floor":27,"turns":7},{"damage":1,"enemies":"Chosen and Byrds","floor":29,"turns":6},{"damage":25,"enemies":"conspire:SneckoGhost","floor":31,"turns":8},{"damage":22,"enemies":"hubris:MusketHawk","floor":33,"turns":8},{"damage":16,"enemies":"3 Shapes","floor":35,"turns":10},{"damage":20,"enemies":"3 Darklings","floor":37,"turns":5},{"damage":71,"enemies":"Sphere and 2 Shapes","floor":38,"turns":3}],"seed_played":"-972173373754816930","potions_obtained":[{"floor":6.0,"key":"Energy Potion"},{"floor":8.0,"key":"SteroidPotion"},{"floor":13.0,"key":"LiquidBronze"},{"floor":14,"key":"Dexterity Potion"},{"floor":18,"key":"Strength Potion"},{"floor":27,"key":"SkillPotion"},{"floor":31,"key":"hexamod:SoulburnPotion"},{"floor":35,"key":"EntropicBrew"}],"is_trial":false,"path_per_floor":["M","?","?","?","M","E","R","M","T","?","M","$","M","E","R","B",null,"M","M","?","$","T","E","$","M","T","E","R","M","R","E","R","B",null,"M","?","M","M"],"character_chosen":"IRONCLAD","items_purchased":["Inflame","Simple Rune","aspiration:FrozenJewel","Disarm"],"campfire_rested":0,"item_purchase_floors":[12,21,24,24],"current_hp_per_floor":[68,44,44,44,52,17,17,29,29,18,28,28,30,12,12,27,63,68,75,75,75,75,55,55,60,60,60,60,74,74,67,67,59,71,65,65,57,0,0],"gold":324,"neow_bonus":"ONE_RANDOM_RARE_CARD","is_daily":false,"chose_seed":false,"campfire_upgraded":0,"win_rate":0.0,"timestamp":1614165876,"path_taken":["M","?","?","?","M","E","R","M","T","?","M","$","M","E","R","BOSS","M","M","?","$","?","E","?","?","T","E","R","M","R","E","R","BOSS","M","?","M","?"],"items_purchased_type":["Card","Relic","Relic","Card"],"build_version":"2020-12-22","purchased_purges":2,"victory":false,"max_hp_per_floor":[75,75,75,75,75,75,75,75,75,75,75,75,75,75,75,75,75,75,75,75,75,75,75,75,75,75,75,75,75,75,75,75,75,75,75,75,75,75,75],"card_choices":[{"not_picked":["hubris:CleavingFinish","Life Link"],"picked":"Sword Boomerang","floor":1.0},{"not_picked":["Sword Boomerang","Iron Wave"],"picked":"Armaments","floor":2.0},{"not_picked":["Sentinel","Armaments"],"picked":"Clothesline","floor":2.0},{"not_picked":["Iron Wave","Searing Blow"],"picked":"Beam Cell","floor":5.0},{"not_picked":["Exhume","Twin Strike"],"picked":"Mirror Shield","floor":6.0},{"not_picked":["Steam Power","Wild Strike","Clothesline"],"picked":"SKIP","floor":8.0},{"not_picked":["Sword Boomerang","Run Through","Warcry"],"picked":"SKIP","floor":11.0},{"not_picked":["Battle Trance","Armaments"],"picked":"hubris:StunningStrike","floor":13.0},{"not_picked":["hubris:ReadiedAction","Armaments"],"picked":"hubris:StunningStrike","floor":14},{"not_picked":["Fire Breathing","ReplayTheSpireMod:Strike From Hell"],"picked":"ReplayTheSpireMod:Limb From Limb+1","floor":18},{"not_picked":["Heavy Blade","Burning Pact","Rupture+1"],"picked":"SKIP","floor":19},{"not_picked":["Hemokinesis","Twin Strike","True Grit"],"picked":"SKIP","floor":23},{"not_picked":["Blood for Blood","Combust","Warcry"],"picked":"SKIP","floor":25},{"not_picked":["Blood for Blood","Ghostly Armor","ReplayReversal"],"picked":"SKIP","floor":27},{"not_picked":["Iron Wave","Replay:Undeath\u0027s Touch+1"],"picked":"Headbutt+1","floor":29},{"not_picked":["Cleave","Sever Soul"],"picked":"Demonic Infusion","floor":31},{"not_picked":["Feed","Corruption"],"picked":"Barricade","floor":33},{"not_picked":["Slice","Poisoned Stab","Inflame+1"],"picked":"Dagger Spray+1","floor":35},{"not_picked":["Dark Embrace","Havoc","Headbutt"],"picked":"Feel No Pain","floor":37}],"player_experience":1284927,"relics_obtained":[{"floor":2.0,"key":"Golden Egg"},{"floor":6.0,"key":"Shovel"},{"floor":7.0,"key":"Du-Vu Doll"},{"floor":14,"key":"hubris:AstralHammer"},{"floor":15,"key":"reliquary:BallBearing"},{"floor":22,"key":"conspire:Flyswatter"},{"floor":23,"key":"hubris:DuctTape"},{"floor":26,"key":"Snack Pack"},{"floor":27,"key":"hubris:TinFlute"},{"floor":28,"key":"hubris:CuriousFeather"},{"floor":30,"key":"Replay:Bandana"},{"floor":31,"key":"reliquary:Knoch"},{"floor":32,"key":"Toy Ornithopter"}],"event_choices":[{"damage_healed":0.0,"max_hp_gain":0.0,"max_hp_loss":0.0,"gold_gain":75.0,"event_name":"World of Goop","player_choice":"Gather Gold","floor":10.0,"gold_loss":0.0,"damage_taken":11.0},{"damage_healed":0,"gold_gain":275,"player_choice":"Desecrate","damage_taken":0,"max_hp_gain":0,"max_hp_loss":0,"event_name":"Golden Shrine","floor":20,"gold_loss":0,"cards_obtained":["Regret"]},{"damage_healed":0,"gold_gain":0,"player_choice":"Bought 1 Potion","damage_taken":0,"max_hp_gain":0,"max_hp_loss":0,"event_name":"The Woman in Blue","floor":36,"gold_loss":0}],"is_beta":false,"boss_relics":[{"not_picked":["Empty Cage","aspiration:WatcherSkillbook"],"picked":"Coffee Dripper"},{"not_picked":["Painkiller Herb","reliquary:RedCape"],"picked":"aspiration:SilentSkillbook"}],"items_purged_floors":[12,21],"is_endless":false,"potions_floor_spawned":[6,8,13,14,18,27,31,35],"killed_by":"Sphere and 2 Shapes","ascension_level":20}}