{"host":"cfluht5kr2kfk9p9","time":1614171901,"event":{"mods":["ATMod(°¢èªMod)","BaseMod","Highlight Path","Library of Ruina","Library of Ruina Extra","Minty Spire (QoL Compilation)","Quick Restart","Rare Cards Sparkle","Relic Stats","Spicy Shops","StSLib","Youmu£¨»êÆÇÑýÃÎ£©"],"gold_per_floor":[110,122,197,208,208,243,258,290,315,315,350,367,367,392,392,497,497,515,125,140,151,169,197,197,197,197,222,222,222],"floor_reached":28,"language":"ZHS","playtime":1183,"items_purged":["LightAttack"],"score":504,"play_id":"84dac143-9b9f-407b-8f68-69f0ad69d985","local_time":"20210224210501","is_ascension_mode":true,"campfire_choices":[{"data":"FocusedStrikes","floor":10.0,"key":"SMITH"},{"data":"Rampage_lor","floor":13.0,"key":"SMITH"},{"data":"AT_ShadowStep","floor":15.0,"key":"SMITH"},{"floor":24.0,"key":"DIG"}],"circlet_count":0,"master_deck":["Dodge","LightDefense","LightAttack","LightAttack","LightDefense","LightDefense","LightDefense","ChargeAndCover","FocusedStrikes+1","TrashDisposal","AT_ShadowStep+1","GuidanceOfTheGears","Unlock1","AsThePrescriptOrders","Multislash","Rampage_lor+1","FrontalAssault","UndertakePrescript","UnforgettableMelody","Fence","DefenseOrder"],"relics":["PageOfLibrarian","AT_ATBox","Shovel","Omamori","Art of War","Anchor","AT_RedTearstoneRing","Philosopher\u0027s Stone","PageOfGreed","PageOfBloodbath","PageOfTheQueenOfHatred","Boot","Nilry\u0027s Codex","PageOfTheKnightOfDespair","PageOfWrath"],"acts_visited":["Exordium","TheCity"],"potions_floor_usage":[28,28],"damage_taken":[{"damage":0.0,"enemies":"Small Slimes","floor":1.0,"turns":2.0},{"damage":0.0,"enemies":"Cultist","floor":2.0,"turns":3.0},{"damage":0.0,"enemies":"Jaw Worm","floor":4.0,"turns":2.0},{"damage":21.0,"enemies":"Gremlin Nob","floor":6.0,"turns":4.0},{"damage":4.0,"enemies":"Gremlin Gang","floor":7.0,"turns":3.0},{"damage":25.0,"enemies":"Lagavulin","floor":8.0,"turns":9.0},{"damage":0.0,"enemies":"3 Sentries","floor":11.0,"turns":4.0},{"damage":0.0,"enemies":"Exordium Wildlife","floor":12.0,"turns":3.0},{"damage":11.0,"enemies":"Lagavulin","floor":14.0,"turns":4.0},{"damage":0.0,"enemies":"Hexaghost","floor":16.0,"turns":5.0},{"damage":6.0,"enemies":"2 Thieves","floor":18.0,"turns":2.0},{"damage":2.0,"enemies":"3 Byrds","floor":20.0,"turns":2.0},{"damage":13.0,"enemies":"Snecko","floor":21.0,"turns":3.0},{"damage":1.0,"enemies":"3 Cultists","floor":22.0,"turns":3.0},{"damage":12.0,"enemies":"Gremlin Leader","floor":23.0,"turns":4.0},{"damage":18.0,"enemies":"Book of Stabbing","floor":27.0,"turns":3.0},{"damage":57,"enemies":"Centurion and Healer","floor":28,"turns":2}],"seed_played":"-904087294190957356","potions_obtained":[{"floor":2.0,"key":"Weak Potion"},{"floor":6.0,"key":"Block Potion"},{"floor":11.0,"key":"LiquidBronze"},{"floor":16.0,"key":"Weak Potion"},{"floor":20.0,"key":"Fire Potion"}],"is_trial":false,"path_per_floor":["M","M","?","M","?","E","M","E","T","R","E","M","R","E","R","B",null,"M","$","M","M","M","E","R","?","T","E","M"],"character_chosen":"Librarian","items_purchased":["PageOfGreed","PageOfBloodbath"],"campfire_rested":0,"item_purchase_floors":[19,19],"current_hp_per_floor":[60,60,53,66,66,49,53,38,38,38,38,38,38,31,31,35,80,86,86,84,75,90,83,83,67,67,51,0,0],"gold":222,"neow_bonus":"ONE_RANDOM_RARE_CARD","is_daily":false,"chose_seed":false,"campfire_upgraded":3,"win_rate":0.0,"timestamp":1614171901,"path_taken":["M","M","?","?","?","E","M","E","T","R","E","M","R","E","R","BOSS","M","$","M","?","M","E","R","?","T","E","M"],"items_purchased_type":["Relic","Relic"],"build_version":"2020-12-22","purchased_purges":1,"victory":false,"max_hp_per_floor":[63,76,76,85,85,82,78,63,63,63,63,63,82,82,82,95,95,95,95,95,95,95,95,95,95,95,95,95,95],"relic_stats":{"Shovel":1,"counters":[18,58],"Art of War":[2],"Boot":[4],"obtain_stats":[{"PageOfTheQueenOfHatred":23,"AT_RedTearstoneRing":14,"AT_ATBox":0,"Nilry\u0027s Codex":25,"PageOfBloodbath":19,"Omamori":6,"Boot":24,"PageOfLibrarian":0,"PageOfGreed":19,"PageOfWrath":27,"Anchor":11,"Shovel":5,"PageOfTheKnightOfDespair":26,"Philosopher\u0027s Stone":17,"Art of War":8},{"PageOfTheQueenOfHatred":15,"AT_RedTearstoneRing":9,"AT_ATBox":0,"Nilry\u0027s Codex":15,"PageOfBloodbath":11,"Omamori":4,"Boot":15,"PageOfLibrarian":0,"PageOfGreed":11,"PageOfWrath":16,"Anchor":7,"Shovel":3,"PageOfTheKnightOfDespair":15,"Philosopher\u0027s Stone":10,"Art of War":6},{"PageOfTheQueenOfHatred":53,"AT_RedTearstoneRing":34,"AT_ATBox":0,"Nilry\u0027s Codex":53,"PageOfBloodbath":41,"Omamori":11,"Boot":53,"PageOfLibrarian":0,"PageOfGreed":41,"PageOfWrath":56,"Anchor":27,"Shovel":7,"PageOfTheKnightOfDespair":53,"Philosopher\u0027s Stone":39,"Art of War":23}]},"card_choices":[{"not_picked":["NightInTheBackstreets","SunsetBlade","HandleRequest"],"picked":"GuidanceOfTheGears","floor":1.0},{"not_picked":["MultiHit","Faith","FleetEdge"],"picked":"Unlock1","floor":2.0},{"not_picked":["Parry2","SinglePointStab","CumulusWall"],"picked":"AsThePrescriptOrders","floor":4.0},{"not_picked":["ViolentFlame","HandleRequest","YourShield","SunsetBlade"],"picked":"SKIP","floor":6.0},{"not_picked":["SinglePointStab","QuickAttack","Pound"],"picked":"Multislash","floor":7.0},{"not_picked":["SuppressingShot","MultiHit","FeatherShield","Faith"],"picked":"SKIP","floor":8.0},{"not_picked":["GuidanceOfTheGears","Unlock1","Pound"],"picked":"Rampage_lor","floor":11.0},{"not_picked":["Execute_lor","DarkCloud","AsThePrescriptOrders"],"picked":"FrontalAssault","floor":12.0},{"not_picked":["GuidanceOfTheGears","SinglePointStab","Deflect_lor"],"picked":"UndertakePrescript","floor":14.0},{"not_picked":["CrackOfDawn","Suppress"],"picked":"UnforgettableMelody","floor":16.0},{"not_picked":["MultiBlock","Pound+1","DarkCloud","Reload"],"picked":"SKIP","floor":18.0},{"not_picked":["MultiBlock","Pound+1","DarkCloud","Reload"],"picked":"SKIP","floor":18.0},{"not_picked":["Eliminate","SinglePointStab+1","FierceCharge+1","DarkCloud+1"],"picked":"SKIP","floor":20.0},{"not_picked":["SunsetBlade","FendThisOffIfYouCan","Parry2","Tailoring"],"picked":"SKIP","floor":21.0},{"not_picked":["QuickAttack+1","FlashOfSunup+1","NightInTheBackstreets"],"picked":"Fence","floor":22.0},{"not_picked":["GoinFirst","SinglePointStab","ClassAndRespect+1","Multislash"],"picked":"SKIP","floor":23.0},{"not_picked":["Track","StrongStrike","Parry2+1"],"picked":"DefenseOrder","floor":27.0}],"player_experience":69026,"relics_obtained":[{"floor":5.0,"key":"Shovel"},{"floor":6.0,"key":"Omamori"},{"floor":8.0,"key":"Art of War"},{"floor":11.0,"key":"Anchor"},{"floor":14.0,"key":"AT_RedTearstoneRing"},{"floor":23.0,"key":"PageOfTheQueenOfHatred"},{"floor":24.0,"key":"Boot"},{"floor":25.0,"key":"Nilry\u0027s Codex"},{"floor":26.0,"key":"PageOfTheKnightOfDespair"},{"floor":27.0,"key":"PageOfWrath"}],"event_choices":[{"damage_healed":0.0,"max_hp_gain":0.0,"max_hp_loss":0.0,"gold_gain":75.0,"event_name":"FaceTrader","player_choice":"Touch","floor":3.0,"gold_loss":0.0,"damage_taken":7.0},{"damage_healed":0.0,"max_hp_gain":0.0,"max_hp_loss":0.0,"gold_gain":0.0,"event_name":"Wheel of Change","player_choice":"Relic","floor":5.0,"gold_loss":0.0,"damage_taken":0.0},{"damage_healed":0.0,"max_hp_gain":0.0,"max_hp_loss":0.0,"gold_gain":0.0,"event_name":"Cursed Tome","player_choice":"Obtained Book","floor":25.0,"gold_loss":0.0,"damage_taken":16.0}],"is_beta":false,"boss_relics":[{"not_picked":["Empty Cage","Tiny House"],"picked":"Philosopher\u0027s Stone"}],"items_purged_floors":[19],"is_endless":false,"potions_floor_spawned":[2,6,11,16,20,21,27],"killed_by":"Centurion and Healer","ascension_level":5}}