{"host":"dj20jyxj5yo6mk8a","time":1614155075,"event":{"mods":["AchievementEnabler","BaseMod","BetterRewards","Card Forge","Minty Spire (QoL Compilation)","Replay The Spire","StSLib"],"gold_per_floor":[113,123,135,153,171,171,203,203,228,256,256,112,138,174,174,278,278,278,248,163,163,163,163,163,163,163,163,163,163,163,103,103,103,103,103,103,103,103,103,103,103,103,103,103,103,103,103,103,103,103,103,103,73,73,73],"floor_reached":56,"language":"ENG","playtime":2630,"items_purged":[],"score":1866,"play_id":"0f0a27b9-61fc-48cf-8581-785eeaf9e97b","local_time":"20210224052435","is_ascension_mode":true,"campfire_choices":[{"floor":6,"key":"RECALL"},{"floor":11,"key":"REST"},{"floor":15,"key":"REST"},{"floor":30,"key":"REST"},{"floor":32,"key":"REST"},{"floor":40,"key":"REST"},{"floor":49,"key":"DIG"},{"floor":52,"key":"REST"}],"circlet_count":0,"master_deck":["Strike_G+1","Strike_G+1","Strike_G+1","Strike_G+1","Defend_G+1","Defend_G+1","Defend_G+1","Defend_G+1","Defend_G+1","Survivor+1","Neutralize+1","White Noise+1","White Noise+1","BecomeAlmighty+1","Dramatic Entrance+1","Blind+1","Dark Shackles+1","Discovery+1","Good Instincts+1","LiveForever+1","Poisoned Strike+1","Sadistic Nature+1","RitualDagger+1","White Noise+1","BecomeAlmighty+1","Dark Echo+1","Blind+1","Dramatic Entrance+1","Discovery+1","Dark Shackles+1","Good Instincts+1","LiveForever+1","Poisoned Strike+1","Trip+1","Noxious Fumes+1","Envenom+1","Crippling Poison+1","Blur+1","Deadly Poison+1","Cloak And Dagger+1","Backstab+1","Dagger Spray+1","Endless Agony+1","Die Die Die+1","Catalyst+1","Blade Dance+1","Riddle With Holes+1","PiercingWail+1","Accuracy+1","Deflect+1","Blade Dance+1","Deflect+1","Draining Mist+1","Replay:Bootleg Shield Generator+1","Blind+1","Jack Of All Trades+1","Sucker Punch+1","Replay:Poison Smokescreen+1","Envenom+1","Glass Knife+1","Blade Dance+1","Blade Dance+1"],"relics":["Hammer of Thor","Seething Fire","Anvil of the Gods","Sozu","WingedGreaves","Omamori","Tiny Chest","Juzu Bracelet","CeramicFish","Strawberry","Ectoplasm","Blue Doll","Basket Of Snakes","Gremlin Food","ReplayTheSpireMod:Ninjato","Replay:Bottled Steam","Lizard Tail","Cursed Key","Lantern","Ninja Scroll","Garlic","Mummified Hand","Blood Vial","ReplayTheSpireMod:TigerMarble","Replay:Accelerometer"],"acts_visited":["Exordium","TheCity","TheBeyond","TheEnding"],"potions_floor_usage":[],"damage_taken":[{"damage":0,"enemies":"Cultist","floor":1,"turns":1},{"damage":0,"enemies":"2 Louse","floor":2,"turns":1},{"damage":0,"enemies":"Jaw Worm","floor":3,"turns":1},{"damage":0,"enemies":"Large Slime","floor":4,"turns":3},{"damage":0,"enemies":"3 Louse","floor":5,"turns":1},{"damage":0,"enemies":"Gremlin Nob","floor":7,"turns":2},{"damage":0,"enemies":"Lagavulin","floor":10,"turns":3},{"damage":0,"enemies":"3 Sentries","floor":13,"turns":1},{"damage":0,"enemies":"Gremlin Nob","floor":14,"turns":3},{"damage":9,"enemies":"Slime Boss","floor":16,"turns":4},{"damage":0,"enemies":"3 Byrds","floor":18,"turns":2},{"damage":6,"enemies":"2 Thieves","floor":19,"turns":3},{"damage":0,"enemies":"Snecko","floor":21,"turns":2},{"damage":0,"enemies":"3 Cultists","floor":22,"turns":2},{"damage":0,"enemies":"Gremlin Leader","floor":23,"turns":3},{"damage":7,"enemies":"Slavers","floor":24,"turns":2},{"damage":30,"enemies":"Book of Stabbing","floor":25,"turns":3},{"damage":0,"enemies":"Gremlin Leader","floor":27,"turns":2},{"damage":0,"enemies":"Snake Plant","floor":28,"turns":4},{"damage":0,"enemies":"Chosen and Byrds","floor":29,"turns":4},{"damage":0,"enemies":"Champ","floor":33,"turns":6},{"damage":2,"enemies":"Orb Walker","floor":35,"turns":2},{"damage":12,"enemies":"3 Shapes","floor":36,"turns":3},{"damage":0,"enemies":"Spire Growth","floor":37,"turns":2},{"damage":0,"enemies":"Jaw Worm Horde","floor":38,"turns":2},{"damage":14,"enemies":"Reptomancer","floor":41,"turns":3},{"damage":0,"enemies":"Transient","floor":42,"turns":5},{"damage":0,"enemies":"Nemesis","floor":45,"turns":3},{"damage":0,"enemies":"Reptomancer","floor":47,"turns":2},{"damage":26,"enemies":"Awakened One","floor":50,"turns":7},{"damage":0,"enemies":"Shield and Spear","floor":54,"turns":2},{"damage":42,"enemies":"The Heart","floor":55,"turns":6}],"seed_played":"-6467439270680912390","potions_obtained":[],"is_trial":false,"path_per_floor":["M","M","M","M","M","R","E","?","T","E","R","$","E","E","R","B",null,"M","M","?","M","M","E","E","E","T","E","M","M","R","?","R","B",null,"M","M","M","M","?","R","E","M","T","T","E","?","E","?","R","B",null,"R","$","E","B",null],"character_chosen":"THE_SILENT","items_purchased":["Juzu Bracelet","Blade Dance"],"campfire_rested":6,"item_purchase_floors":[12,53],"current_hp_per_floor":[70,70,70,70,70,70,70,70,70,70,70,70,70,77,77,68,77,77,71,71,71,71,71,64,34,34,34,34,34,57,57,77,77,77,75,63,63,63,53,76,62,62,62,62,62,62,62,62,62,38,77,77,77,77,35],"gold":73,"neow_bonus":"BOSS_RELIC","is_daily":false,"chose_seed":false,"campfire_upgraded":0,"win_rate":0.0,"timestamp":1614155075,"path_taken":["M","M","?","M","M","R","E","?","T","E","R","$","E","E","R","BOSS","M","M","?","M","M","E","E","E","T","E","M","M","R","?","R","BOSS","M","M","M","M","?","R","E","M","T","?","E","?","E","?","R","BOSS","R","$","E","BOSS"],"items_purchased_type":["Relic","Card"],"build_version":"2020-12-22","purchased_purges":0,"victory":true,"max_hp_per_floor":[70,70,70,70,70,70,70,70,70,70,70,70,70,77,77,77,77,77,77,77,77,77,77,77,77,77,77,77,77,77,77,77,77,77,77,77,77,77,77,77,77,77,77,77,77,77,77,77,77,77,77,77,77,77,77],"card_choices":[{"not_picked":["Cloak And Dagger","Dagger Throw"],"picked":"Crippling Poison","floor":1},{"not_picked":["Backflip","Accuracy"],"picked":"Blur","floor":2},{"not_picked":["Choke","Prepared"],"picked":"Deadly Poison","floor":3},{"not_picked":["Bane","Dagger Throw"],"picked":"Cloak And Dagger","floor":4},{"not_picked":["Riddle With Holes","Outmaneuver"],"picked":"Backstab","floor":5},{"not_picked":["Backflip","Dodge and Roll"],"picked":"Dagger Spray","floor":7},{"not_picked":["Dagger Spray","Wraith Form v2","Unload"],"picked":"SKIP","floor":10},{"not_picked":["Skewer","Escape Plan","Calculated Gamble"],"picked":"SKIP","floor":13},{"not_picked":["Outmaneuver","Distraction"],"picked":"Endless Agony","floor":14},{"not_picked":["Unload","Night Terror"],"picked":"Die Die Die","floor":16},{"not_picked":["Cloak And Dagger","PiercingWail"],"picked":"Catalyst+1","floor":18},{"not_picked":["Backflip","Hidden Blade"],"picked":"Blade Dance","floor":19},{"not_picked":["ReplayTheSpireMod:Exploit Weakness","Backflip"],"picked":"Riddle With Holes","floor":21},{"not_picked":["Outmaneuver","ReplayTheSpireMod:Tripwire+1"],"picked":"PiercingWail+1","floor":22},{"not_picked":["ReplayTheSpireMod:Scrap Shanks+1","Phantasmal Killer"],"picked":"Accuracy","floor":23},{"not_picked":["Well Laid Plans","Sucker Punch","Acrobatics"],"picked":"SKIP","floor":24},{"not_picked":["Underhanded Strike","Flying Knee","Bane"],"picked":"SKIP","floor":25},{"not_picked":["Concentrate","ReplayTheSpireMod:Exploit Weakness"],"picked":"Deflect+1","floor":27},{"not_picked":["Bane+1","Underhanded Strike+1"],"picked":"Blade Dance","floor":28},{"not_picked":["Poison Darts","Dagger Throw+1","Quick Slash+1"],"picked":"SKIP","floor":29},{"not_picked":["Acrobatics","Prepared+1"],"picked":"Deflect+1","floor":35},{"not_picked":["Venomology","Slice","All Out Attack+1"],"picked":"SKIP","floor":36},{"not_picked":["Bane","PiercingWail+1"],"picked":"Draining Mist","floor":37},{"not_picked":["Masterful Stab+1","Slice","ReplayTheSpireMod:Exploit Weakness"],"picked":"SKIP","floor":38},{"not_picked":["Dark Shackles","Mind Blast"],"picked":"Replay:Bootleg Shield Generator","floor":39},{"not_picked":["Bandage Up","Dark Shackles"],"picked":"Blind","floor":39},{"not_picked":["Survey Options","Enlightenment"],"picked":"Jack Of All Trades","floor":39},{"not_picked":["Dodge and Roll","Flying Knee+1"],"picked":"Sucker Punch","floor":41},{"not_picked":["Backflip","Cloak And Dagger"],"picked":"Replay:Poison Smokescreen","floor":42},{"not_picked":["Blur","Burst"],"picked":"Envenom","floor":45},{"not_picked":["Tactician","Prepared+1"],"picked":"Glass Knife","floor":47},{"not_picked":["Choke+1","ReplayTheSpireMod:Shiv Toss","Underhanded Strike+1"],"picked":"SKIP","floor":54}],"player_experience":116649,"relics_obtained":[{"floor":7,"key":"WingedGreaves"},{"floor":10,"key":"Tiny Chest"},{"floor":13,"key":"CeramicFish"},{"floor":14,"key":"Strawberry"},{"floor":23,"key":"Basket Of Snakes"},{"floor":24,"key":"Gremlin Food"},{"floor":25,"key":"ReplayTheSpireMod:Ninjato"},{"floor":26,"key":"Replay:Bottled Steam"},{"floor":27,"key":"Lizard Tail"},{"floor":41,"key":"Lantern"},{"floor":43,"key":"Ninja Scroll"},{"floor":44,"key":"Garlic"},{"floor":45,"key":"Mummified Hand"},{"floor":47,"key":"Blood Vial"},{"floor":49,"key":"ReplayTheSpireMod:TigerMarble"},{"floor":54,"key":"Replay:Accelerometer"}],"event_choices":[{"damage_healed":0,"gold_gain":0,"player_choice":"Box","damage_taken":0,"relics_obtained":["Omamori"],"max_hp_gain":0,"max_hp_loss":0,"event_name":"Big Fish","floor":8,"gold_loss":0,"cards_obtained":["Regret"]},{"damage_healed":0,"gold_gain":0,"player_choice":"Obtained Relic","damage_taken":0,"relics_obtained":["Blue Doll"],"max_hp_gain":0,"max_hp_loss":0,"event_name":"Addict","floor":20,"gold_loss":85},{"damage_healed":0,"gold_gain":0,"player_choice":"Memory 3","damage_taken":10,"max_hp_gain":0,"max_hp_loss":0,"event_name":"SensoryStone","floor":39,"gold_loss":0},{"damage_healed":0,"gold_gain":0,"player_choice":"Bought 0 Potions","damage_taken":0,"max_hp_gain":0,"max_hp_loss":0,"event_name":"The Woman in Blue","floor":46,"gold_loss":0},{"cards_removed":["Strike_G"],"damage_healed":0,"gold_gain":0,"player_choice":"Removed Attack","damage_taken":0,"max_hp_gain":0,"max_hp_loss":0,"event_name":"Falling","floor":48,"gold_loss":0}],"is_beta":false,"boss_relics":[{"not_picked":["Runic Dome","Velvet Choker"],"picked":"Ectoplasm"},{"not_picked":["Snecko Eye","Kintsugi"],"picked":"Cursed Key"}],"items_purged_floors":[],"is_endless":false,"potions_floor_spawned":[3,4,5,13,16,19,22,23,27,33,35,36,42,45,47],"ascension_level":1}}