{"host":"q8niu1x2pgv94o1d","time":1614201789,"event":{"mods":["AchievementEnabler","BaseMod","Colored Map","Colored Powertips","Minty Spire (QoL Compilation)","StSLib"],"gold_per_floor":[110,126,126,126,126,126,155,167,240,73,73,102,120,138,138,138,138],"floor_reached":16,"language":"ENG","playtime":773,"items_purged":[],"score":220,"play_id":"a4a38e74-9859-423a-abd2-241fcbdc96dc","local_time":"20210224222309","is_ascension_mode":true,"campfire_choices":[{"data":"True Grit","floor":6,"key":"SMITH"},{"data":"Armaments","floor":11,"key":"SMITH"},{"floor":15,"key":"REST"}],"circlet_count":0,"master_deck":["AscendersBane","Strike_R","Strike_R+1","Strike_R+1","Strike_R","Defend_R","Defend_R","Defend_R","Defend_R","Bash+1","Pommel Strike","True Grit+1","Corruption","Armaments+1","Offering","Disarm","Disarm","Anger","Second Wind","Warcry","Spot Weakness"],"relics":["Burning Blood","PreservedInsect","InkBottle","Paper Frog","Orrery","Juzu Bracelet"],"acts_visited":["Exordium"],"potions_floor_usage":[16],"damage_taken":[{"damage":7,"enemies":"Cultist","floor":1,"turns":4},{"damage":7,"enemies":"Small Slimes","floor":2,"turns":3},{"damage":16,"enemies":"3 Sentries","floor":7,"turns":8},{"damage":2,"enemies":"Jaw Worm","floor":8,"turns":3},{"damage":18,"enemies":"Lagavulin","floor":12,"turns":6},{"damage":18,"enemies":"Gremlin Gang","floor":13,"turns":4},{"damage":3,"enemies":"Blue Slaver","floor":14,"turns":4},{"damage":39,"enemies":"Slime Boss","floor":16,"turns":6}],"seed_played":"820261169144040616","potions_obtained":[{"floor":8,"key":"GamblersBrew"}],"is_trial":false,"path_per_floor":["M","M","?","?","?","R","E","M","T","$","R","E","M","M","R","B"],"character_chosen":"IRONCLAD","items_purchased":["Orrery"],"campfire_rested":1,"item_purchase_floors":[10],"current_hp_per_floor":[67,66,43,43,38,38,28,32,32,32,32,20,8,11,33,0,0],"gold":138,"neow_bonus":"UPGRADE_CARD","is_daily":false,"chose_seed":false,"campfire_upgraded":2,"win_rate":0.0,"timestamp":1614201789,"path_taken":["M","?","?","?","?","R","E","M","T","?","R","E","M","M","R","BOSS"],"items_purchased_type":["Relic"],"build_version":"2020-12-22","purchased_purges":0,"victory":false,"max_hp_per_floor":[75,75,75,75,75,75,75,75,75,75,75,75,75,75,75,75,75],"card_choices":[{"not_picked":["Heavy Blade","Flex"],"picked":"Pommel Strike","floor":1},{"not_picked":["Clash","Headbutt","Havoc"],"picked":"SKIP","floor":2},{"not_picked":["Intimidate","Clash"],"picked":"Corruption","floor":7},{"not_picked":["Body Slam","Seeing Red"],"picked":"Armaments","floor":8},{"not_picked":["Twin Strike","Flex"],"picked":"Offering","floor":10},{"not_picked":["Warcry","Power Through"],"picked":"Disarm","floor":10},{"not_picked":["Iron Wave","Seeing Red"],"picked":"Disarm","floor":10},{"not_picked":["Clash","True Grit"],"picked":"Anger","floor":10},{"not_picked":["Havoc","Iron Wave"],"picked":"Second Wind","floor":10},{"not_picked":["Cleave","Disarm"],"picked":"Warcry","floor":12},{"not_picked":["Twin Strike","Wild Strike"],"picked":"Spot Weakness","floor":13},{"not_picked":["Reckless Charge","Iron Wave","True Grit"],"picked":"SKIP","floor":14}],"player_experience":1834652,"relics_obtained":[{"floor":7,"key":"InkBottle"},{"floor":9,"key":"Paper Frog"},{"floor":12,"key":"Juzu Bracelet"}],"event_choices":[{"damage_healed":0,"gold_gain":0,"player_choice":"Entered Light","damage_taken":23,"max_hp_gain":0,"max_hp_loss":0,"event_name":"Shining Light","floor":3,"gold_loss":0,"cards_upgraded":["Strike_R","Strike_R"]},{"damage_healed":0,"gold_gain":0,"cards_transformed":["Strike_R"],"player_choice":"Change","damage_taken":0,"max_hp_gain":0,"max_hp_loss":0,"event_name":"Living Wall","floor":4,"gold_loss":0,"cards_obtained":["True Grit"]},{"damage_healed":0,"gold_gain":0,"player_choice":"Success","damage_taken":5,"relics_obtained":["PreservedInsect"],"max_hp_gain":0,"max_hp_loss":0,"event_name":"Scrap Ooze","floor":5,"gold_loss":0}],"is_beta":false,"boss_relics":[],"items_purged_floors":[],"is_endless":false,"potions_floor_spawned":[8],"killed_by":"Slime Boss","ascension_level":20}}