{"host":"r7hmxrtwvofdnlkf","time":1614203837,"event":{"mods":["AchievementEnabler","BaseMod","Colored Powertips","Minty Spire (QoL Compilation)","Relic Stats","StSLib"],"gold_per_floor":[109,109,125,138,148,176,176,191,239,284,316,357,369,400,412,519,531,554,566,221,231,251,285,285,285,311,311,411,411,441,472,472,569,569,588,588,335,390,407,442,462,462,462],"floor_reached":42,"language":"ENG","playtime":3068,"items_purged":["Strike_P","Defend_P"],"score":581,"play_id":"6361fc4d-aa5b-4373-aa03-46ced9478a06","local_time":"20210224225717","is_ascension_mode":false,"campfire_choices":[{"data":"Eruption","floor":7.0,"key":"SMITH"},{"data":"Consecrate","floor":13,"key":"SMITH"},{"data":"Prostrate","floor":15,"key":"SMITH"},{"floor":25,"key":"REST"},{"floor":29,"key":"REST"},{"data":"ConjureBlade","floor":32,"key":"SMITH"}],"circlet_count":0,"master_deck":["Strike_P","Strike_P","Strike_P","Defend_P","Defend_P","Defend_P","Eruption+1","Vigilance","Wallop","JustLucky","JustLucky","FollowUp","Worship","Consecrate+1","EmptyFist","DeceiveReality","Prostrate+1","ConjureBlade+1","FollowUp","FearNoEvil","Prostrate","Brilliance","EmptyBody+1","Sanctity","SashWhip+1","Ragnarok","ClearTheMind+1","TalkToTheHand","ThirdEye+1","Ragnarok","WheelKick"],"relics":["Runic Pyramid","WingedGreaves","InkBottle","MawBank","Potion Belt","Eternal Feather","VioletLotus","FaceOfCleric","Chemical X","The Courier","Happy Flower","Damaru","Ginger","Bottled Lightning","Sundial","Nunchaku","Philosopher\u0027s Stone","Frozen Eye","Torii","Mummified Hand"],"acts_visited":["Exordium","TheCity","TheBeyond"],"potions_floor_usage":[16,18,28,28,31,31,33,38,38],"damage_taken":[{"damage":0.0,"enemies":"Small Slimes","floor":1.0,"turns":3.0},{"damage":0.0,"enemies":"Jaw Worm","floor":3.0,"turns":4.0},{"damage":0.0,"enemies":"Cultist","floor":4.0,"turns":3.0},{"damage":2.0,"enemies":"Blue Slaver","floor":5.0,"turns":3.0},{"damage":0.0,"enemies":"Lagavulin","floor":6.0,"turns":4.0},{"damage":0.0,"enemies":"Looter","floor":8.0,"turns":3.0},{"damage":2.0,"enemies":"3 Sentries","floor":10.0,"turns":8.0},{"damage":0.0,"enemies":"Exordium Wildlife","floor":11.0,"turns":2.0},{"damage":0.0,"enemies":"Gremlin Nob","floor":12.0,"turns":2.0},{"damage":0,"enemies":"3 Louse","floor":14,"turns":2},{"damage":4,"enemies":"Slime Boss","floor":16,"turns":6},{"damage":3,"enemies":"Spheric Guardian","floor":18,"turns":3},{"damage":5,"enemies":"3 Byrds","floor":21,"turns":5},{"damage":18,"enemies":"Cultist and Chosen","floor":22,"turns":6},{"damage":15,"enemies":"Gremlin Leader","floor":23,"turns":6},{"damage":14,"enemies":"Colosseum Slavers","floor":28,"turns":4},{"damage":15,"enemies":"Colosseum Nobs","floor":28,"turns":3},{"damage":5,"enemies":"Book of Stabbing","floor":30,"turns":4},{"damage":30,"enemies":"Slavers","floor":31,"turns":5},{"damage":31,"enemies":"Champ","floor":33,"turns":7},{"damage":4,"enemies":"Orb Walker","floor":35,"turns":4},{"damage":20,"enemies":"2 Orb Walkers","floor":38,"turns":4},{"damage":8,"enemies":"3 Shapes","floor":39,"turns":3},{"damage":28,"enemies":"Nemesis","floor":40,"turns":7},{"damage":21,"enemies":"Jaw Worm Horde","floor":41,"turns":3},{"damage":19,"enemies":"Sphere and 2 Shapes","floor":42,"turns":1}],"seed_played":"2793094127394550099","potions_obtained":[{"floor":4.0,"key":"Block Potion"},{"floor":6.0,"key":"Weak Potion"},{"floor":10.0,"key":"GamblersBrew"},{"floor":11.0,"key":"FearPotion"},{"floor":12,"key":"SpeedPotion"},{"floor":14,"key":"Weak Potion"},{"floor":16,"key":"Block Potion"},{"floor":22,"key":"BottledMiracle"},{"floor":30,"key":"LiquidBronze"},{"floor":31,"key":"Weak Potion"},{"floor":35,"key":"ColorlessPotion"},{"floor":40,"key":"BlessingOfTheForge"},{"floor":41,"key":"BottledMiracle"}],"is_trial":false,"path_per_floor":["M","?","M","M","M","E","R","M","T","E","M","E","R","M","R","B",null,"M","?","$","M","M","E","?","R","T","?","?","R","E","E","R","B",null,"M","?","$","?","M","E","M","M"],"character_chosen":"WATCHER","items_purchased":["Chemical X","FollowUp","FearNoEvil","Frozen Eye","TalkToTheHand"],"campfire_rested":2,"item_purchase_floors":[20,20,20,37,37],"current_hp_per_floor":[72,60,60,60,58,58,58,58,58,56,56,56,65,65,72,68,72,69,69,69,65,48,34,34,68,68,68,41,76,72,43,58,28,80,77,77,77,58,51,24,4,0,0],"gold":462,"neow_bonus":"BOSS_RELIC","is_daily":false,"chose_seed":false,"campfire_upgraded":4,"win_rate":0.0,"timestamp":1614203837,"path_taken":["M","?","M","M","M","E","R","M","T","E","M","E","R","M","R","BOSS","M","?","$","M","?","E","?","R","T","?","?","R","E","E","R","BOSS","M","?","$","?","M","E","?","M"],"items_purchased_type":["Relic","Card","Card","Relic","Card"],"build_version":"2020-12-22","purchased_purges":2,"victory":false,"max_hp_per_floor":[72,72,72,72,72,72,72,72,72,72,72,72,72,72,72,72,72,72,72,72,73,74,75,75,75,75,75,77,77,78,79,79,80,80,81,81,81,82,83,84,85,85,85],"relic_stats":{"Happy Flower":[15],"Torii":0,"counters":[26,105],"Eternal Feather":55,"Ginger":[1],"MawBank":132,"Nunchaku":[7],"FaceOfCleric":13,"Sundial":[0],"Mummified Hand":[0],"VioletLotus":[18],"Chemical X":[13],"obtain_stats":[{"Potion Belt":10,"Happy Flower":24,"Torii":38,"Damaru":26,"Eternal Feather":12,"The Courier":23,"Ginger":28,"MawBank":9,"Frozen Eye":37,"Nunchaku":31,"FaceOfCleric":19,"Sundial":30,"Mummified Hand":40,"Philosopher\u0027s Stone":34,"WingedGreaves":2,"VioletLotus":17,"Chemical X":20,"Bottled Lightning":28,"PureWater":0,"InkBottle":6,"Runic Pyramid":0},{"Potion Belt":7,"Happy Flower":15,"Torii":22,"Damaru":15,"Eternal Feather":9,"The Courier":15,"Ginger":17,"MawBank":6,"Frozen Eye":21,"Nunchaku":19,"FaceOfCleric":12,"Sundial":18,"Mummified Hand":24,"Philosopher\u0027s Stone":20,"WingedGreaves":1,"VioletLotus":11,"Chemical X":12,"Bottled Lightning":17,"PureWater":0,"InkBottle":5,"Runic Pyramid":0},{"Potion Belt":28,"Happy Flower":60,"Torii":91,"Damaru":60,"Eternal Feather":32,"The Courier":60,"Ginger":67,"MawBank":20,"Frozen Eye":87,"Nunchaku":76,"FaceOfCleric":43,"Sundial":71,"Mummified Hand":101,"Philosopher\u0027s Stone":83,"WingedGreaves":3,"VioletLotus":40,"Chemical X":43,"Bottled Lightning":67,"PureWater":0,"InkBottle":17,"Runic Pyramid":0}],"InkBottle":[35]},"card_choices":[{"not_picked":["Protect","Perseverance"],"picked":"Wallop","floor":1.0},{"not_picked":["EmptyFist","ClearTheMind"],"picked":"JustLucky","floor":3.0},{"not_picked":["Weave","FearNoEvil"],"picked":"JustLucky","floor":4.0},{"not_picked":["Halt","EmptyMind"],"picked":"FollowUp","floor":5.0},{"not_picked":["CarveReality","BowlingBash"],"picked":"Worship","floor":6.0},{"not_picked":["FollowUp","Sanctity"],"picked":"Consecrate","floor":8.0},{"not_picked":["Protect","FlurryOfBlows"],"picked":"EmptyFist","floor":10.0},{"not_picked":["JustLucky","BowlingBash"],"picked":"DeceiveReality","floor":11.0},{"not_picked":["Establishment","Collect","Protect"],"picked":"SKIP","floor":12},{"not_picked":["Fasting2","WindmillStrike"],"picked":"Prostrate","floor":14},{"not_picked":["MasterReality","Blasphemy"],"picked":"ConjureBlade","floor":16},{"not_picked":["Evaluate+1","WheelKick","BowlingBash"],"picked":"SKIP","floor":18},{"not_picked":["FollowUp+1","FearNoEvil"],"picked":"Prostrate","floor":21},{"not_picked":["CrushJoints","ReachHeaven","Protect+1"],"picked":"SKIP","floor":22},{"not_picked":["Blasphemy","FlyingSleeves+1"],"picked":"Brilliance","floor":23},{"not_picked":["Crescendo","EmptyFist"],"picked":"EmptyBody+1","floor":28},{"not_picked":["DevaForm","WheelKick"],"picked":"Sanctity","floor":30},{"not_picked":["Sanctity","InnerPeace"],"picked":"SashWhip+1","floor":31},{"not_picked":["MasterReality","Brilliance"],"picked":"Ragnarok","floor":33},{"not_picked":["LikeWater","FlyingSleeves+1"],"picked":"ClearTheMind+1","floor":35},{"not_picked":["EmptyFist+1","WindmillStrike"],"picked":"ThirdEye+1","floor":38},{"not_picked":["EmptyMind","Prostrate","PathToVictory+1"],"picked":"SKIP","floor":39},{"not_picked":["Conclude","PathToVictory+1"],"picked":"Ragnarok","floor":40},{"not_picked":["Fasting2","ThirdEye"],"picked":"WheelKick","floor":41}],"player_experience":183886,"relics_obtained":[{"floor":6.0,"key":"InkBottle"},{"floor":9.0,"key":"MawBank"},{"floor":10.0,"key":"Potion Belt"},{"floor":12,"key":"Eternal Feather"},{"floor":23,"key":"The Courier"},{"floor":26,"key":"Damaru"},{"floor":28,"key":"Ginger"},{"floor":28,"key":"Bottled Lightning"},{"floor":30,"key":"Sundial"},{"floor":31,"key":"Nunchaku"},{"floor":38,"key":"Torii"},{"floor":40,"key":"Mummified Hand"}],"event_choices":[{"damage_healed":0.0,"max_hp_gain":0.0,"max_hp_loss":0.0,"gold_gain":0.0,"event_name":"Scrap Ooze","player_choice":"Success","floor":2.0,"gold_loss":0.0,"damage_taken":12.0,"relics_obtained":["WingedGreaves"]},{"damage_healed":0,"gold_gain":0,"player_choice":"Trade","damage_taken":0,"relics_obtained":["FaceOfCleric"],"max_hp_gain":0,"max_hp_loss":0,"event_name":"FaceTrader","floor":19,"gold_loss":0},{"damage_healed":0,"gold_gain":0,"player_choice":"Opened","damage_taken":0,"relics_obtained":["Happy Flower"],"max_hp_gain":0,"max_hp_loss":0,"event_name":"The Mausoleum","floor":24,"gold_loss":0,"cards_obtained":["Writhe"]},{"cards_removed":["Writhe"],"damage_healed":0,"gold_gain":0,"player_choice":"Elegance","damage_taken":0,"max_hp_gain":0,"max_hp_loss":0,"event_name":"Back to Basics","floor":27,"gold_loss":0},{"damage_healed":0,"gold_gain":0,"player_choice":"Fight","damage_taken":0,"max_hp_gain":0,"max_hp_loss":0,"event_name":"Colosseum","floor":28,"gold_loss":0},{"damage_healed":0,"gold_gain":0,"player_choice":"Fought Nobs","damage_taken":0,"max_hp_gain":0,"max_hp_loss":0,"event_name":"Colosseum","floor":28,"gold_loss":0},{"damage_healed":0,"gold_gain":0,"player_choice":"Ignored","damage_taken":0,"max_hp_gain":0,"max_hp_loss":0,"event_name":"Tomb of Lord Red Mask","floor":36,"gold_loss":0},{"damage_healed":0,"gold_gain":0,"player_choice":"Fight","damage_taken":0,"max_hp_gain":0,"max_hp_loss":0,"event_name":"Mysterious Sphere","floor":38,"gold_loss":0}],"is_beta":false,"boss_relics":[{"not_picked":["Ectoplasm","Tiny House"],"picked":"VioletLotus"},{"not_picked":["Sozu","Calling Bell"],"picked":"Philosopher\u0027s Stone"}],"items_purged_floors":[20,37],"is_endless":false,"potions_floor_spawned":[4,6,10,11,12,14,16,22,28,30,31,35,40,41],"killed_by":"Sphere and 2 Shapes","ascension_level":0}}