{"host":"n3r7007bx0xr1slw","time":1614125439,"event":{"mods":["BaseMod","Colored Powertips","DeckTracker","Googly Eyes","Highlight Path","Minty Spire (QoL Compilation)","Relic Stats","StSLib"],"gold_per_floor":[110,110,110,130,144,169,183,183,235,251,279,229,286,303,303,405,455,468,402,418,517,596,596,631,37,37,47,65,89,14,14,14,116,116,131,50,0,17,35,61,61,77,129,145,145,145],"floor_reached":45,"language":"ENG","playtime":2327,"items_purged":["Strike_B"],"score":475,"play_id":"b736ba78-37b4-4f27-b976-6c61f16d4412","local_time":"20210223191039","is_ascension_mode":false,"campfire_choices":[{"data":"White Noise","floor":8,"key":"SMITH"},{"floor":15,"key":"REST"},{"data":"Machine Learning","floor":23,"key":"SMITH"},{"data":"Biased Cognition","floor":32,"key":"SMITH"},{"floor":41,"key":"REST"}],"circlet_count":0,"master_deck":["Strike_B","Strike_B","Defend_B+1","Zap","Dualcast","Biased Cognition+1","Leap","Cold Snap+1","Barrage+1","White Noise+1","Lockon+1","Cold Snap+1","Machine Learning+1","Biased Cognition+1","Hologram","Tempest+1","Force Field","Biased Cognition+1","Capacitor","Echo Form","Steam Power+1","Defragment+1","Tempest+1","Static Discharge","Ball Lightning+1","White Noise","Heatsinks"],"relics":["Cracked Core","Molten Egg 2","MealTicket","Orichalcum","Gambling Chip","Tiny Chest","Tiny House","Meat on the Bone","Kunai","Prayer Wheel","Dream Catcher","Lizard Tail","DollysMirror","Darkstone Periapt","Nunchaku","Potion Belt","Astrolabe","Red Mask","Vajra","Happy Flower"],"acts_visited":["Exordium","TheCity","TheBeyond"],"potions_floor_usage":[11,11,14,24,24,33,39,42,45],"damage_taken":[{"damage":1,"enemies":"2 Louse","floor":1,"turns":3},{"damage":3,"enemies":"Small Slimes","floor":4,"turns":4},{"damage":0,"enemies":"Cultist","floor":5,"turns":3},{"damage":17,"enemies":"Lagavulin","floor":6,"turns":5},{"damage":8,"enemies":"Looter","floor":7,"turns":3},{"damage":9,"enemies":"2 Fungi Beasts","floor":10,"turns":3},{"damage":4,"enemies":"Gremlin Nob","floor":11,"turns":3},{"damage":0,"enemies":"3 Sentries","floor":13,"turns":6},{"damage":0,"enemies":"Lots of Slimes","floor":14,"turns":1},{"damage":13,"enemies":"Hexaghost","floor":16,"turns":7},{"damage":0,"enemies":"Shell Parasite","floor":18,"turns":4},{"damage":4,"enemies":"Chosen","floor":20,"turns":4},{"damage":12,"enemies":"Book of Stabbing","floor":24,"turns":3},{"damage":7,"enemies":"Centurion and Healer","floor":27,"turns":4},{"damage":7,"enemies":"Snecko","floor":28,"turns":3},{"damage":48,"enemies":"Automaton","floor":33,"turns":10},{"damage":2,"enemies":"Orb Walker","floor":35,"turns":4},{"damage":28,"enemies":"3 Darklings","floor":38,"turns":4},{"damage":11,"enemies":"Transient","floor":39,"turns":5},{"damage":60,"enemies":"Reptomancer","floor":40,"turns":5},{"damage":0,"enemies":"Maw","floor":42,"turns":5},{"damage":55,"enemies":"Writhing Mass","floor":44,"turns":4},{"damage":23,"enemies":"Jaw Worm Horde","floor":45,"turns":3}],"seed_played":"766244568296991578","potions_obtained":[{"floor":5,"key":"SteroidPotion"},{"floor":7,"key":"BlessingOfTheForge"},{"floor":10,"key":"Energy Potion"},{"floor":11,"key":"Explosive Potion"},{"floor":17,"key":"SpeedPotion"},{"floor":20,"key":"AttackPotion"},{"floor":24,"key":"Strength Potion"},{"floor":27,"key":"Fire Potion"},{"floor":38,"key":"Fire Potion"},{"floor":40,"key":"Energy Potion"}],"is_trial":false,"path_per_floor":["M","?","?","M","M","E","M","R","T","M","E","?","?","M","R","B",null,"M","?","M","?","T","R","E","$","T","M","M","T","$","T","R","B",null,"M","$","?","M","M","E","R","M","T","M","M"],"character_chosen":"DEFECT","items_purchased":["Dream Catcher","Lizard Tail","DollysMirror","Static Discharge"],"campfire_rested":2,"item_purchase_floors":[25,25,25,36],"current_hp_per_floor":[67,64,64,61,61,44,36,36,36,27,23,23,23,23,43,30,73,73,73,69,69,69,69,57,72,72,65,58,58,73,73,73,37,73,71,73,73,45,46,37,58,58,58,15,0,0],"gold":145,"neow_bonus":"THREE_RARE_CARDS","is_daily":false,"chose_seed":false,"campfire_upgraded":3,"win_rate":0.0,"timestamp":1614125439,"path_taken":["M","?","?","?","M","E","M","R","T","M","E","?","?","M","R","BOSS","M","?","?","?","?","R","E","$","T","M","?","?","?","?","R","BOSS","M","$","?","M","M","E","R","M","T","M","M"],"items_purchased_type":["Relic","Relic","Relic","Card"],"build_version":"2020-12-22","purchased_purges":1,"victory":false,"max_hp_per_floor":[68,68,68,68,68,68,68,68,68,68,68,68,68,68,68,68,73,73,73,73,73,73,73,73,73,73,73,73,73,73,73,73,73,73,73,73,73,73,73,73,73,73,73,73,73,73],"relic_stats":{"Darkstone Periapt":0,"Happy Flower":[2],"counters":[23,95],"Astrolabe":["Steam Power","Defragment","Tempest"],"Orichalcum":[234],"Dream Catcher":1,"Lizard Tail":36,"Nunchaku":[3],"Gambling Chip":[41],"MealTicket":32,"Tiny Chest":2,"Prayer Wheel":7,"Kunai":[6],"obtain_stats":[{"Darkstone Periapt":26,"Potion Belt":31,"Tiny House":17,"Happy Flower":43,"Astrolabe":34,"Vajra":40,"Orichalcum":9,"Dream Catcher":25,"Lizard Tail":25,"Nunchaku":29,"DollysMirror":25,"Gambling Chip":11,"Molten Egg 2":2,"MealTicket":6,"Tiny Chest":13,"Prayer Wheel":24,"Red Mask":37,"Kunai":22,"Cracked Core":0,"Meat on the Bone":19},{"Darkstone Periapt":13,"Potion Belt":15,"Tiny House":10,"Happy Flower":21,"Astrolabe":16,"Vajra":20,"Orichalcum":5,"Dream Catcher":13,"Lizard Tail":13,"Nunchaku":15,"DollysMirror":13,"Gambling Chip":7,"Molten Egg 2":1,"MealTicket":4,"Tiny Chest":8,"Prayer Wheel":13,"Red Mask":17,"Kunai":12,"Cracked Core":0,"Meat on the Bone":11},{"Darkstone Periapt":48,"Potion Belt":55,"Tiny House":38,"Happy Flower":88,"Astrolabe":65,"Vajra":83,"Orichalcum":18,"Dream Catcher":48,"Lizard Tail":48,"Nunchaku":55,"DollysMirror":48,"Gambling Chip":24,"Molten Egg 2":3,"MealTicket":15,"Tiny Chest":30,"Prayer Wheel":48,"Red Mask":69,"Kunai":45,"Cracked Core":0,"Meat on the Bone":42}],"Meat on the Bone":48},"card_choices":[{"not_picked":["Buffer","Multi-Cast"],"picked":"Biased Cognition","floor":0},{"not_picked":["Barrage","Scrape"],"picked":"Leap","floor":1},{"not_picked":["Conserve Battery","Hello World","Streamline+1"],"picked":"SKIP","floor":4},{"not_picked":["Ball Lightning+1","Undo"],"picked":"Cold Snap+1","floor":5},{"not_picked":["Streamline+1","Sweeping Beam+1"],"picked":"Barrage+1","floor":6},{"not_picked":["Force Field","Go for the Eyes+1"],"picked":"White Noise","floor":7},{"not_picked":["Barrage+1","Undo"],"picked":"Lockon+1","floor":10},{"not_picked":["Reprogram","Gash+1"],"picked":"Cold Snap+1","floor":11},{"not_picked":["Fusion","Stack"],"picked":"Machine Learning","floor":13},{"not_picked":["Sweeping Beam+1","Undo","Aggregate"],"picked":"SKIP","floor":14},{"not_picked":["Meteor Strike+1","Machine Learning"],"picked":"Biased Cognition","floor":16},{"not_picked":["Turbo","Conserve Battery"],"picked":"Hologram","floor":17},{"not_picked":["Leap","Hologram"],"picked":"Tempest+1","floor":18},{"not_picked":["Redo+1","Hologram+1"],"picked":"Force Field","floor":20},{"not_picked":["Conserve Battery","Barrage+1","Melter+1"],"picked":"SKIP","floor":24},{"not_picked":["Compile Driver+1","Cold Snap+1","Fission"],"picked":"SKIP","floor":27},{"not_picked":["Chaos","Hello World","Genetic Algorithm+1"],"picked":"SKIP","floor":27},{"not_picked":["Coolheaded+1","Turbo"],"picked":"Capacitor","floor":28},{"not_picked":["Go for the Eyes+1","Gash+1","Force Field"],"picked":"SKIP","floor":28},{"not_picked":["Reboot","Seek"],"picked":"Echo Form","floor":33},{"not_picked":["Compile Driver+1","Auto Shields+1","Force Field"],"picked":"SKIP","floor":35},{"not_picked":["Cold Snap+1","BootSequence","Beam Cell+1"],"picked":"SKIP","floor":35},{"not_picked":["BootSequence","Reprogram"],"picked":"Ball Lightning+1","floor":38},{"not_picked":["Go for the Eyes+1","Leap+1","Streamline+1"],"picked":"SKIP","floor":38},{"not_picked":["Aggregate","Redo+1"],"picked":"White Noise","floor":39},{"not_picked":["Stack+1","Conserve Battery","Ball Lightning+1"],"picked":"SKIP","floor":39},{"not_picked":["Barrage+1","Stack"],"picked":"Heatsinks","floor":40},{"not_picked":["Glacier","Darkness","Aggregate"],"picked":"SKIP","floor":42},{"not_picked":["Stack","Self Repair+1","Compile Driver+1"],"picked":"SKIP","floor":42},{"not_picked":["Fusion+1","Leap","Glacier+1"],"picked":"SKIP","floor":44},{"not_picked":["Doom and Gloom+1","Reprogram","Machine Learning"],"picked":"SKIP","floor":44}],"player_experience":164937,"relics_obtained":[{"floor":6,"key":"MealTicket"},{"floor":9,"key":"Orichalcum"},{"floor":11,"key":"Gambling Chip"},{"floor":13,"key":"Tiny Chest"},{"floor":22,"key":"Kunai"},{"floor":24,"key":"Prayer Wheel"},{"floor":26,"key":"Darkstone Periapt"},{"floor":29,"key":"Nunchaku"},{"floor":31,"key":"Potion Belt"},{"floor":40,"key":"Vajra"},{"floor":43,"key":"Happy Flower"}],"event_choices":[{"damage_healed":0,"gold_gain":0,"player_choice":"Success","damage_taken":3,"relics_obtained":["Molten Egg 2"],"max_hp_gain":0,"max_hp_loss":0,"event_name":"Scrap Ooze","floor":2,"gold_loss":0},{"damage_healed":0,"gold_gain":0,"player_choice":"Upgraded","damage_taken":0,"max_hp_gain":0,"max_hp_loss":0,"event_name":"Upgrade Shrine","floor":3,"gold_loss":0,"cards_upgraded":["Biased Cognition"]},{"cards_removed":["Strike_B"],"damage_healed":0,"gold_gain":0,"player_choice":"Card Removal","damage_taken":0,"max_hp_gain":0,"max_hp_loss":0,"event_name":"The Cleric","floor":12,"gold_loss":50},{"damage_healed":0,"gold_gain":0,"player_choice":"Searched \u00272\u0027 times","damage_taken":0,"max_hp_gain":0,"max_hp_loss":0,"event_name":"Dead Adventurer","floor":13,"gold_loss":0},{"damage_healed":0,"gold_gain":0,"player_choice":"Paid Gold","damage_taken":0,"relics_obtained":["Meat on the Bone"],"max_hp_gain":0,"max_hp_loss":0,"event_name":"WeMeetAgain","floor":19,"gold_loss":66},{"damage_healed":0,"gold_gain":99,"player_choice":"Stole From Cult","damage_taken":0,"max_hp_gain":0,"max_hp_loss":0,"event_name":"Nest","floor":21,"gold_loss":0},{"damage_healed":0,"gold_gain":0,"player_choice":"Paid","damage_taken":0,"relics_obtained":["Red Mask"],"max_hp_gain":0,"max_hp_loss":0,"event_name":"Tomb of Lord Red Mask","floor":37,"gold_loss":50}],"is_beta":false,"boss_relics":[{"not_picked":["Runic Pyramid","SacredBark"],"picked":"Tiny House"},{"not_picked":["SlaversCollar","Snecko Eye"],"picked":"Astrolabe"}],"items_purged_floors":[30],"is_endless":false,"potions_floor_spawned":[5,7,10,11,20,24,27,38,40],"killed_by":"Jaw Worm Horde","ascension_level":0}}