{"host":"sum4dy402bbv9y4o","time":1614205217,"event":{"mods":["Aspiration","BaseMod","Conspire","Highlight Path","Minty Spire (QoL Compilation)","StSLib"],"gold_per_floor":[110,110,121,131,144,179,179,30,57,69,97,129,141,167,179,265,277,309,348,377,12,12,46,46,60,60,60,60],"floor_reached":27,"language":"ENG","playtime":829,"items_purged":["Strike_P"],"score":470,"play_id":"7ced193a-c91a-4065-b49a-757bf8ee08cc","local_time":"20210225012017","is_ascension_mode":true,"campfire_choices":[{"data":"Eruption","floor":7,"key":"SMITH"},{"data":"Protect","floor":15,"key":"SMITH"},{"floor":24,"key":"REST"}],"circlet_count":0,"master_deck":["AscendersBane","Strike_P","Strike_P","Defend_P","Defend_P+1","Defend_P+1","Defend_P","Eruption+1","Vigilance","Consecrate","BattleHymn","Protect+1","FollowUp","FlurryOfBlows","LessonLearned","Consecrate","Conclude+1","Establishment","EmptyBody","MentalFortress","FollowUp","Shame","MentalFortress"],"relics":["PureWater","aspiration:Nostalgia","Cracked Core","StrikeDummy","MawBank","Fusion Hammer","Red Mask","Lee\u0027s Waffle","Du-Vu Doll","Strawberry","Turnip"],"acts_visited":["Exordium","TheCity"],"potions_floor_usage":[6,6,12,16,16,18,20,23,23,25],"damage_taken":[{"damage":7,"enemies":"Jaw Worm","floor":1,"turns":3},{"damage":0,"enemies":"Cultist","floor":3,"turns":2},{"damage":4,"enemies":"Small Slimes","floor":4,"turns":3},{"damage":3,"enemies":"Looter","floor":5,"turns":4},{"damage":24,"enemies":"Gremlin Nob","floor":6,"turns":4},{"damage":0,"enemies":"Large Slime","floor":11,"turns":2},{"damage":8,"enemies":"Red Slaver","floor":12,"turns":5},{"damage":0,"enemies":"2 Fungi Beasts","floor":14,"turns":2},{"damage":5,"enemies":"The Guardian","floor":16,"turns":10},{"damage":9,"enemies":"Shell Parasite","floor":18,"turns":4},{"damage":38,"enemies":"Masked Bandits","floor":19,"turns":4},{"damage":7,"enemies":"Chosen","floor":20,"turns":3},{"damage":74,"enemies":"Slavers","floor":23,"turns":4},{"damage":23,"enemies":"Snake Plant","floor":25,"turns":7},{"damage":28,"enemies":"Shelled Parasite and Fungi","floor":27,"turns":3}],"seed_played":"-1810994946181291578","potions_obtained":[{"floor":1,"key":"conspire:TimeTravelPotion"},{"floor":4,"key":"SkillPotion"},{"floor":6,"key":"SpeedPotion"},{"floor":11,"key":"Weak Potion"},{"floor":14,"key":"DuplicationPotion"},{"floor":16,"key":"Ancient Potion"},{"floor":19,"key":"SteroidPotion"},{"floor":20,"key":"Explosive Potion"},{"floor":23,"key":"Block Potion"}],"is_trial":false,"path_per_floor":["M","?","M","M","M","E","R","$","T","$","M","M","?","M","R","B",null,"M","?","M","$","?","E","R","M","T","M"],"character_chosen":"WATCHER","items_purchased":["LessonLearned","Lee\u0027s Waffle","FollowUp","Regen Potion"],"campfire_rested":1,"item_purchase_floors":[8,21,21,21],"current_hp_per_floor":[54,54,54,50,47,39,39,39,39,39,39,31,31,31,31,26,58,49,11,4,75,75,17,41,18,18,0,0],"gold":60,"neow_bonus":"NOSTALGIA","is_daily":false,"chose_seed":false,"campfire_upgraded":2,"win_rate":0.0,"timestamp":1614205217,"path_taken":["M","?","M","?","M","E","R","$","T","$","M","M","?","M","R","BOSS","M","?","M","$","?","E","R","M","T","M"],"items_purchased_type":["Card","Relic","Card","Potion"],"build_version":"2020-12-22","purchased_purges":1,"victory":false,"max_hp_per_floor":[68,68,68,68,68,68,68,68,68,68,68,68,68,68,68,68,68,68,68,68,75,75,82,82,82,82,82,82],"card_choices":[{"not_picked":["Adaptation","FlyingSleeves"],"picked":"Consecrate","floor":1},{"not_picked":["Crescendo","ClearTheMind"],"picked":"BattleHymn","floor":3},{"not_picked":["Adaptation","DeceiveReality"],"picked":"Protect","floor":4},{"not_picked":["FlurryOfBlows","SashWhip"],"picked":"FollowUp","floor":5},{"not_picked":["WreathOfFlame","LikeWater"],"picked":"FlurryOfBlows","floor":6},{"not_picked":["Evaluate","Wireheading","WaveOfTheHand"],"picked":"SKIP","floor":11},{"not_picked":["ThirdEye","LessonLearned"],"picked":"Consecrate","floor":12},{"not_picked":["Crescendo","Pray"],"picked":"Conclude","floor":14},{"not_picked":["Blasphemy","SpiritShield"],"picked":"Establishment","floor":16},{"not_picked":["EmptyFist","Prostrate"],"picked":"EmptyBody","floor":18},{"not_picked":["Adaptation","ClearTheMind"],"picked":"MentalFortress","floor":20},{"not_picked":["EmptyFist","Worship"],"picked":"MentalFortress","floor":23},{"not_picked":["Meditate","BowlingBash","JustLucky"],"picked":"SKIP","floor":25}],"player_experience":3144919,"relics_obtained":[{"floor":6,"key":"StrikeDummy"},{"floor":9,"key":"MawBank"},{"floor":19,"key":"Red Mask"},{"floor":23,"key":"Strawberry"},{"floor":26,"key":"Turnip"}],"event_choices":[{"cards_removed":["Strike_P"],"damage_healed":0,"gold_gain":0,"player_choice":"Purged","damage_taken":0,"max_hp_gain":0,"max_hp_loss":0,"event_name":"Purifier","floor":2,"gold_loss":0},{"damage_healed":0,"gold_gain":0,"player_choice":"Fought Bandits","damage_taken":0,"max_hp_gain":0,"max_hp_loss":0,"event_name":"Masked Bandits","floor":19,"gold_loss":0},{"damage_healed":0,"gold_gain":0,"player_choice":"Stole Relic","damage_taken":0,"relics_obtained":["Du-Vu Doll"],"max_hp_gain":0,"max_hp_loss":0,"event_name":"Addict","floor":22,"gold_loss":0,"cards_obtained":["Shame"]}],"is_beta":false,"boss_relics":[{"not_picked":["conspire:RoyalGoblet","Sozu"],"picked":"Fusion Hammer"}],"items_purged_floors":[21],"is_endless":false,"potions_floor_spawned":[1,4,6,11,14,16,19,20,23],"killed_by":"Shelled Parasite and Fungi","ascension_level":20}}