{"host":"8f5cu9y0fpol72qs","time":1614146183,"event":{"mods":["AlwaysNeverKeys","BaseMod","Colored Map","Colored Powertips","Curses Come First","Highlight Path","Key Reminder","Minty Spire (QoL Compilation)","StSLib"],"gold_per_floor":[117,128,145,158,174,174,204,2,25,25,54,54,86,98,98,175,175,189,200,215,232,232,232,69,81,108,151,163,175,222,246,258,349,361,384,441,453,480,462,474,517,92,92,122,122,155,174,185,185,185,185,185,185,18,51,51,51],"floor_reached":56,"language":"ENG","playtime":14540,"items_purged":["Fire Breathing","Twin Strike"],"score":2044,"play_id":"3647d4c6-6563-4215-b719-9cb1bfb666f1","local_time":"20210223215623","is_ascension_mode":true,"campfire_choices":[{"data":"Berserk","floor":6.0,"key":"SMITH"},{"data":"Armaments","floor":10.0,"key":"SMITH"},{"data":"Sever Soul","floor":12.0,"key":"SMITH"},{"data":"Feel No Pain","floor":15.0,"key":"SMITH"},{"data":"Whirlwind","floor":23.0,"key":"SMITH"},{"floor":29.0,"key":"REST"},{"data":"Rupture","floor":32.0,"key":"SMITH"},{"data":"1","floor":40,"key":"LIFT"},{"floor":45,"key":"RECALL"},{"data":"2","floor":49,"key":"LIFT"},{"data":"3","floor":53,"key":"LIFT"}],"circlet_count":0,"master_deck":["AscendersBane","Bash","Berserk+1","Sever Soul+1","Armaments+1","Power Through","Dark Embrace","True Grit","Feel No Pain+1","Shrug It Off","Corruption","Brutality","Body Slam","Rupture+1","Seeing Red","Berserk","Barricade","Shockwave","Disarm","Whirlwind+1","Feel No Pain+1","Battle Trance","RitualDagger","Reaper","Sentinel+1","Spot Weakness+1","Intimidate+1","Warcry+1","Burning Pact+1","Offering","Entrench","Flame Barrier","Entrench","Feel No Pain"],"relics":["Burning Blood","Ornamental Fan","OrangePellets","Bag of Preparation","Pen Nib","Art of War","Pandora\u0027s Box","MawBank","Mercury Hourglass","Ancient Tea Set","Astrolabe","Girya","Centennial Puzzle","TheAbacus","Du-Vu Doll","Potion Belt","Happy Flower"],"acts_visited":["Exordium","TheCity","TheBeyond","TheEnding"],"potions_floor_usage":[36,41,48,50,55],"damage_taken":[{"damage":2.0,"enemies":"Cultist","floor":1.0,"turns":4.0},{"damage":6.0,"enemies":"2 Louse","floor":2.0,"turns":2.0},{"damage":10.0,"enemies":"Small Slimes","floor":3.0,"turns":3.0},{"damage":7.0,"enemies":"3 Louse","floor":4.0,"turns":5.0},{"damage":13.0,"enemies":"Large Slime","floor":5.0,"turns":5.0},{"damage":17.0,"enemies":"3 Sentries","floor":7.0,"turns":10.0},{"damage":14.0,"enemies":"Lagavulin","floor":11.0,"turns":8.0},{"damage":15.0,"enemies":"Gremlin Nob","floor":13.0,"turns":3.0},{"damage":15.0,"enemies":"Lots of Slimes","floor":14.0,"turns":7.0},{"damage":8.0,"enemies":"Hexaghost","floor":16.0,"turns":12.0},{"damage":17.0,"enemies":"Shell Parasite","floor":18.0,"turns":5.0},{"damage":3.0,"enemies":"Spheric Guardian","floor":19.0,"turns":4.0},{"damage":10.0,"enemies":"Snake Plant","floor":20.0,"turns":5.0},{"damage":23.0,"enemies":"Snecko","floor":21.0,"turns":6.0},{"damage":22.0,"enemies":"Cultist and Chosen","floor":25.0,"turns":5.0},{"damage":18.0,"enemies":"Slavers","floor":27.0,"turns":4.0},{"damage":15.0,"enemies":"Gremlin Leader","floor":30.0,"turns":5.0},{"damage":0.0,"enemies":"3 Cultists","floor":31.0,"turns":3.0},{"damage":17.0,"enemies":"Automaton","floor":33.0,"turns":6.0},{"damage":6.0,"enemies":"3 Shapes","floor":35.0,"turns":5.0},{"damage":42,"enemies":"2 Orb Walkers","floor":36,"turns":3},{"damage":11,"enemies":"Orb Walker","floor":38,"turns":3},{"damage":22,"enemies":"Nemesis","floor":41,"turns":7},{"damage":13,"enemies":"Giant Head","floor":44,"turns":5},{"damage":6,"enemies":"Nemesis","floor":46,"turns":3},{"damage":20,"enemies":"Writhing Mass","floor":47,"turns":3},{"damage":7,"enemies":"Jaw Worm Horde","floor":48,"turns":3},{"damage":42,"enemies":"Awakened One","floor":50,"turns":10},{"damage":53,"enemies":"Donu and Deca","floor":51,"turns":7},{"damage":80,"enemies":"Shield and Spear","floor":55,"turns":4},{"damage":28,"enemies":"The Heart","floor":56,"turns":2}],"seed_played":"-3619278948963884557","potions_obtained":[{"floor":1.0,"key":"Block Potion"},{"floor":4.0,"key":"BlessingOfTheForge"},{"floor":7.0,"key":"BlessingOfTheForge"},{"floor":14.0,"key":"FairyPotion"},{"floor":16.0,"key":"EntropicBrew"},{"floor":21.0,"key":"Strength Potion"},{"floor":30.0,"key":"ColorlessPotion"},{"floor":35.0,"key":"ColorlessPotion"},{"floor":36,"key":"Regen Potion"},{"floor":39,"key":"Block Potion"},{"floor":39,"key":"Swift Potion"},{"floor":41,"key":"Swift Potion"}],"is_trial":false,"path_per_floor":["M","M","M","M","M","R","E","$","T","R","E","R","E","M","R","B",null,"M","M","M","M","?","R","$","M","T","E","?","R","E","M","R","B",null,"M","?","?","M","?","R","E","$","T","E","R","E","M","M","R","B","B",null,"R","$","E","B"],"character_chosen":"IRONCLAD","items_purchased":["OrangePellets","True Grit","Battle Trance","Offering","TheAbacus","Entrench","Feel No Pain","SkillPotion"],"campfire_rested":1,"item_purchase_floors":[8,8,24,42,42,54,54,54],"current_hp_per_floor":[72,72,68,67,60,60,49,49,49,49,41,41,32,23,23,21,62,51,54,50,33,33,33,33,17,17,28,22,44,35,41,41,30,64,75,39,85,80,80,80,85,85,85,85,85,85,82,85,85,85,38,73,73,73,15,0,0],"gold":51,"neow_bonus":"ONE_RANDOM_RARE_CARD","is_daily":false,"chose_seed":false,"campfire_upgraded":6,"win_rate":0.0,"timestamp":1614146183,"path_taken":["M","M","M","M","M","R","E","$","T","R","E","R","E","M","R","BOSS","M","M","?","M","?","R","$","?","T","E","?","R","E","M","R","BOSS","M","?","?","?","?","R","E","$","T","E","R","E","M","M","R","BOSS","BOSS","R","$","E","BOSS"],"items_purchased_type":["Relic","Card","Card","Card","Relic","Card","Card","Potion"],"build_version":"2020-12-22","purchased_purges":2,"victory":false,"max_hp_per_floor":[75,75,75,75,75,75,75,75,75,75,75,75,75,75,75,75,75,75,75,75,75,75,75,75,75,75,75,75,75,75,75,75,75,75,75,75,85,85,85,85,85,85,85,85,85,85,85,85,85,85,85,85,85,85,85,85,85],"card_choices":[{"not_picked":["Burning Pact","Fire Breathing"],"picked":"Iron Wave","floor":1.0},{"not_picked":["Rage","Perfected Strike"],"picked":"Sever Soul","floor":2.0},{"not_picked":["Body Slam","Clash"],"picked":"Armaments","floor":3.0},{"not_picked":["Perfected Strike","Rupture"],"picked":"Twin Strike","floor":4.0},{"not_picked":["Sword Boomerang","Iron Wave"],"picked":"Power Through","floor":5.0},{"not_picked":["Iron Wave","Rupture"],"picked":"Dark Embrace","floor":7.0},{"not_picked":["Exhume","Blood for Blood","Warcry"],"picked":"SKIP","floor":11.0},{"not_picked":["Infernal Blade","Blood for Blood"],"picked":"Feel No Pain","floor":13.0},{"not_picked":["Havoc","Wild Strike"],"picked":"Shrug It Off","floor":14.0},{"not_picked":["Limit Break","Reaper"],"picked":"Corruption","floor":16.0},{"not_picked":["Shrug It Off","Fire Breathing+1"],"picked":"Shockwave","floor":18.0},{"not_picked":["True Grit","Wild Strike"],"picked":"Disarm","floor":19.0},{"not_picked":["Pommel Strike","Ghostly Armor+1"],"picked":"Whirlwind","floor":20.0},{"not_picked":["True Grit","Cleave","Dark Embrace"],"picked":"SKIP","floor":21.0},{"not_picked":["Inflame","Flex"],"picked":"Sentinel","floor":25.0},{"not_picked":["Infernal Blade","Thunderclap","Rampage+1"],"picked":"SKIP","floor":27.0},{"not_picked":["Dropkick","Dual Wield","Perfected Strike+1"],"picked":"SKIP","floor":30.0},{"not_picked":["Sentinel","Headbutt","Ghostly Armor"],"picked":"SKIP","floor":31.0},{"not_picked":["Juggernaut","Immolate"],"picked":"Reaper","floor":33.0},{"not_picked":["Havoc","Twin Strike","Pommel Strike"],"picked":"SKIP","floor":35.0},{"not_picked":["Cleave","Twin Strike"],"picked":"Warcry+1","floor":38},{"not_picked":["Bludgeon","Flex"],"picked":"Burning Pact+1","floor":41},{"not_picked":["Cleave","Twin Strike+1","Body Slam"],"picked":"SKIP","floor":44},{"not_picked":["Perfected Strike","Headbutt+1"],"picked":"Entrench","floor":46},{"not_picked":["Cleave+1","Anger+1"],"picked":"Flame Barrier","floor":47},{"not_picked":["Pommel Strike","Hemokinesis","Infernal Blade"],"picked":"SKIP","floor":48},{"not_picked":["Rampage+1","Cleave","Brutality"],"picked":"SKIP","floor":55}],"player_experience":1139824,"relics_obtained":[{"floor":7.0,"key":"Ornamental Fan"},{"floor":9.0,"key":"Bag of Preparation"},{"floor":11.0,"key":"Pen Nib"},{"floor":13.0,"key":"Art of War"},{"floor":26.0,"key":"MawBank"},{"floor":27.0,"key":"Mercury Hourglass"},{"floor":30.0,"key":"Ancient Tea Set"},{"floor":36,"key":"Girya"},{"floor":41,"key":"Centennial Puzzle"},{"floor":44,"key":"Du-Vu Doll"},{"floor":46,"key":"Potion Belt"},{"floor":55,"key":"Happy Flower"}],"event_choices":[{"damage_healed":0.0,"max_hp_gain":0.0,"max_hp_loss":0.0,"gold_gain":0.0,"event_name":"Duplicator","player_choice":"Copied","floor":22.0,"gold_loss":0.0,"damage_taken":0.0,"cards_obtained":["Feel No Pain"]},{"damage_healed":0.0,"max_hp_gain":0.0,"max_hp_loss":0.0,"gold_gain":0.0,"event_name":"Nest","player_choice":"Joined the Cult","floor":28.0,"gold_loss":0.0,"damage_taken":6.0,"cards_obtained":["RitualDagger"]},{"damage_healed":0,"gold_gain":0,"player_choice":"Fight","damage_taken":0,"max_hp_gain":0,"max_hp_loss":0,"event_name":"Mysterious Sphere","floor":36,"gold_loss":0},{"cards_removed":["Juggernaut"],"damage_healed":36,"gold_gain":0,"player_choice":"Offered Rare","damage_taken":0,"max_hp_gain":10,"max_hp_loss":0,"event_name":"Bonfire Elementals","floor":37,"gold_loss":0},{"damage_healed":0,"gold_gain":0,"player_choice":"Bought 2 Potions","damage_taken":0,"max_hp_gain":0,"max_hp_loss":0,"event_name":"The Woman in Blue","floor":39,"gold_loss":0}],"is_beta":false,"boss_relics":[{"not_picked":["Velvet Choker","Fusion Hammer"],"picked":"Pandora\u0027s Box"},{"not_picked":["Philosopher\u0027s Stone","SacredBark"],"picked":"Astrolabe"}],"items_purged_floors":[24,42],"is_endless":false,"potions_floor_spawned":[1,4,7,14,16,21,25,30,35,36,41],"killed_by":"The Heart","ascension_level":20}}