{"host":"i5vvwdf42szr3cje","time":1614155819,"event":{"mods":["BaseMod","Colored Map","Hermit","Minty Spire (QoL Compilation)","Replay The Spire","StSLib"],"gold_per_floor":[111,111,134,134,152,152,185,185,185,185,185],"floor_reached":10,"language":"ENG","playtime":464,"items_purged":[],"score":79,"play_id":"46210ee0-c2cc-460b-b0cb-af0acd3e12eb","local_time":"20210224003659","is_ascension_mode":true,"campfire_choices":[{"data":"Eruption","floor":6.0,"key":"SMITH"},{"data":"CutThroughFate","floor":8,"key":"SMITH"}],"circlet_count":0,"master_deck":["Strike_P","Strike_P","Strike_P","Defend_P","Defend_P","Defend_P","Defend_P","Eruption+1","Vigilance","WheelKick","SashWhip+1","CutThroughFate+1"],"relics":["Runic Dome","Golden Idol","Ornamental Fan","Replay:Wax Seal"],"acts_visited":["Exordium"],"potions_floor_usage":[],"damage_taken":[{"damage":0.0,"enemies":"Jaw Worm","floor":1.0,"turns":5.0},{"damage":0.0,"enemies":"2 Louse","floor":3.0,"turns":4.0},{"damage":0.0,"enemies":"Cultist","floor":5.0,"turns":2.0},{"damage":17,"enemies":"Lagavulin","floor":7,"turns":5},{"damage":37,"enemies":"3 Sentries","floor":10,"turns":8}],"seed_played":"1773681071775600708","potions_obtained":[{"floor":3.0,"key":"Adrenaline Potion"},{"floor":5.0,"key":"FearPotion"}],"is_trial":false,"path_per_floor":["M","?","M","?","M","R","E","R","T","E"],"character_chosen":"WATCHER","items_purchased":[],"campfire_rested":0,"item_purchase_floors":[],"current_hp_per_floor":[72,54,54,54,54,54,37,37,37,0,0],"gold":185,"neow_bonus":"BOSS_RELIC","is_daily":false,"chose_seed":false,"campfire_upgraded":2,"win_rate":0.0,"timestamp":1614155819,"path_taken":["M","?","M","?","M","R","E","R","T","E"],"items_purchased_type":[],"build_version":"2020-12-22","purchased_purges":0,"victory":false,"max_hp_per_floor":[72,72,72,72,72,72,72,72,72,72,72],"card_choices":[{"not_picked":["Replay:ManipulateFuture","FlyingSleeves","Fasting2"],"picked":"SKIP","floor":1.0},{"not_picked":["SashWhip","SandsOfTime"],"picked":"WheelKick","floor":3.0},{"not_picked":["Replay:DivineShield","BowlingBash","Prostrate"],"picked":"SKIP","floor":5.0},{"not_picked":["BowlingBash","CrushJoints"],"picked":"CutThroughFate","floor":7}],"player_experience":195615,"relics_obtained":[{"floor":7,"key":"Ornamental Fan"},{"floor":9,"key":"Replay:Wax Seal"}],"event_choices":[{"damage_healed":0.0,"max_hp_gain":0.0,"max_hp_loss":0.0,"gold_gain":0.0,"event_name":"Golden Idol","player_choice":"Take Damage","floor":2.0,"gold_loss":0.0,"damage_taken":18.0,"relics_obtained":["Golden Idol"]}],"is_beta":false,"boss_relics":[],"items_purged_floors":[],"is_endless":false,"potions_floor_spawned":[3,5],"killed_by":"3 Sentries","ascension_level":4}}