{"host":"2hz3p8f82lqex3pd","time":1614194312,"event":{"mods":["AchievementEnabler","BaseMod","Minty Spire (QoL Compilation)"],"gold_per_floor":[117,117,67,67,67,92,111,111,136,154,154,154,169,197,197,302,302,322,333,333,349,349,349,349,369,369,381,381],"floor_reached":27,"language":"ENG","playtime":920,"items_purged":[],"score":234,"play_id":"c4d69fec-0acd-4456-afb2-01797dfb499d","local_time":"20210224141832","is_ascension_mode":true,"campfire_choices":[{"data":"Zap","floor":8,"key":"SMITH"},{"data":"Thunder Strike","floor":11,"key":"SMITH"},{"data":"Ball Lightning","floor":15,"key":"SMITH"},{"floor":23,"key":"REST"}],"circlet_count":0,"master_deck":["Strike_B","Strike_B","Defend_B","Defend_B","Defend_B","Defend_B","Zap+1","Ball Lightning+1","Self Repair","Thunder Strike+1","Defragment","Defragment","Conserve Battery","Auto Shields+1","Storm"],"relics":["Cracked Core","Calipers","Vajra","Bag of Marbles","Runic Pyramid","Enchiridion","Dream Catcher"],"acts_visited":["Exordium","TheCity"],"potions_floor_usage":[16,16,27,27],"damage_taken":[{"damage":0,"enemies":"2 Louse","floor":1,"turns":3},{"damage":30,"enemies":"3 Sentries","floor":6,"turns":6},{"damage":1,"enemies":"Jaw Worm","floor":7,"turns":3},{"damage":1,"enemies":"Cultist","floor":10,"turns":3},{"damage":11,"enemies":"3 Louse","floor":13,"turns":3},{"damage":21,"enemies":"Lagavulin","floor":14,"turns":5},{"damage":23,"enemies":"The Guardian","floor":16,"turns":6},{"damage":15,"enemies":"Chosen","floor":18,"turns":4},{"damage":14,"enemies":"Shell Parasite","floor":19,"turns":5},{"damage":29,"enemies":"Snake Plant","floor":21,"turns":4},{"damage":34,"enemies":"Shelled Parasite and Fungi","floor":25,"turns":5},{"damage":0,"enemies":"Centurion and Healer","floor":27,"turns":5}],"seed_played":"-2060098575845528407","potions_obtained":[{"floor":6,"key":"FocusPotion"},{"floor":10,"key":"Energy Potion"},{"floor":13,"key":"Explosive Potion"},{"floor":21,"key":"FocusPotion"},{"floor":25,"key":"DistilledChaos"},{"floor":27,"key":"Strength Potion"}],"is_trial":false,"path_per_floor":["M","?","?","$","?","E","M","R","T","M","R","$","M","E","R","B",null,"M","M","?","M","?","R","?","M","T","M"],"character_chosen":"DEFECT","items_purchased":[],"campfire_rested":1,"item_purchase_floors":[],"current_hp_per_floor":[75,75,75,75,75,45,51,51,51,57,57,57,53,39,39,23,75,67,60,60,38,22,44,44,17,17,24,24],"gold":381,"neow_bonus":"TRANSFORM_CARD","is_daily":false,"chose_seed":false,"campfire_upgraded":3,"win_rate":0.0,"timestamp":1614194312,"path_taken":["M","?","?","?","?","E","M","R","T","?","R","$","M","E","R","BOSS","M","M","?","?","?","R","?","M","T","M"],"items_purchased_type":[],"build_version":"2020-12-22","purchased_purges":0,"victory":false,"max_hp_per_floor":[75,75,75,75,75,75,75,75,75,75,75,75,75,75,75,75,75,75,75,75,75,75,75,75,75,75,75,75],"card_choices":[{"not_picked":["Stack","Capacitor"],"picked":"Ball Lightning","floor":1},{"not_picked":["Sunder","Turbo"],"picked":"Self Repair","floor":6},{"not_picked":["Leap","Hello World","Chaos"],"picked":"SKIP","floor":7},{"not_picked":["Stack","Doom and Gloom"],"picked":"Thunder Strike","floor":10},{"not_picked":["Hologram","Glacier"],"picked":"Defragment","floor":13},{"not_picked":["Rip and Tear","Self Repair"],"picked":"Defragment","floor":14},{"not_picked":["Gash+1","Doom and Gloom+1"],"picked":"Conserve Battery","floor":18},{"not_picked":["Streamline","Beam Cell","Cold Snap"],"picked":"SKIP","floor":19},{"not_picked":["Redo","Go for the Eyes+1"],"picked":"Auto Shields+1","floor":21},{"not_picked":["Go for the Eyes","Sweeping Beam"],"picked":"Storm","floor":25}],"player_experience":206182,"relics_obtained":[{"floor":6,"key":"Calipers"},{"floor":9,"key":"Vajra"},{"floor":14,"key":"Bag of Marbles"},{"floor":22,"key":"Enchiridion"},{"floor":26,"key":"Dream Catcher"}],"event_choices":[{"cards_removed":["Leap"],"damage_healed":0,"gold_gain":0,"player_choice":"Forget","damage_taken":0,"max_hp_gain":0,"max_hp_loss":0,"event_name":"Living Wall","floor":2,"gold_loss":0},{"cards_removed":["Strike_B"],"damage_healed":0,"gold_gain":0,"player_choice":"Card Removal","damage_taken":0,"max_hp_gain":0,"max_hp_loss":0,"event_name":"The Cleric","floor":3,"gold_loss":50},{"damage_healed":0,"gold_gain":0,"player_choice":"Ignored","damage_taken":0,"max_hp_gain":0,"max_hp_loss":0,"event_name":"Shining Light","floor":5,"gold_loss":0},{"damage_healed":0,"gold_gain":0,"player_choice":"Bought 0 Potions","damage_taken":0,"max_hp_gain":0,"max_hp_loss":0,"event_name":"The Woman in Blue","floor":20,"gold_loss":0},{"damage_healed":0,"gold_gain":0,"player_choice":"Obtained Book","damage_taken":16,"max_hp_gain":0,"max_hp_loss":0,"event_name":"Cursed Tome","floor":22,"gold_loss":0},{"cards_removed":["Strike_B"],"damage_healed":0,"gold_gain":0,"player_choice":"Elegance","damage_taken":0,"max_hp_gain":0,"max_hp_loss":0,"event_name":"Back to Basics","floor":24,"gold_loss":0}],"is_beta":false,"boss_relics":[{"not_picked":["Coffee Dripper","Cursed Key"],"picked":"Runic Pyramid"}],"items_purged_floors":[],"is_endless":false,"potions_floor_spawned":[6,10,13,14,21,25,27],"killed_by":"Centurion and Healer","ascension_level":1}}