{"host":"qc1sjgtdjonvdsd8","time":1614141620,"event":{"mods":["BaseMod","Colored Map","Colored Powertips","Curses Come First","Minty Spire (QoL Compilation)","Replay The Spire","StSLib","The Cursed"],"gold_per_floor":[117,130,130,130,1,1,1,18,18,18,47,47,47,67,67,172,172,190,190,43,53,71,71,90,125,125,125,145,174,98,130,130,232,232,245,145,145,165,176,191,224,224,224,224,249,249,277,71,71,71,71,71,22,48,48],"floor_reached":56,"language":"ENG","playtime":6115,"items_purged":["TheCursedMod:Strike_TheCursed","ReplayTheSpireMod:Doomed","ReplayTheSpireMod:Restless Dread"],"score":1784,"play_id":"d5badd02-7a22-41ff-8412-3d213654862a","local_time":"20210223204020","is_ascension_mode":true,"campfire_choices":[{"data":"TheCursedMod:HellfireBreathing","floor":6,"key":"SMITH"},{"data":"TheCursedMod:CursedAmulet","floor":10,"key":"SMITH"},{"data":"TheCursedMod:PrepareRite","floor":15,"key":"SMITH"},{"data":"TheCursedMod:CursedSpellbook","floor":23,"key":"SMITH"},{"data":"TheCursedMod:DemonicPact","floor":27,"key":"SMITH"},{"data":"TheCursedMod:LuckyCharm","floor":32,"key":"SMITH"},{"floor":44,"key":"RECALL"},{"data":"TheCursedMod:CollectTribute","floor":49,"key":"SMITH"},{"data":"TheCursedMod:CursedRelics","floor":52,"key":"SMITH"}],"circlet_count":0,"master_deck":["TheCursedMod:CursedWand","TheCursedMod:CleanUpWorkshop+1","TheCursedMod:Dregs","TheCursedMod:HellfireBreathing+1","TheCursedMod:CircleOfCorruption","TheCursedMod:CursedAmulet+1","TheCursedMod:CursedAmulet+1","TheCursedMod:CursedAmulet","TheCursedMod:PrepareRite+1","TheCursedMod:CursedRelics+1","ReplayTheSpireMod:Splinters","CommonCold","TheCursedMod:CircleOfCorruption+1","TheCursedMod:CircleOfFlame","TheCursedMod:VoidForm","TheCursedMod:CursedSpellbook+1","TheCursedMod:RapidMovement+1","TheCursedMod:SurpriseAttack","TheCursedMod:Obscuration","TheCursedMod:DemonicPact+1","TheCursedMod:RapidMovement","TheCursedMod:LuckyCharm+1","TheCursedMod:CollectTribute+1","Sickly","Parasite","TheCursedMod:ReleasedKnowledge","Parasite","TheCursedMod:SpitefulPlan+1","TheCursedMod:RapidMovement+1","TheCursedMod:CircleOfWindfury+1","TheCursedMod:AshesToAshes+1"],"relics":["TheCursedMod:BlackMagic101","ReplayTheSpireMod:Shallot","Replay:Mystery Machine","Ring of Peace","Ring of Misfortune","Kintsugi","Blood Vial","MealTicket","Gambling Chip","Replay:Ancient Bell","War Paint","Matryoshka","TheCursedMod:MagicCandle","Toxic Egg 2","Replay:Accelerometer","Question Card","Replay:Bottled Snecko","ReplayTheSpireMod:Lightbulb","Divine Protection"],"acts_visited":["Exordium","TheCity","TheBeyond","TheEnding"],"potions_floor_usage":[11,16,45,47,55,55],"damage_taken":[{"damage":1,"enemies":"Cultist","floor":1,"turns":4},{"damage":0,"enemies":"2 Louse","floor":2,"turns":3},{"damage":0,"enemies":"Small Slimes","floor":8,"turns":3},{"damage":3,"enemies":"Lagavulin","floor":11,"turns":7},{"damage":0,"enemies":"Exordium Wildlife","floor":14,"turns":3},{"damage":0,"enemies":"Hexaghost","floor":16,"turns":12},{"damage":0,"enemies":"Shell Parasite","floor":18,"turns":4},{"damage":0,"enemies":"Chosen","floor":21,"turns":3},{"damage":0,"enemies":"Snake Plant","floor":22,"turns":3},{"damage":0,"enemies":"Snecko","floor":24,"turns":3},{"damage":0,"enemies":"Book of Stabbing","floor":25,"turns":5},{"damage":0,"enemies":"Chosen and Byrds","floor":28,"turns":3},{"damage":0,"enemies":"Gremlin Leader","floor":29,"turns":2},{"damage":0,"enemies":"Book of Stabbing","floor":31,"turns":3},{"damage":0,"enemies":"Collector","floor":33,"turns":4},{"damage":0,"enemies":"Orb Walker","floor":35,"turns":2},{"damage":0,"enemies":"3 Shapes","floor":38,"turns":2},{"damage":0,"enemies":"Writhing Mass","floor":39,"turns":3},{"damage":0,"enemies":"Sphere and 2 Shapes","floor":40,"turns":3},{"damage":0,"enemies":"Nemesis","floor":41,"turns":6},{"damage":0,"enemies":"R_Hoarder","floor":45,"turns":5},{"damage":0,"enemies":"Nemesis","floor":47,"turns":1},{"damage":0,"enemies":"Donu and Deca","floor":50,"turns":1},{"damage":0,"enemies":"Shield and Spear","floor":54,"turns":3},{"damage":0,"enemies":"The Heart","floor":55,"turns":6}],"seed_played":"-6749554808266861267","potions_obtained":[{"floor":2,"key":"ColorlessPotion"},{"floor":3,"key":"Swift Potion"},{"floor":3,"key":"Elixir"},{"floor":3,"key":"BlessingOfTheForge"},{"floor":14,"key":"Dexterity Potion"},{"floor":16,"key":"Elixir"},{"floor":25,"key":"AttackPotion"},{"floor":28,"key":"Swift Potion"}],"is_trial":false,"path_per_floor":["M","M","?","$","$","R","?","M","T","R","E","?","$","M","R","B",null,"M","?","$","M","M","R","M","E","T","R","M","E","$","E","R","B",null,"M","$","?","M","M","M","E","?","T","R","E","?","E","$","R","B",null,"R","$","E","B",null],"character_chosen":"THE_CURSED","items_purchased":["TheCursedMod:CursedAmulet","TheCursedMod:CursedSpellbook","TheCursedMod:RapidMovement","TheCursedMod:SurpriseAttack","TheCursedMod:LuckyCharm","TheCursedMod:AshesToAshes+1","AttackPotion"],"campfire_rested":0,"item_purchase_floors":[5,20,20,20,30,48,53],"current_hp_per_floor":[74,74,74,74,74,74,59,59,59,59,56,56,56,56,56,56,75,75,75,75,75,75,75,75,75,75,75,75,75,75,75,75,75,75,75,75,75,75,75,75,75,75,75,75,75,71,71,71,71,71,71,71,71,71,71],"gold":48,"neow_bonus":"UPGRADE_CARD","is_daily":false,"chose_seed":false,"campfire_upgraded":8,"win_rate":0.0,"timestamp":1614141620,"path_taken":["M","?","?","?","$","R","?","?","T","R","E","?","?","M","R","BOSS","M","?","$","M","M","R","M","E","T","R","M","E","$","E","R","BOSS","M","$","?","?","M","M","E","?","T","R","E","?","E","?","R","BOSS","R","$","E","BOSS"],"items_purchased_type":["Card","Card","Card","Card","Card","Card","Potion"],"build_version":"2020-12-22","purchased_purges":3,"victory":true,"max_hp_per_floor":[75,75,75,75,75,75,75,75,75,75,75,75,75,75,75,75,75,75,75,75,75,75,75,75,75,75,75,75,75,75,75,75,75,75,75,75,75,75,75,75,75,75,75,75,75,71,71,71,71,71,71,71,71,71,71],"card_choices":[{"not_picked":["TheCursedMod:TacticalStrike","TheCursedMod:RavingStaff"],"picked":"TheCursedMod:HellfireBreathing","floor":1},{"not_picked":["TheCursedMod:CursedShiv","TheCursedMod:SpitefulStrike"],"picked":"TheCursedMod:CircleOfCorruption","floor":2},{"not_picked":["TheCursedMod:Stretching","TheCursedMod:DarkBarrier"],"picked":"TheCursedMod:CursedAmulet","floor":8},{"not_picked":["TheCursedMod:CursedBoomerang","TheCursedMod:CircleOfAmplification"],"picked":"TheCursedMod:CursedAmulet","floor":11},{"not_picked":["TheCursedMod:DoubleShield","TheCursedMod:CursedBoomerang"],"picked":"TheCursedMod:PrepareRite","floor":14},{"not_picked":["TheCursedMod:ShockAndAwe","TheCursedMod:VoidForm"],"picked":"TheCursedMod:CursedRelics","floor":16},{"not_picked":["TheCursedMod:CursedBoomerang","TheCursedMod:DoubleShield"],"picked":"TheCursedMod:CircleOfCorruption","floor":18},{"not_picked":["TheCursedMod:Stretching+1","TheCursedMod:CircleOfCorruption+1"],"picked":"TheCursedMod:Obscuration","floor":21},{"not_picked":["TheCursedMod:AbyssShockwave","TheCursedMod:CircleOfCorruption","TheCursedMod:Stretching"],"picked":"SKIP","floor":22},{"not_picked":["TheCursedMod:CircleOfFocus","TheCursedMod:SurpriseAttack"],"picked":"TheCursedMod:DemonicPact","floor":24},{"not_picked":["TheCursedMod:StunningStrike","TheCursedMod:TroublousMinions","TheCursedMod:Stigma"],"picked":"SKIP","floor":25},{"not_picked":["TheCursedMod:FuryStrike","TheCursedMod:FleshFromBone"],"picked":"TheCursedMod:RapidMovement","floor":28},{"not_picked":["TheCursedMod:SpitefulStrike","TheCursedMod:CircleOfFlame","TheCursedMod:SaltUponWound"],"picked":"SKIP","floor":29},{"not_picked":["TheCursedMod:SpreadPlague","TheCursedMod:Stretching"],"picked":"TheCursedMod:Wield+1","floor":31},{"not_picked":["TheCursedMod:DemonSword","TheCursedMod:VoidForm"],"picked":"TheCursedMod:CollectTribute","floor":33},{"not_picked":["Shame","ReplayTheSpireMod:Doomed"],"picked":"Sickly","floor":34},{"not_picked":["Regret","Decay"],"picked":"ReplayTheSpireMod:Doomed","floor":34},{"not_picked":["Doubt","CurseOfTheBell"],"picked":"Parasite","floor":34},{"not_picked":["TheCursedMod:SurpriseAttack","TheCursedMod:EmpowerCircles","TheCursedMod:CircleOfCorruption+1"],"picked":"SKIP","floor":35},{"not_picked":["TheCursedMod:SmokeScreen+1","TheCursedMod:CursedArmor"],"picked":"TheCursedMod:ReleasedKnowledge","floor":38},{"not_picked":["TheCursedMod:WearCloak+1","TheCursedMod:CursedBlade","TheCursedMod:Obscuration"],"picked":"SKIP","floor":39},{"not_picked":["TheCursedMod:CursedMace","TheCursedMod:Evocation+1"],"picked":"TheCursedMod:SpitefulPlan+1","floor":40},{"not_picked":["TheCursedMod:Stretching+1","TheCursedMod:VoidForm"],"picked":"TheCursedMod:RapidMovement+1","floor":41},{"not_picked":["TheCursedMod:TacticalStrike","TheCursedMod:CircleOfCorruption+1","TheCursedMod:PrepareRite+1"],"picked":"TheCursedMod:CircleOfWindfury+1","floor":45},{"not_picked":["TheCursedMod:UltimatePain+1","TheCursedMod:FleshFromBone+1","TheCursedMod:SmokeScreen+1","TheCursedMod:CursedMace+1"],"picked":"SKIP","floor":47},{"not_picked":["TheCursedMod:CursedShiv+1","TheCursedMod:TacticalStrike","TheCursedMod:Hemoplague","TheCursedMod:CursedArmor+1"],"picked":"SKIP","floor":54}],"player_experience":373856,"relics_obtained":[{"floor":9,"key":"ReplayTheSpireMod:Shallot"},{"floor":11,"key":"Replay:Mystery Machine"},{"floor":12,"key":"Ring of Peace"},{"floor":12,"key":"Ring of Misfortune"},{"floor":25,"key":"Blood Vial"},{"floor":29,"key":"MealTicket"},{"floor":31,"key":"Gambling Chip"},{"floor":41,"key":"Toxic Egg 2"},{"floor":43,"key":"Replay:Accelerometer"},{"floor":43,"key":"Question Card"},{"floor":45,"key":"Replay:Bottled Snecko"},{"floor":47,"key":"ReplayTheSpireMod:Lightbulb"},{"floor":54,"key":"Divine Protection"}],"event_choices":[{"damage_healed":0,"gold_gain":0,"player_choice":"Got Potions","damage_taken":0,"max_hp_gain":0,"max_hp_loss":0,"event_name":"Lab","floor":3,"gold_loss":0},{"damage_healed":0,"gold_gain":0,"player_choice":"Entered Light","damage_taken":15,"max_hp_gain":0,"max_hp_loss":0,"event_name":"Shining Light","floor":7,"gold_loss":0,"cards_upgraded":["TheCursedMod:Strike_TheCursed","TheCursedMod:CursedAmulet"]},{"damage_healed":0,"gold_gain":0,"cards_transformed":["TheCursedMod:Strike_TheCursed","TheCursedMod:Defend_TheCursed"],"player_choice":"Became Test Subject","damage_taken":0,"max_hp_gain":0,"max_hp_loss":0,"event_name":"Drug Dealer","floor":19,"gold_loss":0,"cards_obtained":["TheCursedMod:CircleOfFlame","TheCursedMod:VoidForm"]},{"cards_removed":["TheCursedMod:Defend_TheCursed"],"damage_healed":0,"gold_gain":0,"player_choice":"Purged","damage_taken":0,"max_hp_gain":0,"max_hp_loss":0,"event_name":"Purifier","floor":37,"gold_loss":0},{"cards_removed":["TheCursedMod:Wield"],"damage_healed":0,"gold_gain":0,"player_choice":"Removed Attack","damage_taken":0,"max_hp_gain":0,"max_hp_loss":0,"event_name":"Falling","floor":42,"gold_loss":0},{"damage_healed":0,"gold_gain":0,"player_choice":"Max HP","damage_taken":0,"max_hp_gain":0,"max_hp_loss":4,"event_name":"Winding Halls","floor":46,"gold_loss":0}],"is_beta":false,"boss_relics":[{"not_picked":["SacredBark","Busted Crown"],"picked":"Kintsugi"},{"not_picked":["Replay:Bronze Core","Black Star"],"picked":"Replay:Ancient Bell"},{"not_picked":["Grinning Jar","ReplayTheSpireMod:TigerMarble"],"picked":"War Paint"},{"not_picked":["Singing Bowl","Replay:Bottled Eggs"],"picked":"Matryoshka"},{"not_picked":["Ginger","Pondfish Scales"],"picked":"TheCursedMod:MagicCandle"}],"items_purged_floors":[5,36,48],"is_endless":false,"potions_floor_spawned":[2,8,14,16,25,28,33,39,41],"ascension_level":1}}