{"host":"96dqtlax74dz00hw","time":1614195446,"event":{"mods":["Bard","BaseMod","Better Altar","ChefMod","Colored Powertips","Downfall","Hermit","Minty Spire (QoL Compilation)","Permanent Neow","Rare Cards Sparkle","StSLib","The Cursed","The Disciple","The Edgeheg","The IronCluck","The Problem Sleuth"],"gold_per_floor":[14,25,3,23,23,23,41,58,58,72,100,100,134,134,134,134,134],"floor_reached":16,"language":"ENG","playtime":966,"items_purged":[],"score":112,"play_id":"8d09fd77-80df-4fc7-9ba1-1392470ef95d","local_time":"20210224113726","is_ascension_mode":false,"campfire_choices":[{"data":"hermit:FatalDesire","floor":12,"key":"SMITH"},{"data":"hermit:BlackWind","floor":15,"key":"SMITH"}],"circlet_count":0,"master_deck":["hermit:Strike_Hermit","hermit:Strike_Hermit","hermit:Strike_Hermit","hermit:Strike_Hermit","hermit:Defend_Hermit","hermit:Defend_Hermit","hermit:Defend_Hermit","hermit:Defend_Hermit","hermit:Snapshot","hermit:Covet","hermit:Glare","hermit:Cheat","hermit:Feint","hermit:FatalDesire+1","Regret","Decay","hermit:Midnight","hermit:PistolWhip","hermit:BlackWind+1"],"relics":["hermit:Momento","Happy Flower","hermit:Horseshoe","Peace Pipe","Bottled Lightning"],"acts_visited":["Exordium"],"potions_floor_usage":[11,13,16],"damage_taken":[{"damage":1.0,"enemies":"Cultist","floor":1.0,"turns":4.0},{"damage":0.0,"enemies":"Small Slimes","floor":2.0,"turns":3.0},{"damage":1,"enemies":"Jaw Worm","floor":4,"turns":4},{"damage":3,"enemies":"Exordium Wildlife","floor":7,"turns":4},{"damage":7,"enemies":"Blue Slaver","floor":8,"turns":5},{"damage":3,"enemies":"Gremlin Gang","floor":10,"turns":5},{"damage":52,"enemies":"Lagavulin","floor":11,"turns":10},{"damage":13,"enemies":"Gremlin Nob","floor":13,"turns":4},{"damage":31,"enemies":"The Guardian","floor":16,"turns":8}],"seed_played":"1892621484718697023","potions_obtained":[{"floor":2,"key":"Block Potion"},{"floor":4,"key":"SkillPotion"},{"floor":11,"key":"hermit:BlackBile"}],"is_trial":false,"path_per_floor":["M","M","$","M","?","?","M","M","T","M","E","R","E","?","R","B"],"character_chosen":"HERMIT","items_purchased":["hermit:Feint"],"campfire_rested":0,"item_purchase_floors":[3],"current_hp_per_floor":[88,88,88,87,87,87,84,77,77,74,22,22,9,9,9,0,0],"gold":134,"neow_bonus":"TWENTY_PERCENT_HP_BONUS","is_daily":false,"chose_seed":false,"campfire_upgraded":2,"win_rate":0.0,"timestamp":1614195446,"path_taken":["M","M","$","?","?","?","M","?","T","M","E","R","E","?","R","BOSS"],"items_purchased_type":["Card"],"build_version":"2020-12-22","purchased_purges":0,"victory":false,"max_hp_per_floor":[89,89,89,89,89,89,89,89,89,89,89,89,89,89,89,89,89],"card_choices":[{"not_picked":["hermit:LowProfile","hermit:HoleUp"],"picked":"hermit:Glare","floor":1.0},{"not_picked":["hermit:Headshot","hermit:Roulette"],"picked":"hermit:Cheat","floor":2},{"not_picked":["hermit:Feint","hermit:Glare"],"picked":"hermit:FatalDesire","floor":4},{"not_picked":["hermit:HoleUp","hermit:Desperado","hermit:TrackingShot"],"picked":"SKIP","floor":7},{"not_picked":["hermit:LowProfile","hermit:BodyArmor"],"picked":"hermit:Midnight","floor":8},{"not_picked":["hermit:Coalescence","hermit:LowProfile","hermit:ItchyTrigger"],"picked":"SKIP","floor":10},{"not_picked":["hermit:FullyLoaded","hermit:Glare","hermit:HoleUp"],"picked":"SKIP","floor":11},{"not_picked":["hermit:EternalForm","hermit:Desperado"],"picked":"hermit:PistolWhip","floor":13}],"player_experience":929966,"relics_obtained":[{"floor":9,"key":"hermit:Horseshoe"},{"floor":11,"key":"Peace Pipe"},{"floor":13,"key":"Bottled Lightning"}],"event_choices":[{"damage_healed":0,"gold_gain":0,"player_choice":"Box","damage_taken":0,"relics_obtained":["Happy Flower"],"max_hp_gain":0,"max_hp_loss":0,"event_name":"Big Fish","floor":5,"gold_loss":0,"cards_obtained":["Regret"]},{"damage_healed":0,"gold_gain":0,"player_choice":"Cursed","damage_taken":0,"max_hp_gain":0,"max_hp_loss":0,"event_name":"Wheel of Change","floor":6,"gold_loss":0,"cards_obtained":["Decay"]},{"damage_healed":0,"gold_gain":0,"player_choice":"1 cards matched","damage_taken":0,"max_hp_gain":0,"max_hp_loss":0,"event_name":"Match and Keep!","floor":14,"gold_loss":0,"cards_obtained":["hermit:BlackWind"]}],"is_beta":false,"boss_relics":[],"items_purged_floors":[],"is_endless":false,"potions_floor_spawned":[2,4,11],"killed_by":"The Guardian","ascension_level":0}}