{"host":"adt9pv9dmmkchns7","time":1614193390,"event":{"mods":["AchievementEnabler","Aspiration","BaseMod","Beaked The Cultist","Better Third Choice","Curses Come First","Energized Spire","Minty Spire (QoL Compilation)","Permanent Neow","Potionbrewer","Quick Restart","Reliquary","Replay The Spire","Robot Space Explorer","Shade Mod","Spicy Shops","StSLib","The Blackbeard","The Cursed","The Forsaken","The Gatherer","The Necromancer","Wandering Minibosses"],"gold_per_floor":[110,121,147,181,208,265,265,316,316,76,76,139,139,198,198,324,324,364,407,447,227,246,306,306,346,416,451,210,210,262,300,300,422,422,467,477,552,140,159,159,211,133,133,171,171,206,264,281,281,306,306,306,58,110,140],"floor_reached":56,"language":"ENG","playtime":7806,"items_purged":["Pain"],"score":1900,"play_id":"f17022b4-f9dc-44d2-a18c-c9f131a456ed","local_time":"20210224200310","is_ascension_mode":true,"campfire_choices":[{"floor":7,"key":"RECALL"},{"data":"Apotheosis","floor":11,"key":"SMITH"},{"data":"blackbeard:BlackbeardStrike","floor":15,"key":"SMITH"},{"data":"blackbeard:BlackbeardStrike","floor":24,"key":"SMITH"},{"data":"ReplayUltimateDefense","floor":29,"key":"SMITH"},{"data":"blackbeard:PirateStrength","floor":32,"key":"SMITH"},{"data":"blackbeard:PowerHungry","floor":40,"key":"SMITH"},{"data":"blackbeard:Parrot","floor":45,"key":"SMITH"},{"data":"blackbeard:BlackbeardStrike","floor":49,"key":"SMITH"},{"data":"blackbeard:BlackbeardStrike","floor":52,"key":"SMITH"}],"circlet_count":0,"master_deck":["blackbeard:BlackbeardStrike","blackbeard:BlackbeardStrike","blackbeard:BlackbeardStrike","blackbeard:BlackbeardStrike+2","blackbeard:IntimidatingStrike+1","blackbeard:BlackbeardDefend","blackbeard:BlackbeardDefend","blackbeard:BlackbeardDefend","blackbeard:BlackbeardDefend","blackbeard:Cutlass","Apotheosis+1","blackbeard:CatONineTails","blackbeard:Bandana","blackbeard:RemoveScurvy","blackbeard:RearmingStrike","blackbeard:FieryDefense","blackbeard:TerrorOfTheSeas","blackbeard:ChaoticDefense","blackbeard:SmithingHammer","blackbeard:GoldenStrike","blackbeard:BlindAttacks","blackbeard:GoldenRain","blackbeard:Spear","blackbeard:Lifeboat","blackbeard:Rum","blackbeard:GoldenStrike","blackbeard:DangerousBlow","blackbeard:GoldenDefense","ReplayUltimateDefense+1","blackbeard:WeaponMastery","blackbeard:Fencing+1","blackbeard:PowerHungry+1","blackbeard:Sword+1","ReplayTheSpireMod:Necrogeddon","Finesse","Chrysalis","blackbeard:PirateStrength+1","blackbeard:GoldenStrike","blackbeard:Halberd","blackbeard:Toast+1","blackbeard:BlindAttacks","blackbeard:Toast+1","Panache","blackbeard:GoldenCannonball","blackbeard:PiratesWill","blackbeard:DelayedPain","ReplayTheSpireMod:Faulty Equipment","blackbeard:Parrot+1","blackbeard:DelayedPain+1","blackbeard:Fencing+1","blackbeard:Rum","blackbeard:PirateEarring","blackbeard:GoldenDefense+1"],"relics":["blackbeard:LoadTheCannons","aspiration:HummingbirdHeart","Simple Rune","StrikeDummy","Mercury Hourglass","Pen Nib","Cursed Key","reliquary:RosewoodLute","Eternal Feather","blackbeard:WhitePearl","ReplayTheSpireMod:ShopPack","Gremlin Horn","reliquary:ThirdArm","wanderingMiniBosses:Inkheart","Incense Burner","Lantern","Thread and Needle","Lizard Tail","Singing Bowl","reliquary:SharkskinSheath","blackbeard:BloodOrange","StoneCalendar"],"acts_visited":["Exordium","TheCity","TheBeyond","TheEnding"],"potions_floor_usage":[6,6,8,16,33,33,50,55],"damage_taken":[{"damage":0,"enemies":"Cultist","floor":1,"turns":3},{"damage":6,"enemies":"2 Louse","floor":2,"turns":3},{"damage":0,"enemies":"Small Slimes","floor":3,"turns":2},{"damage":2,"enemies":"2 Fungi Beasts","floor":4,"turns":4},{"damage":7,"enemies":"3 Louse","floor":5,"turns":5},{"damage":27,"enemies":"3 Sentries","floor":6,"turns":8},{"damage":24,"enemies":"Gremlin Nob","floor":8,"turns":4},{"damage":0,"enemies":"Lagavulin","floor":12,"turns":4},{"damage":10,"enemies":"3 Sentries","floor":14,"turns":5},{"damage":13,"enemies":"Fading Forest","floor":16,"turns":11},{"damage":0,"enemies":"3 Byrds","floor":18,"turns":4},{"damage":3,"enemies":"Shell Parasite","floor":19,"turns":6},{"damage":0,"enemies":"Chosen and Byrds","floor":20,"turns":4},{"damage":2,"enemies":"Shelled Parasite and Fungi","floor":22,"turns":3},{"damage":0,"enemies":"Gremlin Leader","floor":23,"turns":6},{"damage":0,"enemies":"Replay:Snechameleon","floor":25,"turns":5},{"damage":10,"enemies":"Book of Stabbing","floor":27,"turns":4},{"damage":5,"enemies":"Replay:Snechameleon","floor":30,"turns":5},{"damage":0,"enemies":"3 Cultists","floor":31,"turns":4},{"damage":16,"enemies":"Automaton","floor":33,"turns":8},{"damage":6,"enemies":"3 Shapes","floor":35,"turns":3},{"damage":0,"enemies":"Orb Walker","floor":36,"turns":4},{"damage":2,"enemies":"Mind Bloom Boss Battle","floor":37,"turns":4},{"damage":0,"enemies":"Sphere and 2 Shapes","floor":39,"turns":4},{"damage":0,"enemies":"Giant Head","floor":41,"turns":5},{"damage":0,"enemies":"Jaw Worm Horde","floor":44,"turns":2},{"damage":0,"enemies":"3 Darklings","floor":46,"turns":2},{"damage":0,"enemies":"Reptomancer","floor":47,"turns":2},{"damage":0,"enemies":"4 Shapes","floor":48,"turns":1},{"damage":16,"enemies":"Awakened One","floor":50,"turns":10},{"damage":0,"enemies":"Shield and Spear","floor":54,"turns":5},{"damage":27,"enemies":"The Heart","floor":55,"turns":7}],"seed_played":"-630779560125526921","potions_obtained":[{"floor":2,"key":"BlessingOfTheForge"},{"floor":4,"key":"PowerPotion"},{"floor":6,"key":"Regen Potion"},{"floor":8,"key":"Languid Potion"},{"floor":14,"key":"SkillPotion"},{"floor":22,"key":"DistilledChaos"},{"floor":23,"key":"potionbrewer:CleansingPotion"},{"floor":39,"key":"Weak Potion"},{"floor":41,"key":"SpeedPotion"}],"is_trial":false,"path_per_floor":["M","M","M","M","M","E","R","E","T","$","R","E","?","E","R","B",null,"M","M","M","$","M","E","R","E","T","E","$","R","E","M","R","B",null,"M","M","?","$","M","R","E","$","T","M","R","M","E","M","R","B",null,"R","$","E","B",null],"character_chosen":"BLACKBEARD_CLASS","items_purchased":["blackbeard:SmithingHammer","blackbeard:GoldenStrike","blackbeard:BlindAttacks","blackbeard:GoldenDefense","ReplayUltimateDefense","blackbeard:Sword+1","ReplayTheSpireMod:ShopPack","Lantern","Panache","Thread and Needle","blackbeard:DelayedPain","blackbeard:PirateEarring","blackbeard:BloodOrange"],"campfire_rested":0,"item_purchase_floors":[10,10,10,21,21,28,28,38,38,38,42,53,53],"current_hp_per_floor":[68,62,62,68,68,49,49,42,42,42,42,42,42,32,32,27,58,66,63,63,63,61,61,61,68,68,58,58,68,68,68,68,52,64,62,67,65,65,65,68,68,68,68,68,68,68,68,68,68,60,66,68,68,68,48],"gold":140,"neow_bonus":"RANDOM_COLORLESS_2","is_daily":false,"chose_seed":false,"campfire_upgraded":9,"win_rate":0.0,"timestamp":1614193390,"path_taken":["M","M","M","M","?","E","R","E","T","$","R","E","?","E","R","BOSS","M","M","M","$","M","E","R","E","T","E","$","R","E","M","R","BOSS","M","M","?","$","M","R","E","$","T","M","R","M","E","M","R","BOSS","R","$","E","BOSS"],"items_purchased_type":["Card","Card","Card","Card","Card","Card","Relic","Relic","Card","Relic","Card","Card","Relic"],"build_version":"2020-12-22","purchased_purges":1,"victory":true,"max_hp_per_floor":[68,68,68,68,68,68,68,68,68,68,68,68,68,68,68,68,68,68,68,68,68,68,68,68,68,68,68,68,68,68,68,68,68,68,68,68,68,68,68,68,68,68,68,68,68,68,68,68,68,68,68,68,68,68,68],"card_choices":[{"not_picked":["Thinking Ahead","ReplayTheSpireMod:Necrogeddon"],"picked":"Apotheosis","floor":0},{"not_picked":["blackbeard:FieryDefense","blackbeard:Dagger"],"picked":"blackbeard:CatONineTails","floor":1},{"not_picked":["blackbeard:Sharpening","blackbeard:BeatUp"],"picked":"blackbeard:Bandana","floor":2},{"not_picked":["blackbeard:GoldenStrike","blackbeard:PiratesWill"],"picked":"blackbeard:RemoveScurvy","floor":3},{"not_picked":["blackbeard:DoubleCannonball","blackbeard:Shrapnel"],"picked":"blackbeard:RearmingStrike","floor":4},{"not_picked":["blackbeard:SwordDance","blackbeard:Dagger"],"picked":"blackbeard:FieryDefense","floor":5},{"not_picked":["blackbeard:GhostInTheRum","blackbeard:Recklessness"],"picked":"blackbeard:TerrorOfTheSeas","floor":6},{"not_picked":["blackbeard:SwordDance","blackbeard:CloakAndCannonball"],"picked":"blackbeard:ChaoticDefense","floor":8},{"not_picked":["blackbeard:TacticalRetreat","blackbeard:Shrapnel"],"picked":"blackbeard:GoldenRain","floor":12},{"not_picked":["blackbeard:ArmorUp","blackbeard:FieryDefense"],"picked":"blackbeard:Spear","floor":14},{"not_picked":["blackbeard:Intoxication","blackbeard:GoldenGuillotine"],"picked":"blackbeard:Lifeboat","floor":16},{"not_picked":["blackbeard:RearmingStrike","blackbeard:Fencing+1"],"picked":"blackbeard:Rum","floor":18},{"not_picked":["blackbeard:Shrapnel","blackbeard:CannonballSupply+1"],"picked":"blackbeard:GoldenStrike","floor":19},{"not_picked":["blackbeard:SwordDance","blackbeard:WoodenLeg"],"picked":"blackbeard:DangerousBlow","floor":20},{"not_picked":["blackbeard:Spear","blackbeard:CatONineTails+1","blackbeard:CannonBarrage"],"picked":"SKIP","floor":22},{"not_picked":["blackbeard:Shrapnel","blackbeard:Scrap"],"picked":"blackbeard:WeaponMastery","floor":23},{"not_picked":["blackbeard:CannonBarrage","blackbeard:VengefulSpirit"],"picked":"blackbeard:Fencing+1","floor":25},{"not_picked":["blackbeard:VengefulSpirit","blackbeard:FieryDefense"],"picked":"blackbeard:PowerHungry","floor":27},{"not_picked":["Thinking Ahead","Metamorphosis"],"picked":"ReplayTheSpireMod:Necrogeddon","floor":28},{"not_picked":["Replay:Sssssssssstrike","Apotheosis"],"picked":"Finesse","floor":28},{"not_picked":["Thinking Ahead","Metamorphosis"],"picked":"Chrysalis","floor":28},{"not_picked":["blackbeard:BrownPants","blackbeard:Fencing"],"picked":"blackbeard:PirateStrength","floor":30},{"not_picked":["blackbeard:BeatUp","blackbeard:Sword"],"picked":"blackbeard:GoldenStrike","floor":31},{"not_picked":["blackbeard:TheDrunkenSailor","blackbeard:MegaUpgrade"],"picked":"blackbeard:Halberd","floor":33},{"not_picked":["blackbeard:RearmingStrike","blackbeard:ArmorUp"],"picked":"blackbeard:Toast+1","floor":35},{"not_picked":["blackbeard:WiseDefense+1","blackbeard:PowderKeg"],"picked":"blackbeard:BlindAttacks","floor":36},{"not_picked":["blackbeard:Shrapnel+1","blackbeard:ChaoticDefense"],"picked":"blackbeard:Toast+1","floor":37},{"not_picked":["blackbeard:VengefulSpirit+1","blackbeard:PiratesWill+1"],"picked":"blackbeard:GoldenCannonball","floor":39},{"not_picked":["blackbeard:Bandana","blackbeard:DeadlyArsenal+1"],"picked":"blackbeard:PiratesWill","floor":41},{"not_picked":["blackbeard:ArmorUp+1","blackbeard:GoldenDefense+1"],"picked":"blackbeard:Parrot","floor":44},{"not_picked":["blackbeard:Shrapnel+1","blackbeard:ArmorUp"],"picked":"blackbeard:DelayedPain+1","floor":46},{"not_picked":["blackbeard:SmithingHammer+1","blackbeard:RearmingStrike+1"],"picked":"blackbeard:Fencing+1","floor":47},{"not_picked":["blackbeard:Shrapnel","blackbeard:TacticalRetreat"],"picked":"blackbeard:Rum","floor":48},{"not_picked":["blackbeard:BeatUp","blackbeard:DelayedPain"],"picked":"blackbeard:GoldenDefense+1","floor":54}],"player_experience":1007514,"relics_obtained":[{"floor":6,"key":"aspiration:HummingbirdHeart"},{"floor":8,"key":"Simple Rune"},{"floor":9,"key":"StrikeDummy"},{"floor":12,"key":"Mercury Hourglass"},{"floor":14,"key":"Pen Nib"},{"floor":23,"key":"reliquary:RosewoodLute"},{"floor":25,"key":"Eternal Feather"},{"floor":27,"key":"blackbeard:WhitePearl"},{"floor":30,"key":"Gremlin Horn"},{"floor":35,"key":"wanderingMiniBosses:Inkheart"},{"floor":37,"key":"Incense Burner"},{"floor":41,"key":"Lizard Tail"},{"floor":43,"key":"Singing Bowl"},{"floor":47,"key":"reliquary:SharkskinSheath"},{"floor":54,"key":"StoneCalendar"}],"event_choices":[{"damage_healed":0,"gold_gain":0,"player_choice":"Grow","damage_taken":0,"max_hp_gain":0,"max_hp_loss":0,"event_name":"Living Wall","floor":13,"gold_loss":0,"cards_upgraded":["blackbeard:IntimidatingStrike"]},{"damage_healed":0,"gold_gain":0,"player_choice":"Fight","damage_taken":0,"max_hp_gain":0,"max_hp_loss":0,"event_name":"MindBloom","floor":37,"gold_loss":0}],"is_beta":false,"boss_relics":[{"not_picked":["aspiration:SilentSkillbook","Ectoplasm"],"picked":"Cursed Key"},{"not_picked":["Fusion Hammer","Runic Dome"],"picked":"reliquary:ThirdArm"}],"items_purged_floors":[28],"is_endless":false,"potions_floor_spawned":[2,4,6,8,14,22,23,27,30,31,39,41,44,46],"ascension_level":7}}