{"host":"insagfzijja1377g","time":1614130321,"event":{"mods":["BaseMod","Bestiary","Highlight Path","Minty Spire (QoL Compilation)","Relic Stats","Slay the Relics Exporter"],"gold_per_floor":[119,119,5,5,26,26,69,119,119,119,163,191,191,216,216,350,350,377,422,422,347,381,433,433,478,478,502,502,158,198,198,198],"floor_reached":31,"language":"ENG","playtime":1279,"items_purged":["Defend_P"],"score":546,"play_id":"efda2c91-dfe3-441a-95cd-9710f623e061","local_time":"20210223193201","is_ascension_mode":true,"campfire_choices":[{"floor":6.0,"key":"REST"},{"data":"Wallop","floor":10.0,"key":"SMITH"},{"data":"Wallop","floor":13.0,"key":"SMITH"},{"data":"TalkToTheHand","floor":15.0,"key":"SMITH"},{"data":"Consecrate","floor":24,"key":"SMITH"},{"data":"LessonLearned","floor":28,"key":"SMITH"}],"circlet_count":0,"master_deck":["Defend_P","Defend_P","Eruption","Vigilance+1","ReachHeaven+1","SandsOfTime","FollowUp","TalkToTheHand+1","Wallop+1","Evaluate+1","Wallop+1","FlurryOfBlows","LessonLearned+1","Crescendo+1","Bite","Bite","Bite","Bite","Bite","Consecrate+1","LikeWater+1","FlurryOfBlows","WaveOfTheHand","EmptyFist","Wireheading","Weave","Protect","TalkToTheHand"],"relics":["PureWater","WingedGreaves","Golden Idol","Letter Opener","CeramicFish","Happy Flower","War Paint","SlaversCollar","Toy Ornithopter","Kunai","Blood Vial","TeardropLocket"],"acts_visited":["Exordium","TheCity"],"potions_floor_usage":[30,31,31],"damage_taken":[{"damage":7.0,"enemies":"Jaw Worm","floor":1.0,"turns":4.0},{"damage":0.0,"enemies":"Small Slimes","floor":5.0,"turns":2.0},{"damage":0.0,"enemies":"Lagavulin","floor":7.0,"turns":4.0},{"damage":10.0,"enemies":"3 Sentries","floor":8.0,"turns":4.0},{"damage":0.0,"enemies":"Lagavulin","floor":11.0,"turns":5.0},{"damage":0.0,"enemies":"Cultist","floor":12.0,"turns":2.0},{"damage":0.0,"enemies":"2 Fungi Beasts","floor":14.0,"turns":3.0},{"damage":18.0,"enemies":"The Guardian","floor":16.0,"turns":6.0},{"damage":13.0,"enemies":"3 Byrds","floor":18.0,"turns":4.0},{"damage":7.0,"enemies":"2 Thieves","floor":22.0,"turns":4.0},{"damage":7,"enemies":"Book of Stabbing","floor":23,"turns":5},{"damage":27,"enemies":"Gremlin Leader","floor":25,"turns":8},{"damage":6,"enemies":"Cultist and Chosen","floor":27,"turns":4},{"damage":11,"enemies":"Slavers","floor":30,"turns":4},{"damage":66,"enemies":"Shelled Parasite and Fungi","floor":31,"turns":3}],"seed_played":"3700523560705214503","potions_obtained":[{"floor":7.0,"key":"SkillPotion"},{"floor":12.0,"key":"FearPotion"},{"floor":14.0,"key":"CultistPotion"},{"floor":16.0,"key":"DistilledChaos"},{"floor":18.0,"key":"Fire Potion"},{"floor":30,"key":"Fire Potion"}],"is_trial":false,"path_per_floor":["M","?","$","?","M","R","E","E","T","R","E","M","R","M","R","B",null,"M","?","?","?","M","E","R","E","T","M","R","$","E","M"],"character_chosen":"WATCHER","items_purchased":["DistilledChaos","SandsOfTime","EmptyFist","Fruit Juice","Wireheading","Weave","Protect"],"campfire_rested":1,"item_purchase_floors":[3,3,29,29,29,29,29],"current_hp_per_floor":[58,42,42,24,24,43,43,33,33,33,33,33,33,33,33,15,53,40,40,40,40,43,43,43,26,26,28,28,28,30,0,0],"gold":198,"neow_bonus":"ONE_RARE_RELIC","is_daily":false,"chose_seed":false,"campfire_upgraded":5,"win_rate":0.0,"timestamp":1614130321,"path_taken":["M","?","$","?","M","R","E","E","T","R","E","M","R","M","R","BOSS","M","?","?","?","M","E","R","E","T","?","R","$","E","M"],"items_purchased_type":["Potion","Card","Card","Potion","Card","Card","Card"],"build_version":"2020-12-22","purchased_purges":1,"victory":false,"max_hp_per_floor":[65,65,65,65,65,65,65,65,65,65,65,65,65,65,65,65,65,65,45,45,45,45,45,45,45,45,45,45,45,45,50,50],"relic_stats":{"Blood Vial":6,"Happy Flower":[16],"counters":[15,62],"Golden Idol":92,"CeramicFish":189,"Letter Opener":[0],"Kunai":[7],"War Paint":["Evaluate","Vigilance"],"obtain_stats":[{"Blood Vial":26,"SlaversCollar":17,"Happy Flower":8,"Golden Idol":2,"CeramicFish":7,"WingedGreaves":0,"Letter Opener":4,"Kunai":25,"TeardropLocket":30,"PureWater":0,"War Paint":11,"Toy Ornithopter":23},{"Blood Vial":12,"SlaversCollar":8,"Happy Flower":4,"Golden Idol":1,"CeramicFish":3,"WingedGreaves":0,"Letter Opener":1,"Kunai":12,"TeardropLocket":14,"PureWater":0,"War Paint":5,"Toy Ornithopter":11},{"Blood Vial":51,"SlaversCollar":30,"Happy Flower":14,"Golden Idol":4,"CeramicFish":10,"WingedGreaves":0,"Letter Opener":4,"Kunai":51,"TeardropLocket":59,"PureWater":0,"War Paint":19,"Toy Ornithopter":43}],"Toy Ornithopter":15},"card_choices":[{"not_picked":["FlyingSleeves","Prostrate"],"picked":"ReachHeaven","floor":1.0},{"not_picked":["BowlingBash","CrushJoints"],"picked":"FollowUp","floor":5.0},{"not_picked":["SashWhip","Evaluate"],"picked":"TalkToTheHand","floor":7.0},{"not_picked":["SpiritShield","Protect"],"picked":"Wallop","floor":8.0},{"not_picked":["SashWhip","Consecrate"],"picked":"Evaluate","floor":11.0},{"not_picked":["Worship","WindmillStrike"],"picked":"Wallop","floor":12.0},{"not_picked":["Swivel","BattleHymn"],"picked":"FlurryOfBlows","floor":14.0},{"not_picked":["Vault","Establishment"],"picked":"LessonLearned","floor":16.0},{"not_picked":["JustLucky","SandsOfTime"],"picked":"Crescendo","floor":18.0},{"not_picked":["FlurryOfBlows","WheelKick+1"],"picked":"Consecrate","floor":22.0},{"not_picked":["JustLucky","WindmillStrike"],"picked":"LikeWater+1","floor":23},{"not_picked":["ReachHeaven","Nirvana"],"picked":"FlurryOfBlows","floor":25},{"not_picked":["Swivel","FollowUp"],"picked":"WaveOfTheHand","floor":27},{"not_picked":["WreathOfFlame","Fasting2"],"picked":"TalkToTheHand","floor":30}],"player_experience":2220812,"relics_obtained":[{"floor":7.0,"key":"CeramicFish"},{"floor":8.0,"key":"Happy Flower"},{"floor":11.0,"key":"War Paint"},{"floor":23,"key":"Toy Ornithopter"},{"floor":25,"key":"Kunai"},{"floor":26,"key":"Blood Vial"},{"floor":30,"key":"TeardropLocket"}],"event_choices":[{"damage_healed":0.0,"max_hp_gain":0.0,"max_hp_loss":0.0,"gold_gain":0.0,"event_name":"Golden Idol","player_choice":"Take Damage","floor":2.0,"gold_loss":0.0,"damage_taken":16.0,"relics_obtained":["Golden Idol"]},{"damage_healed":0.0,"max_hp_gain":0.0,"max_hp_loss":0.0,"gold_gain":0.0,"event_name":"Scrap Ooze","player_choice":"Success","floor":4.0,"gold_loss":0.0,"damage_taken":18.0,"relics_obtained":["Letter Opener"]},{"damage_healed":0.0,"max_hp_gain":0.0,"max_hp_loss":20.0,"gold_gain":0.0,"event_name":"Vampires","player_choice":"Became a vampire","floor":19.0,"gold_loss":0.0,"damage_taken":0.0,"cards_obtained":["Bite","Bite","Bite","Bite","Bite"]},{"damage_healed":0.0,"max_hp_gain":0.0,"max_hp_loss":0.0,"gold_gain":0.0,"event_name":"Ghosts","player_choice":"Ignored","floor":20.0,"gold_loss":0.0,"damage_taken":0.0},{"cards_removed":["Defend_P"],"damage_healed":0.0,"max_hp_gain":0.0,"max_hp_loss":0.0,"gold_gain":0.0,"event_name":"Beggar","player_choice":"Gave Gold","floor":21.0,"gold_loss":75.0,"damage_taken":0.0}],"is_beta":false,"boss_relics":[{"not_picked":["Philosopher\u0027s Stone","Sozu"],"picked":"SlaversCollar"}],"items_purged_floors":[29],"is_endless":false,"potions_floor_spawned":[7,12,14,16,18,30],"killed_by":"Shelled Parasite and Fungi","ascension_level":9}}