{"host":"uexz8m6e0pxi7xat","time":1614148762,"event":{"mods":["BaseMod","Bestiary","Minty Spire (QoL Compilation)","Relic Stats","ojb\u0027s Info Mod"],"gold_per_floor":[118,64,64,83,101,101,128,128,428,456,456,472,98,98,98,171,171,185,162,177,193,36,36,48,78,78,108,108,123,138,166,166,239,239,256,276,27,27,27,57,71,71,153,186,186,20,47,60,60,60,60,60,60,60,89,89],"floor_reached":57,"language":"ENG","playtime":11919,"items_purged":["Defend_B"],"score":3045,"play_id":"3078651b-8098-47a4-bc13-336a5abded86","local_time":"20210224193922","is_ascension_mode":true,"campfire_choices":[{"data":"Consume","floor":6.0,"key":"SMITH"},{"data":"Sunder","floor":8.0,"key":"SMITH"},{"data":"Reinforced Body","floor":11.0,"key":"SMITH"},{"data":"Hologram","floor":15.0,"key":"SMITH"},{"data":"Loop","floor":23.0,"key":"SMITH"},{"data":"Electrodynamics","floor":28.0,"key":"SMITH"},{"floor":32.0,"key":"RECALL"},{"data":"Defragment","floor":42.0,"key":"SMITH"},{"data":"Capacitor","floor":45.0,"key":"SMITH"},{"data":"Echo Form","floor":49.0,"key":"SMITH"},{"floor":53,"key":"REST"}],"circlet_count":0,"master_deck":["AscendersBane","Strike_B","Strike_B","Strike_B","Zap","Dualcast","Consume+1","Reinforced Body+1","Ball Lightning","Sunder+1","Glacier","Genetic Algorithm+1","Hologram+1","Electrodynamics+1","Chill+1","Auto Shields+1","Multi-Cast+1","Loop+1","Compile Driver","Doom and Gloom","Coolheaded+1","Loop+1","Glacier","Turbo+1","Echo Form+1","Capacitor+1","Defragment+1","Doom and Gloom","Glacier","Coolheaded+1"],"relics":["Cracked Core","Orichalcum","Mango","Blood Vial","Old Coin","Eternal Feather","Symbiotic Virus","Astrolabe","DataDisk","Cables","Pear","Snecko Eye","Frozen Eye","Strawberry","Singing Bowl","Ancient Tea Set","Happy Flower","Dream Catcher","Art of War"],"acts_visited":["Exordium","TheCity","TheBeyond","TheEnding"],"potions_floor_usage":[56],"damage_taken":[{"damage":6.0,"enemies":"Jaw Worm","floor":1.0,"turns":3.0},{"damage":8.0,"enemies":"2 Louse","floor":4.0,"turns":2.0},{"damage":0.0,"enemies":"Cultist","floor":5.0,"turns":3.0},{"damage":12.0,"enemies":"3 Sentries","floor":7.0,"turns":5.0},{"damage":5.0,"enemies":"Lagavulin","floor":10.0,"turns":7.0},{"damage":7.0,"enemies":"3 Louse","floor":12.0,"turns":7.0},{"damage":54.0,"enemies":"Hexaghost","floor":16.0,"turns":10.0},{"damage":9.0,"enemies":"Chosen","floor":18.0,"turns":4.0},{"damage":11.0,"enemies":"2 Thieves","floor":19.0,"turns":4.0},{"damage":6.0,"enemies":"3 Cultists","floor":20.0,"turns":4.0},{"damage":1.0,"enemies":"Snecko","floor":21.0,"turns":8.0},{"damage":5.0,"enemies":"Cultist and Chosen","floor":24.0,"turns":9.0},{"damage":18.0,"enemies":"Gremlin Leader","floor":25.0,"turns":6.0},{"damage":0.0,"enemies":"Book of Stabbing","floor":27.0,"turns":4.0},{"damage":0.0,"enemies":"Chosen and Byrds","floor":29.0,"turns":3.0},{"damage":0.0,"enemies":"3 Cultists","floor":30.0,"turns":4.0},{"damage":16.0,"enemies":"Slavers","floor":31.0,"turns":3.0},{"damage":9.0,"enemies":"Automaton","floor":33.0,"turns":12.0},{"damage":5.0,"enemies":"Orb Walker","floor":35.0,"turns":2.0},{"damage":2.0,"enemies":"3 Darklings","floor":36.0,"turns":4.0},{"damage":0.0,"enemies":"Giant Head","floor":40.0,"turns":6.0},{"damage":0.0,"enemies":"Jaw Worm Horde","floor":41.0,"turns":6.0},{"damage":5.0,"enemies":"Reptomancer","floor":44.0,"turns":9.0},{"damage":11.0,"enemies":"Giant Head","floor":47.0,"turns":7.0},{"damage":0.0,"enemies":"Sphere and 2 Shapes","floor":48.0,"turns":7.0},{"damage":0,"enemies":"Awakened One","floor":50,"turns":23},{"damage":12,"enemies":"Donu and Deca","floor":51,"turns":10},{"damage":39,"enemies":"Shield and Spear","floor":55,"turns":9},{"damage":46,"enemies":"The Heart","floor":56,"turns":12}],"seed_played":"-5540710238603123921","potions_obtained":[{"floor":4.0,"key":"SteroidPotion"},{"floor":12.0,"key":"PowerPotion"},{"floor":16.0,"key":"Explosive Potion"},{"floor":20.0,"key":"Regen Potion"},{"floor":21.0,"key":"Weak Potion"},{"floor":29.0,"key":"Block Potion"},{"floor":31.0,"key":"ColorlessPotion"},{"floor":33.0,"key":"LiquidBronze"},{"floor":35.0,"key":"Block Potion"},{"floor":41.0,"key":"Ancient Potion"},{"floor":47.0,"key":"PowerPotion"}],"is_trial":false,"path_per_floor":["M","$","?","M","M","R","E","R","T","E","R","M","$","?","R","B",null,"M","M","M","M","$","R","M","E","T","E","R","M","M","E","R","B",null,"M","M","$","?","?","E","M","R","T","E","R","$","E","M","R","B","B",null,"R","$","E","B",null],"character_chosen":"DEFECT","items_purchased":["Explosive Potion","Symbiotic Virus","Hologram","DataDisk","Defragment","Frozen Eye","Happy Flower"],"campfire_rested":1,"item_purchase_floors":[2,13,13,22,37,37,46],"current_hp_per_floor":[58,58,67,59,59,59,47,47,47,44,53,48,48,48,57,5,65,58,49,45,61,61,73,70,54,54,66,78,80,82,68,83,76,90,87,87,87,87,87,96,97,97,97,94,99,99,88,92,101,101,89,98,103,103,66,22],"gold":89,"neow_bonus":"RANDOM_COMMON_RELIC","is_daily":false,"chose_seed":false,"campfire_upgraded":9,"win_rate":0.0,"timestamp":1614148762,"path_taken":["M","$","?","M","M","R","E","R","T","E","R","M","$","?","R","BOSS","M","M","?","M","$","R","M","E","T","E","R","M","M","E","R","BOSS","M","M","$","?","?","E","M","R","T","E","R","?","E","M","R","BOSS","BOSS","R","$","E","BOSS"],"items_purchased_type":["Potion","Relic","Card","Relic","Card","Relic","Relic"],"build_version":"2020-12-22","purchased_purges":1,"victory":true,"max_hp_per_floor":[71,71,85,85,85,85,85,85,85,85,85,85,85,85,85,85,85,85,85,85,85,85,85,85,85,85,95,95,95,95,95,95,95,95,95,95,95,90,90,97,97,97,97,99,99,99,99,101,101,101,101,101,103,103,105,105],"relic_stats":{"Blood Vial":39,"Dream Catcher":1,"Singing Bowl":8,"Happy Flower":[22],"counters":[29,192],"Astrolabe":["Chill","Auto Shields","Multi-Cast"],"Snecko Eye":[169,153,141,144],"Eternal Feather":74,"Art of War":[6],"Orichalcum":[318],"obtain_stats":[{"Pear":27,"Singing Bowl":43,"Happy Flower":46,"Astrolabe":17,"Mango":3,"Eternal Feather":10,"Orichalcum":0,"Ancient Tea Set":44,"Old Coin":9,"Cables":25,"Blood Vial":7,"Frozen Eye":37,"DataDisk":22,"Dream Catcher":47,"Strawberry":40,"Snecko Eye":34,"Art of War":55,"Cracked Core":0,"Symbiotic Virus":13},{"Pear":14,"Singing Bowl":22,"Happy Flower":23,"Astrolabe":7,"Mango":1,"Eternal Feather":5,"Orichalcum":0,"Ancient Tea Set":23,"Old Coin":4,"Cables":13,"Blood Vial":4,"Frozen Eye":20,"DataDisk":11,"Dream Catcher":24,"Strawberry":21,"Snecko Eye":18,"Art of War":28,"Cracked Core":0,"Symbiotic Virus":6},{"Pear":76,"Singing Bowl":116,"Happy Flower":125,"Astrolabe":37,"Mango":3,"Eternal Feather":20,"Orichalcum":0,"Ancient Tea Set":125,"Old Coin":13,"Cables":72,"Blood Vial":13,"Frozen Eye":104,"DataDisk":57,"Dream Catcher":132,"Strawberry":110,"Snecko Eye":98,"Art of War":180,"Cracked Core":0,"Symbiotic Virus":27}],"Cables":[108,9,79,20,0]},"card_choices":[{"not_picked":["Leap","Steam"],"picked":"Consume","floor":1.0},{"not_picked":["Force Field","Darkness"],"picked":"Reinforced Body","floor":4.0},{"not_picked":["Beam Cell","Hologram"],"picked":"Ball Lightning","floor":5.0},{"not_picked":["Lockon","Redo"],"picked":"Sunder","floor":7.0},{"not_picked":["Self Repair","Chaos"],"picked":"Glacier","floor":10.0},{"not_picked":["Steam Power","Reprogram"],"picked":"Genetic Algorithm","floor":12.0},{"not_picked":["Biased Cognition","Rainbow"],"picked":"Electrodynamics","floor":16.0},{"not_picked":["Compile Driver","Turbo"],"picked":"Loop","floor":18.0},{"not_picked":["White Noise","BootSequence+1"],"picked":"Compile Driver","floor":19.0},{"not_picked":["Conserve Battery","Rip and Tear","Ball Lightning"],"picked":"SKIP","floor":20.0},{"not_picked":["Redo","Sweeping Beam"],"picked":"Doom and Gloom","floor":21.0},{"not_picked":["Blizzard","Steam Power"],"picked":"Coolheaded+1","floor":24.0},{"not_picked":["Darkness","All For One"],"picked":"Loop+1","floor":25.0},{"not_picked":["Skim","Cold Snap+1","Streamline"],"picked":"SKIP","floor":27.0},{"not_picked":["Skim","Cold Snap+1","Streamline"],"picked":"SKIP","floor":27.0},{"not_picked":["Redo","Lockon"],"picked":"Glacier","floor":29.0},{"not_picked":["Leap","Cold Snap","Go for the Eyes"],"picked":"SKIP","floor":30.0},{"not_picked":["Stack","Rip and Tear+1"],"picked":"Turbo+1","floor":31.0},{"not_picked":["All For One","Reboot"],"picked":"Echo Form","floor":33.0},{"not_picked":["Gash","Ball Lightning","Leap"],"picked":"SKIP","floor":35.0},{"not_picked":["Leap+1","Ball Lightning"],"picked":"Capacitor","floor":36.0},{"not_picked":["Go for the Eyes","Compile Driver+1"],"picked":"Doom and Gloom","floor":40.0},{"not_picked":["Gash","Rip and Tear"],"picked":"Glacier","floor":41.0},{"not_picked":["Steam","Consume+1","Leap"],"picked":"Singing Bowl","floor":44.0},{"not_picked":["Genetic Algorithm+1","Go for the Eyes"],"picked":"Coolheaded+1","floor":47.0},{"not_picked":["Streamline+1","Coolheaded","Steam"],"picked":"Singing Bowl","floor":48.0},{"not_picked":["Beam Cell","BootSequence","Creative AI"],"picked":"Singing Bowl","floor":53},{"not_picked":["Loop","Genetic Algorithm","Rainbow"],"picked":"Singing Bowl","floor":55}],"player_experience":1095322,"relics_obtained":[{"floor":7.0,"key":"Blood Vial"},{"floor":9.0,"key":"Old Coin"},{"floor":10.0,"key":"Eternal Feather"},{"floor":25.0,"key":"Cables"},{"floor":27.0,"key":"Pear"},{"floor":40.0,"key":"Strawberry"},{"floor":43.0,"key":"Singing Bowl"},{"floor":44.0,"key":"Ancient Tea Set"},{"floor":47.0,"key":"Dream Catcher"},{"floor":55,"key":"Art of War"}],"event_choices":[{"damage_healed":0.0,"max_hp_gain":0.0,"max_hp_loss":0.0,"gold_gain":0.0,"event_name":"Scrap Ooze","player_choice":"Success","floor":3.0,"gold_loss":0.0,"damage_taken":5.0,"relics_obtained":["Mango"]},{"damage_healed":0.0,"max_hp_gain":0.0,"max_hp_loss":0.0,"gold_gain":0.0,"event_name":"Accursed Blacksmith","player_choice":"Forge","floor":14.0,"gold_loss":0.0,"damage_taken":0.0,"cards_upgraded":["Genetic Algorithm"]},{"damage_healed":0.0,"max_hp_gain":0.0,"max_hp_loss":5.0,"gold_gain":0.0,"event_name":"Winding Halls","player_choice":"Max HP","floor":38.0,"gold_loss":0.0,"damage_taken":0.0},{"cards_removed":["Strike_B"],"damage_healed":0.0,"max_hp_gain":0.0,"max_hp_loss":0.0,"gold_gain":0.0,"event_name":"Falling","player_choice":"Removed Attack","floor":39.0,"gold_loss":0.0,"damage_taken":0.0}],"is_beta":false,"boss_relics":[{"not_picked":["FrozenCore","Pandora\u0027s Box"],"picked":"Astrolabe"},{"not_picked":["Sozu","Runic Dome"],"picked":"Snecko Eye"}],"items_purged_floors":[13],"is_endless":false,"potions_floor_spawned":[4,5,12,16,20,21,29,31,33,35,41,47,48],"ascension_level":20}}