{"host":"2d69zsihwnsihkt1","time":1614207973,"event":{"mods":["AchievementEnabler","Act Like it!","BaseMod","Better Altar","Better Note","Better Skull","Bossed Relics","Colored Map","Colored Powertips","Curses Come First","Displayed Cursed Tome","Googly Eyes","Hermit","Minty Spire (QoL Compilation)","Rare Cards Sparkle","Relic Stats","Replay The Spire","Robot Space Explorer","Shapeshifter Mod","Shop Mod","StSLib","The Forsaken","The Hayseed","The Runesmith"],"gold_per_floor":[119,119,119,132,132,163,163,183,183,210,210,224,254,274,274,372,372,383,73,93,93,93,93,106,106,106,137,137,165,180,207,207,310,310,328,328,79,97,197,197,225,241,241,255,275,171,171,200,200,200],"floor_reached":51,"language":"ENG","playtime":7904,"items_purged":[],"score":1462,"play_id":"ff0f2ddb-bf0b-4be1-9767-106b06561841","local_time":"20210224170613","is_ascension_mode":true,"campfire_choices":[{"data":"theForsaken:Smite","floor":7,"key":"SMITH"},{"data":"theForsaken:Penitence","floor":11,"key":"SMITH"},{"data":"theForsaken:Horror","floor":23,"key":"SMITH"},{"data":"theForsaken:SiphonStrike","floor":28,"key":"SMITH"},{"data":"theForsaken:Prudence","floor":32,"key":"SMITH"},{"floor":40,"key":"REST"},{"data":"theForsaken:SacredOath","floor":49,"key":"SMITH"}],"circlet_count":0,"master_deck":["theForsaken:TheForsaken_Strike","theForsaken:TheForsaken_Strike","theForsaken:TheForsaken_Strike","theForsaken:TheForsaken_Strike","theForsaken:TheForsaken_Defend+1","theForsaken:TheForsaken_Defend+1","theForsaken:TheForsaken_Defend","theForsaken:Smite+1","theForsaken:Penitence+1","theForsaken:Purification+1","theForsaken:Horror+1","theForsaken:SiphonStrike+1","theForsaken:BountifulSunlight+1","theForsaken:Prudence+1","theForsaken:SacredOath+1","Sadistic Nature","theForsaken:Mantra","theForsaken:Mantra","theForsaken:AncientWords+1","ReplayTheSpireMod:Brewmster+1","theForsaken:PlagueCurse"],"relics":["theForsaken:JudgementScales","NeowsBlessing","Meat on the Bone","Iron Hammer","StoneCalendar","ReplayTheSpireMod:Ninjato","theForsaken:ArmorOfThorns","Membership Card","Thread and Needle","War Paint","Ancient Tea Set","Vajra","Replay:Bottled Steam","Replay:Bottled Flurry","Bottled Lightning","Snecko Eye","Chemical X","Toxic Egg 2","Replay:Mystery Machine","Frozen Egg 2","theForsaken:PlagueMask","InkBottle"],"acts_visited":["Exordium","TheCity","TheBeyond"],"potions_floor_usage":[16,33,44,48,50,50,50,50],"damage_taken":[{"damage":0,"enemies":"Jaw Worm","floor":1,"turns":1},{"damage":0,"enemies":"Cultist","floor":4,"turns":1},{"damage":0,"enemies":"Gremlin Nob","floor":6,"turns":1},{"damage":3,"enemies":"Small Slimes","floor":8,"turns":5},{"damage":22,"enemies":"3 Sentries","floor":10,"turns":9},{"damage":2,"enemies":"Red Slaver","floor":12,"turns":3},{"damage":14,"enemies":"Lagavulin","floor":13,"turns":5},{"damage":6,"enemies":"3 Louse","floor":14,"turns":3},{"damage":58,"enemies":"Hexaghost","floor":16,"turns":9},{"damage":29,"enemies":"3 Byrds","floor":18,"turns":6},{"damage":0,"enemies":"Chosen","floor":20,"turns":4},{"damage":16,"enemies":"Sentry and Sphere","floor":24,"turns":5},{"damage":1,"enemies":"Gremlin Leader","floor":27,"turns":7},{"damage":22,"enemies":"Slavers","floor":29,"turns":6},{"damage":13,"enemies":"Snake Plant","floor":30,"turns":4},{"damage":0,"enemies":"Book of Stabbing","floor":31,"turns":7},{"damage":38,"enemies":"Pondfish","floor":33,"turns":16},{"damage":0,"enemies":"Orb Walker","floor":35,"turns":4},{"damage":53,"enemies":"3 Darklings","floor":38,"turns":5},{"damage":2,"enemies":"R_Hoarder","floor":41,"turns":9},{"damage":19,"enemies":"Jaw Worm Horde","floor":42,"turns":4},{"damage":0,"enemies":"4 Shapes","floor":44,"turns":4},{"damage":0,"enemies":"Maw","floor":45,"turns":2},{"damage":26,"enemies":"Reptomancer","floor":48,"turns":6},{"damage":65,"enemies":"Awakened One","floor":50,"turns":8}],"seed_played":"1117801383862522488","potions_obtained":[{"floor":6,"key":"Swift Potion"},{"floor":8,"key":"Adrenaline Potion"},{"floor":10,"key":"SkillPotion"},{"floor":16,"key":"Elixir"},{"floor":27,"key":"Explosive Potion"},{"floor":30,"key":"PowerPotion"},{"floor":38,"key":"Milkshake"},{"floor":44,"key":"PowerPotion"}],"is_trial":false,"path_per_floor":["M","?","$","M","?","E","R","M","T","E","R","M","E","M","R_BF","B",null,"M","$","M","T","?","R","M","?","T","E","R","E","M","E","R","B",null,"M","?","$","M","?","R","E","M","T","M","M","$","?","E","R","B",null],"character_chosen":"THE_FORSAKEN","items_purchased":["Membership Card","Thread and Needle","Chemical X","theForsaken:Mantra","Toxic Egg 2","theForsaken:AncientWords+1","ReplayTheSpireMod:Brewmster+1"],"campfire_rested":1,"item_purchase_floors":[19,19,37,37,37,46,46],"current_hp_per_floor":[59,59,59,59,65,65,65,65,65,65,65,64,54,51,65,25,55,38,38,41,41,41,41,40,40,40,50,50,37,41,65,65,64,65,65,65,65,33,33,52,65,53,53,65,65,65,65,65,65,48],"gold":200,"neow_bonus":"THREE_ENEMY_KILL","is_daily":false,"chose_seed":false,"campfire_upgraded":6,"win_rate":0.0,"timestamp":1614207973,"path_taken":["M","?","?","?","?","E","R","?","T","E","R","M","E","M","R_BF","BOSS","M","$","M","?","?","R","?","?","T","E","R","E","?","E","R","BOSS","M","?","$","M","?","R","E","M","T","?","M","$","?","E","R","BOSS"],"items_purchased_type":["Relic","Relic","Relic","Card","Relic","Card","Card"],"build_version":"2020-12-22","purchased_purges":0,"victory":true,"max_hp_per_floor":[65,65,65,65,65,65,65,65,65,65,65,65,65,65,65,65,65,65,65,65,65,65,65,65,65,65,65,65,65,65,65,65,65,65,65,65,65,65,65,65,65,65,65,65,65,65,65,65,65,65],"relic_stats":{"counters":[25,134],"Snecko Eye":[37,36,33,34],"StoneCalendar":[272],"Chemical X":[6],"War Paint":["theForsaken:TheForsaken_Defend","theForsaken:TheForsaken_Defend"],"obtain_stats":[{"ReplayTheSpireMod:Ninjato":13,"NeowsBlessing":0,"Vajra":26,"StoneCalendar":10,"Thread and Needle":19,"War Paint":21,"Replay:Mystery Machine":41,"Frozen Egg 2":43,"Ancient Tea Set":25,"theForsaken:PlagueMask":47,"Snecko Eye":34,"theForsaken:ArmorOfThorns":17,"Iron Hammer":9,"Replay:Bottled Flurry":29,"Membership Card":19,"Bottled Lightning":31,"Chemical X":37,"Toxic Egg 2":37,"theForsaken:JudgementScales":0,"InkBottle":48,"Meat on the Bone":6,"Replay:Bottled Steam":27},{"ReplayTheSpireMod:Ninjato":7,"NeowsBlessing":0,"Vajra":12,"StoneCalendar":5,"Thread and Needle":10,"War Paint":11,"Replay:Mystery Machine":20,"Frozen Egg 2":21,"Ancient Tea Set":12,"theForsaken:PlagueMask":23,"Snecko Eye":17,"theForsaken:ArmorOfThorns":9,"Iron Hammer":4,"Replay:Bottled Flurry":14,"Membership Card":10,"Bottled Lightning":16,"Chemical X":18,"Toxic Egg 2":18,"theForsaken:JudgementScales":0,"InkBottle":24,"Meat on the Bone":3,"Replay:Bottled Steam":13},{"ReplayTheSpireMod:Ninjato":25,"NeowsBlessing":0,"Vajra":52,"StoneCalendar":17,"Thread and Needle":43,"War Paint":47,"Replay:Mystery Machine":110,"Frozen Egg 2":114,"Ancient Tea Set":52,"theForsaken:PlagueMask":120,"Snecko Eye":92,"theForsaken:ArmorOfThorns":37,"Iron Hammer":8,"Replay:Bottled Flurry":65,"Membership Card":43,"Bottled Lightning":76,"Chemical X":96,"Toxic Egg 2":96,"theForsaken:JudgementScales":0,"InkBottle":126,"Meat on the Bone":3,"Replay:Bottled Steam":59}],"InkBottle":[4],"Meat on the Bone":60},"card_choices":[{"not_picked":["theForsaken:ChargeAttack","theForsaken:WordOfPower","theForsaken:Preservation"],"picked":"SKIP","floor":1},{"not_picked":["theForsaken:WordOfPower","theForsaken:ShieldCharge","theForsaken:HorrifyingStrike"],"picked":"SKIP","floor":4},{"not_picked":["theForsaken:HealingLight","theForsaken:CorruptedWord","theForsaken:WordsOfPestilence"],"picked":"SKIP","floor":6},{"not_picked":["theForsaken:CreepingInfection","theForsaken:WordsOfMight","theForsaken:NobleSacrifice"],"picked":"SKIP","floor":8},{"not_picked":["theForsaken:HymnOfPatience","theForsaken:WordsOfMight","theForsaken:ChargeAttack"],"picked":"SKIP","floor":10},{"not_picked":["theForsaken:NobleSacrifice","theForsaken:Tranquility"],"picked":"theForsaken:Purification","floor":12},{"not_picked":["theForsaken:PreciseStrike","theForsaken:ChargeAttack","theForsaken:HymnOfPatience"],"picked":"SKIP","floor":13},{"not_picked":["theForsaken:HymnOfPatience","theForsaken:QuickAttack","theForsaken:LightRoll"],"picked":"SKIP","floor":14},{"not_picked":["theForsaken:SpreadingPlague","theForsaken:Confusion"],"picked":"theForsaken:Horror","floor":16},{"not_picked":["theForsaken:ShieldBash","theForsaken:DarkBargain"],"picked":"theForsaken:SiphonStrike","floor":18},{"not_picked":["theForsaken:FatRoll","theForsaken:Backlash","theForsaken:CowardsBrand"],"picked":"SKIP","floor":20},{"not_picked":["theForsaken:CreepingInfection","theForsaken:HorrifyingStrike+1","theForsaken:FuryStrikes+1"],"picked":"SKIP","floor":24},{"not_picked":["theForsaken:ShieldCharge","theForsaken:BlindFaith"],"picked":"theForsaken:BountifulSunlight+1","floor":27},{"not_picked":["theForsaken:PowerUp","theForsaken:HymnOfRest","theForsaken:NobleSacrifice"],"picked":"SKIP","floor":29},{"not_picked":["theForsaken:Preservation+1","theForsaken:RainingSunlight"],"picked":"theForsaken:Prudence","floor":30},{"not_picked":["theForsaken:WordsOfMight+1","theForsaken:HymnOfPatience","theForsaken:Backlash"],"picked":"SKIP","floor":31},{"not_picked":["theForsaken:Retribution","theForsaken:Horror"],"picked":"theForsaken:SacredOath","floor":33},{"not_picked":["theForsaken:SiphonStrike+1","theForsaken:InspiringBlow+1","theForsaken:WardingHymn"],"picked":"SKIP","floor":35},{"not_picked":["Trip","Flash of Steel"],"picked":"Sadistic Nature","floor":36},{"not_picked":["theForsaken:FuryStrikes+1","theForsaken:CorruptedWord+1","theForsaken:ShieldCharge"],"picked":"SKIP","floor":38},{"not_picked":["theForsaken:DarkBargain+1","theForsaken:PanicDive+1","theForsaken:ShieldBash+1"],"picked":"SKIP","floor":41},{"not_picked":["theForsaken:Eulogy+1","theForsaken:FuryStrikes","theForsaken:Backlash+1"],"picked":"SKIP","floor":42},{"not_picked":["theForsaken:InspiringBlow+1","theForsaken:WordsOfPestilence","theForsaken:NobleSacrifice+1"],"picked":"SKIP","floor":44},{"not_picked":["theForsaken:SolarFlare+1","theForsaken:Bolster+1","theForsaken:QuickAttack"],"picked":"SKIP","floor":45},{"not_picked":["theForsaken:FuryStrikes+1","theForsaken:ShieldBash+1","theForsaken:RainingSunlight"],"picked":"SKIP","floor":48}],"player_experience":1921902,"relics_obtained":[{"floor":6,"key":"Meat on the Bone"},{"floor":9,"key":"Iron Hammer"},{"floor":10,"key":"StoneCalendar"},{"floor":13,"key":"ReplayTheSpireMod:Ninjato"},{"floor":21,"key":"War Paint"},{"floor":26,"key":"Vajra"},{"floor":27,"key":"Replay:Bottled Steam"},{"floor":29,"key":"Replay:Bottled Flurry"},{"floor":31,"key":"Bottled Lightning"},{"floor":41,"key":"Replay:Mystery Machine"},{"floor":43,"key":"Frozen Egg 2"},{"floor":48,"key":"InkBottle"}],"event_choices":[{"cards_removed":["theForsaken:TheForsaken_Defend"],"damage_healed":0,"gold_gain":0,"player_choice":"Offered Basic","damage_taken":0,"max_hp_gain":0,"max_hp_loss":0,"event_name":"Bonfire Elementals","floor":2,"gold_loss":0},{"damage_healed":6,"gold_gain":0,"player_choice":"Full Heal","damage_taken":0,"max_hp_gain":0,"max_hp_loss":0,"event_name":"Wheel of Change","floor":5,"gold_loss":0},{"damage_healed":0,"gold_gain":0,"player_choice":"Leave","damage_taken":0,"max_hp_gain":0,"max_hp_loss":0,"event_name":"FaceTrader","floor":22,"gold_loss":0},{"damage_healed":0,"gold_gain":0,"player_choice":"Gave Potion","damage_taken":0,"relics_obtained":["Ancient Tea Set"],"max_hp_gain":0,"max_hp_loss":0,"event_name":"WeMeetAgain","floor":25,"gold_loss":0},{"damage_healed":0,"gold_gain":0,"player_choice":"Memory 1","damage_taken":0,"max_hp_gain":0,"max_hp_loss":0,"event_name":"SensoryStone","floor":36,"gold_loss":0},{"damage_healed":0,"gold_gain":100,"player_choice":"Pray","damage_taken":0,"max_hp_gain":0,"max_hp_loss":0,"event_name":"Golden Shrine","floor":39,"gold_loss":0},{"damage_healed":0,"gold_gain":0,"player_choice":"Obtain Plague Curse","damage_taken":0,"max_hp_gain":0,"max_hp_loss":0,"event_name":"Plague Doctor","floor":47,"gold_loss":0,"cards_obtained":["theForsaken:PlagueCurse"]}],"is_beta":false,"boss_relics":[{"not_picked":["Calling Bell","Runic Dome"],"picked":"theForsaken:ArmorOfThorns"},{"not_picked":["Runesmith:UraniumAnvil","Cursed Key"],"picked":"Snecko Eye"}],"items_purged_floors":[],"is_endless":false,"potions_floor_spawned":[6,8,10,16,24,27,29,30,38,44,45],"ascension_level":9}}