{"host":"4gkev1dtxxhiue3x","time":1614184231,"event":{"mods":["AchievementEnabler","BaseMod","Better Altar","Better Match","Better Note","Better Sensory Stone","Better Skull","Better Third Choice","Colored Powertips","Friendly Minions","Hermit","Minty Spire (QoL Compilation)","Relic Stats","Robot Space Explorer","Shop Mod","StSLib","The Disciple","The Hierophant"],"gold_per_floor":[137,137,62,122,162,221,221,260,260,260,260,8,46,0,0,131,194,259,273,372,287,287,287,306,306,306],"floor_reached":25,"language":"ENG","playtime":1814,"items_purged":["RobotSpaceExplorer:Strike","RobotSpaceExplorer:Strike"],"score":250,"play_id":"e68a323c-e617-4cbb-b8a4-31d7f55447b4","local_time":"20210224173031","is_ascension_mode":true,"campfire_choices":[{"floor":7,"key":"REST"},{"floor":10,"key":"REST"},{"data":"RobotSpaceExplorer:Strike","floor":15,"key":"PURGE"},{"data":"RobotSpaceExplorer:Autoloader","floor":23,"key":"SMITH"}],"circlet_count":0,"master_deck":["RobotSpaceExplorer:Strike","RobotSpaceExplorer:Defend","RobotSpaceExplorer:Defend+1","RobotSpaceExplorer:Defend","RobotSpaceExplorer:Defend","RobotSpaceExplorer:Scan","RobotSpaceExplorer:MiniLasers","HandOfGreed+1","RobotSpaceExplorer:PlasmaMissile","RobotSpaceExplorer:BigMissile","RobotSpaceExplorer:ToxicBomb","RobotSpaceExplorer:Autoloader+1","RobotSpaceExplorer:Explosion","RobotSpaceExplorer:Jetpack","Enlightenment+1","RobotSpaceExplorer:Scanner","RobotSpaceExplorer:Reload","RobotSpaceExplorer:FrostMissile"],"relics":["RobotSpaceExplorer:RoboCore","Golden Idol","Gremlin Horn","Eternal Feather","Darkstone Periapt","ClockworkSouvenir","Peace Pipe","Tiny House","MealTicket"],"acts_visited":["Exordium","TheCity"],"potions_floor_usage":[8,13,16,24,24,25],"damage_taken":[{"damage":1,"enemies":"2 Louse","floor":1,"turns":2},{"damage":7,"enemies":"Small Slimes","floor":4,"turns":3},{"damage":0,"enemies":"Cultist","floor":5,"turns":5},{"damage":29,"enemies":"Gremlin Nob","floor":6,"turns":4},{"damage":15,"enemies":"Lagavulin","floor":8,"turns":5},{"damage":21,"enemies":"Gremlin Nob","floor":13,"turns":4},{"damage":38,"enemies":"The Guardian","floor":16,"turns":11},{"damage":15,"enemies":"2 Thieves","floor":18,"turns":4},{"damage":12,"enemies":"Chosen","floor":19,"turns":5},{"damage":36,"enemies":"Snake Plant","floor":24,"turns":5},{"damage":25,"enemies":"Centurion and Healer","floor":25,"turns":3}],"seed_played":"-225290985604785290","potions_obtained":[{"floor":4,"key":"Dexterity Potion"},{"floor":5,"key":"Dexterity Potion"},{"floor":6,"key":"FearPotion"},{"floor":16,"key":"Fire Potion"},{"floor":17,"key":"SkillPotion"},{"floor":19,"key":"Weak Potion"}],"is_trial":false,"path_per_floor":["M","?","$","M","M","E","R","E","T","R","?","$","E","?","R","B",null,"M","M","?","?","?","R","M","M"],"character_chosen":"RobotSpaceExplorer","items_purchased":["ClockworkSouvenir"],"campfire_rested":2,"item_purchase_floors":[12],"current_hp_per_floor":[67,50,50,43,43,14,34,19,19,48,48,48,27,33,42,4,79,64,52,52,52,52,61,25,0,0],"gold":306,"neow_bonus":"RANDOM_COLORLESS_2","is_daily":false,"chose_seed":false,"campfire_upgraded":1,"win_rate":0.0,"timestamp":1614184231,"path_taken":["M","?","$","M","M","E","R","E","T","R","?","$","E","?","R","BOSS","M","M","?","?","?","R","M","M"],"items_purchased_type":["Relic"],"build_version":"2020-12-22","purchased_purges":2,"victory":false,"max_hp_per_floor":[68,68,68,68,68,68,68,68,68,68,68,68,68,74,74,74,79,79,79,79,79,79,79,79,79,79],"relic_stats":{"Darkstone Periapt":0,"Peace Pipe":1,"Gremlin Horn":[2,2],"counters":[11,51],"Golden Idol":81,"Eternal Feather":27,"MealTicket":0,"obtain_stats":[{"Darkstone Periapt":9,"Peace Pipe":13,"Tiny House":17,"Gremlin Horn":6,"Golden Idol":2,"RobotSpaceExplorer:RoboCore":0,"Eternal Feather":8,"MealTicket":21,"ClockworkSouvenir":12},{"Darkstone Periapt":5,"Peace Pipe":6,"Tiny House":7,"Gremlin Horn":4,"Golden Idol":1,"RobotSpaceExplorer:RoboCore":0,"Eternal Feather":5,"MealTicket":9,"ClockworkSouvenir":5},{"Darkstone Periapt":19,"Peace Pipe":23,"Tiny House":34,"Gremlin Horn":14,"Golden Idol":2,"RobotSpaceExplorer:RoboCore":0,"Eternal Feather":19,"MealTicket":43,"ClockworkSouvenir":19}]},"card_choices":[{"not_picked":["Apotheosis","Master of Strategy"],"picked":"HandOfGreed","floor":0},{"not_picked":["RobotSpaceExplorer:ShovelStrike","RobotSpaceExplorer:GlueShot"],"picked":"RobotSpaceExplorer:PlasmaMissile","floor":1},{"not_picked":["RobotSpaceExplorer:ScrapMissile","RobotSpaceExplorer:JunkDive"],"picked":"RobotSpaceExplorer:BigMissile","floor":4},{"not_picked":["RobotSpaceExplorer:FreezeRay","RobotSpaceExplorer:LuckyStrike"],"picked":"RobotSpaceExplorer:ToxicBomb","floor":5},{"not_picked":["RobotSpaceExplorer:Ammunition","RobotSpaceExplorer:ScrapMissile"],"picked":"RobotSpaceExplorer:Autoloader","floor":6},{"not_picked":["RobotSpaceExplorer:Discharger","RobotSpaceExplorer:Wormhole"],"picked":"RobotSpaceExplorer:Explosion","floor":8},{"not_picked":["RobotSpaceExplorer:ShockKick","RobotSpaceExplorer:ImprovisedAttack"],"picked":"RobotSpaceExplorer:Jetpack","floor":13},{"not_picked":["RobotSpaceExplorer:Exploration","RobotSpaceExplorer:Wormhole"],"picked":"RobotSpaceExplorer:Scanner","floor":16},{"not_picked":["RobotSpaceExplorer:LuckyStrike","RobotSpaceExplorer:BigMissile"],"picked":"RobotSpaceExplorer:Reload","floor":17},{"not_picked":["RobotSpaceExplorer:LaserBurst","RobotSpaceExplorer:MiniBoosters","RobotSpaceExplorer:GlueShot"],"picked":"SKIP","floor":18},{"not_picked":["RobotSpaceExplorer:GlueShot+1","RobotSpaceExplorer:Blitz"],"picked":"RobotSpaceExplorer:FrostMissile","floor":19},{"not_picked":["RobotSpaceExplorer:SwiftStep+1","RobotSpaceExplorer:FrostMissile+1","RobotSpaceExplorer:Counterblock+1"],"picked":"SKIP","floor":24}],"player_experience":277136,"relics_obtained":[{"floor":6,"key":"Gremlin Horn"},{"floor":8,"key":"Eternal Feather"},{"floor":9,"key":"Darkstone Periapt"},{"floor":13,"key":"Peace Pipe"}],"event_choices":[{"damage_healed":0,"gold_gain":0,"player_choice":"Take Damage","damage_taken":17,"relics_obtained":["Golden Idol"],"max_hp_gain":0,"max_hp_loss":0,"event_name":"Golden Idol","floor":2,"gold_loss":0},{"damage_healed":0,"gold_gain":0,"player_choice":"Grow","damage_taken":0,"max_hp_gain":0,"max_hp_loss":0,"event_name":"Living Wall","floor":11,"gold_loss":0,"cards_upgraded":["HandOfGreed"]},{"damage_healed":0,"gold_gain":0,"player_choice":"RENOUNCE","damage_taken":46,"max_hp_gain":0,"max_hp_loss":0,"event_name":"betterThird:BetterSerpent","floor":14,"gold_loss":46,"cards_obtained":["Enlightenment"]},{"damage_healed":0,"gold_gain":99,"player_choice":"Steal","damage_taken":0,"max_hp_gain":0,"max_hp_loss":0,"event_name":"betterThird:BetterNest","floor":20,"gold_loss":0},{"damage_healed":0,"gold_gain":0,"player_choice":"Obtained Relic","damage_taken":0,"relics_obtained":["MealTicket"],"max_hp_gain":0,"max_hp_loss":0,"event_name":"Addict","floor":21,"gold_loss":85},{"damage_healed":0,"gold_gain":0,"player_choice":"Serpent","damage_taken":0,"max_hp_gain":0,"max_hp_loss":0,"event_name":"BanditSerpent","floor":22,"gold_loss":0},{"damage_healed":0,"gold_gain":0,"player_choice":"Serpent","damage_taken":0,"max_hp_gain":0,"max_hp_loss":0,"event_name":"BanditSerpent","floor":22,"gold_loss":0}],"is_beta":false,"boss_relics":[{"not_picked":["SacredBark","Velvet Choker"],"picked":"Tiny House"}],"items_purged_floors":[3,12],"is_endless":false,"potions_floor_spawned":[4,5,6,16,19],"killed_by":"Centurion and Healer","ascension_level":3}}