{"host":"0fmi5fguj5lvt8pf","time":1614159328,"event":{"mods":["BaseMod","Colored Map","Curses Come First","Downfall","Minty Spire (QoL Compilation)","Permanent Neow","StSLib"],"gold_per_floor":[0,0,0,17,77,93,93,3,22,7,27,27,60,73,89,186,186,186,197,197,197,197,82,109,329,343,193,212,212,212,224,244,349,349,49,60,60,1059,1084,1100,1127,1143,580,590,603,431,301,151,169,169,169,202,8,8,8,8,8,8],"floor_reached":56,"language":"ENG","playtime":3614,"items_purged":["champ:Defend","champ:FaceSlap+1","champ:FaceSlap+1","champ:BerserkersShout+1","Normality","champ:Strike","champ:Execute"],"score":774,"play_id":"8e51a40e-bebb-4f0d-980c-b0c74e49abad","local_time":"20210224013528","is_ascension_mode":false,"campfire_choices":[{"data":"champ:Taunt","floor":1.0,"key":"SMITH"},{"floor":12.0,"key":"REST"},{"data":"champ:Lariat","floor":18,"key":"SMITH"},{"floor":30,"key":"RECALL"},{"data":"champ:RapidStrikes","floor":35,"key":"SMITH"},{"floor":54,"key":"REST"}],"circlet_count":0,"master_deck":["champ:Strike+1","champ:Strike+1","champ:Defend","champ:Taunt+1","champ:MurderStrike+1","champ:EnGarde","champ:RapidStrikes+1","champ:RisingSlash","champ:SkillfulDodge","champ:Lariat+1","champ:Duel","champ:ShieldSlam","champ:ShieldSigil","champ:DefensiveStyle","champ:Circumvent+1","champ:Parry","champ:ShieldWall+1","champ:ShieldThrow","champ:RapidStrikes+1","champ:EnchantShield"],"relics":["champ:ChampionCrownUpgraded","Omamori","sneckomod:BlankCard","Astrolabe","champ:GladiatorsBookOfMartialProwess","Nunchaku","sneckomod:BabySnecko","downfall:HeartBlessingRed","downfall:HeartBlessingGreen","downfall:HeartBlessingBlue","hexamod:BolsterEngine","Pen Nib","Membership Card","Molten Egg 2","Turnip","Strawberry","StrikeDummy","Happy Flower"],"acts_visited":["Exordium","TheCity","TheBeyond","TheEnding"],"potions_floor_usage":[16,23,25,33,33,33,45,49,56],"damage_taken":[{"damage":12.0,"enemies":"Small Slimes","floor":4.0,"turns":5.0},{"damage":45.0,"enemies":"Lagavulin Event","floor":5.0,"turns":7.0},{"damage":12.0,"enemies":"Jaw Worm","floor":6.0,"turns":4.0},{"damage":0.0,"enemies":"downfall:FleeingMerchant","floor":8.0,"turns":4.0},{"damage":0.0,"enemies":"2 Louse","floor":9.0,"turns":3.0},{"damage":17.0,"enemies":"downfall:FleeingMerchant","floor":10.0,"turns":4.0},{"damage":26.0,"enemies":"Exordium Wildlife","floor":11.0,"turns":4.0},{"damage":5.0,"enemies":"Lagavulin","floor":13.0,"turns":5.0},{"damage":3,"enemies":"2 Fungi Beasts","floor":14,"turns":3},{"damage":0,"enemies":"downfall:LooterAlt","floor":15,"turns":3},{"damage":4,"enemies":"SI_SHIV_ARCHETYPE","floor":16,"turns":7},{"damage":14,"enemies":"Shell Parasite","floor":19,"turns":4},{"damage":67,"enemies":"downfall:FleeingMerchant","floor":23,"turns":4},{"damage":1,"enemies":"downfall:FleeingMerchant","floor":25,"turns":4},{"damage":5,"enemies":"Spheric Guardian","floor":26,"turns":3},{"damage":2,"enemies":"Cultist and Chosen","floor":28,"turns":5},{"damage":2,"enemies":"Centurion and Healer","floor":31,"turns":5},{"damage":8,"enemies":"Shelled Parasite and Fungi","floor":32,"turns":4},{"damage":24,"enemies":"DF_ARCHETYPE_CLAW","floor":33,"turns":9},{"damage":25,"enemies":"Orb Walker","floor":36,"turns":2},{"damage":15,"enemies":"3 Shapes","floor":40,"turns":3},{"damage":40,"enemies":"Sphere and 2 Shapes","floor":42,"turns":6},{"damage":15,"enemies":"Maw","floor":44,"turns":5},{"damage":45,"enemies":"Transient","floor":45,"turns":5},{"damage":35,"enemies":"Spire Growth","floor":49,"turns":3},{"damage":107,"enemies":"WA_ARCHETYPE_DIVINITY","floor":50,"turns":8},{"damage":114,"enemies":"downfall:CharBossMerchant","floor":52,"turns":6},{"damage":52,"enemies":"downfall:NeowBoss","floor":55,"turns":18},{"damage":72,"enemies":"downfall:NeowBossFinal","floor":56,"turns":5}],"seed_played":"-3212894341819595344","potions_obtained":[{"floor":5.0,"key":"champ:CounterPotion"},{"floor":6.0,"key":"BlessingOfTheForge"},{"floor":13.0,"key":"sneckomod:MuddlingPotion"},{"floor":14,"key":"BlessingOfTheForge"},{"floor":16,"key":"DuplicationPotion"},{"floor":26,"key":"Guardian:BlockOnCardUsePotion"},{"floor":31,"key":"SteroidPotion"},{"floor":32,"key":"PowerPotion"},{"floor":40,"key":"Strength Potion"},{"floor":42,"key":"sneckomod:MuddlingPotion"},{"floor":45,"key":"Block Potion"},{"floor":52,"key":"champ:CounterPotion"}],"is_trial":false,"path_per_floor":["R","?","?","M","?","M","T","$","M","$","M","R","E","M","M","B",null,"R","M","?","?","?","$","T","$","M","$","M","?","R","M","M","B",null,"R","M","?","?","T","M","T","M","$","M","M","?","$","?","M","B",null,"E","$","R","B","B"],"character_chosen":"THE_CHAMP","items_purchased":["Membership Card","Molten Egg 2","Turnip","champ:RapidStrikes+1","Strawberry","StrikeDummy","champ:EnchantShield"],"campfire_rested":2,"item_purchase_floors":[43,43,43,43,46,47,53],"current_hp_per_floor":[90,90,90,88,53,51,51,51,51,44,28,55,50,47,47,43,90,90,86,86,86,68,48,48,47,42,42,40,40,40,38,30,6,95,105,105,105,105,105,105,105,90,90,90,90,97,97,122,122,50,122,53,53,89,42,0,0,0],"gold":8,"neow_bonus":"THREE_RARE_CARDS","is_daily":false,"chose_seed":false,"campfire_upgraded":3,"win_rate":0.0,"timestamp":1614159328,"path_taken":["R","?","?","M","?","M","T","?","M","$","M","R","E","?","M","BOSS","R","M","?","?","?","$","T","$","M","?","?","?","R","M","M","BOSS","R","M","?","?","?","M","T","?","$","M","M","?","$","?","M","BOSS","E","$","R","BOSS","BOSS"],"items_purchased_type":["Relic","Relic","Relic","Card","Relic","Relic","Card"],"build_version":"2020-12-22","purchased_purges":7,"victory":false,"max_hp_per_floor":[90,90,90,90,90,90,90,90,90,90,90,90,90,90,90,90,90,90,90,90,90,95,95,95,95,95,95,95,95,95,95,95,95,95,105,105,105,105,105,105,105,105,105,105,105,112,112,122,122,122,122,122,122,122,122,122,122,122],"card_choices":[{"not_picked":["champ:Devastate","champ:SteelEdge"],"picked":"champ:MurderStrike","floor":0.0},{"not_picked":["champ:Circumvent","champ:ArenaPreparation"],"picked":"champ:EnGarde","floor":4.0},{"not_picked":["champ:BerserkersShout","champ:Encircle"],"picked":"champ:RapidStrikes","floor":5.0},{"not_picked":["champ:PerfectedStrike","champ:Circumvent"],"picked":"champ:RisingSlash","floor":6.0},{"not_picked":["champ:DefensiveShout","champ:StanceDance"],"picked":"champ:SkillfulDodge","floor":8.0},{"not_picked":["champ:Haymaker","champ:CrookedStrike","champ:StanceDance"],"picked":"SKIP","floor":9.0},{"not_picked":["champ:PerfectedStrike","champ:Backstep","champ:TornadoPunch"],"picked":"SKIP","floor":10.0},{"not_picked":["champ:DefensiveShout","champ:Shatter"],"picked":"champ:Lariat","floor":11.0},{"not_picked":["champ:DefensiveShout","champ:AdrenalArmor","champ:HoldFirm"],"picked":"SKIP","floor":13.0},{"not_picked":["champ:DefensiveStyle","champ:TornadoPunch"],"picked":"champ:Duel","floor":14},{"not_picked":["champ:Shatter","champ:BerserkersShout"],"picked":"champ:ShieldSlam","floor":15},{"not_picked":["champ:Shatter","champ:PreciseThrust"],"picked":"champ:ShieldSigil","floor":19},{"not_picked":["champ:Circumvent","champ:Encircle"],"picked":"champ:DefensiveStyle","floor":23},{"not_picked":["champ:StanceDance+1","champ:ShieldSlam"],"picked":"champ:Circumvent+1","floor":25},{"not_picked":["champ:Backstep","champ:CalledShot+1","champ:PreciseThrust"],"picked":"SKIP","floor":26},{"not_picked":["champ:PreemptiveStrike","champ:CalledShot"],"picked":"champ:Parry","floor":28},{"not_picked":["champ:GutPunch","champ:ShieldSigil"],"picked":"champ:ShieldWall+1","floor":31},{"not_picked":["champ:EnragedBash","champ:DefensiveShout","champ:ShieldSigil+1"],"picked":"SKIP","floor":32},{"not_picked":["champ:HoldFirm","champ:IgnorePain"],"picked":"champ:ShieldThrow","floor":33},{"not_picked":["champ:ShieldSlam","champ:BringItOn","champ:PreciseThrust"],"picked":"SKIP","floor":36},{"not_picked":["champ:AdrenalArmor","champ:FanOfKnives","champ:CrownThrow+1"],"picked":"SKIP","floor":40},{"not_picked":["champ:BerserkersShout","champ:Haymaker+1","champ:SteelEdge"],"picked":"SKIP","floor":42},{"not_picked":["champ:IronFortress+1","champ:BerserkersShout","champ:BladeFlurry+1"],"picked":"SKIP","floor":44},{"not_picked":["champ:RapidStrikes+1","champ:FanOfKnives+1","champ:CalledShot+1"],"picked":"SKIP","floor":45},{"not_picked":["champ:HeartStrike+1","champ:EnragedBash+1","champ:FocusedBerserking"],"picked":"SKIP","floor":49},{"not_picked":["champ:SetATrap","champ:Shatter+1","champ:AdrenalArmor+1"],"picked":"SKIP","floor":52}],"player_experience":1524645,"relics_obtained":[{"floor":5.0,"key":"Omamori"},{"floor":13.0,"key":"sneckomod:BlankCard"},{"floor":24,"key":"Nunchaku"},{"floor":39,"key":"hexamod:BolsterEngine"},{"floor":41,"key":"Pen Nib"},{"floor":52,"key":"Happy Flower"}],"event_choices":[{"cards_removed":["downfall:Malfunctioning"],"damage_healed":0.0,"max_hp_gain":0.0,"max_hp_loss":0.0,"gold_gain":0.0,"event_name":"The Cleric","player_choice":"Card Removal","floor":3.0,"gold_loss":0.0,"damage_taken":0.0}],"is_beta":false,"boss_relics":[{"not_picked":["champ:PowerArmor","Velvet Choker"],"picked":"Astrolabe"},{"not_picked":["Snecko Eye","Pandora\u0027s Box"],"picked":"champ:ChampionCrownUpgraded"}],"items_purged_floors":[8,23,25,27,43,46,53],"is_endless":false,"potions_floor_spawned":[5,6,13,14,16,26,31,32,40,42,45,52],"killed_by":"downfall:NeowBossFinal","ascension_level":0}}