{"host":"snczp9esof91ppiq","time":1614143694,"event":{"mods":["AchievementEnabler","BaseMod","Better Match","Better Note","Better Sensory Stone","Better Skull","Colored Map","Colored Powertips","Hermit","Minty Spire (QoL Compilation)","Relic Stats","StSLib"],"gold_per_floor":[109,121,121,121,46,90,90,124,151,198,198,231,231,115,115,217,217,231,231,264,297,57,57,99,123,123,48,73,25,59,88,88,88,88],"floor_reached":33,"language":"ENG","playtime":2169,"items_purged":["Strike_R","Defend_R","Strike_R"],"score":481,"play_id":"e91b6727-db0b-4e5f-8a26-a080a10b1d06","local_time":"20210223231454","is_ascension_mode":true,"campfire_choices":[{"floor":7.0,"key":"REST"},{"floor":11.0,"key":"REST"},{"data":"Berserk","floor":13.0,"key":"SMITH"},{"data":"Combust","floor":15.0,"key":"SMITH"},{"data":"Intimidate","floor":23.0,"key":"SMITH"},{"floor":32.0,"key":"REST"}],"circlet_count":0,"master_deck":["AscendersBane","Strike_R","Strike_R","Defend_R+1","Defend_R","Bash","Intimidate+1","Combust+1","Rampage+1","Twin Strike","Iron Wave+1","Berserk+1","Pummel+1","Iron Wave+1","Impervious","Headbutt+1","Dropkick+1","Flash of Steel+1","True Grit","Inflame+1","Clothesline+1","Thunderclap+1","Entrench"],"relics":["Burning Blood","Golden Idol","Akabeko","Molten Egg 2","CeramicFish","Lizard Tail","Snecko Eye","Red Mask","Dead Branch","Potion Belt"],"acts_visited":["Exordium","TheCity"],"potions_floor_usage":[],"damage_taken":[{"damage":4.0,"enemies":"Jaw Worm","floor":1.0,"turns":3.0},{"damage":9.0,"enemies":"2 Louse","floor":2.0,"turns":3.0},{"damage":16.0,"enemies":"Lagavulin","floor":6.0,"turns":5.0},{"damage":31.0,"enemies":"Gremlin Nob","floor":8.0,"turns":4.0},{"damage":24.0,"enemies":"3 Sentries","floor":10.0,"turns":6.0},{"damage":0.0,"enemies":"Cultist","floor":12.0,"turns":3.0},{"damage":26.0,"enemies":"Hexaghost","floor":16.0,"turns":7.0},{"damage":1.0,"enemies":"3 Byrds","floor":18.0,"turns":3.0},{"damage":26.0,"enemies":"Masked Bandits","floor":20.0,"turns":5.0},{"damage":5.0,"enemies":"Chosen","floor":21.0,"turns":5.0},{"damage":40.0,"enemies":"Book of Stabbing","floor":24.0,"turns":5.0},{"damage":21.0,"enemies":"Centurion and Healer","floor":25.0,"turns":6.0},{"damage":22.0,"enemies":"Sentry and Sphere","floor":28.0,"turns":6.0},{"damage":2.0,"enemies":"3 Cultists","floor":30.0,"turns":5.0},{"damage":3.0,"enemies":"Chosen and Byrds","floor":31.0,"turns":4.0},{"damage":41,"enemies":"Automaton","floor":33,"turns":7}],"seed_played":"-4184661559819365632","potions_obtained":[{"floor":1.0,"key":"SkillPotion"},{"floor":2.0,"key":"Swift Potion"},{"floor":8.0,"key":"GamblersBrew"},{"floor":18.0,"key":"Ancient Potion"},{"floor":21.0,"key":"AttackPotion"},{"floor":24.0,"key":"LiquidMemories"},{"floor":28.0,"key":"ColorlessPotion"}],"is_trial":false,"path_per_floor":["M","M","?","?","$","E","R","E","T","E","R","M","R","$","R","B",null,"M","?","?","M","$","R","E","M","T","?","M","$","M","M","R","B"],"character_chosen":"IRONCLAD","items_purchased":["Iron Wave+1","Dropkick+1","Flash of Steel+1","Energy Potion"],"campfire_rested":3,"item_purchase_floors":[14,22,22,29],"current_hp_per_floor":[70,67,67,53,53,43,63,38,38,20,40,46,46,46,46,26,58,63,63,43,44,44,44,10,30,30,30,14,14,18,21,41,0,0],"gold":88,"neow_bonus":"TRANSFORM_CARD","is_daily":false,"chose_seed":false,"campfire_upgraded":3,"win_rate":0.0,"timestamp":1614143694,"path_taken":["M","M","?","?","?","E","R","E","T","E","R","M","R","$","R","BOSS","M","?","?","M","$","R","E","M","T","?","M","?","M","M","R","BOSS"],"items_purchased_type":["Card","Card","Card","Potion"],"build_version":"2020-12-22","purchased_purges":3,"victory":false,"max_hp_per_floor":[75,75,69,69,69,69,69,69,69,69,69,69,69,69,69,69,69,69,69,69,69,69,69,69,69,69,69,69,69,69,69,69,69,69],"relic_stats":{"Lizard Tail":34,"counters":[16,77],"Golden Idol":85,"CeramicFish":108,"Dead Branch":[30],"Snecko Eye":[78,76,79,82],"obtain_stats":[{"Potion Belt":26,"Lizard Tail":10,"Golden Idol":3,"CeramicFish":9,"Dead Branch":24,"Snecko Eye":17,"Molten Egg 2":8,"Red Mask":20,"Burning Blood":0,"Akabeko":6},{"Potion Belt":12,"Lizard Tail":5,"Golden Idol":2,"CeramicFish":4,"Dead Branch":11,"Snecko Eye":7,"Molten Egg 2":4,"Red Mask":9,"Burning Blood":0,"Akabeko":3},{"Potion Belt":55,"Lizard Tail":21,"Golden Idol":6,"CeramicFish":15,"Dead Branch":49,"Snecko Eye":31,"Molten Egg 2":15,"Red Mask":39,"Burning Blood":0,"Akabeko":11}],"Burning Blood":90},"card_choices":[{"not_picked":["Battle Trance","Power Through"],"picked":"Combust","floor":1.0},{"not_picked":["Rage","Flex"],"picked":"Rampage","floor":2.0},{"not_picked":["Pommel Strike","Carnage"],"picked":"Twin Strike","floor":6.0},{"not_picked":["Impervious","True Grit"],"picked":"Iron Wave+1","floor":8.0},{"not_picked":["Rage","Entrench"],"picked":"Berserk","floor":10.0},{"not_picked":["Thunderclap+1","Bloodletting"],"picked":"Pummel+1","floor":12.0},{"not_picked":["Fiend Fire+1","Limit Break"],"picked":"Impervious","floor":16.0},{"not_picked":["Havoc","Sever Soul+1","Wild Strike+1"],"picked":"SKIP","floor":18.0},{"not_picked":["Fire Breathing","Wild Strike+1"],"picked":"Headbutt+1","floor":21.0},{"not_picked":["Perfected Strike+1","Havoc"],"picked":"True Grit","floor":24.0},{"not_picked":["Combust+1","Spot Weakness"],"picked":"Inflame+1","floor":25.0},{"not_picked":["Flex","Intimidate"],"picked":"Clothesline+1","floor":28.0},{"not_picked":["Bloodletting","Rampage+1"],"picked":"Thunderclap+1","floor":30.0},{"not_picked":["Power Through","True Grit"],"picked":"Entrench","floor":31.0}],"player_experience":936215,"relics_obtained":[{"floor":6.0,"key":"Akabeko"},{"floor":8.0,"key":"Molten Egg 2"},{"floor":9.0,"key":"CeramicFish"},{"floor":10.0,"key":"Lizard Tail"},{"floor":20.0,"key":"Red Mask"},{"floor":24.0,"key":"Dead Branch"},{"floor":26.0,"key":"Potion Belt"}],"event_choices":[{"damage_healed":0.0,"max_hp_gain":0.0,"max_hp_loss":6.0,"gold_gain":0.0,"event_name":"Golden Idol","player_choice":"Lose Max HP","floor":3.0,"gold_loss":0.0,"damage_taken":0.0,"relics_obtained":["Golden Idol"]},{"damage_healed":0.0,"max_hp_gain":0.0,"max_hp_loss":0.0,"gold_gain":0.0,"event_name":"Shining Light","player_choice":"Entered Light","floor":4.0,"gold_loss":0.0,"damage_taken":14.0,"cards_upgraded":["Rampage","Defend_R"]},{"cards_removed":["Defend_R"],"damage_healed":0.0,"max_hp_gain":0.0,"max_hp_loss":0.0,"gold_gain":0.0,"event_name":"betterNote:BetterNote","player_choice":"Give","floor":19.0,"gold_loss":0.0,"damage_taken":0.0,"cards_obtained":["Strike_R"]},{"damage_healed":0.0,"max_hp_gain":0.0,"max_hp_loss":0.0,"gold_gain":0.0,"event_name":"Masked Bandits","player_choice":"Fought Bandits","floor":20.0,"gold_loss":0.0,"damage_taken":0.0},{"cards_removed":["Strike_R"],"damage_healed":0.0,"max_hp_gain":0.0,"max_hp_loss":0.0,"gold_gain":0.0,"event_name":"Beggar","player_choice":"Gave Gold","floor":27.0,"gold_loss":75.0,"damage_taken":0.0}],"is_beta":false,"boss_relics":[{"not_picked":["Velvet Choker","Mark of Pain"],"picked":"Snecko Eye"}],"items_purged_floors":[5,14,22],"is_endless":false,"potions_floor_spawned":[1,2,8,18,21,24,28],"killed_by":"Automaton","ascension_level":14}}