{"host":"4i5my69dv6e41930","time":1614132906,"event":{"mods":["AchievementEnabler","BaseMod","Minty Spire (QoL Compilation)","Relic Stats"],"gold_per_floor":[110,125,6,16,35,60,60,30,30,30,50,70,104,124,124,203,203,223,38,51,65,75,75,110,110,161,195,229,67,99,121,121,207,207,234,134,152,181,56,99,99,130,130,159,159,184,184,213,213,213,213,213,7,7,7],"floor_reached":54,"language":"ENG","playtime":6462,"items_purged":["Strike_R","Strike_R","Strike_R","Strike_R"],"score":1525,"play_id":"854fd8a6-ab91-41dc-8e56-19afd97491a0","local_time":"20210223211506","is_ascension_mode":true,"campfire_choices":[{"data":"Bash","floor":7.0,"key":"SMITH"},{"data":"Hemokinesis","floor":10.0,"key":"SMITH"},{"data":"Barricade","floor":15.0,"key":"SMITH"},{"data":"Metallicize","floor":23.0,"key":"SMITH"},{"data":"Metallicize","floor":25.0,"key":"SMITH"},{"data":"Metallicize","floor":32.0,"key":"SMITH"},{"data":"Power Through","floor":41.0,"key":"SMITH"},{"floor":45.0,"key":"REST"},{"data":"Flame Barrier","floor":47.0,"key":"SMITH"},{"floor":49.0,"key":"RECALL"},{"data":"True Grit","floor":52.0,"key":"SMITH"}],"circlet_count":0,"master_deck":["AscendersBane","Strike_R","Defend_R","Defend_R","Defend_R","Defend_R","Bash+1","Pommel Strike","Uppercut","Metallicize+1","Disarm","Hemokinesis+1","Barricade+1","Metallicize+1","Cleave","Shrug It Off","Disarm","Burning Pact","Flame Barrier+1","Metallicize+1","Rampage","Offering","Battle Trance","Dark Shackles","Thinking Ahead","Battle Trance","Power Through+1","True Grit+1"],"relics":["Burning Blood","Pear","Prayer Wheel","Turnip","Velvet Choker","CeramicFish","Red Skull","Bag of Preparation","WingedGreaves","Cursed Key","Paper Frog","FossilizedHelix","Nunchaku","Champion Belt"],"acts_visited":["Exordium","TheCity","TheBeyond","TheEnding"],"potions_floor_usage":[54],"damage_taken":[{"damage":6.0,"enemies":"Cultist","floor":1.0,"turns":4.0},{"damage":10.0,"enemies":"2 Louse","floor":2.0,"turns":5.0},{"damage":1.0,"enemies":"Small Slimes","floor":4.0,"turns":4.0},{"damage":26.0,"enemies":"Exordium Thugs","floor":5.0,"turns":8.0},{"damage":34.0,"enemies":"3 Sentries","floor":6.0,"turns":10.0},{"damage":9.0,"enemies":"3 Louse","floor":11.0,"turns":6.0},{"damage":10.0,"enemies":"Exordium Wildlife","floor":12.0,"turns":6.0},{"damage":10.0,"enemies":"Gremlin Nob","floor":13.0,"turns":4.0},{"damage":31.0,"enemies":"Lots of Slimes","floor":14.0,"turns":6.0},{"damage":22.0,"enemies":"The Guardian","floor":16.0,"turns":17.0},{"damage":10.0,"enemies":"2 Thieves","floor":18.0,"turns":4.0},{"damage":3.0,"enemies":"Chosen","floor":20.0,"turns":9.0},{"damage":0.0,"enemies":"Snake Plant","floor":21.0,"turns":8.0},{"damage":17.0,"enemies":"Centurion and Healer","floor":22.0,"turns":7.0},{"damage":13.0,"enemies":"Book of Stabbing","floor":24.0,"turns":11.0},{"damage":48.0,"enemies":"Slavers","floor":27.0,"turns":12.0},{"damage":0.0,"enemies":"Chosen and Byrds","floor":28.0,"turns":8.0},{"damage":6.0,"enemies":"Book of Stabbing","floor":30.0,"turns":9.0},{"damage":0.0,"enemies":"Snecko","floor":31.0,"turns":6.0},{"damage":28.0,"enemies":"Automaton","floor":33.0,"turns":22.0},{"damage":0.0,"enemies":"Orb Walker","floor":35.0,"turns":6.0},{"damage":4.0,"enemies":"3 Shapes","floor":38.0,"turns":8.0},{"damage":24.0,"enemies":"Reptomancer","floor":40.0,"turns":13.0},{"damage":10.0,"enemies":"Nemesis","floor":42.0,"turns":11.0},{"damage":28.0,"enemies":"Giant Head","floor":44.0,"turns":11.0},{"damage":2.0,"enemies":"Mind Bloom Boss Battle","floor":46.0,"turns":9.0},{"damage":4.0,"enemies":"Maw","floor":48.0,"turns":10.0},{"damage":6.0,"enemies":"Time Eater","floor":50.0,"turns":22.0},{"damage":112,"enemies":"Shield and Spear","floor":54,"turns":12}],"seed_played":"8882754603466960574","potions_obtained":[{"floor":1.0,"key":"GamblersBrew"},{"floor":5.0,"key":"LiquidBronze"},{"floor":8.0,"key":"Regen Potion"},{"floor":8.0,"key":"Regen Potion"},{"floor":11.0,"key":"Block Potion"},{"floor":14.0,"key":"Weak Potion"},{"floor":16.0,"key":"Weak Potion"},{"floor":20.0,"key":"SpeedPotion"},{"floor":27.0,"key":"SkillPotion"},{"floor":28.0,"key":"FearPotion"},{"floor":30.0,"key":"SneckoOil"},{"floor":35.0,"key":"Fire Potion"},{"floor":38.0,"key":"SkillPotion"},{"floor":40.0,"key":"PowerPotion"},{"floor":48.0,"key":"Regen Potion"}],"is_trial":false,"path_per_floor":["M","M","$","M","M","E","R","?","T","R","M","M","E","M","R","B",null,"M","$","M","M","M","R","E","R","T","E","M","$","E","M","R","B",null,"M","$","?","M","$","E","R","E","T","E","R","?","R","M","R","B",null,"R","$","E"],"character_chosen":"IRONCLAD","items_purchased":["Uppercut","Metallicize","Block Potion","SkillPotion","Bag of Preparation","PowerPotion"],"campfire_rested":1,"item_purchase_floors":[3,3,19,19,29,53],"current_hp_per_floor":[75,71,71,76,56,38,38,38,38,38,50,46,42,32,32,16,73,69,69,72,78,67,67,60,60,60,18,24,24,24,30,30,8,71,77,77,67,69,69,51,51,47,47,25,52,56,56,58,58,58,84,84,84,0,0],"gold":7,"neow_bonus":"TEN_PERCENT_HP_BONUS","is_daily":false,"chose_seed":false,"campfire_upgraded":9,"win_rate":0.0,"timestamp":1614132906,"path_taken":["M","M","?","M","M","E","R","?","T","R","M","M","E","M","R","BOSS","M","$","M","M","?","R","E","R","T","E","M","?","E","M","R","BOSS","M","$","?","M","?","E","R","E","T","E","R","?","R","M","R","BOSS","R","$","E"],"items_purchased_type":["Card","Card","Potion","Potion","Relic","Potion"],"build_version":"2020-12-22","purchased_purges":4,"victory":false,"max_hp_per_floor":[82,82,82,82,82,92,92,92,92,92,92,92,92,92,92,92,92,92,92,92,92,92,92,92,92,92,92,92,92,92,92,92,92,92,92,92,92,92,92,92,92,92,92,92,92,92,92,92,92,92,92,92,92,92,92],"relic_stats":{"Nunchaku":[7],"counters":[29,268],"CeramicFish":90,"Prayer Wheel":12,"Turnip":[15],"Bag of Preparation":[24],"Champion Belt":[21],"Cursed Key":0,"obtain_stats":[{"Pear":6,"CeramicFish":24,"Velvet Choker":17,"Bag of Preparation":29,"Cursed Key":34,"Burning Blood":0,"Nunchaku":44,"Prayer Wheel":9,"Turnip":13,"WingedGreaves":30,"Champion Belt":46,"Red Skull":27,"FossilizedHelix":42,"Paper Frog":40},{"Pear":5,"CeramicFish":15,"Velvet Choker":10,"Bag of Preparation":17,"Cursed Key":20,"Burning Blood":0,"Nunchaku":25,"Prayer Wheel":5,"Turnip":8,"WingedGreaves":18,"Champion Belt":26,"Red Skull":16,"FossilizedHelix":24,"Paper Frog":23},{"Pear":31,"CeramicFish":109,"Velvet Choker":70,"Bag of Preparation":129,"Cursed Key":166,"Burning Blood":0,"Nunchaku":215,"Prayer Wheel":31,"Turnip":47,"WingedGreaves":138,"Champion Belt":224,"Red Skull":121,"FossilizedHelix":204,"Paper Frog":193}],"Burning Blood":168},"card_choices":[{"not_picked":["Infernal Blade","Entrench","Blood for Blood"],"picked":"SKIP","floor":1.0},{"not_picked":["Anger","Flex"],"picked":"Pommel Strike","floor":2.0},{"not_picked":["Searing Blow","Thunderclap","Infernal Blade"],"picked":"SKIP","floor":4.0},{"not_picked":["Wild Strike","Ghostly Armor"],"picked":"Disarm","floor":5.0},{"not_picked":["Twin Strike","Fire Breathing"],"picked":"Hemokinesis","floor":6.0},{"not_picked":["Thunderclap","Anger"],"picked":"Barricade","floor":11.0},{"not_picked":["Havoc","Anger","Sword Boomerang"],"picked":"SKIP","floor":11.0},{"not_picked":["Inflame","Sentinel"],"picked":"Metallicize","floor":12.0},{"not_picked":["True Grit","Havoc"],"picked":"Cleave","floor":12.0},{"not_picked":["Heavy Blade","Juggernaut","Double Tap"],"picked":"SKIP","floor":13.0},{"not_picked":["Heavy Blade","Juggernaut","Double Tap"],"picked":"SKIP","floor":13.0},{"not_picked":["Heavy Blade","Juggernaut","Double Tap"],"picked":"SKIP","floor":13.0},{"not_picked":["Armaments","Combust"],"picked":"Shrug It Off","floor":14.0},{"not_picked":["Pummel","Searing Blow","Evolve"],"picked":"SKIP","floor":14.0},{"not_picked":["Wild Strike","Intimidate"],"picked":"Disarm","floor":18.0},{"not_picked":["Cleave","Feel No Pain+1","Pommel Strike"],"picked":"SKIP","floor":18.0},{"not_picked":["Thunderclap","Perfected Strike"],"picked":"Burning Pact","floor":20.0},{"not_picked":["Iron Wave","Perfected Strike","Armaments"],"picked":"SKIP","floor":20.0},{"not_picked":["Dropkick","Rupture","Warcry"],"picked":"SKIP","floor":21.0},{"not_picked":["Heavy Blade+1","Anger","Reaper"],"picked":"SKIP","floor":21.0},{"not_picked":["Thunderclap+1","Carnage+1","True Grit"],"picked":"SKIP","floor":22.0},{"not_picked":["Wild Strike","Thunderclap","Warcry"],"picked":"SKIP","floor":22.0},{"not_picked":["Dark Embrace","Cleave","Shockwave"],"picked":"SKIP","floor":24.0},{"not_picked":["Warcry","Combust","Rupture"],"picked":"SKIP","floor":27.0},{"not_picked":["Anger","Iron Wave"],"picked":"Flame Barrier","floor":28.0},{"not_picked":["Carnage","Second Wind+1"],"picked":"Metallicize","floor":28.0},{"not_picked":["Immolate","Burning Pact","Clothesline"],"picked":"SKIP","floor":30.0},{"not_picked":["Evolve","Havoc"],"picked":"Rampage","floor":31.0},{"not_picked":["Twin Strike","Clothesline","Disarm"],"picked":"SKIP","floor":31.0},{"not_picked":["Double Tap","Demon Form"],"picked":"Offering","floor":33.0},{"not_picked":["Rampage+1","Twin Strike+1"],"picked":"Battle Trance","floor":35.0},{"not_picked":["Reckless Charge+1","Evolve+1","Cleave"],"picked":"SKIP","floor":35.0},{"not_picked":["Mind Blast","The Bomb"],"picked":"Dark Shackles","floor":37.0},{"not_picked":["Bandage Up","Swift Strike"],"picked":"Thinking Ahead","floor":37.0},{"not_picked":["Anger","Flex"],"picked":"Battle Trance","floor":38.0},{"not_picked":["Havoc","Clash","Inflame+1"],"picked":"SKIP","floor":38.0},{"not_picked":["Pommel Strike","Cleave"],"picked":"Power Through","floor":40.0},{"not_picked":["Rampage+1","Thunderclap","Flex"],"picked":"SKIP","floor":42.0},{"not_picked":["Armaments","Headbutt","Pummel"],"picked":"SKIP","floor":44.0},{"not_picked":["Perfected Strike","Spot Weakness+1"],"picked":"True Grit","floor":48.0},{"not_picked":["Twin Strike+1","Flex","Wild Strike+1"],"picked":"SKIP","floor":48.0}],"player_experience":129394,"relics_obtained":[{"floor":6.0,"key":"Pear"},{"floor":9.0,"key":"Prayer Wheel"},{"floor":13.0,"key":"Turnip"},{"floor":24.0,"key":"CeramicFish"},{"floor":27.0,"key":"Red Skull"},{"floor":30.0,"key":"WingedGreaves"},{"floor":40.0,"key":"Paper Frog"},{"floor":42.0,"key":"FossilizedHelix"},{"floor":44.0,"key":"Nunchaku"},{"floor":46.0,"key":"Champion Belt"}],"event_choices":[{"damage_healed":0.0,"max_hp_gain":0.0,"max_hp_loss":0.0,"gold_gain":0.0,"event_name":"The Woman in Blue","player_choice":"Bought 2 Potions","floor":8.0,"gold_loss":0.0,"damage_taken":0.0},{"damage_healed":0.0,"max_hp_gain":0.0,"max_hp_loss":0.0,"gold_gain":0.0,"event_name":"SensoryStone","player_choice":"Memory 3","floor":37.0,"gold_loss":0.0,"damage_taken":10.0},{"damage_healed":0.0,"max_hp_gain":0.0,"max_hp_loss":0.0,"gold_gain":0.0,"event_name":"MindBloom","player_choice":"Fight","floor":46.0,"gold_loss":0.0,"damage_taken":0.0}],"is_beta":false,"boss_relics":[{"not_picked":["Tiny House","SlaversCollar"],"picked":"Velvet Choker"},{"not_picked":["Runic Dome","Black Blood"],"picked":"Cursed Key"}],"items_purged_floors":[19,36,39,53],"is_endless":false,"potions_floor_spawned":[1,5,11,14,16,20,27,28,30,31,35,38,40,48],"killed_by":"Shield and Spear","ascension_level":16}}