{"host":"jt67skv49snb75sm","time":1614158628,"event":{"mods":["BaseMod","Bestiary","Minty Spire (QoL Compilation)","Relic Stats"],"gold_per_floor":[315,327,346,346,346,346,376,376,403,403,403],"floor_reached":10,"language":"ENG","playtime":330,"items_purged":[],"score":132,"play_id":"25cd1de5-10e3-491a-85ce-323005ff0ad5","local_time":"20210224102348","is_ascension_mode":true,"campfire_choices":[{"data":"Uppercut","floor":6,"key":"SMITH"},{"data":"Dropkick","floor":8,"key":"SMITH"}],"circlet_count":0,"master_deck":["AscendersBane","Strike_R","Strike_R","Strike_R","Strike_R","Strike_R","Defend_R","Defend_R","Defend_R","Defend_R","Bash","Clothesline","Uppercut+1","Ghostly Armor","Dropkick+1"],"relics":["Burning Blood","Old Coin","Centennial Puzzle","FaceOfCleric","Toxic Egg 2","Bag of Preparation"],"acts_visited":["Exordium"],"potions_floor_usage":[7],"damage_taken":[{"damage":18,"enemies":"Cultist","floor":1,"turns":5},{"damage":4,"enemies":"Small Slimes","floor":2,"turns":4},{"damage":8,"enemies":"2 Louse","floor":3,"turns":3},{"damage":31,"enemies":"Lagavulin","floor":7,"turns":9},{"damage":35,"enemies":"3 Sentries","floor":10,"turns":7}],"seed_played":"3676106554192434511","potions_obtained":[{"floor":3,"key":"Energy Potion"}],"is_trial":false,"path_per_floor":["M","M","M","T","?","R","E","R","T","E"],"character_chosen":"IRONCLAD","items_purchased":[],"campfire_rested":0,"item_purchase_floors":[],"current_hp_per_floor":[56,58,56,56,56,56,32,32,32,0,0],"gold":403,"neow_bonus":"ONE_RARE_RELIC","is_daily":false,"chose_seed":false,"campfire_upgraded":2,"win_rate":0.0,"timestamp":1614158628,"path_taken":["M","M","M","?","?","R","E","R","T","E"],"items_purchased_type":[],"build_version":"2020-12-22","purchased_purges":0,"victory":false,"max_hp_per_floor":[75,75,75,75,75,75,76,76,76,76,76],"relic_stats":{"Centennial Puzzle":[6],"FaceOfCleric":1,"counters":[5,28],"Bag of Preparation":[2],"obtain_stats":[{"Centennial Puzzle":4,"FaceOfCleric":5,"Bag of Preparation":9,"Toxic Egg 2":7,"Burning Blood":0,"Old Coin":0},{"Centennial Puzzle":3,"FaceOfCleric":3,"Bag of Preparation":4,"Toxic Egg 2":4,"Burning Blood":0,"Old Coin":0},{"Centennial Puzzle":12,"FaceOfCleric":12,"Bag of Preparation":21,"Toxic Egg 2":21,"Burning Blood":0,"Old Coin":0}],"Burning Blood":24},"card_choices":[{"not_picked":["Disarm","Perfected Strike"],"picked":"Clothesline","floor":1},{"not_picked":["Shrug It Off","True Grit"],"picked":"Uppercut","floor":2},{"not_picked":["Clash","Inflame"],"picked":"Ghostly Armor","floor":3},{"not_picked":["Clothesline","Limit Break+1"],"picked":"Dropkick","floor":7}],"player_experience":891494,"relics_obtained":[{"floor":4,"key":"Centennial Puzzle"},{"floor":7,"key":"Toxic Egg 2"},{"floor":9,"key":"Bag of Preparation"}],"event_choices":[{"damage_healed":0,"gold_gain":0,"player_choice":"Trade","damage_taken":0,"relics_obtained":["FaceOfCleric"],"max_hp_gain":0,"max_hp_loss":0,"event_name":"FaceTrader","floor":5,"gold_loss":0}],"is_beta":false,"boss_relics":[],"items_purged_floors":[],"is_endless":false,"potions_floor_spawned":[3],"killed_by":"3 Sentries","ascension_level":20}}