{"host":"sav7uxregyirlf69","time":1614130082,"event":{"mods":["AchievementEnabler","BaseMod","Colored Map","DeckTracker","Keyboard Shortcuts","Minty Spire (QoL Compilation)","READ ME - Guardian Mod","StSLib","SuperFastMode"],"gold_per_floor":[115,75,87,99,99,99,119,43,43,43,70,70,83,83,83,176,176,196,111,161,182,182,182,217,84,84,84,84],"floor_reached":27,"language":"KOR","playtime":531,"items_purged":["Hello World"],"score":458,"play_id":"4fd640c4-0d3b-4f7b-884c-9ee1bed878b6","local_time":"20210224102802","is_ascension_mode":true,"campfire_choices":[{"data":"Dualcast","floor":6,"key":"SMITH"},{"data":"Capacitor","floor":10,"key":"SMITH"},{"floor":12,"key":"REST"},{"data":"Barrage","floor":15,"key":"SMITH"},{"data":"Blizzard","floor":23,"key":"SMITH"}],"circlet_count":0,"master_deck":["AscendersBane","Zap","Dualcast+1","Glacier","Chill","Barrage+1","Capacitor+1","Cold Snap","Fission","Blizzard+1","Meteor Strike","Redo","Undo","Self Repair","Hologram+1","Go for the Eyes","Leap"],"relics":["Cracked Core","Nunchaku","Bottled Tornado","Golden Idol","Pandora\u0027s Box","Anchor","Ginger","Molten Egg 2"],"acts_visited":["Exordium","TheCity"],"potions_floor_usage":[11,11,16,18],"damage_taken":[{"damage":1,"enemies":"Small Slimes","floor":1,"turns":3},{"damage":0,"enemies":"Cultist","floor":3,"turns":4},{"damage":3,"enemies":"2 Louse","floor":4,"turns":2},{"damage":0,"enemies":"Lots of Slimes","floor":7,"turns":6},{"damage":16,"enemies":"3 Sentries","floor":11,"turns":9},{"damage":3,"enemies":"Red Slaver","floor":13,"turns":5},{"damage":1,"enemies":"Hexaghost","floor":16,"turns":7},{"damage":1,"enemies":"3 Byrds","floor":18,"turns":4},{"damage":13,"enemies":"2 Thieves","floor":21,"turns":4},{"damage":50,"enemies":"Book of Stabbing","floor":24,"turns":6},{"damage":13,"enemies":"Centurion and Healer","floor":27,"turns":2}],"seed_played":"-2389777546631932256","potions_obtained":[{"floor":2,"key":"EssenceOfDarkness"},{"floor":2,"key":"EntropicBrew"},{"floor":11,"key":"PowerPotion"},{"floor":16,"key":"EssenceOfDarkness"},{"floor":18,"key":"Explosive Potion"},{"floor":21,"key":"SteroidPotion"}],"is_trial":false,"path_per_floor":["M","?","M","M","?","R","M","$","T","R","E","R","M","?","R","B",null,"M","?","?","M","?","R","E","$","T","M"],"character_chosen":"DEFECT","items_purchased":["Capacitor","Leap"],"campfire_rested":1,"item_purchase_floors":[8,25],"current_hp_per_floor":[45,45,45,42,42,42,42,42,42,42,26,47,44,20,20,19,58,57,57,57,51,51,51,8,8,8,0,0],"gold":84,"neow_bonus":"REMOVE_TWO","is_daily":false,"chose_seed":false,"campfire_upgraded":4,"win_rate":0.0,"timestamp":1614130082,"path_taken":["M","?","M","?","?","R","?","?","T","R","E","R","M","?","R","BOSS","M","?","?","M","?","R","E","$","T","M"],"items_purchased_type":["Card","Card"],"build_version":"2020-12-22","purchased_purges":1,"victory":false,"max_hp_per_floor":[71,71,71,71,71,71,71,71,71,71,71,71,71,71,71,71,71,71,71,71,71,71,71,71,71,71,71,71],"card_choices":[{"not_picked":["Streamline","Turbo"],"picked":"Glacier","floor":1},{"not_picked":["Sweeping Beam","Scrape"],"picked":"Chill","floor":3},{"not_picked":["Heatsinks","Stack","Sweeping Beam"],"picked":"SKIP","floor":4},{"not_picked":["Redo","Compile Driver"],"picked":"Barrage","floor":7},{"not_picked":["Force Field","Rip and Tear","Double Energy"],"picked":"SKIP","floor":11},{"not_picked":["Chill","Storm"],"picked":"Cold Snap","floor":13},{"not_picked":["Amplify","Rainbow"],"picked":"Fission","floor":16},{"not_picked":["Reprogram","Aggregate"],"picked":"Self Repair","floor":18},{"not_picked":["Redo","Barrage"],"picked":"Hologram+1","floor":21},{"not_picked":["Auto Shields","Ball Lightning"],"picked":"Go for the Eyes","floor":24}],"player_experience":1679458,"relics_obtained":[{"floor":9,"key":"Nunchaku"},{"floor":11,"key":"Bottled Tornado"},{"floor":24,"key":"Ginger"},{"floor":26,"key":"Molten Egg 2"}],"event_choices":[{"damage_healed":0,"gold_gain":0,"player_choice":"Bought 3 Potions","damage_taken":0,"max_hp_gain":0,"max_hp_loss":0,"event_name":"The Woman in Blue","floor":2,"gold_loss":0},{"cards_removed":["Defend_B"],"damage_healed":0,"gold_gain":0,"player_choice":"Purged","damage_taken":0,"max_hp_gain":0,"max_hp_loss":0,"event_name":"Purifier","floor":5,"gold_loss":0},{"damage_healed":0,"gold_gain":0,"player_choice":"Take Damage","damage_taken":24,"relics_obtained":["Golden Idol"],"max_hp_gain":0,"max_hp_loss":0,"event_name":"Golden Idol","floor":14,"gold_loss":0},{"damage_healed":0,"gold_gain":0,"player_choice":"Obtained Relic","damage_taken":0,"relics_obtained":["Anchor"],"max_hp_gain":0,"max_hp_loss":0,"event_name":"Addict","floor":19,"gold_loss":85},{"damage_healed":0,"gold_gain":50,"player_choice":"Stole From Cult","damage_taken":0,"max_hp_gain":0,"max_hp_loss":0,"event_name":"Nest","floor":20,"gold_loss":0},{"damage_healed":0,"gold_gain":0,"player_choice":"Ignored","damage_taken":0,"max_hp_gain":0,"max_hp_loss":0,"event_name":"Ghosts","floor":22,"gold_loss":0}],"is_beta":false,"boss_relics":[{"not_picked":["Cursed Key","Busted Crown"],"picked":"Pandora\u0027s Box"}],"items_purged_floors":[25],"is_endless":false,"potions_floor_spawned":[3,11,16,18,21],"killed_by":"Centurion and Healer","ascension_level":20}}