{"host":"pgm1p3lvdjflie30","time":1614186339,"event":{"mods":["ATMod(阿瑾Mod)","Act Like it!","Alarm Clock","Aspiration","BaseMod","Better-Laid Plans","Bossed Relics","Challenge The Spire","Colored Map","Colored Powertips","Conspire","Dota2Spire","Energized Spire","Gensokyo","GungeonMod","Hallownest","Hermit","HornydragonMod","Jedi Mod","Minty Spire (QoL Compilation)","MostiFishMod","Potionbrewer","Quarter Circle Forward PUNCH!","Quick Restart","Reimu（博???）","Relic Stats","Reliquary","Replay The Spire","Robot Space Explorer","Spicy Shops","StSLib","TestMod","The Blackbeard","The Bug Knight","The Construct","The Cursed","The Hayseed","The IronCluck","The Jungle","The Marked","The Runesmith","Waifu the Spire","Yakumo Yukari mod","【功能Mod】混沌之?修复?丁","【?物卡牌】REMEMod","篝火指南"],"gold_per_floor":[111,111,111,124,139,165,165,175,175,175,175,175,190,150,150,150,150,150,150],"floor_reached":18,"language":"ZHS","playtime":619,"items_purged":[],"score":141,"play_id":"385d2f0c-7e20-4d0f-89a4-c3dc492a5835","local_time":"20210225010539","is_ascension_mode":true,"campfire_choices":[{"floor":7,"key":"RECALL"},{"data":"TheCursedMod:OutForBlood","floor":12,"key":"SMITH"},{"data":"MostiFishMod:WinterMarkForm","floor":15,"key":"SMITH"},{"data":"Tantrum","floor":17,"key":"SMITH"}],"circlet_count":0,"master_deck":["TheCursedMod:CursedWand","TheCursedMod:Stigma","TheCursedMod:Mangle","TheCursedMod:Mangle","TheCursedMod:AshesToAshes","TheCursedMod:NeowsMight","TheCursedMod:ParallelWorld","Flash of Steel","MostiFishMod:FrostNova","MostiFishMod:WinterMarkForm+1","Tantrum+1","TheCursedMod:WearCloak","Reflex","MostiFishMod:PerfectParry","Heel Hook","TheCursedMod:SpitefulStrike","TheCursedMod:SoulReap","TheCursedMod:OutForBlood+1","TheCursedMod:CursedBlade","TheCursedMod:CursedShiv","Hallownest:curseDreamersLament"],"relics":["TheCursedMod:Tack","AT_ATBox","REME_ComplimentaryCards","DaveBox","testmod-TestBox","FrostBlade","testmod-IncinerationGenerator","NeowsBlessing","SynthV:TestCard","Dota2Spire:Vanguard","Hallownest:TeacherSealRelic"],"acts_visited":["Hallownest:Greenpath"],"potions_floor_usage":[6,18],"damage_taken":[{"damage":0,"enemies":"Hallownest:2_Baldur","floor":1,"turns":1},{"damage":0,"enemies":"Hallownest:monsterHuskWarrior","floor":4,"turns":1},{"damage":0,"enemies":"2_ Uuma","floor":5,"turns":1},{"damage":0,"enemies":"Hallownest:eliteCrystalGuardian","floor":6,"turns":2},{"damage":9,"enemies":"Hallownest:1_Baldur_1_Crawlid_1_Warrior","floor":8,"turns":2},{"damage":15,"enemies":"Hallownest:1_Ooma_and_2_Uuma","floor":13,"turns":3},{"damage":104,"enemies":"Hallownest:BossHornet","floor":18,"turns":4}],"seed_played":"7629184868892586697","potions_obtained":[{"floor":4,"key":"potionbrewer:NoxiousPotion"},{"floor":13,"key":"PowerPotion"}],"is_trial":false,"path_per_floor":["M","?","?","M","M","E","R","M","PTL","PTL","T","R","M","?","R","?","R","B"],"character_chosen":"THE_CURSED","items_purchased":[],"campfire_rested":0,"item_purchase_floors":[],"current_hp_per_floor":[75,75,75,75,75,75,75,66,66,66,66,66,57,66,66,66,66,0,0],"gold":150,"neow_bonus":"THREE_ENEMY_KILL","is_daily":false,"chose_seed":false,"campfire_upgraded":3,"win_rate":0.0,"timestamp":1614186339,"path_taken":["M","?","?","?","M","E","R","M","PTL","PTL","T","R","M","?","R","?","R","BOSS"],"items_purchased_type":[],"build_version":"2020-12-22","purchased_purges":0,"victory":false,"max_hp_per_floor":[75,75,75,75,75,75,75,75,75,75,75,75,75,75,75,75,75,75,75],"relic_stats":{"counters":[7,14],"obtain_stats":[{"FrostBlade":0,"AT_ATBox":0,"testmod-TestBox":0,"SynthV:TestCard":1,"DaveBox":0,"NeowsBlessing":0,"TheCursedMod:Tack":0,"testmod-IncinerationGenerator":0,"DemoMod:GlassGuonStoneRelic":4,"Dota2Spire:Vanguard":6,"Hallownest:TeacherSealRelic":16,"REME_ComplimentaryCards":0},{"FrostBlade":0,"AT_ATBox":0,"testmod-TestBox":0,"SynthV:TestCard":1,"DaveBox":0,"NeowsBlessing":0,"TheCursedMod:Tack":0,"testmod-IncinerationGenerator":0,"DemoMod:GlassGuonStoneRelic":2,"Dota2Spire:Vanguard":4,"Hallownest:TeacherSealRelic":6,"REME_ComplimentaryCards":0},{"FrostBlade":0,"AT_ATBox":0,"testmod-TestBox":0,"SynthV:TestCard":1,"DaveBox":0,"NeowsBlessing":0,"TheCursedMod:Tack":0,"testmod-IncinerationGenerator":0,"DemoMod:GlassGuonStoneRelic":2,"Dota2Spire:Vanguard":5,"Hallownest:TeacherSealRelic":10,"REME_ComplimentaryCards":0}]},"card_choices":[{"not_picked":["TheCursedMod:Stretching","TheCursedMod:EmpowerCircles"],"picked":"TheCursedMod:WearCloak","floor":1},{"not_picked":["TheCursedMod:TacticalStrike","TheCursedMod:Grudge","TheCursedMod:CursedMace","TheCursedMod:CircleOfCorruption"],"picked":"TheCursedMod:SpitefulStrike","floor":4},{"not_picked":["TheCursedMod:RapidMovement","TheCursedMod:Wield","TheCursedMod:HellsGateOpen","TheCursedMod:FleshFromBone"],"picked":"TheCursedMod:SoulReap","floor":5},{"not_picked":["TheCursedMod:VitalStrike","TheCursedMod:LuckyCharm","TheCursedMod:ReleasedKnowledge","TheCursedMod:Torture"],"picked":"TheCursedMod:OutForBlood","floor":6},{"not_picked":["TheCursedMod:Stretching","TheCursedMod:CircleOfFocus","TheCursedMod:SpreadPlague","TheCursedMod:SoulCrush"],"picked":"TheCursedMod:CursedBlade","floor":8},{"not_picked":["TheCursedMod:CursedSpellbook","TheCursedMod:RapidMovement","TheCursedMod:StingEye","TheCursedMod:FleshFromBone"],"picked":"TheCursedMod:CursedShiv","floor":13}],"player_experience":581315,"relics_obtained":[{"floor":1,"key":"SynthV:TestCard"},{"floor":6,"key":"Dota2Spire:Vanguard"}],"event_choices":[{"damage_healed":0,"gold_gain":0,"player_choice":"Ignored","damage_taken":0,"max_hp_gain":0,"max_hp_loss":0,"event_name":"?自己的盒子","floor":2,"gold_loss":0}],"is_beta":false,"boss_relics":[],"items_purged_floors":[],"is_endless":false,"potions_floor_spawned":[4,13],"killed_by":"Hallownest:BossHornet","ascension_level":1}}