{"host":"z439itq93uucuvou","time":1614126291,"event":{"mods":["BaseMod","Colored Powertips","Downfall","Jorbs\u0027s Wanderer Trilogy","Minty Spire (QoL Compilation)","StSLib"],"gold_per_floor":[149,161,180,196,196,216,242,82,92,103,203,203,216,228,243,243,243,243],"floor_reached":16,"language":"ENG","playtime":1670,"items_purged":["bronze:Strike"],"score":103,"play_id":"551a33df-70bf-4dc6-bb8c-fb1899c97a15","local_time":"20210223162451","is_ascension_mode":true,"campfire_choices":[{"data":"bronze:MaxOutput","floor":1.0,"key":"SMITH"}],"circlet_count":0,"master_deck":["bronze:Strike+1","bronze:Defend","bronze:Defend","bronze:Defend","bronze:Defend","bronze:Replicate","bronze:Goto","bronze:MaxOutput+1","bronze:BronzeOrb","bronze:Overload","bronze:Flail","bronze:CutThrough","bronze:Repulsor","bronze:ThunderWave","bronze:ItsAFeature+1","bronze:Branch","bronze:Repair","bronze:Flail","bronze:MaxOutput+1","Shame","bronze:Optimize","bronze:WhirlingStrike","bronze:Invalidate"],"relics":["Tiny House","Juzu Bracelet"],"acts_visited":["Exordium"],"potions_floor_usage":[11,11,13,16],"damage_taken":[{"damage":6.0,"enemies":"Jaw Worm","floor":2.0,"turns":3.0},{"damage":4.0,"enemies":"2 Louse","floor":3.0,"turns":2.0},{"damage":1.0,"enemies":"Cultist","floor":4.0,"turns":3.0},{"damage":5.0,"enemies":"Blue Slaver","floor":6.0,"turns":5.0},{"damage":0.0,"enemies":"downfall:FleeingMerchant","floor":8.0,"turns":4.0},{"damage":5.0,"enemies":"Large Slime","floor":9.0,"turns":5.0},{"damage":5.0,"enemies":"Exordium Thugs","floor":10.0,"turns":5.0},{"damage":24,"enemies":"downfall:Heads","floor":11,"turns":4},{"damage":0,"enemies":"2 Fungi Beasts","floor":13,"turns":3},{"damage":0,"enemies":"Lots of Slimes","floor":14,"turns":1},{"damage":5,"enemies":"3 Louse","floor":15,"turns":2},{"damage":35,"enemies":"DF_ARCHETYPE_STREAMLINE","floor":16,"turns":6}],"seed_played":"5469397342030058064","potions_obtained":[{"floor":0.0,"key":"Swift Potion"},{"floor":3.0,"key":"Energy Potion"},{"floor":4.0,"key":"SkillPotion"},{"floor":10.0,"key":"Guardian:BlockOnCardUsePotion"},{"floor":13,"key":"Dexterity Potion"}],"is_trial":false,"path_per_floor":["R","M","M","M","?","M","T","$","M","M","?","?","M","M","M","B"],"character_chosen":"THE_AUTOMATON","items_purchased":["bronze:Repulsor"],"campfire_rested":0,"item_purchase_floors":[8],"current_hp_per_floor":[75,69,65,64,64,59,59,59,54,49,25,25,32,32,34,0,0,0],"gold":243,"neow_bonus":"BOSS_RELIC","is_daily":false,"chose_seed":false,"campfire_upgraded":1,"win_rate":0.0,"timestamp":1614126291,"path_taken":["R","M","M","M","?","M","T","$","M","M","?","?","M","M","M","BOSS"],"items_purchased_type":["Card"],"build_version":"2020-12-22","purchased_purges":1,"victory":false,"max_hp_per_floor":[75,75,75,75,75,75,75,75,75,75,75,75,75,75,75,75,75,75],"card_choices":[{"not_picked":["bronze:CutThrough","bronze:ForceShield"],"picked":"bronze:MaxOutput","floor":0.0},{"not_picked":["bronze:Allocate","bronze:FineTuning"],"picked":"bronze:BronzeOrb","floor":2.0},{"not_picked":["bronze:Constructor","bronze:DelayedGuard"],"picked":"bronze:InfiniteBeams","floor":3.0},{"not_picked":["bronze:Deprecate","bronze:Turbo"],"picked":"bronze:Overload","floor":4.0},{"not_picked":["bronze:Deprecate","bronze:WildBeam"],"picked":"bronze:Flail","floor":6.0},{"not_picked":["bronze:DelayedGuard","bronze:Shell"],"picked":"bronze:CutThrough","floor":8.0},{"not_picked":["bronze:Philosophize","bronze:Constructor"],"picked":"bronze:ThunderWave","floor":9.0},{"not_picked":["bronze:Frontload","bronze:CutThrough"],"picked":"bronze:ItsAFeature","floor":10.0},{"not_picked":["bronze:Frontload","bronze:Branch"],"picked":"bronze:Repair","floor":11},{"not_picked":["bronze:WildBeam","bronze:Deprecate"],"picked":"bronze:Optimize","floor":13},{"not_picked":["bronze:Overload","bronze:ForceShield"],"picked":"bronze:WhirlingStrike","floor":14},{"not_picked":["bronze:Optimize","bronze:GetLatest"],"picked":"bronze:Invalidate","floor":15}],"player_experience":1750678,"relics_obtained":[{"floor":7.0,"key":"Juzu Bracelet"}],"event_choices":[],"is_beta":false,"boss_relics":[],"items_purged_floors":[8],"is_endless":false,"potions_floor_spawned":[3,4,6,10,13],"killed_by":"DF_ARCHETYPE_STREAMLINE","ascension_level":1}}