{"host":"88k5ybcf55kxe2cn","time":1614200045,"event":{"mods":["BaseMod","Colored Map","Colored Powertips","Minty Spire (QoL Compilation)"],"gold_per_floor":[115,115,127,48,48,83,103,103,103,103,130,130,161,174,174,273,273,290,309,399,75,87,118,118,137,137,137,137,137,237,264,264,369,419,439,439,449,51,65,65,65],"floor_reached":40,"language":"SPA","playtime":3408,"items_purged":["Decay"],"score":562,"play_id":"a40bcd56-885d-401f-8cd8-a6342e6c5c58","local_time":"20210224215405","is_ascension_mode":true,"campfire_choices":[{"data":"Bouncing Flask","floor":8,"key":"SMITH"},{"floor":10,"key":"RECALL"},{"data":"Catalyst","floor":15,"key":"SMITH"},{"floor":24,"key":"REST"},{"floor":27,"key":"REST"},{"floor":32,"key":"REST"}],"circlet_count":0,"master_deck":["Strike_G","Strike_G","Strike_G","Strike_G","Strike_G+1","Defend_G","Defend_G","Defend_G","Defend_G","Survivor","Neutralize","Catalyst+1","Skewer","PiercingWail","Bouncing Flask+1","Terror","Distraction","Crippling Poison+1","Deadly Poison+1","Heel Hook","Burst+1","Outmaneuver+1","Crippling Poison+1","Unload","Poisoned Stab","Corpse Explosion+1","Underhanded Strike+1","Deflect+1","Bullet Time+1","Deadly Poison+1","PiercingWail+1","Catalyst+1","Masterful Stab+1"],"relics":["Ring of the Snake","Singing Bowl","Paper Crane","Toxic Egg 2","Question Card","Cursed Key","Frozen Egg 2","Gambling Chip","Bottled Flame","Nilry\u0027s Codex","Torii","Tiny House","Ancient Tea Set","Shuriken"],"acts_visited":["Exordium","TheCity","TheBeyond"],"potions_floor_usage":[6,22,23,31,33,35],"damage_taken":[{"damage":1,"enemies":"2 Louse","floor":1,"turns":3},{"damage":1,"enemies":"Cultist","floor":3,"turns":4},{"damage":7,"enemies":"Gremlin Nob","floor":6,"turns":3},{"damage":0,"enemies":"Small Slimes","floor":7,"turns":4},{"damage":16,"enemies":"Lagavulin","floor":11,"turns":5},{"damage":19,"enemies":"3 Sentries","floor":13,"turns":6},{"damage":7,"enemies":"Looter","floor":14,"turns":3},{"damage":6,"enemies":"The Guardian","floor":16,"turns":6},{"damage":12,"enemies":"Spheric Guardian","floor":18,"turns":4},{"damage":4,"enemies":"3 Byrds","floor":19,"turns":4},{"damage":15,"enemies":"Centurion and Healer","floor":22,"turns":4},{"damage":20,"enemies":"Book of Stabbing","floor":23,"turns":4},{"damage":1,"enemies":"Cultist and Chosen","floor":25,"turns":3},{"damage":42,"enemies":"Slavers","floor":31,"turns":5},{"damage":24,"enemies":"Collector","floor":33,"turns":4},{"damage":2,"enemies":"3 Shapes","floor":35,"turns":2},{"damage":17,"enemies":"3 Darklings","floor":37,"turns":2},{"damage":15,"enemies":"Jaw Worm Horde","floor":39,"turns":3},{"damage":58,"enemies":"Giant Head","floor":40,"turns":6}],"seed_played":"-3596530611549052783","potions_obtained":[{"floor":1,"key":"DuplicationPotion"},{"floor":6,"key":"Ancient Potion"},{"floor":14,"key":"SteroidPotion"},{"floor":16,"key":"PowerPotion"},{"floor":22,"key":"PowerPotion"},{"floor":25,"key":"Strength Potion"},{"floor":33,"key":"SpeedPotion"},{"floor":34,"key":"LiquidMemories"},{"floor":37,"key":"Fire Potion"}],"is_trial":false,"path_per_floor":["M","?","M","$","?","E","M","R","T","R","E","?","E","M","R","B",null,"M","M","?","$","M","E","R","M","T","R","?","?","?","E","R","B",null,"M","?","M","$","M","E"],"character_chosen":"THE_SILENT","items_purchased":["Bouncing Flask","Frozen Egg 2","Unload","Catalyst+1","Shuriken"],"campfire_rested":3,"item_purchase_floors":[4,21,21,38,38],"current_hp_per_floor":[76,76,75,75,75,68,68,68,68,68,52,57,38,31,31,25,82,70,66,54,54,39,19,43,42,42,66,50,50,50,8,32,8,89,87,87,70,70,55,0,0],"gold":65,"neow_bonus":"TEN_PERCENT_HP_BONUS","is_daily":false,"chose_seed":false,"campfire_upgraded":2,"win_rate":0.0,"timestamp":1614200045,"path_taken":["M","?","?","$","?","E","M","R","T","R","E","?","E","M","R","BOSS","M","M","?","$","M","E","R","?","T","R","?","?","?","E","R","BOSS","M","?","M","$","?","E"],"items_purchased_type":["Card","Relic","Card","Card","Relic"],"build_version":"2020-12-22","purchased_purges":1,"victory":false,"max_hp_per_floor":[77,77,77,77,77,77,77,77,77,77,77,82,82,82,82,82,82,82,82,82,82,82,82,82,82,82,82,82,82,82,82,82,82,89,89,89,89,89,89,89,89],"card_choices":[{"not_picked":["Dodge and Roll","Riddle With Holes"],"picked":"Catalyst","floor":1},{"not_picked":["Deflect","Backflip"],"picked":"PiercingWail","floor":3},{"not_picked":["Caltrops","Backflip"],"picked":"Terror","floor":6},{"not_picked":["Dodge and Roll","Outmaneuver"],"picked":"Distraction","floor":7},{"not_picked":["Choke","Die Die Die"],"picked":"Crippling Poison+1","floor":11},{"not_picked":["Heel Hook","Eviscerate"],"picked":"Deadly Poison+1","floor":13},{"not_picked":["Blade Dance+1","Dagger Spray","Concentrate+1"],"picked":"Heel Hook","floor":14},{"not_picked":["Glass Knife","Adrenaline+1","Unload"],"picked":"Burst+1","floor":16},{"not_picked":["Flying Knee","Well Laid Plans","Eviscerate+1"],"picked":"Outmaneuver+1","floor":18},{"not_picked":["Dagger Spray","Backflip+1","Flying Knee"],"picked":"Crippling Poison+1","floor":19},{"not_picked":["Well Laid Plans+1","All Out Attack","Dash"],"picked":"Poisoned Stab","floor":22},{"not_picked":["Endless Agony","Poisoned Stab","Underhanded Strike"],"picked":"Corpse Explosion+1","floor":23},{"not_picked":["Calculated Gamble+1","Flying Knee","Prepared+1"],"picked":"Underhanded Strike+1","floor":25},{"not_picked":["Bane","Infinite Blades+1","Deadly Poison+1"],"picked":"Deflect+1","floor":31},{"not_picked":["Corpse Explosion+1","Envenom+1","Malaise+1"],"picked":"Bullet Time+1","floor":33},{"not_picked":["Poisoned Stab","Acrobatics+1","Accuracy+1","Outmaneuver+1"],"picked":"Singing Bowl","floor":34},{"not_picked":["Prepared+1","Masterful Stab","Deflect+1"],"picked":"Deadly Poison+1","floor":35},{"not_picked":["Bane","Dash+1","Caltrops+1"],"picked":"PiercingWail+1","floor":37},{"not_picked":["Underhanded Strike+1","Poisoned Stab+1","PiercingWail+1"],"picked":"Masterful Stab+1","floor":39}],"player_experience":226207,"relics_obtained":[{"floor":6,"key":"Singing Bowl"},{"floor":9,"key":"Paper Crane"},{"floor":11,"key":"Toxic Egg 2"},{"floor":13,"key":"Question Card"},{"floor":23,"key":"Gambling Chip"},{"floor":26,"key":"Bottled Flame"},{"floor":28,"key":"Nilry\u0027s Codex"},{"floor":31,"key":"Torii"}],"event_choices":[{"damage_healed":0,"gold_gain":0,"cards_transformed":["Defend_G"],"player_choice":"Transformed","damage_taken":0,"max_hp_gain":0,"max_hp_loss":0,"event_name":"Transmorgrifier","floor":2,"gold_loss":0,"cards_obtained":["Skewer"]},{"damage_healed":0,"gold_gain":0,"player_choice":"Ignored","damage_taken":0,"max_hp_gain":0,"max_hp_loss":0,"event_name":"Golden Wing","floor":5,"gold_loss":0},{"damage_healed":0,"gold_gain":0,"player_choice":"Donut","damage_taken":0,"max_hp_gain":5,"max_hp_loss":0,"event_name":"Big Fish","floor":12,"gold_loss":0},{"damage_healed":0,"gold_gain":90,"player_choice":"GOLD ","damage_taken":12,"max_hp_gain":0,"max_hp_loss":0,"event_name":"Knowing Skull","floor":20,"potions_obtained":[],"gold_loss":0,"cards_obtained":[]},{"damage_healed":0,"gold_gain":0,"player_choice":"Obtained Book","damage_taken":16,"max_hp_gain":0,"max_hp_loss":0,"event_name":"Cursed Tome","floor":28,"gold_loss":0},{"damage_healed":0,"gold_gain":0,"player_choice":"Ignored","damage_taken":0,"max_hp_gain":0,"max_hp_loss":0,"event_name":"Vampires","floor":29,"gold_loss":0},{"damage_healed":0,"gold_gain":100,"player_choice":"Pray","damage_taken":0,"max_hp_gain":0,"max_hp_loss":0,"event_name":"Golden Shrine","floor":30,"gold_loss":0},{"damage_healed":0,"gold_gain":0,"player_choice":"Gave Potion","damage_taken":0,"relics_obtained":["Ancient Tea Set"],"max_hp_gain":0,"max_hp_loss":0,"event_name":"WeMeetAgain","floor":36,"gold_loss":0}],"is_beta":false,"boss_relics":[{"not_picked":["Ectoplasm","Ring of the Serpent"],"picked":"Cursed Key"},{"not_picked":["WristBlade","Empty Cage"],"picked":"Tiny House"}],"items_purged_floors":[38],"is_endless":false,"potions_floor_spawned":[1,6,14,16,18,22,25,33,37],"killed_by":"Giant Head","ascension_level":3}}