{"host":"f0vzc1iezimimt27","time":1614162577,"event":{"mods":["BaseMod","Colored Map","Highlight Path","Minty Spire (QoL Compilation)","StSLib"],"gold_per_floor":[114,114,114,35,35,35,67,18,45,45,64,107,121,145,145,275,275,291,291,291,9,9,9,48,48,48,64,83,116,132,132,132,261,261,280,294,321,321,246,246,246],"floor_reached":40,"language":"ENG","playtime":2162,"items_purged":["Doubt"],"score":636,"play_id":"451f9de6-c618-4281-85dc-53700cdf6a37","local_time":"20210224132937","is_ascension_mode":true,"campfire_choices":[{"data":"Infernal Blade","floor":6,"key":"SMITH"},{"data":"Uppercut","floor":15,"key":"SMITH"},{"data":"Enlightenment","floor":23,"key":"SMITH"},{"data":"Demon Form","floor":32,"key":"SMITH"}],"circlet_count":0,"master_deck":["Defend_R+1","Defend_R+1","Defend_R+1","Defend_R+1","Bash","Twin Strike+1","Infernal Blade+1","Uppercut+1","Clash","Iron Wave","Shrug It Off","Thunderclap","Immolate","Bludgeon","Bite","Bite","Bite","Dropkick","Enlightenment+1","Demon Form+1","Hemokinesis","Brutality","Limit Break","Anger","Heavy Blade","Pain"],"relics":["Black Blood","NeowsBlessing","Paper Frog","Centennial Puzzle","Golden Idol","Gambling Chip","Cursed Key","Tiny Chest","MutagenicStrength","Vajra","HornCleat","Juzu Bracelet"],"acts_visited":["Exordium","TheCity","TheBeyond"],"potions_floor_usage":[12,24,33,40],"damage_taken":[{"damage":0,"enemies":"Jaw Worm","floor":1,"turns":1},{"damage":0,"enemies":"Lagavulin","floor":7,"turns":1},{"damage":0,"enemies":"Small Slimes","floor":11,"turns":1},{"damage":14,"enemies":"3 Sentries","floor":12,"turns":8},{"damage":0,"enemies":"2 Louse","floor":13,"turns":2},{"damage":2,"enemies":"2 Fungi Beasts","floor":14,"turns":2},{"damage":38,"enemies":"The Guardian","floor":16,"turns":11},{"damage":4,"enemies":"Chosen","floor":18,"turns":3},{"damage":12,"enemies":"Slavers","floor":24,"turns":2},{"damage":9,"enemies":"2 Thieves","floor":27,"turns":2},{"damage":4,"enemies":"Cultist and Chosen","floor":28,"turns":3},{"damage":0,"enemies":"Gremlin Leader","floor":29,"turns":3},{"damage":4,"enemies":"Chosen and Byrds","floor":30,"turns":3},{"damage":9,"enemies":"Champ","floor":33,"turns":6},{"damage":17,"enemies":"3 Shapes","floor":35,"turns":3},{"damage":8,"enemies":"Orb Walker","floor":36,"turns":3},{"damage":72,"enemies":"Reptomancer","floor":40,"turns":6}],"seed_played":"6006940500484345606","potions_obtained":[{"floor":11,"key":"Energy Potion"},{"floor":12,"key":"BloodPotion"},{"floor":18,"key":"DuplicationPotion"},{"floor":29,"key":"BlessingOfTheForge"},{"floor":30,"key":"SpeedPotion"},{"floor":33,"key":"Dexterity Potion"}],"is_trial":false,"path_per_floor":["M","?","?","$","?","R","E","$","T","?","M","E","M","M","R","B",null,"M","?","?","$","?","R","E","?","T","M","M","E","M","?","R","B",null,"M","M","T","?","$","E"],"character_chosen":"IRONCLAD","items_purchased":["Infernal Blade","Clash","Dropkick","Enlightenment","Tiny Chest"],"campfire_rested":0,"item_purchase_floors":[4,8,21,21,21],"current_hp_per_floor":[80,64,57,57,57,57,63,63,63,63,69,61,67,71,71,39,74,74,51,51,51,51,51,45,50,50,51,51,51,51,51,51,51,51,46,51,51,51,51,0,0],"gold":246,"neow_bonus":"THREE_ENEMY_KILL","is_daily":false,"chose_seed":false,"campfire_upgraded":4,"win_rate":0.0,"timestamp":1614162577,"path_taken":["M","?","?","$","?","R","E","$","T","?","M","E","M","M","R","BOSS","M","?","?","$","?","R","E","?","T","M","M","E","M","?","R","BOSS","M","M","?","?","$","E"],"items_purchased_type":["Card","Card","Card","Card","Relic"],"build_version":"2020-12-22","purchased_purges":1,"victory":false,"max_hp_per_floor":[80,80,80,80,80,80,80,80,80,74,74,74,74,74,74,74,74,74,51,51,51,51,51,51,51,51,51,51,51,51,51,51,51,51,51,51,51,51,51,51,51],"card_choices":[{"not_picked":["Flex","Dual Wield"],"picked":"Twin Strike","floor":1},{"not_picked":["Havoc","Flame Barrier"],"picked":"Uppercut","floor":7},{"not_picked":["Perfected Strike","Anger"],"picked":"Iron Wave","floor":11},{"not_picked":["Spot Weakness","True Grit"],"picked":"Shrug It Off","floor":12},{"not_picked":["Clash","Pommel Strike"],"picked":"Thunderclap","floor":13},{"not_picked":["Rage","Body Slam"],"picked":"Immolate","floor":14},{"not_picked":["Juggernaut","Impervious"],"picked":"Bludgeon","floor":16},{"not_picked":["Disarm","True Grit+1","Anger"],"picked":"SKIP","floor":18},{"not_picked":["Spot Weakness","Thunderclap","Warcry+1"],"picked":"SKIP","floor":24},{"not_picked":["Wild Strike","Fire Breathing"],"picked":"Demon Form","floor":27},{"not_picked":["Second Wind","Seeing Red"],"picked":"Hemokinesis","floor":28},{"not_picked":["Flex+1","Ghostly Armor"],"picked":"Brutality","floor":29},{"not_picked":["Flex","Cleave+1","Body Slam"],"picked":"SKIP","floor":30},{"not_picked":["Brutality","Immolate"],"picked":"Limit Break","floor":33},{"not_picked":["Power Through+1","Disarm+1"],"picked":"Anger","floor":35},{"not_picked":["Clash","Sword Boomerang+1"],"picked":"Heavy Blade","floor":36}],"player_experience":162500,"relics_obtained":[{"floor":7,"key":"Paper Frog"},{"floor":9,"key":"Centennial Puzzle"},{"floor":12,"key":"Gambling Chip"},{"floor":24,"key":"Vajra"},{"floor":26,"key":"HornCleat"},{"floor":29,"key":"Juzu Bracelet"}],"event_choices":[{"damage_healed":0,"gold_gain":0,"player_choice":"Entered Light","damage_taken":16,"max_hp_gain":0,"max_hp_loss":0,"event_name":"Shining Light","floor":2,"gold_loss":0,"cards_upgraded":["Defend_R","Twin Strike"]},{"cards_removed":["Strike_R"],"damage_healed":0,"gold_gain":0,"player_choice":"Card Removal","damage_taken":7,"max_hp_gain":0,"max_hp_loss":0,"event_name":"Golden Wing","floor":3,"gold_loss":0},{"damage_healed":0,"gold_gain":0,"player_choice":"Ignored","damage_taken":0,"max_hp_gain":0,"max_hp_loss":0,"event_name":"Liars Game","floor":5,"gold_loss":0},{"damage_healed":0,"gold_gain":0,"player_choice":"Lose Max HP","damage_taken":0,"relics_obtained":["Golden Idol"],"max_hp_gain":0,"max_hp_loss":6,"event_name":"Golden Idol","floor":10,"gold_loss":0},{"damage_healed":0,"gold_gain":0,"player_choice":"Became a vampire","damage_taken":0,"max_hp_gain":0,"max_hp_loss":23,"event_name":"Vampires","floor":19,"gold_loss":0,"cards_obtained":["Bite","Bite","Bite","Bite","Bite"]},{"damage_healed":0,"gold_gain":0,"player_choice":"Simplicity","damage_taken":0,"max_hp_gain":0,"max_hp_loss":0,"event_name":"Back to Basics","floor":20,"gold_loss":0,"cards_upgraded":["Defend_R","Defend_R","Defend_R"]},{"damage_healed":0,"gold_gain":0,"player_choice":"Inject Mutagens","damage_taken":0,"relics_obtained":["MutagenicStrength"],"max_hp_gain":0,"max_hp_loss":0,"event_name":"Drug Dealer","floor":22,"gold_loss":0},{"cards_removed":["Bite"],"damage_healed":5,"gold_gain":0,"player_choice":"Offered Special","damage_taken":0,"max_hp_gain":0,"max_hp_loss":0,"event_name":"Bonfire Elementals","floor":25,"gold_loss":0},{"damage_healed":0,"gold_gain":0,"player_choice":"Ignored","damage_taken":0,"max_hp_gain":0,"max_hp_loss":0,"event_name":"The Mausoleum","floor":31,"gold_loss":0},{"cards_removed":["Bite"],"damage_healed":0,"gold_gain":0,"player_choice":"Removed Attack","damage_taken":0,"max_hp_gain":0,"max_hp_loss":0,"event_name":"Falling","floor":38,"gold_loss":0}],"is_beta":false,"boss_relics":[{"not_picked":["Philosopher\u0027s Stone","Empty Cage"],"picked":"Cursed Key"},{"not_picked":["Mark of Pain","Sozu"],"picked":"Black Blood"}],"items_purged_floors":[39],"is_endless":false,"potions_floor_spawned":[11,12,18,29,30,33],"killed_by":"Reptomancer","ascension_level":4}}