{"host":"52lujqhsyicpcskq","time":1614173411,"event":{"mods":["BaseMod","Colored Map","DeckTracker","Minty Spire (QoL Compilation)","Permanent Neow","StSLib","SuperFastMode","everything is the same but u backflip on backflip"],"gold_per_floor":[112,130,142,142,153,153,178,178,178,195,209,240,259,291,291,388,388,408,333,346,359,359,359,359,359],"floor_reached":24,"language":"KOR","playtime":1427,"items_purged":[],"score":338,"play_id":"b0e0de9a-c71a-47bd-a8f7-a4a44bb79e7d","local_time":"20210224223011","is_ascension_mode":true,"campfire_choices":[{"data":"FlurryOfBlows","floor":6,"key":"SMITH"},{"data":"Evaluate","floor":8,"key":"SMITH"},{"data":"Collect","floor":15,"key":"SMITH"},{"data":"FlurryOfBlows","floor":23,"key":"SMITH"}],"circlet_count":0,"master_deck":["Strike_P","Strike_P","Strike_P","Strike_P","Defend_P","Defend_P","Defend_P","Defend_P","Eruption+1","Vigilance","BowlingBash","FlurryOfBlows+1","FlurryOfBlows+1","Evaluate+1","Halt","EmptyFist","Judgement","Collect+1","Evaluate","DeusExMachina","MentalFortress","Adaptation+1"],"relics":["PureWater","Gremlin Horn","Gambling Chip","Du-Vu Doll","FossilizedHelix","SlaversCollar"],"acts_visited":["Exordium","TheCity"],"potions_floor_usage":[13,16,16,16,21],"damage_taken":[{"damage":0,"enemies":"2 Louse","floor":1,"turns":4},{"damage":0,"enemies":"Cultist","floor":2,"turns":3},{"damage":7,"enemies":"Jaw Worm","floor":3,"turns":4},{"damage":4,"enemies":"2 Fungi Beasts","floor":5,"turns":4},{"damage":20,"enemies":"3 Sentries","floor":7,"turns":8},{"damage":0,"enemies":"Blue Slaver","floor":10,"turns":3},{"damage":5,"enemies":"Gremlin Gang","floor":11,"turns":2},{"damage":0,"enemies":"Gremlin Nob","floor":12,"turns":2},{"damage":0,"enemies":"Exordium Thugs","floor":13,"turns":2},{"damage":0,"enemies":"3 Sentries","floor":14,"turns":2},{"damage":6,"enemies":"Hexaghost","floor":16,"turns":9},{"damage":0,"enemies":"Spheric Guardian","floor":18,"turns":1},{"damage":0,"enemies":"Shell Parasite","floor":20,"turns":3},{"damage":16,"enemies":"Chosen and Byrds","floor":21,"turns":6},{"damage":48,"enemies":"Book of Stabbing","floor":24,"turns":5}],"seed_played":"-8681325742076105014","potions_obtained":[{"floor":2,"key":"SpeedPotion"},{"floor":7,"key":"Swift Potion"},{"floor":10,"key":"PowerPotion"},{"floor":14,"key":"FearPotion"},{"floor":16,"key":"DistilledChaos"},{"floor":20,"key":"LiquidMemories"}],"is_trial":false,"path_per_floor":["M","M","M","?","M","R","E","R","T","M","M","E","M","E","R","B",null,"M","?","M","M","?","R","E"],"character_chosen":"WATCHER","items_purchased":[],"campfire_rested":0,"item_purchase_floors":[],"current_hp_per_floor":[72,72,65,65,61,61,41,41,41,41,36,36,36,36,36,30,62,62,62,62,46,46,46,0,0],"gold":359,"neow_bonus":"UPGRADE_CARD","is_daily":false,"chose_seed":false,"campfire_upgraded":4,"win_rate":0.0,"timestamp":1614173411,"path_taken":["M","M","M","?","M","R","E","R","T","?","M","E","?","E","R","BOSS","M","?","M","M","?","R","E"],"items_purchased_type":[],"build_version":"2020-12-22","purchased_purges":0,"victory":false,"max_hp_per_floor":[72,72,72,72,72,72,72,72,72,72,72,72,72,72,72,72,72,72,72,72,72,72,72,72,72],"card_choices":[{"not_picked":["Prostrate","InnerPeace"],"picked":"BowlingBash","floor":1},{"not_picked":["EmptyFist","Evaluate"],"picked":"FlurryOfBlows","floor":2},{"not_picked":["Brilliance","FlyingSleeves"],"picked":"FlurryOfBlows","floor":3},{"not_picked":["WindmillStrike","FollowUp"],"picked":"Evaluate","floor":5},{"not_picked":["Meditate","EmptyFist"],"picked":"Halt","floor":7},{"not_picked":["Tantrum","Brilliance"],"picked":"EmptyFist","floor":10},{"not_picked":["EmptyFist","PathToVictory","ThirdEye"],"picked":"SKIP","floor":11},{"not_picked":["CrushJoints","Study"],"picked":"Judgement","floor":12},{"not_picked":["CutThroughFate","EmptyFist"],"picked":"Collect","floor":13},{"not_picked":["Meditate","EmptyBody"],"picked":"Evaluate","floor":14},{"not_picked":["Brilliance","Judgement"],"picked":"DeusExMachina","floor":16},{"not_picked":["Collect+1","CutThroughFate","Pray"],"picked":"SKIP","floor":18},{"not_picked":["Halt","Consecrate"],"picked":"MentalFortress","floor":20},{"not_picked":["WreathOfFlame","FlyingSleeves"],"picked":"Adaptation+1","floor":21}],"player_experience":807231,"relics_obtained":[{"floor":7,"key":"Gremlin Horn"},{"floor":9,"key":"Gambling Chip"},{"floor":12,"key":"Du-Vu Doll"},{"floor":14,"key":"FossilizedHelix"}],"event_choices":[{"damage_healed":0,"gold_gain":0,"player_choice":"Cursed","damage_taken":0,"max_hp_gain":0,"max_hp_loss":0,"event_name":"Wheel of Change","floor":4,"gold_loss":0,"cards_obtained":["Decay"]},{"cards_removed":["Decay"],"damage_healed":0,"gold_gain":0,"player_choice":"Gave Gold","damage_taken":0,"max_hp_gain":0,"max_hp_loss":0,"event_name":"Beggar","floor":19,"gold_loss":75},{"damage_healed":0,"gold_gain":0,"player_choice":"Ignored","damage_taken":0,"max_hp_gain":0,"max_hp_loss":0,"event_name":"Cursed Tome","floor":22,"gold_loss":0}],"is_beta":false,"boss_relics":[{"not_picked":["Tiny House","Ectoplasm"],"picked":"SlaversCollar"}],"items_purged_floors":[],"is_endless":false,"potions_floor_spawned":[2,7,10,12,14,16,20],"killed_by":"Book of Stabbing","ascension_level":5}}