{"host":"0rn20prxkpuv2e47","time":1614155251,"event":{"mods":["100% Spire Juice","ATMod(阿瑾Mod)","Act Like it!","Arknights","Aspiration","BaseMod","Challenge The Spire","Downfall","Friendly Minions","Gensokyo","Hallownest","Hermit","Koishi","Minty Spire (QoL Compilation)","MostiFishMod","Reimu（博丽灵梦）","Remilia（蕾米莉亚）","Robot Space Explorer","StSLib","The Alterego","The Animator","The Blackbeard","The Bug Knight","The Construct","The Cursed","The Mystic","The Runesmith","The Senshi","The Servant 0.9.4","Warlord Emblem","[GremlinLeader]The Maniac","[IsaacMod]以撒尖塔","[功能]功能增强和修复MOD","noobMod","【功能Mod】聪明的最终Boss","【遗物卡牌】REMEMod"],"gold_per_floor":[116,171,141,154,154,184,203,214,266,266,351,351,368,348,348,449,449,467,467,510,510,18,44,153,196,196,232,230,465,499,508,508,1102,1102,1126,1126,1191,1200,1239,1274,1274,1297,1297,1329,1368,1395,1395,1436,1436,1437,1438,1438,1438,1425,1455,1455],"floor_reached":55,"language":"ZHS","playtime":2401,"items_purged":["RobotSpaceExplorer:Defend","RobotSpaceExplorer:Defend","RobotSpaceExplorer:Defend","RobotSpaceExplorer:Defend","RobotSpaceExplorer:Strike","RobotSpaceExplorer:Strike","RobotSpaceExplorer:Counterblock","DoctorFetus","RobotSpaceExplorer:Probe+1","RobotSpaceExplorer:MiniDrones","The Bomb","RobotSpaceExplorer:SlimeMissile","RobotSpaceExplorer:PowerGlove","RobotSpaceExplorer:Smokescreen+1","RobotSpaceExplorer:BlastShield","RobotSpaceExplorer:PowerGlove+1","RobotSpaceExplorer:FreezeRay","RobotSpaceExplorer:LuckyStrike","Trip","RobotSpaceExplorer:FreezeRay+1","RobotSpaceExplorer:Strike+1","RobotSpaceExplorer:Strike+1","RobotSpaceExplorer:GlueShot+1","RobotSpaceExplorer:Reload+1","Forethought+1","Panache+1","RobotSpaceExplorer:MiniDrones+1","RobotSpaceExplorer:Wormhole","RobotSpaceExplorer:FreezeRay","RobotSpaceExplorer:Counterblock","RobotSpaceExplorer:Blaster","RobotSpaceExplorer:ScrapMissile","RobotSpaceExplorer:BigMissile","RobotSpaceExplorer:Blitz","Panache","RobotSpaceExplorer:Probe+1","RobotSpaceExplorer:MiniDrones+1","RobotSpaceExplorer:Scan+1"],"score":1979,"play_id":"85b894bc-43f3-4e36-b0fa-e3c027a07653","local_time":"20210224162731","is_ascension_mode":false,"campfire_choices":[{"floor":15,"key":"RECALL"},{"floor":32,"key":"DIG"},{"floor":49,"key":"DIG"},{"floor":53,"key":"DIG"}],"circlet_count":0,"master_deck":["RobotSpaceExplorer:MiniLasers+1","RobotSpaceExplorer:PowerCollector+1","RobotSpaceExplorer:MiniBoosters+1","RobotSpaceExplorer:Calculate+1","RobotSpaceExplorer:PowerCollector+1","Gensokyo:FourOfAKind+1","Gensokyo:FourOfAKind+1","Gensokyo:FourOfAKind+1","Gensokyo:FourOfAKind+1","RobotSpaceExplorer:LaserBurst+1","AT_LightSaberMaster+1","Gensokyo:ShootingStar+1","RobotSpaceExplorer:Accelerator+1","RobotSpaceExplorer:Accelerator+1","RobotSpaceExplorer:TrailblazerForm+1","RobotSpaceExplorer:PowerCollector+1","MostiFishMod:Neptune+1","MostiFishMod:TheEndOfMoonlight+1","MostiFishMod:SparklingWater+1","MostiFishMod:FantasySummer+1","MostiFishMod:NightSea+1","MostiFishMod:TheEndOfMoonlight+1","Flash of Steel+1","RobotSpaceExplorer:FranticSearch+1","RobotSpaceExplorer:PowerCollector+1","RobotSpaceExplorer:ImprovisedAttack+1","RobotSpaceExplorer:PowerCollector+1"],"relics":["RobotSpaceExplorer:RoboCore","ice","AT_ATBox","REME_ComplimentaryCards","HushsDoor","DaveBox","DSteel32","Chaos","OrangePellets","SynthV:TestCard","AT_BellDemon","Shuriken","WarlordEmblem:QuestWarrior","aspiration:RunicSpoon","Happy Flower","Runic Pyramid","AT_SilvercatRing","BirthdayGift-Icosahedron","Dead Branch","Lee\u0027s Waffle","REME_CardOfGreed","D6","War Paint","AT_GoldPhoenixTree","Bottled Tornado","CrazyTorch:ReiMu","RobotSpaceExplorer:SearchSpecs","DoctorsRemote","Gensokyo:RedStar","SlaversCollar","CeramicFish","Orichalcum","AT_ChloranthyRing","ChampionBelt","Runesmith:Nanobots","RottenBaby","Thread and Needle","Sling","Shovel","Tiny Chest","BionicSphere","WarlordEmblem:MantleMarkzar","NightmareShop","AT_Manta","AT_ImmortalShieldbow","WarlordEmblem:MantleLiam","MagicMushroom","RhineCircuit","HereWithMe","WarlordEmblem:SaveLoadDisk","RobotSpaceExplorer:PlasmaHourglass","WarlordEmblem:GoldMime","Ancient Tea Set","AT_LudenTempest","aspiration:HatOfInfinitePower","AntiCross","Pocketwatch","RuthlessExorcism:ReiMu","Hallownest:HeavyBlowRelic","MoonlightInvasionPlan","aspiration:Lifesprig","FeatherPendant","Civilization","Gremlin Horn","AnarchistCookbook","RhineSuit","Runesmith:AutoHammer","Anchor","MyShadow","REME_DuelDisc","RedLine:ReiMu","BloodDonationMachine","WarlordEmblem:BreastProtector","GuanYuAspect","bronze:MakeshiftBattery","WarlordEmblem:Scar","Leech","PureWhite:ReiMu","SteamSale","DollysMirror","UnicornStump","Runesmith:Locket","Habit","ImprovedEquipment","WarlordEmblem:MantleLazz","WarlordEmblem:MantleJean","BlankCard","REME_ChargedStone","aspiration:RitualDagger","Technique","MaYiHuaBei"],"acts_visited":["Gensokyo:Gensokyo","Gensokyo:Gensokyoer","Hallownest:KingdomsEdge","TheEnding"],"potions_floor_usage":[24,37,48],"damage_taken":[{"damage":9,"enemies":"Gensokyo:Gryphon","floor":1,"turns":4},{"damage":0,"enemies":"Gensokyo:3_Fairies","floor":4,"turns":3},{"damage":26,"enemies":"Gensokyo:Aya","floor":6,"turns":4},{"damage":11,"enemies":"Gensokyo:2_Kodama","floor":7,"turns":2},{"damage":0,"enemies":"Gensokyo:VengefulSpirit","floor":8,"turns":1},{"damage":0,"enemies":"Gensokyo:5_Fairies","floor":13,"turns":2},{"damage":0,"enemies":"Gensokyo:Reimu","floor":16,"turns":2},{"damage":0,"enemies":"Gensokyo:3_Dogs","floor":18,"turns":1},{"damage":0,"enemies":"Gensokyo:Reisen","floor":23,"turns":1},{"damage":0,"enemies":"Gensokyo:Reisen","floor":24,"turns":2},{"damage":0,"enemies":"Gensokyo:Tenshi","floor":25,"turns":1},{"damage":0,"enemies":"Gensokyo:Koishi","floor":29,"turns":1},{"damage":0,"enemies":"Gensokyo:Reisen","floor":30,"turns":4},{"damage":0,"enemies":"Gensokyo:Kaguya","floor":33,"turns":2},{"damage":0,"enemies":"Hallownest:2_Littles","floor":35,"turns":1},{"damage":9,"enemies":"Hallownest:eliteCollector","floor":40,"turns":1},{"damage":0,"enemies":"Hallownest:eliteHiveKnight","floor":44,"turns":1},{"damage":0,"enemies":"Hallownest:StalkingDevout","floor":45,"turns":2},{"damage":0,"enemies":"Hallownest:eliteCollector","floor":46,"turns":1},{"damage":0,"enemies":"Hallownest:StalkingDevout","floor":48,"turns":1},{"damage":0,"enemies":"Hallownest:BossGreyPrinceZote","floor":50,"turns":1},{"damage":0,"enemies":"Hallownest:Radiance","floor":51,"turns":1},{"damage":0,"enemies":"Shield and Spear","floor":55,"turns":1}],"seed_played":"1666930499592307138","potions_obtained":[{"floor":1,"key":"LiquidMemories"},{"floor":4,"key":"FearPotion"},{"floor":6,"key":"Dexterity Potion"},{"floor":6,"key":"champ:CounterPotion"},{"floor":24,"key":"Fruit Juice"},{"floor":33,"key":"RobotSpaceExplorer:RecyclePotion"},{"floor":45,"key":"GrandPatriotsElixir:ReiMu"},{"floor":48,"key":"REME_GoldPotion"}],"is_trial":false,"path_per_floor":["M","?","$","M","?","E","M","M","T","T","?","?","M","$","R","B",null,"M","?","$","?","COS","E","?","E","T","?","$","M","M","$","R","B",null,"M","?","$","?","$","E","$","T","T","M","M","E","?","E","R","B","B",null,"R","$","E"],"character_chosen":"RobotSpaceExplorer","items_purchased":["AT_BellDemon","Shuriken","RobotSpaceExplorer:PowerCollector","WarlordEmblem:QuestWarrior","War Paint","AT_GoldPhoenixTree","Bottled Tornado","RobotSpaceExplorer:Probe","DoctorFetus","RobotSpaceExplorer:Counterblock","RobotSpaceExplorer:PowerGlove","RobotSpaceExplorer:Exploration","SlaversCollar","CeramicFish","Orichalcum","RobotSpaceExplorer:MiniDrones","RobotSpaceExplorer:Smokescreen","RobotSpaceExplorer:PowerGlove","RobotSpaceExplorer:Calculate","RobotSpaceExplorer:SlimeMissile","The Bomb","Forethought","Panache","Trip","RobotSpaceExplorer:LuckyStrike","RobotSpaceExplorer:LaserBurst","RobotSpaceExplorer:BlastShield","RobotSpaceExplorer:Reload","RobotSpaceExplorer:FreezeRay","AT_Manta","AT_ImmortalShieldbow","WarlordEmblem:MantleLiam","RobotSpaceExplorer:PlasmaHourglass","WarlordEmblem:GoldMime","AT_LightSaberMaster","MoonlightInvasionPlan","aspiration:Lifesprig","FeatherPendant","RobotSpaceExplorer:Wormhole","RobotSpaceExplorer:ScrapMissile","RobotSpaceExplorer:Blaster","RobotSpaceExplorer:Counterblock","RobotSpaceExplorer:FreezeRay","REME_GoldPotion","Flash of Steel","RobotSpaceExplorer:FranticSearch","RobotSpaceExplorer:PowerCollector","Panache","RobotSpaceExplorer:Blitz","RobotSpaceExplorer:BigMissile","Civilization","Gremlin Horn","AnarchistCookbook","Anchor","MyShadow","ImprovedEquipment","WarlordEmblem:MantleLazz","WarlordEmblem:MantleJean","BlankCard","REME_ChargedStone","aspiration:RitualDagger"],"campfire_rested":0,"item_purchase_floors":[3,3,3,3,14,14,14,14,14,14,14,17,20,20,20,20,20,20,20,20,20,20,28,28,28,28,28,28,28,28,28,28,31,31,31,37,37,37,37,37,37,37,37,37,39,39,39,39,39,39,39,39,39,41,41,54,54,54,54,54,54],"current_hp_per_floor":[45,30,30,30,30,75,64,65,65,83,68,52,53,53,53,54,79,79,79,79,79,79,79,84,84,84,55,55,62,63,63,63,51,63,35,35,35,35,35,27,27,27,27,37,51,50,48,49,49,84,91,92,92,92,85,85],"gold":1455,"neow_bonus":"ONE_RARE_RELIC","is_daily":false,"chose_seed":false,"campfire_upgraded":0,"win_rate":0.0,"timestamp":1614155251,"path_taken":["M","?","$","?","?","E","M","M","T","?","?","?","?","$","R","BOSS","M","?","$","?","COS","E","?","E","T","?","$","M","M","$","R","BOSS","M","?","$","?","$","E","$","?","T","?","M","E","?","E","R","BOSS","BOSS","R","$","E"],"items_purchased_type":["Relic","Relic","Card","Relic","Relic","Relic","Relic","Card","Card","Card","Card","Card","Relic","Relic","Relic","Card","Card","Card","Card","Card","Card","Card","Card","Card","Card","Card","Card","Card","Card","Relic","Relic","Relic","Relic","Relic","Card","Relic","Relic","Relic","Card","Card","Card","Card","Card","Potion","Card","Card","Card","Card","Card","Card","Relic","Relic","Relic","Relic","Relic","Relic","Relic","Relic","Relic","Relic","Relic"],"build_version":"2020-12-22","purchased_purges":38,"victory":false,"max_hp_per_floor":[75,75,75,75,75,75,76,76,76,83,83,83,83,83,83,83,79,79,79,79,79,79,79,84,84,84,55,55,62,65,65,65,67,67,67,67,67,67,67,68,68,68,68,98,51,55,48,53,53,87,92,92,92,92,97,97],"card_choices":[{"not_picked":["RobotSpaceExplorer:FranticSearch","RobotSpaceExplorer:StunGrenade"],"picked":"RobotSpaceExplorer:ScrapMissile","floor":1},{"not_picked":["RobotSpaceExplorer:FrostMissile","RobotSpaceExplorer:TurboDodge","RobotSpaceExplorer:Ammunition","RobotSpaceExplorer:Jetpack"],"picked":"RobotSpaceExplorer:MiniBoosters","floor":4},{"not_picked":["RobotSpaceExplorer:StunGrenade","RobotSpaceExplorer:ShockKick","RobotSpaceExplorer:TurboDodge","RobotSpaceExplorer:SurgingStrike","RobotSpaceExplorer:FreezingShield"],"picked":"SKIP","floor":6},{"not_picked":["RobotSpaceExplorer:Counterblock","RobotSpaceExplorer:RigExplosive","RobotSpaceExplorer:ShockKick","RobotSpaceExplorer:ShovelStrike"],"picked":"RobotSpaceExplorer:MiniDrones","floor":7},{"not_picked":["RobotSpaceExplorer:ShovelStrike","RobotSpaceExplorer:Scanner","RobotSpaceExplorer:ImprovisedAttack","RobotSpaceExplorer:Fix"],"picked":"RobotSpaceExplorer:Probe","floor":8},{"not_picked":["RobotSpaceExplorer:SelfCleaning","RobotSpaceExplorer:FreezeRay","RobotSpaceExplorer:ShovelStrike","RobotSpaceExplorer:Electropulse"],"picked":"RobotSpaceExplorer:MiniDrones","floor":13},{"not_picked":["RobotSpaceExplorer:Probe","RobotSpaceExplorer:FranticSearch","RobotSpaceExplorer:SlimeMissile","RobotSpaceExplorer:MiniBoosters"],"picked":"RobotSpaceExplorer:GlueShot+1","floor":18},{"not_picked":["RobotSpaceExplorer:SelfCleaning+1","RobotSpaceExplorer:Multitool","RobotSpaceExplorer:Blaster","RobotSpaceExplorer:FrostMissile","RobotSpaceExplorer:FreezingShield"],"picked":"SKIP","floor":23},{"not_picked":["RobotSpaceExplorer:SurgingStrike","RobotSpaceExplorer:Fix+1","RobotSpaceExplorer:ScrapMissile","RobotSpaceExplorer:StunGrenade"],"picked":"RobotSpaceExplorer:PowerCollector","floor":24},{"not_picked":["RobotSpaceExplorer:StunGrenade","RobotSpaceExplorer:Comet","RobotSpaceExplorer:Calculate","RobotSpaceExplorer:FranticSearch"],"picked":"RobotSpaceExplorer:FreezeRay+1","floor":25},{"not_picked":["RobotSpaceExplorer:GearShield","RobotSpaceExplorer:Autoloader","RobotSpaceExplorer:ScrapToss+1","RobotSpaceExplorer:GlueShot+1","RobotSpaceExplorer:ExhaustFan"],"picked":"SKIP","floor":29},{"not_picked":["RobotSpaceExplorer:JunkDive","RobotSpaceExplorer:IronShell","RobotSpaceExplorer:Ammunition","RobotSpaceExplorer:ShockKick","RobotSpaceExplorer:ScrapShield"],"picked":"SKIP","floor":30},{"not_picked":[],"picked":"Gensokyo:ShootingStar","floor":33},{"not_picked":["RobotSpaceExplorer:Scanner","RobotSpaceExplorer:Comet","RobotSpaceExplorer:Blaster","RobotSpaceExplorer:Asteroid"],"picked":"RobotSpaceExplorer:Accelerator","floor":33},{"not_picked":["RobotSpaceExplorer:Comet","RobotSpaceExplorer:TrailblazerForm","RobotSpaceExplorer:ChargingLaser","RobotSpaceExplorer:Autoloader"],"picked":"RobotSpaceExplorer:Exploration","floor":33},{"not_picked":["RobotSpaceExplorer:BlastShield","RobotSpaceExplorer:Arsenal","RobotSpaceExplorer:Multitool","RobotSpaceExplorer:Explosion"],"picked":"RobotSpaceExplorer:Accelerator","floor":33},{"not_picked":["RobotSpaceExplorer:Multitool","RobotSpaceExplorer:Autoloader","RobotSpaceExplorer:Asteroid","RobotSpaceExplorer:Wormhole"],"picked":"RobotSpaceExplorer:TrailblazerForm","floor":33},{"not_picked":["RobotSpaceExplorer:Calculate","RobotSpaceExplorer:BigMissile","RobotSpaceExplorer:SlimeMissile","RobotSpaceExplorer:ScrapToss"],"picked":"RobotSpaceExplorer:PowerCollector","floor":35},{"not_picked":["RobotSpaceExplorer:Pulsar+1","RobotSpaceExplorer:ShovelStrike","RobotSpaceExplorer:SlimeMissile+1","RobotSpaceExplorer:DualCore","RobotSpaceExplorer:Probe+1"],"picked":"SKIP","floor":35},{"not_picked":["RobotSpaceExplorer:SelfCleaning+1","RobotSpaceExplorer:ScrapToss","RobotSpaceExplorer:Counterblock","RobotSpaceExplorer:Reload+1","RobotSpaceExplorer:MetalStrike+1"],"picked":"SKIP","floor":35},{"not_picked":["RobotSpaceExplorer:FrostMissile","RobotSpaceExplorer:MakeshiftVolley","RobotSpaceExplorer:ScrapToss","RobotSpaceExplorer:DoubleBlock+1","RobotSpaceExplorer:SlimeMissile+1"],"picked":"SKIP","floor":40},{"not_picked":["RobotSpaceExplorer:GlueShot+1","RobotSpaceExplorer:StarLightning","RobotSpaceExplorer:LaserBurst","RobotSpaceExplorer:DroneSwarm","RobotSpaceExplorer:GearShield"],"picked":"SKIP","floor":44},{"not_picked":["RobotSpaceExplorer:Electropulse+1","RobotSpaceExplorer:SurgingShield","RobotSpaceExplorer:Counterblock","RobotSpaceExplorer:Ammunition"],"picked":"RobotSpaceExplorer:ImprovisedAttack","floor":45},{"not_picked":["RobotSpaceExplorer:MakeshiftVolley+1","RobotSpaceExplorer:JunkDive","RobotSpaceExplorer:SlimeMissile+1","RobotSpaceExplorer:ChargingLaser","RobotSpaceExplorer:ShovelStrike+1"],"picked":"SKIP","floor":46},{"not_picked":["RobotSpaceExplorer:ShockKick","RobotSpaceExplorer:Discharger","RobotSpaceExplorer:SurgingShield","RobotSpaceExplorer:ShovelStrike+1","RobotSpaceExplorer:ImprovisedAttack"],"picked":"SKIP","floor":48},{"not_picked":["RobotSpaceExplorer:Electroshield+1","RobotSpaceExplorer:LuckyStrike","RobotSpaceExplorer:StunGrenade","RobotSpaceExplorer:Pulsar+1","RobotSpaceExplorer:GearShield"],"picked":"SKIP","floor":55},{"not_picked":["RobotSpaceExplorer:Electroshield+1","RobotSpaceExplorer:LuckyStrike","RobotSpaceExplorer:StunGrenade","RobotSpaceExplorer:Pulsar+1","RobotSpaceExplorer:GearShield"],"picked":"SKIP","floor":55},{"not_picked":["RobotSpaceExplorer:Electroshield+1","RobotSpaceExplorer:LuckyStrike","RobotSpaceExplorer:StunGrenade","RobotSpaceExplorer:Pulsar+1","RobotSpaceExplorer:GearShield"],"picked":"SKIP","floor":55}],"player_experience":178151,"relics_obtained":[{"floor":1,"key":"SynthV:TestCard"},{"floor":4,"key":"aspiration:RunicSpoon"},{"floor":6,"key":"Runic Pyramid"},{"floor":6,"key":"AT_SilvercatRing"},{"floor":7,"key":"BirthdayGift-Icosahedron"},{"floor":8,"key":"Dead Branch"},{"floor":10,"key":"Lee\u0027s Waffle"},{"floor":13,"key":"D6"},{"floor":16,"key":"CrazyTorch:ReiMu"},{"floor":18,"key":"DoctorsRemote"},{"floor":23,"key":"Runesmith:Nanobots"},{"floor":23,"key":"RottenBaby"},{"floor":23,"key":"Thread and Needle"},{"floor":24,"key":"Sling"},{"floor":24,"key":"Shovel"},{"floor":24,"key":"Tiny Chest"},{"floor":25,"key":"BionicSphere"},{"floor":25,"key":"WarlordEmblem:MantleMarkzar"},{"floor":26,"key":"NightmareShop"},{"floor":29,"key":"MagicMushroom"},{"floor":29,"key":"RhineCircuit"},{"floor":30,"key":"HereWithMe"},{"floor":30,"key":"WarlordEmblem:SaveLoadDisk"},{"floor":32,"key":"Ancient Tea Set"},{"floor":33,"key":"AT_LudenTempest"},{"floor":33,"key":"aspiration:HatOfInfinitePower"},{"floor":33,"key":"AntiCross"},{"floor":35,"key":"RuthlessExorcism:ReiMu"},{"floor":40,"key":"RhineSuit"},{"floor":40,"key":"Runesmith:AutoHammer"},{"floor":42,"key":"REME_DuelDisc"},{"floor":43,"key":"RedLine:ReiMu"},{"floor":44,"key":"BloodDonationMachine"},{"floor":44,"key":"WarlordEmblem:BreastProtector"},{"floor":45,"key":"GuanYuAspect"},{"floor":45,"key":"bronze:MakeshiftBattery"},{"floor":45,"key":"WarlordEmblem:Scar"},{"floor":45,"key":"Leech"},{"floor":46,"key":"PureWhite:ReiMu"},{"floor":46,"key":"SteamSale"},{"floor":48,"key":"DollysMirror"},{"floor":48,"key":"UnicornStump"},{"floor":49,"key":"Runesmith:Locket"},{"floor":53,"key":"Habit"},{"floor":55,"key":"Technique"},{"floor":55,"key":"MaYiHuaBei"}],"event_choices":[],"is_beta":false,"boss_relics":[{"not_picked":["Astrolabe","Strange Spoon"],"picked":"RobotSpaceExplorer:SearchSpecs"},{"not_picked":[]},{"not_picked":["Omamori","Boot"],"picked":"Pocketwatch"},{"not_picked":[]}],"items_purged_floors":[3,3,3,3,3,3,14,14,14,14,20,20,20,20,28,28,28,28,28,28,28,28,28,28,28,28,28,37,37,37,37,37,39,39,39,54,54,54],"is_endless":false,"potions_floor_spawned":[1,4,6,6,6,8,8,13,16,23,23,24,25,29,29,30,30,33,33,40,40,40,40,45,45,46,46,48,48,55,55],"killed_by":"Shield and Spear","ascension_level":20}}