{"host":"d8d3jqle49sogkjv","time":1614191713,"event":{"mods":["BaseMod","Colored Map","Colored Powertips","Minty Spire (QoL Compilation)","StSLib"],"gold_per_floor":[115,115,127,137,62,92,13,43,43,76,93,93,23,33,33,129,129,148,166,265,265,8,43,43,43,43,71,171,204,204,231,231,326,326,342,361,149,169,188,188,237,268,319,319,319],"floor_reached":44,"language":"ENG","playtime":2367,"items_purged":["Strike_B","Strike_B","Strike_B"],"score":863,"play_id":"ed6b8c63-3900-46c3-bbc5-6c273db59bc9","local_time":"20210224193513","is_ascension_mode":true,"campfire_choices":[{"floor":12,"key":"REST"},{"data":"Zap","floor":15,"key":"SMITH"},{"data":"Blind","floor":25,"key":"SMITH"},{"floor":30,"key":"REST"},{"data":"Fusion","floor":32,"key":"SMITH"},{"data":"Buffer","floor":40,"key":"SMITH"}],"circlet_count":0,"master_deck":["AscendersBane","Strike_B","Defend_B","Defend_B","Defend_B","Defend_B","Zap+1","Dualcast","Streamline","Fusion+1","Blind+1","Glacier","Scrape","Scrape","Scrape","Go for the Eyes","Chill","FTL","Streamline","All For One","Chill","Beam Cell","Go for the Eyes","Coolheaded+1","Beam Cell","Buffer+1","Gash","Gash+1","Finesse","Loop+1","Streamline+1","Loop+1","Go for the Eyes+1","Pain"],"relics":["Cracked Core","StoneCalendar","Boot","Cables","Bag of Marbles","MealTicket","Cursed Key","Omamori","Blood Vial","Bronze Scales","Girya","Emotion Chip","Smiling Mask","Calling Bell","Lantern","Frozen Egg 2","FossilizedHelix","TungstenRod","Regal Pillow"],"acts_visited":["Exordium","TheCity","TheBeyond"],"potions_floor_usage":[10,11,14,23,23,29,39,39,42,44],"damage_taken":[{"damage":3,"enemies":"2 Louse","floor":1,"turns":3},{"damage":0,"enemies":"Cultist","floor":3,"turns":3},{"damage":2,"enemies":"Jaw Worm","floor":4,"turns":3},{"damage":15,"enemies":"Lagavulin","floor":6,"turns":7},{"damage":25,"enemies":"3 Sentries","floor":8,"turns":7},{"damage":20,"enemies":"Lagavulin","floor":10,"turns":5},{"damage":0,"enemies":"Looter","floor":11,"turns":1},{"damage":4,"enemies":"3 Louse","floor":14,"turns":3},{"damage":17,"enemies":"Hexaghost","floor":16,"turns":8},{"damage":2,"enemies":"Spheric Guardian","floor":18,"turns":4},{"damage":12,"enemies":"Chosen","floor":19,"turns":4},{"damage":12,"enemies":"Slavers","floor":23,"turns":4},{"damage":15,"enemies":"Book of Stabbing","floor":27,"turns":4},{"damage":0,"enemies":"Slavers","floor":29,"turns":3},{"damage":22,"enemies":"Book of Stabbing","floor":31,"turns":4},{"damage":33,"enemies":"Automaton","floor":33,"turns":8},{"damage":0,"enemies":"3 Darklings","floor":35,"turns":6},{"damage":0,"enemies":"Orb Walker","floor":36,"turns":3},{"damage":9,"enemies":"3 Darklings","floor":38,"turns":6},{"damage":3,"enemies":"Sphere and 2 Shapes","floor":39,"turns":7},{"damage":3,"enemies":"2 Orb Walkers","floor":41,"turns":6},{"damage":37,"enemies":"Nemesis","floor":42,"turns":7},{"damage":44,"enemies":"Giant Head","floor":44,"turns":7}],"seed_played":"3943074984688137894","potions_obtained":[{"floor":8,"key":"Strength Potion"},{"floor":10,"key":"SteroidPotion"},{"floor":11,"key":"SpeedPotion"},{"floor":16,"key":"Ancient Potion"},{"floor":18,"key":"PowerPotion"},{"floor":23,"key":"Explosive Potion"},{"floor":33,"key":"LiquidMemories"},{"floor":38,"key":"DistilledChaos"},{"floor":41,"key":"SkillPotion"},{"floor":42,"key":"Dexterity Potion"}],"is_trial":false,"path_per_floor":["M","?","M","M","$","E","$","E","T","E","M","R","$","M","R","B",null,"M","M","?","?","$","E","?","R","T","E","?","E","R","E","R","B",null,"M","M","$","M","M","R","?","E","T","E"],"character_chosen":"DEFECT","items_purchased":["Scrape","FTL","Omamori","Finesse","Loop+1"],"campfire_rested":2,"item_purchase_floors":[7,13,22,37,37],"current_hp_per_floor":[65,65,65,63,63,48,48,23,23,3,3,23,38,34,34,17,55,53,41,41,41,56,44,44,44,44,31,31,33,53,33,33,2,52,54,56,68,59,58,58,57,22,22,0,0],"gold":319,"neow_bonus":"ONE_RARE_RELIC","is_daily":false,"chose_seed":false,"campfire_upgraded":4,"win_rate":0.0,"timestamp":1614191713,"path_taken":["M","?","?","M","$","E","$","E","T","E","?","R","?","M","R","BOSS","M","M","?","?","$","E","?","R","T","E","?","E","R","E","R","BOSS","M","M","$","M","?","R","?","E","T","E"],"items_purchased_type":["Card","Card","Relic","Card","Card"],"build_version":"2020-12-22","purchased_purges":3,"victory":false,"max_hp_per_floor":[68,68,68,68,68,68,68,68,68,68,68,68,68,68,68,68,68,68,68,68,68,68,68,68,68,68,68,68,68,68,68,68,68,68,68,68,68,68,68,68,68,68,68,68,68],"card_choices":[{"not_picked":["Go for the Eyes","Coolheaded"],"picked":"Streamline","floor":1},{"not_picked":["Coolheaded","Rebound"],"picked":"Glacier","floor":3},{"not_picked":["Defragment","Hologram"],"picked":"Scrape","floor":4},{"not_picked":["Barrage","Meteor Strike"],"picked":"Scrape","floor":6},{"not_picked":["Redo","Coolheaded"],"picked":"Go for the Eyes","floor":8},{"not_picked":["Double Energy","Self Repair"],"picked":"Chill","floor":10},{"not_picked":["Coolheaded","Barrage","Stack"],"picked":"SKIP","floor":11},{"not_picked":["Cold Snap","Force Field"],"picked":"Streamline","floor":14},{"not_picked":["Echo Form","Buffer"],"picked":"All For One","floor":16},{"not_picked":["Reinforced Body","Chaos","Hologram"],"picked":"SKIP","floor":18},{"not_picked":["Scrape","Auto Shields"],"picked":"Chill","floor":19},{"not_picked":["Fusion","Recycle"],"picked":"Go for the Eyes","floor":23},{"not_picked":["Loop","Sweeping Beam"],"picked":"Coolheaded+1","floor":27},{"not_picked":["Redo","Reinforced Body"],"picked":"Beam Cell","floor":29},{"not_picked":["Stack","Heatsinks","Barrage+1"],"picked":"SKIP","floor":31},{"not_picked":["Hyperbeam","Creative AI"],"picked":"Buffer","floor":33},{"not_picked":["Coolheaded","Sweeping Beam"],"picked":"Gash","floor":35},{"not_picked":["Coolheaded","Conserve Battery+1"],"picked":"Gash+1","floor":36},{"not_picked":["Melter+1","Cold Snap"],"picked":"Streamline+1","floor":38},{"not_picked":["Turbo","Coolheaded"],"picked":"Loop+1","floor":39},{"not_picked":["Creative AI+1","Coolheaded+1"],"picked":"Go for the Eyes+1","floor":41},{"not_picked":["Ball Lightning+1","Sweeping Beam","Redo"],"picked":"SKIP","floor":42}],"player_experience":453404,"relics_obtained":[{"floor":6,"key":"Boot"},{"floor":8,"key":"Cables"},{"floor":9,"key":"Bag of Marbles"},{"floor":10,"key":"MealTicket"},{"floor":23,"key":"Blood Vial"},{"floor":26,"key":"Bronze Scales"},{"floor":27,"key":"Girya"},{"floor":29,"key":"Emotion Chip"},{"floor":31,"key":"Smiling Mask"},{"floor":34,"key":"Lantern"},{"floor":34,"key":"Frozen Egg 2"},{"floor":34,"key":"FossilizedHelix"},{"floor":41,"key":"TungstenRod"},{"floor":42,"key":"Regal Pillow"}],"event_choices":[{"damage_healed":0,"gold_gain":0,"player_choice":"2 cards matched","damage_taken":0,"max_hp_gain":0,"max_hp_loss":0,"event_name":"Match and Keep!","floor":2,"gold_loss":0,"cards_obtained":["Fusion","Blind"]},{"damage_healed":0,"gold_gain":99,"player_choice":"Stole From Cult","damage_taken":0,"max_hp_gain":0,"max_hp_loss":0,"event_name":"Nest","floor":20,"gold_loss":0},{"damage_healed":0,"gold_gain":0,"player_choice":"Read","damage_taken":0,"max_hp_gain":0,"max_hp_loss":0,"event_name":"The Library","floor":21,"gold_loss":0,"cards_obtained":["Beam Cell"]},{"damage_healed":0,"gold_gain":0,"player_choice":"Ignored","damage_taken":0,"max_hp_gain":0,"max_hp_loss":0,"event_name":"Ghosts","floor":24,"gold_loss":0},{"damage_healed":0,"gold_gain":100,"player_choice":"Pray","damage_taken":0,"max_hp_gain":0,"max_hp_loss":0,"event_name":"Golden Shrine","floor":28,"gold_loss":0},{"damage_healed":0,"gold_gain":0,"player_choice":"Fight","damage_taken":0,"max_hp_gain":0,"max_hp_loss":0,"event_name":"Mysterious Sphere","floor":41,"gold_loss":0}],"is_beta":false,"boss_relics":[{"not_picked":["Runic Dome","Ectoplasm"],"picked":"Cursed Key"},{"not_picked":["Tiny House","Astrolabe"],"picked":"Calling Bell"}],"items_purged_floors":[5,22,37],"is_endless":false,"potions_floor_spawned":[8,10,11,16,18,19,23,33,38,41,42],"killed_by":"Giant Head","ascension_level":11}}