{"host":"9nndy8b5p9ivqzyi","time":1614205365,"event":{"mods":["Act Like it!","Aspiration","BaseMod","Colored Powertips","Conspire","Downfall","Halation","Hubris","Minty Spire (QoL Compilation)","Relic Sorter","Reliquary","Replay The Spire","Ruina","StSLib"],"gold_per_floor":[199,214,231,251,251,251,251,281,81,100,100,100,100,100,117,213,213,213,233,252,43,43,61,61,61,61,74,74,74,74],"floor_reached":28,"language":"ENG","playtime":1385,"items_purged":["Looming Evil"],"score":218,"play_id":"f904b205-b592-46a1-855e-c93391046b8e","local_time":"20210224222245","is_ascension_mode":false,"campfire_choices":[{"data":"Slimebound:Split","floor":1.0,"key":"SMITH"},{"floor":6.0,"key":"RECALL"},{"data":"Slimebound:SplitBruiser","floor":9.0,"key":"SMITH"},{"floor":13.0,"key":"REST"},{"floor":18.0,"key":"DIG"},{"floor":25.0,"key":"REST"}],"circlet_count":0,"master_deck":["Slimebound:Strike_Slimebound","Slimebound:Strike_Slimebound","Slimebound:Tackle","Slimebound:Defend_Slimebound","Slimebound:Defend_Slimebound","Slimebound:Defend_Slimebound","Slimebound:Defend_Slimebound","Slimebound:Split+1","Slimebound:CorrosiveSpit","Slimebound:SlimeSpikes","Slimebound:ItLooksTasty","Slimebound:SelfFormingGoo","Slimebound:SplitBruiser+1","Slimebound:Schlurp","Slimebound:HauntingLick","Slimebound:Overexert","Slimebound:SplitAcid","Slimebound:PressTheAttack","Slimebound:LevelUp","Slimebound:SlimeTap","Writhe","Slimebound:LeechEnergy+1","Slimebound:SplitMire"],"relics":["halation:TwoAmDonut","downfall:HeartBlessingRed","downfall:HeartBlessingBlue","ReplayTheSpireMod:Ring of Collecting","m_SlimeRing","conspire:RoyalGoblet","Meat on the Bone","ruina:Goodbye","Ring of Hypnosis","hubris:DisguiseKit"],"acts_visited":["Exordium","Exordium"],"potions_floor_usage":[],"damage_taken":[{"damage":0.0,"enemies":"Cultist","floor":2.0,"turns":4.0},{"damage":0.0,"enemies":"2 Louse","floor":3.0,"turns":3.0},{"damage":0.0,"enemies":"Small Slimes","floor":4.0,"turns":3.0},{"damage":38.0,"enemies":"3 Sentries","floor":8.0,"turns":10.0},{"damage":17.0,"enemies":"3 Louse","floor":10.0,"turns":2.0},{"damage":1.0,"enemies":"Lots of Slimes","floor":15.0,"turns":4.0},{"damage":35.0,"enemies":"IC_STATUS_ARCHETYPE","floor":16.0,"turns":5.0},{"damage":30.0,"enemies":"ruina:BadWolf","floor":19.0,"turns":5.0},{"damage":24.0,"enemies":"ruina:Nosferatu","floor":20.0,"turns":5.0},{"damage":0.0,"enemies":"downfall:FleeingMerchant","floor":21.0,"turns":4.0},{"damage":26.0,"enemies":"ruina:KnightOfDespair","floor":23.0,"turns":5.0},{"damage":29,"enemies":"ruina:3_Scarecrows","floor":27,"turns":4},{"damage":42,"enemies":"ruina:ServantOfWrath","floor":28,"turns":4}],"seed_played":"7876917573083366935","potions_obtained":[{"floor":8.0,"key":"Fire Potion"},{"floor":10.0,"key":"Slimebound:SlimedPotion"},{"floor":14.0,"key":"downfall:CursedFountainPotion"},{"floor":19.0,"key":"SkillPotion"},{"floor":20.0,"key":"ColorlessPotion"},{"floor":23.0,"key":"hexamod:SoulburnPotion"}],"is_trial":false,"path_per_floor":["R","M","M","M","?","R","T","E","R","M","?","?","R","?","M","B",null,"R","M","M","$","?","M","T","R","?","M","E"],"character_chosen":"SLIMEBOUND","items_purchased":["Slimebound:LevelUp","Slimebound:SlimeTap"],"campfire_rested":2,"item_purchase_floors":[21,21],"current_hp_per_floor":[65,65,65,65,65,65,65,27,37,20,20,20,42,42,41,6,75,75,45,33,45,45,31,31,53,53,36,0,0,0],"gold":74,"neow_bonus":"HUNDRED_GOLD","is_daily":false,"chose_seed":false,"campfire_upgraded":2,"win_rate":0.0,"timestamp":1614205365,"path_taken":["R","M","?","M","?","R","T","E","R","M","?","?","R","?","M","BOSS","R","M","?","$","?","M","T","R","?","M","E"],"items_purchased_type":["Card","Card"],"build_version":"2020-12-22","purchased_purges":1,"victory":false,"max_hp_per_floor":[65,65,65,65,65,65,65,65,75,75,75,75,75,75,75,75,75,75,75,75,75,75,75,75,75,75,75,75,75,75],"card_choices":[{"not_picked":["Slimebound:SamplingLick","Slimebound:GoopTackle"],"picked":"Slimebound:SlimeSpikes","floor":2.0},{"not_picked":["Slimebound:SplitAcid","Slimebound:BestDefense"],"picked":"Slimebound:ItLooksTasty","floor":3.0},{"not_picked":["Slimebound:ItLooksTasty","Slimebound:PressTheAttack"],"picked":"Slimebound:SelfFormingGoo","floor":4.0},{"not_picked":["Slimebound:SpikyOuterGoop","Slimebound:FlameTackle"],"picked":"Slimebound:SplitBruiser","floor":8.0},{"not_picked":["Slimebound:SlimeBrawl","Slimebound:Equalize"],"picked":"Slimebound:Schlurp","floor":10.0},{"not_picked":["Slimebound:AcidTongue","Slimebound:LeechingTouch"],"picked":"Slimebound:HauntingLick","floor":15.0},{"not_picked":["Slimebound:DouseInSlime","Slimebound:WasteNot"],"picked":"Slimebound:Overexert","floor":16.0},{"not_picked":["Slimebound:LeechingTouch","Slimebound:Replication"],"picked":"Slimebound:SplitAcid","floor":19.0},{"not_picked":["Slimebound:HauntingLick","Slimebound:GoopTackle","Slimebound:RainOfGoop"],"picked":"SKIP","floor":20.0},{"not_picked":["Slimebound:GoopSpray","Slimebound:OneTwoCombo"],"picked":"Slimebound:PressTheAttack","floor":21.0},{"not_picked":["Slimebound:Nibble","Slimebound:FinishingTackle+1"],"picked":"Slimebound:LeechEnergy+1","floor":23.0},{"not_picked":["Slimebound:HauntingLick","Slimebound:ComboTackle","Guardian:WalkerClaw"],"picked":"Slimebound:SplitMire","floor":27}],"player_experience":124222,"relics_obtained":[{"floor":8.0,"key":"halation:TwoAmDonut"},{"floor":11.0,"key":"ReplayTheSpireMod:Ring of Collecting"},{"floor":18.0,"key":"Meat on the Bone"},{"floor":24.0,"key":"Ring of Hypnosis"},{"floor":24.0,"key":"hubris:DisguiseKit"}],"event_choices":[],"is_beta":false,"boss_relics":[{"not_picked":["hubris:HollowSoul","aspiration:SilentSkillbook"],"picked":"conspire:RoyalGoblet"}],"items_purged_floors":[21],"is_endless":false,"potions_floor_spawned":[8,10,19,20,23],"killed_by":"ruina:ServantOfWrath","ascension_level":0}}