{"host":"19r1ww88x2tc73i0","time":1614191364,"event":{"mods":["BaseMod","BetterRewards","Colored Map","Minty Spire (QoL Compilation)","Relic Stats","StSLib","SuperFastMode","slay the spire mod where everything is the same but ironclad has a cowboy hat"],"gold_per_floor":[117,117,117,136,101,101,131,131,131,131,30,30,46,65,65,65,65],"floor_reached":16,"language":"ENG","playtime":286,"items_purged":["Strike_G"],"score":246,"play_id":"22d8ebb8-ef6e-46ab-83e6-1237a3fb951c","local_time":"25640225012924","is_ascension_mode":true,"campfire_choices":[{"data":"Dagger Throw","floor":6.0,"key":"SMITH"},{"data":"Neutralize","floor":8.0,"key":"SMITH"},{"data":"Wraith Form v2","floor":10.0,"key":"SMITH"},{"data":"Accuracy","floor":15,"key":"SMITH"}],"circlet_count":0,"master_deck":["AscendersBane","Strike_G","Strike_G","Strike_G","Strike_G","Defend_G","Defend_G","Defend_G","Defend_G","Defend_G","Survivor","Neutralize+1","Accuracy+1","Dagger Throw+1","Wraith Form v2+1","Cloak And Dagger+1","Quick Slash","Eviscerate"],"relics":["Ring of the Snake","NeowsBlessing","Anchor","MealTicket","HornCleat"],"acts_visited":["Exordium"],"potions_floor_usage":[16],"damage_taken":[{"damage":0.0,"enemies":"Cultist","floor":1.0,"turns":1.0},{"damage":0.0,"enemies":"Jaw Worm","floor":4.0,"turns":1.0},{"damage":0.0,"enemies":"3 Sentries","floor":7.0,"turns":2.0},{"damage":0.0,"enemies":"Small Slimes","floor":13.0,"turns":4.0},{"damage":7,"enemies":"Gremlin Gang","floor":14,"turns":5},{"damage":59,"enemies":"Hexaghost","floor":16,"turns":14}],"seed_played":"2836502164401235886","potions_obtained":[{"floor":14,"key":"CunningPotion"}],"is_trial":false,"path_per_floor":["M","$","?","M","?","R","E","R","T","R","$","?","M","M","R","B"],"character_chosen":"THE_SILENT","items_purchased":["Cloak And Dagger"],"campfire_rested":0,"item_purchase_floors":[11],"current_hp_per_floor":[59,59,41,41,57,57,57,57,57,57,66,66,66,59,59,0,0],"gold":65,"neow_bonus":"THREE_ENEMY_KILL","is_daily":false,"chose_seed":false,"campfire_upgraded":4,"win_rate":0.0,"timestamp":1614191364,"path_taken":["M","$","?","M","?","R","E","R","T","R","?","?","M","?","R","BOSS"],"items_purchased_type":["Card"],"build_version":"2020-12-22","purchased_purges":1,"victory":false,"max_hp_per_floor":[66,66,66,66,66,66,66,66,66,66,66,66,66,66,66,66,66],"relic_stats":{"counters":[6,27],"MealTicket":9,"obtain_stats":[{"Anchor":3,"HornCleat":9,"NeowsBlessing":0,"MealTicket":7,"Ring of the Snake":0},{"Anchor":1,"HornCleat":3,"NeowsBlessing":0,"MealTicket":3,"Ring of the Snake":0},{"Anchor":1,"HornCleat":4,"NeowsBlessing":0,"MealTicket":4,"Ring of the Snake":0}],"Ring of the Snake":[12]},"card_choices":[{"not_picked":["Outmaneuver","Prepared"],"picked":"Accuracy","floor":1.0},{"not_picked":["PiercingWail","Bane"],"picked":"Dagger Throw","floor":4.0},{"not_picked":["All Out Attack","Expertise"],"picked":"Wraith Form v2","floor":7.0},{"not_picked":["Outmaneuver","Acrobatics"],"picked":"Quick Slash","floor":13.0},{"not_picked":["Underhanded Strike","Expertise"],"picked":"Eviscerate","floor":14}],"player_experience":1165958,"relics_obtained":[{"floor":7.0,"key":"MealTicket"},{"floor":9.0,"key":"HornCleat"}],"event_choices":[{"damage_healed":0.0,"max_hp_gain":0.0,"max_hp_loss":0.0,"gold_gain":0.0,"event_name":"Scrap Ooze","player_choice":"Success","floor":3.0,"gold_loss":0.0,"damage_taken":18.0,"relics_obtained":["Anchor"]},{"damage_healed":16.0,"max_hp_gain":0.0,"max_hp_loss":0.0,"gold_gain":0.0,"event_name":"The Cleric","player_choice":"Healed","floor":5.0,"gold_loss":35.0,"damage_taken":0.0},{"damage_healed":0.0,"max_hp_gain":0.0,"max_hp_loss":0.0,"gold_gain":0.0,"event_name":"Accursed Blacksmith","player_choice":"Forge","floor":12.0,"gold_loss":0.0,"damage_taken":0.0,"cards_upgraded":["Cloak And Dagger"]}],"is_beta":false,"boss_relics":[],"items_purged_floors":[11],"is_endless":false,"potions_floor_spawned":[14],"killed_by":"Hexaghost","ascension_level":20}}