{"host":"raaimkojny05jekw","time":1614181423,"event":{"mods":["AchievementEnabler","BaseMod","Colored Map","Colored Powertips","DeckTracker","Minty Spire (QoL Compilation)","Quick Restart","Rare Cards Sparkle","everything is the same but u backflip on backflip"],"gold_per_floor":[113,133,133,148,173,173,211,211,211,211,235,255,29,63,63,187,187,200,213,294,294,294,294,294,320,320,335,368,368,383,383,383,383,383],"floor_reached":33,"language":"KOR","playtime":1207,"items_purged":[],"score":440,"play_id":"565c0c7f-92f0-4141-a5e6-aeb41df6cc89","local_time":"20210225004343","is_ascension_mode":true,"campfire_choices":[{"data":"Battle Trance","floor":6,"key":"SMITH"},{"data":"Reaper","floor":8,"key":"SMITH"},{"data":"Armaments","floor":15,"key":"SMITH"},{"data":"Exhume","floor":23,"key":"SMITH"},{"data":"True Grit","floor":29,"key":"SMITH"},{"data":"Shrug It Off","floor":32,"key":"SMITH"}],"circlet_count":0,"master_deck":["AscendersBane","Strike_R+1","Strike_R+1","Strike_R","Strike_R","Defend_R","Defend_R","Defend_R","Defend_R","Bash+1","Shrug It Off+1","Wild Strike","Wild Strike","Battle Trance+1","Reaper+1","Thunderclap","Armaments+1","True Grit+1","Static Discharge+1","Exhume+1","Metallicize+1","Writhe","Fire Breathing+1","Electrodynamics+1"],"relics":["Burning Blood","Golden Idol","Whetstone","Frozen Egg 2","PrismaticShard","Bird Faced Urn","Runic Pyramid","Toxic Egg 2","Magic Flower","Bag of Preparation","Gremlin Horn","Regal Pillow","Nilry\u0027s Codex"],"acts_visited":["Exordium","TheCity"],"potions_floor_usage":[7,11,16,27,28,28],"damage_taken":[{"damage":1,"enemies":"Cultist","floor":1,"turns":4},{"damage":9,"enemies":"2 Louse","floor":2,"turns":4},{"damage":5,"enemies":"Small Slimes","floor":4,"turns":4},{"damage":10,"enemies":"Red Slaver","floor":5,"turns":3},{"damage":27,"enemies":"Lagavulin","floor":7,"turns":7},{"damage":11,"enemies":"Exordium Wildlife","floor":11,"turns":3},{"damage":8,"enemies":"2 Fungi Beasts","floor":12,"turns":4},{"damage":27,"enemies":"Gremlin Nob","floor":14,"turns":4},{"damage":24,"enemies":"Slime Boss","floor":16,"turns":11},{"damage":23,"enemies":"Spheric Guardian","floor":18,"turns":5},{"damage":17,"enemies":"Chosen","floor":19,"turns":5},{"damage":27,"enemies":"Centurion and Healer","floor":27,"turns":7},{"damage":39,"enemies":"Slavers","floor":28,"turns":5},{"damage":16,"enemies":"Snecko","floor":30,"turns":4},{"damage":140,"enemies":"Automaton","floor":33,"turns":12}],"seed_played":"-4765505214627851985","potions_obtained":[{"floor":2,"key":"SteroidPotion"},{"floor":7,"key":"FearPotion"},{"floor":14,"key":"SkillPotion"},{"floor":18,"key":"Swift Potion"},{"floor":19,"key":"SneckoOil"},{"floor":27,"key":"Dexterity Potion"}],"is_trial":false,"path_per_floor":["M","M","?","M","M","R","E","R","T","?","M","M","$","E","R","B",null,"M","M","T","?","?","R","?","T","T","M","E","R","M","?","R","B"],"character_chosen":"IRONCLAD","items_purchased":["PrismaticShard","Armaments","True Grit"],"campfire_rested":0,"item_purchase_floors":[13,13,13],"current_hp_per_floor":[77,74,54,55,51,51,30,30,30,30,37,45,45,29,29,28,67,57,54,54,54,54,54,54,54,54,78,78,78,80,64,64,0,0],"gold":383,"neow_bonus":"UPGRADE_CARD","is_daily":false,"chose_seed":false,"campfire_upgraded":6,"win_rate":0.0,"timestamp":1614181423,"path_taken":["M","?","?","M","M","R","E","R","T","?","M","M","$","E","R","BOSS","M","M","?","?","?","R","?","?","T","?","E","R","M","?","R","BOSS"],"items_purchased_type":["Relic","Card","Card"],"build_version":"2020-12-22","purchased_purges":0,"victory":false,"max_hp_per_floor":[80,80,80,80,80,80,80,80,80,80,80,80,80,80,80,80,80,80,80,80,80,80,80,80,80,80,80,80,80,80,80,80,80,80],"card_choices":[{"not_picked":["Body Slam","Sword Boomerang"],"picked":"Shrug It Off","floor":1},{"not_picked":["Reckless Charge","Fire Breathing"],"picked":"Wild Strike","floor":2},{"not_picked":["Rupture","Anger"],"picked":"Wild Strike","floor":4},{"not_picked":["Combust","Pommel Strike"],"picked":"Battle Trance","floor":5},{"not_picked":["Iron Wave","Clash"],"picked":"Reaper","floor":7},{"not_picked":["Body Slam","Wild Strike","Warcry"],"picked":"SKIP","floor":11},{"not_picked":["Twin Strike","Headbutt"],"picked":"Thunderclap","floor":12},{"not_picked":["Backflip","Seek"],"picked":"Static Discharge+1","floor":14},{"not_picked":["Rainbow","Creative AI+1"],"picked":"Exhume","floor":16},{"not_picked":["Cloak And Dagger","Rebound"],"picked":"Metallicize+1","floor":18},{"not_picked":["SashWhip","Dagger Spray","JustLucky"],"picked":"SKIP","floor":19},{"not_picked":["Weave","SandsOfTime","Searing Blow"],"picked":"SKIP","floor":27},{"not_picked":["Deflect+1","Nirvana+1"],"picked":"Electrodynamics+1","floor":28},{"not_picked":["Ball Lightning","Heatsinks+1","Doom and Gloom"],"picked":"SKIP","floor":30}],"player_experience":785143,"relics_obtained":[{"floor":7,"key":"Whetstone"},{"floor":9,"key":"Frozen Egg 2"},{"floor":14,"key":"Bird Faced Urn"},{"floor":20,"key":"Toxic Egg 2"},{"floor":25,"key":"Bag of Preparation"},{"floor":26,"key":"Gremlin Horn"},{"floor":28,"key":"Regal Pillow"},{"floor":31,"key":"Nilry\u0027s Codex"}],"event_choices":[{"damage_healed":0,"gold_gain":0,"player_choice":"Take Damage","damage_taken":20,"relics_obtained":["Golden Idol"],"max_hp_gain":0,"max_hp_loss":0,"event_name":"Golden Idol","floor":3,"gold_loss":0},{"cards_removed":["Strike_R"],"damage_healed":0,"gold_gain":0,"player_choice":"Purged","damage_taken":0,"max_hp_gain":0,"max_hp_loss":0,"event_name":"Purifier","floor":10,"gold_loss":0},{"damage_healed":0,"gold_gain":0,"player_choice":"Ignored","damage_taken":0,"max_hp_gain":0,"max_hp_loss":0,"event_name":"Ghosts","floor":21,"gold_loss":0},{"damage_healed":0,"gold_gain":0,"player_choice":"Opened","damage_taken":0,"relics_obtained":["Magic Flower"],"max_hp_gain":0,"max_hp_loss":0,"event_name":"The Mausoleum","floor":22,"gold_loss":0,"cards_obtained":["Writhe"]},{"damage_healed":0,"gold_gain":0,"player_choice":"Read","damage_taken":0,"max_hp_gain":0,"max_hp_loss":0,"event_name":"The Library","floor":24,"gold_loss":0,"cards_obtained":["Fire Breathing"]},{"damage_healed":0,"gold_gain":0,"player_choice":"Obtained Book","damage_taken":16,"max_hp_gain":0,"max_hp_loss":0,"event_name":"Cursed Tome","floor":31,"gold_loss":0}],"is_beta":false,"boss_relics":[{"not_picked":["SacredBark","Black Star"],"picked":"Runic Pyramid"}],"items_purged_floors":[],"is_endless":false,"potions_floor_spawned":[2,7,14,18,19,27],"killed_by":"Automaton","ascension_level":12}}