{"host":"ju1b3c4x8n2jtjm7","time":1614204175,"event":{"mods":["AchievementEnabler","BaseMod","Colored Map","Colored Powertips","Highlight Path","Minty Spire (QoL Compilation)","Quick Restart","Rare Cards Sparkle","Relic Stats","StSLib"],"gold_per_floor":[13,28,45,45,57,92,92,122,175,175,208,225,235,269,269,348,348,361,381,306,317,27,60,60,88,88,88,117,132,145,164,164,241,241,251,251,269,36,36,55,55,85,108,108,127,127,152,167,167,167,167,167,21,21,21],"floor_reached":54,"language":"ENG","playtime":3600,"items_purged":[],"score":1236,"play_id":"1c906cb3-9503-415d-b0f9-90fe65633716","local_time":"20210224230255","is_ascension_mode":true,"campfire_choices":[{"data":"Sweeping Beam","floor":10.0,"key":"SMITH"},{"data":"Fission","floor":15.0,"key":"SMITH"},{"data":"Biased Cognition","floor":24.0,"key":"SMITH"},{"data":"Loop","floor":32.0,"key":"SMITH"},{"floor":41.0,"key":"REST"},{"floor":44.0,"key":"RECALL"},{"data":"Consume","floor":46.0,"key":"SMITH"},{"data":"Undo","floor":49.0,"key":"SMITH"},{"data":"Creative AI","floor":52.0,"key":"SMITH"}],"circlet_count":0,"master_deck":["AscendersBane","Strike_B+1","Defend_B","Defend_B","Dualcast+1","Steam","Ball Lightning","Cold Snap","Ball Lightning","Cold Snap","Sweeping Beam+1","Fission+1","Loop+1","Go for the Eyes","Undo+1","Biased Cognition+1","Sweeping Beam+1","Blizzard+1","Thunder Strike+1","Hologram","Coolheaded","Loop+1","Rainbow","Cold Snap+1","Creative AI+1","Consume+1","Self Repair","Finesse","Aggregate","Defragment+1","Hologram+1","Undo"],"relics":["Cracked Core","Ornamental Fan","DataDisk","Oddly Smooth Stone","InkBottle","Bronze Scales","Astrolabe","ClockworkSouvenir","PreservedInsect","Shuriken","Kunai","The Courier","Strawberry","Black Star","Juzu Bracelet","Membership Card","Cables","Blood Vial","Akabeko","Smiling Mask","Frozen Eye"],"acts_visited":["Exordium","TheCity","TheBeyond","TheEnding"],"potions_floor_usage":[],"damage_taken":[{"damage":2.0,"enemies":"2 Louse","floor":1.0,"turns":2.0},{"damage":4.0,"enemies":"Jaw Worm","floor":2.0,"turns":2.0},{"damage":0.0,"enemies":"Small Slimes","floor":3.0,"turns":2.0},{"damage":9.0,"enemies":"Blue Slaver","floor":5.0,"turns":3.0},{"damage":12.0,"enemies":"Gremlin Nob","floor":6.0,"turns":3.0},{"damage":2.0,"enemies":"3 Sentries","floor":11.0,"turns":4.0},{"damage":5.0,"enemies":"Red Slaver","floor":12.0,"turns":2.0},{"damage":0.0,"enemies":"Large Slime","floor":13.0,"turns":3.0},{"damage":5.0,"enemies":"Gremlin Nob","floor":14.0,"turns":3.0},{"damage":18.0,"enemies":"The Guardian","floor":16.0,"turns":8.0},{"damage":8.0,"enemies":"3 Byrds","floor":18.0,"turns":3.0},{"damage":0.0,"enemies":"Shell Parasite","floor":19.0,"turns":3.0},{"damage":0.0,"enemies":"Chosen and Byrds","floor":21.0,"turns":4.0},{"damage":2.0,"enemies":"Gremlin Leader","floor":23.0,"turns":6.0},{"damage":12.0,"enemies":"Slavers","floor":25.0,"turns":2.0},{"damage":20.0,"enemies":"Gremlin Leader","floor":28.0,"turns":3.0},{"damage":0.0,"enemies":"Shelled Parasite and Fungi","floor":29.0,"turns":5.0},{"damage":0.0,"enemies":"Centurion and Healer","floor":30.0,"turns":5.0},{"damage":0.0,"enemies":"Snecko","floor":31.0,"turns":5.0},{"damage":2.0,"enemies":"Collector","floor":33.0,"turns":13.0},{"damage":15.0,"enemies":"3 Darklings","floor":35.0,"turns":5.0},{"damage":7.0,"enemies":"3 Shapes","floor":37.0,"turns":4.0},{"damage":26.0,"enemies":"Sphere and 2 Shapes","floor":40.0,"turns":5.0},{"damage":9.0,"enemies":"Reptomancer","floor":42.0,"turns":6.0},{"damage":0.0,"enemies":"4 Shapes","floor":45.0,"turns":7.0},{"damage":5.0,"enemies":"Spire Growth","floor":48.0,"turns":3.0},{"damage":17.0,"enemies":"Awakened One","floor":50.0,"turns":22.0},{"damage":0,"enemies":"Shield and Spear","floor":54,"turns":1}],"seed_played":"-312292278421171488","potions_obtained":[{"floor":1.0,"key":"SkillPotion"},{"floor":2.0,"key":"Ancient Potion"},{"floor":12.0,"key":"AttackPotion"},{"floor":14.0,"key":"Fruit Juice"},{"floor":21.0,"key":"AttackPotion"},{"floor":23.0,"key":"FearPotion"},{"floor":28.0,"key":"Energy Potion"},{"floor":31.0,"key":"SkillPotion"},{"floor":37.0,"key":"SteroidPotion"}],"is_trial":false,"path_per_floor":["M","M","M","?","M","E","?","?","T","R","E","M","M","E","R","B",null,"M","M","?","M","$","E","R","E","T","?","E","M","M","M","R","B",null,"M","?","M","$","?","M","R","E","T","R","M","R","T","M","R","B",null,"R","$","E"],"character_chosen":"DEFECT","items_purchased":["ClockworkSouvenir","PreservedInsect","Membership Card","Self Repair","Cables","FairyPotion","PowerPotion","Undo","Frozen Eye"],"campfire_rested":1,"item_purchase_floors":[22,22,38,38,38,53,53,53,53],"current_hp_per_floor":[66,62,62,47,38,26,51,51,51,51,49,44,44,39,39,21,62,54,54,54,54,54,57,57,45,45,45,32,32,32,32,32,30,73,58,58,51,51,51,32,58,56,56,56,65,65,65,62,62,54,79,79,79,81,81],"gold":21,"neow_bonus":"TRANSFORM_TWO_CARDS","is_daily":false,"chose_seed":false,"campfire_upgraded":7,"win_rate":0.0,"timestamp":1614204175,"path_taken":["M","M","M","?","M","E","?","?","T","R","E","?","M","E","R","BOSS","M","M","?","M","$","E","R","E","T","?","E","M","M","?","R","BOSS","M","?","M","$","?","M","R","E","T","R","M","R","?","M","R","BOSS","R","$","E"],"items_purchased_type":["Relic","Relic","Relic","Card","Relic","Potion","Potion","Card","Relic"],"build_version":"2020-12-22","purchased_purges":0,"victory":false,"max_hp_per_floor":[75,75,75,75,75,75,75,75,75,75,75,75,75,75,75,75,75,75,75,75,75,75,80,80,80,80,80,87,87,87,87,87,87,87,87,87,87,87,87,87,87,87,87,87,87,87,87,87,87,87,87,87,87,87,87],"relic_stats":{"counters":[28,134],"Astrolabe":["Sweeping Beam","Blizzard","Thunder Strike"],"PreservedInsect":276,"Juzu Bracelet":1,"Smiling Mask":0,"Cables":[39,12,24,3,0],"Blood Vial":8,"Ornamental Fan":[164],"Shuriken":[22],"Bronze Scales":[421],"Black Star":1,"Kunai":[20],"obtain_stats":[{"Astrolabe":17,"Oddly Smooth Stone":9,"PreservedInsect":22,"The Courier":26,"Juzu Bracelet":36,"Smiling Mask":47,"Akabeko":42,"ClockworkSouvenir":22,"Cables":38,"Blood Vial":42,"Frozen Eye":53,"DataDisk":8,"Ornamental Fan":6,"Shuriken":23,"Bronze Scales":14,"Strawberry":28,"Black Star":34,"Kunai":25,"Membership Card":38,"Cracked Core":0,"InkBottle":11},{"Astrolabe":10,"Oddly Smooth Stone":5,"PreservedInsect":13,"The Courier":15,"Juzu Bracelet":21,"Smiling Mask":25,"Akabeko":24,"ClockworkSouvenir":13,"Cables":22,"Blood Vial":24,"Frozen Eye":27,"DataDisk":5,"Ornamental Fan":5,"Shuriken":14,"Bronze Scales":9,"Strawberry":16,"Black Star":20,"Kunai":15,"Membership Card":22,"Cracked Core":0,"InkBottle":6},{"Astrolabe":32,"Oddly Smooth Stone":12,"PreservedInsect":42,"The Courier":50,"Juzu Bracelet":86,"Smiling Mask":108,"Akabeko":101,"ClockworkSouvenir":42,"Cables":90,"Blood Vial":101,"Frozen Eye":133,"DataDisk":12,"Ornamental Fan":12,"Shuriken":48,"Bronze Scales":24,"Strawberry":53,"Black Star":81,"Kunai":50,"Membership Card":90,"Cracked Core":0,"InkBottle":16}],"InkBottle":[42]},"card_choices":[{"not_picked":["Loop","Aggregate"],"picked":"Cold Snap","floor":1.0},{"not_picked":["Redo","Double Energy","Reprogram"],"picked":"SKIP","floor":2.0},{"not_picked":["Gash","Tempest"],"picked":"Ball Lightning","floor":3.0},{"not_picked":["Ball Lightning","Gash"],"picked":"Cold Snap","floor":5.0},{"not_picked":["Double Energy","Lockon"],"picked":"Sweeping Beam","floor":6.0},{"not_picked":["Tempest","Steam"],"picked":"Fission","floor":11.0},{"not_picked":["Scrape","Turbo"],"picked":"Loop","floor":12.0},{"not_picked":["Steam","Reprogram"],"picked":"Go for the Eyes","floor":13.0},{"not_picked":["Hyperbeam","Streamline"],"picked":"Undo","floor":14.0},{"not_picked":["Hyperbeam","Meteor Strike"],"picked":"Biased Cognition","floor":16.0},{"not_picked":["Rebound","Compile Driver"],"picked":"Hologram","floor":18.0},{"not_picked":["Turbo","FTL","Steam"],"picked":"SKIP","floor":19.0},{"not_picked":["Hologram","Storm"],"picked":"Coolheaded","floor":21.0},{"not_picked":["Double Energy","Fusion"],"picked":"Loop","floor":23.0},{"not_picked":["Sunder","Reinforced Body"],"picked":"Go for the Eyes","floor":25.0},{"not_picked":["Steam","Chaos"],"picked":"Rainbow","floor":28.0},{"not_picked":["Steam","Streamline","Stack"],"picked":"SKIP","floor":29.0},{"not_picked":["Hologram","Sunder"],"picked":"Cold Snap+1","floor":30.0},{"not_picked":["Biased Cognition","Gash+1","Sweeping Beam"],"picked":"SKIP","floor":31.0},{"not_picked":["Multi-Cast","Thunder Strike"],"picked":"Creative AI","floor":33.0},{"not_picked":["Sweeping Beam","Rebound","Steam"],"picked":"SKIP","floor":35.0},{"not_picked":["Genetic Algorithm+1","Heatsinks+1"],"picked":"Consume","floor":37.0},{"not_picked":["Steam","Storm"],"picked":"Aggregate","floor":40.0},{"not_picked":["Cold Snap","Barrage"],"picked":"Defragment+1","floor":42.0},{"not_picked":["Steam","White Noise"],"picked":"Hologram+1","floor":45.0},{"not_picked":["Sweeping Beam","Conserve Battery","Go for the Eyes"],"picked":"SKIP","floor":48.0}],"player_experience":544811,"relics_obtained":[{"floor":6.0,"key":"Ornamental Fan"},{"floor":9.0,"key":"Oddly Smooth Stone"},{"floor":11.0,"key":"InkBottle"},{"floor":14.0,"key":"Bronze Scales"},{"floor":23.0,"key":"Shuriken"},{"floor":25.0,"key":"Kunai"},{"floor":26.0,"key":"The Courier"},{"floor":28.0,"key":"Strawberry"},{"floor":42.0,"key":"Blood Vial"},{"floor":42.0,"key":"Akabeko"},{"floor":47.0,"key":"Smiling Mask"}],"event_choices":[{"damage_healed":0.0,"max_hp_gain":0.0,"max_hp_loss":0.0,"gold_gain":0.0,"event_name":"Shining Light","player_choice":"Entered Light","floor":4.0,"gold_loss":0.0,"damage_taken":15.0,"cards_upgraded":["Dualcast","Strike_B"]},{"damage_healed":25.0,"max_hp_gain":0.0,"max_hp_loss":0.0,"gold_gain":0.0,"event_name":"Big Fish","player_choice":"Banana","floor":7.0,"gold_loss":0.0,"damage_taken":0.0},{"damage_healed":0.0,"max_hp_gain":0.0,"max_hp_loss":0.0,"gold_gain":30.0,"event_name":"Dead Adventurer","player_choice":"Searched \u00273\u0027 times","floor":8.0,"gold_loss":0.0,"damage_taken":0.0,"relics_obtained":["DataDisk"]},{"cards_removed":["Defend_B"],"damage_healed":0.0,"max_hp_gain":0.0,"max_hp_loss":0.0,"gold_gain":0.0,"event_name":"Beggar","player_choice":"Gave Gold","floor":20.0,"gold_loss":75.0,"damage_taken":0.0},{"damage_healed":0.0,"max_hp_gain":0.0,"max_hp_loss":0.0,"gold_gain":0.0,"event_name":"Upgrade Shrine","player_choice":"Upgraded","floor":27.0,"gold_loss":0.0,"damage_taken":0.0,"cards_upgraded":["Loop"]},{"cards_removed":["Go for the Eyes"],"damage_healed":0.0,"max_hp_gain":0.0,"max_hp_loss":0.0,"gold_gain":0.0,"event_name":"WeMeetAgain","player_choice":"Gave Card","floor":36.0,"gold_loss":0.0,"damage_taken":0.0,"relics_obtained":["Juzu Bracelet"]},{"damage_healed":0.0,"max_hp_gain":0.0,"max_hp_loss":0.0,"gold_gain":0.0,"event_name":"Match and Keep!","player_choice":"1 cards matched","floor":39.0,"gold_loss":0.0,"damage_taken":0.0,"cards_obtained":["Finesse"]}],"is_beta":false,"boss_relics":[{"not_picked":["Runic Dome","SlaversCollar"],"picked":"Astrolabe"},{"not_picked":["Snecko Eye","Nuclear Battery"],"picked":"Black Star"}],"items_purged_floors":[],"is_endless":false,"potions_floor_spawned":[1,2,12,14,21,23,28,30,31,33,37,40],"killed_by":"Shield and Spear","ascension_level":13}}