{"host":"8piv3t5bmy3h6dgk","time":1614186435,"event":{"mods":["AchievementEnabler","Astrologer","Bard","BaseMod","Better Altar","Better Match","BetterRewards","Colored Map","Colored Powertips","Faster Ascension Climbing","Gold Saver","Hermit","Minty Spire (QoL Compilation)","Remove Card Discount Mod","StSLib","The Disciple","The Hierophant","The Marked","The Necromancer","The Problem Sleuth","The Valiant","The Wild Card","Weighted Paths"],"gold_per_floor":[221,242,302,302,365,365,448,500,526,595,115,191,233,315,315,315,315],"floor_reached":16,"language":"ENG","playtime":1653,"items_purged":["hierophant:Strike_Hierophant+1","hierophant:Strike_Hierophant","hierophant:Strike_Hierophant","hierophant:Defend_Hierophant","hierophant:Defend_Hierophant","hierophant:Defend_Hierophant"],"score":156,"play_id":"ba7b4da0-bd37-4030-a1a0-1dce75d68e10","local_time":"20210224120715","is_ascension_mode":false,"campfire_choices":[{"data":"hierophant:RustyCrate","floor":6,"key":"SMITH"},{"floor":15,"key":"REST"}],"circlet_count":0,"master_deck":["hierophant:Strike_Hierophant+1","hierophant:Punish","hierophant:ChurchCoffers","hierophant:Charity","hierophant:Doubloon","hierophant:MorningPrayer","hierophant:Refuge","hierophant:Doubloon","hierophant:HolyVerse","hierophant:FieryStrike","Apotheosis","hierophant:RepressedViolence","hierophant:Kindle","hierophant:RustyCrate+1","hierophant:Doubloon","hierophant:Doubloon","hierophant:RepressedViolence","hierophant:ThreeLashes","hierophant:SealAway","hierophant:DisplayOfPower","hierophant:TollTheBells","hierophant:Doubloon","hierophant:RecallFunds","hierophant:EyeForCoin","hierophant:PassingBell","hierophant:EyeForCoin","hierophant:FlamingChariot","hierophant:ArchangelShield","hierophant:MorningPrayer","hierophant:Doubloon+1","hierophant:Smite","hierophant:Doubloon+1","hierophant:HolyVerse+1","hierophant:FlamingChariot","hierophant:Doubloon+1","hierophant:Doubloon+1"],"relics":["hierophant:PropheticMaskRelic","Blue Candle","Whetstone","Toxic Egg 2","Odd Mushroom"],"acts_visited":["Exordium"],"potions_floor_usage":[7,14],"damage_taken":[{"damage":6,"enemies":"2 Louse","floor":1,"turns":4},{"damage":0,"enemies":"Cultist","floor":2,"turns":2},{"damage":0,"enemies":"Jaw Worm","floor":3,"turns":2},{"damage":19,"enemies":"Exordium Wildlife","floor":5,"turns":3},{"damage":38,"enemies":"3 Sentries","floor":7,"turns":9},{"damage":4,"enemies":"Large Slime","floor":8,"turns":3},{"damage":0,"enemies":"3 Louse","floor":10,"turns":1},{"damage":9,"enemies":"The Mushroom Lair","floor":12,"turns":3},{"damage":6,"enemies":"2 Fungi Beasts","floor":13,"turns":2},{"damage":0,"enemies":"Blue Slaver","floor":14,"turns":1},{"damage":35,"enemies":"Slime Boss","floor":16,"turns":3}],"seed_played":"-6363692177279297971","potions_obtained":[{"floor":5,"key":"Regen Potion"},{"floor":7,"key":"DuplicationPotion"},{"floor":10,"key":"DistilledChaos"},{"floor":14,"key":"PowerPotion"}],"is_trial":false,"path_per_floor":["M","M","M","?","M","R","E","M","T","M","$","?","M","M","R","B"],"character_chosen":"HIEROPHANT","items_purchased":["hierophant:Charity","hierophant:MorningPrayer","hierophant:Refuge","hierophant:HolyVerse","hierophant:FieryStrike","Apotheosis","hierophant:RepressedViolence","hierophant:Kindle","hierophant:RustyCrate","hierophant:RepressedViolence","hierophant:EyeForCoin","hierophant:FlamingChariot","hierophant:ArchangelShield","hierophant:MorningPrayer","Toxic Egg 2"],"campfire_rested":1,"item_purchase_floors":[0,0,0,0,0,0,0,0,0,0,11,11,11,11,11],"current_hp_per_floor":[69,69,69,69,50,50,27,23,23,23,23,14,8,8,30,0,0],"gold":315,"neow_bonus":"","is_daily":false,"chose_seed":false,"campfire_upgraded":1,"win_rate":0.0,"timestamp":1614186435,"path_taken":["M","M","M","?","M","R","E","M","T","M","?","?","?","M","R","BOSS"],"items_purchased_type":["Card","Card","Card","Card","Card","Card","Card","Card","Card","Card","Card","Card","Card","Card","Relic"],"build_version":"2020-12-22","purchased_purges":6,"victory":false,"max_hp_per_floor":[75,75,75,75,75,75,75,75,75,75,75,75,75,75,75,75,75],"card_choices":[{"not_picked":["hierophant:Upheaval","hierophant:RepressedViolence"],"picked":"hierophant:ThreeLashes","floor":1},{"not_picked":["hierophant:Alms","hierophant:Shelter"],"picked":"hierophant:SealAway","floor":2},{"not_picked":["hierophant:ThreeLashes","hierophant:RepressedViolence"],"picked":"hierophant:DisplayOfPower","floor":3},{"not_picked":["hierophant:FieryStrike","hierophant:ThreeLashes"],"picked":"hierophant:TollTheBells","floor":5},{"not_picked":["hierophant:LocustPlague","hierophant:Racketeering"],"picked":"hierophant:RecallFunds","floor":7},{"not_picked":["hierophant:Refuge","hierophant:Flagellation"],"picked":"hierophant:EyeForCoin","floor":8},{"not_picked":["hierophant:Shelter","hierophant:MorningPrayer"],"picked":"hierophant:PassingBell","floor":10},{"not_picked":["hierophant:Invocation+1","hierophant:Bribe+1"],"picked":"hierophant:Smite","floor":12},{"not_picked":["hierophant:Purify","hierophant:DisplayOfPower"],"picked":"hierophant:HolyVerse+1","floor":13},{"not_picked":["hierophant:DisplayOfPower","hierophant:MorningPrayer+1"],"picked":"hierophant:FlamingChariot","floor":14}],"player_experience":149590,"relics_obtained":[{"floor":7,"key":"Blue Candle"},{"floor":9,"key":"Whetstone"},{"floor":12,"key":"Odd Mushroom"}],"event_choices":[{"cards_removed":["hierophant:Defend_Hierophant"],"damage_healed":0,"gold_gain":0,"player_choice":"Offered Basic","damage_taken":0,"max_hp_gain":0,"max_hp_loss":0,"event_name":"Bonfire Elementals","floor":4,"gold_loss":0},{"damage_healed":0,"gold_gain":0,"player_choice":"Fought Mushrooms","damage_taken":0,"max_hp_gain":0,"max_hp_loss":0,"event_name":"Mushrooms","floor":12,"gold_loss":0}],"is_beta":false,"boss_relics":[],"items_purged_floors":[11,11,11,11,11,11],"is_endless":false,"potions_floor_spawned":[5,7,10,14],"killed_by":"Slime Boss","ascension_level":0}}