{"host":"9v3x998ddbx8o276","time":1614125272,"event":{"mods":["AchievementEnabler","BaseMod","Colored Map","Colored Powertips","Highlight Path","Minty Spire (QoL Compilation)","Quick Restart","Rare Cards Sparkle"],"gold_per_floor":[115,115,76,176,191,191,218,218,241,268,268,295,308,327,327,400,400,415,0,10,10,20,20,0,0,25,25,125,139,159,11,11,89,89,104,104,117,117,127,127,141,141,141,141,141],"floor_reached":44,"language":"ENG","playtime":2009,"items_purged":["Strike_G","Expertise"],"score":1002,"play_id":"0582faf1-34d4-4c08-9798-ce65e825064d","local_time":"20210224103752","is_ascension_mode":true,"campfire_choices":[{"data":"Corpse Explosion","floor":6.0,"key":"SMITH"},{"floor":8.0,"key":"REST"},{"floor":15.0,"key":"REST"},{"floor":23.0,"key":"REST"},{"floor":27.0,"key":"REST"},{"floor":32.0,"key":"REST"},{"floor":40,"key":"REST"}],"circlet_count":0,"master_deck":["AscendersBane","Strike_G+1","Strike_G+1","Strike_G+1","Defend_G+1","Defend_G+1","Defend_G+1","Defend_G+1","Defend_G+1","Survivor","Neutralize+1","Dagger Spray","Corpse Explosion+1","Masterful Stab","Calculated Gamble","Dagger Throw","Dash","Envenom","Cloak And Dagger","Blur","Adrenaline","Poisoned Stab+1","Catalyst","Slice","Prepared","Backstab","Blade Dance","Concentrate","Well Laid Plans+1","Bouncing Flask","Deflect","Bullet Time","Acrobatics","Noxious Fumes","Forethought","Enlightenment","Leg Sweep","Blur+1"],"relics":["Ring of the Snake","NeowsBlessing","Gambling Chip","Boot","Bird Faced Urn","Dream Catcher","SlaversCollar","Membership Card","Lizard Tail","Ancient Tea Set","Du-Vu Doll","Kunai","Potion Belt","Fusion Hammer","Art of War"],"acts_visited":["Exordium","TheCity","TheBeyond"],"potions_floor_usage":[],"damage_taken":[{"damage":0.0,"enemies":"Small Slimes","floor":1.0,"turns":2.0},{"damage":0.0,"enemies":"2 Louse","floor":5.0,"turns":1.0},{"damage":0.0,"enemies":"3 Sentries","floor":7.0,"turns":1.0},{"damage":10.0,"enemies":"Lagavulin","floor":10.0,"turns":5.0},{"damage":6.0,"enemies":"Gremlin Nob","floor":12.0,"turns":3.0},{"damage":0.0,"enemies":"Cultist","floor":13.0,"turns":3.0},{"damage":4.0,"enemies":"Blue Slaver","floor":14.0,"turns":3.0},{"damage":29.0,"enemies":"The Guardian","floor":16.0,"turns":13.0},{"damage":5.0,"enemies":"Chosen","floor":18.0,"turns":6.0},{"damage":24.0,"enemies":"Shell Parasite","floor":20.0,"turns":4.0},{"damage":13.0,"enemies":"Snake Plant","floor":22.0,"turns":4.0},{"damage":6.0,"enemies":"Colosseum Slavers","floor":28.0,"turns":2.0},{"damage":34.0,"enemies":"Colosseum Nobs","floor":28.0,"turns":4.0},{"damage":1.0,"enemies":"Centurion and Healer","floor":29.0,"turns":3.0},{"damage":1.0,"enemies":"Chosen and Byrds","floor":30.0,"turns":3.0},{"damage":58.0,"enemies":"Champ","floor":33.0,"turns":10.0},{"damage":0.0,"enemies":"Orb Walker","floor":35.0,"turns":3.0},{"damage":1,"enemies":"3 Darklings","floor":37,"turns":2},{"damage":42,"enemies":"Maw","floor":39,"turns":6},{"damage":16,"enemies":"Writhing Mass","floor":41,"turns":5},{"damage":24,"enemies":"3 Darklings","floor":44,"turns":3}],"seed_played":"4671751958029703081","potions_obtained":[{"floor":7.0,"key":"FearPotion"},{"floor":13.0,"key":"CultistPotion"},{"floor":16.0,"key":"Weak Potion"},{"floor":20.0,"key":"AttackPotion"},{"floor":28.0,"key":"SneckoOil"},{"floor":30.0,"key":"LiquidBronze"},{"floor":35.0,"key":"Poison Potion"}],"is_trial":false,"path_per_floor":["M","?","?","?","M","R","E","R","T","E","?","E","M","M","R","B",null,"M","$","M","?","M","R","$","?","T","R","?","M","M","$","R","B",null,"M","?","M","?","M","R","M","?","T","M"],"character_chosen":"THE_SILENT","items_purchased":["Membership Card","Lizard Tail","Catalyst","Backstab","Potion Belt","Deflect"],"campfire_rested":6,"item_purchase_floors":[19,19,19,24,31,31],"current_hp_per_floor":[59,39,39,39,39,39,39,58,58,48,48,42,42,38,57,30,57,54,54,32,32,19,38,38,38,38,57,17,18,17,17,36,20,55,55,55,54,49,13,32,16,16,16,0,0],"gold":141,"neow_bonus":"THREE_ENEMY_KILL","is_daily":false,"chose_seed":false,"campfire_upgraded":1,"win_rate":0.0,"timestamp":1614125272,"path_taken":["M","?","?","?","?","R","E","R","T","E","?","E","M","M","R","BOSS","M","?","?","?","M","R","$","?","T","R","?","M","?","$","R","BOSS","M","?","M","?","M","R","M","?","T","?"],"items_purchased_type":["Relic","Relic","Card","Card","Relic","Card"],"build_version":"2020-12-22","purchased_purges":2,"victory":false,"max_hp_per_floor":[66,66,66,66,66,66,66,66,66,66,66,66,66,66,66,66,66,66,66,66,66,66,66,66,66,66,66,66,66,66,66,66,66,66,66,66,66,66,66,66,66,66,66,66,66],"card_choices":[{"not_picked":["Outmaneuver","Expertise"],"picked":"Dagger Spray","floor":1.0},{"not_picked":["Deadly Poison","Dagger Throw"],"picked":"Corpse Explosion","floor":5.0},{"not_picked":["Unload","Deflect"],"picked":"Masterful Stab","floor":7.0},{"not_picked":["Dodge and Roll","Deflect"],"picked":"Calculated Gamble","floor":10.0},{"not_picked":["Dagger Spray","Tactician"],"picked":"Dash","floor":12.0},{"not_picked":["Sucker Punch","Acrobatics"],"picked":"Envenom","floor":13.0},{"not_picked":["Calculated Gamble","Bane"],"picked":"Cloak And Dagger","floor":14.0},{"not_picked":["Prepared","Backflip"],"picked":"Blur","floor":15.0},{"not_picked":["After Image","A Thousand Cuts"],"picked":"Adrenaline","floor":16.0},{"not_picked":["Terror","Expertise"],"picked":"Poisoned Stab+1","floor":18.0},{"not_picked":["Predator","Outmaneuver"],"picked":"Slice","floor":20.0},{"not_picked":["Terror","Endless Agony"],"picked":"Expertise","floor":22.0},{"not_picked":["Flying Knee","Sucker Punch"],"picked":"Prepared","floor":23.0},{"not_picked":["Acrobatics","Quick Slash"],"picked":"Blade Dance","floor":27.0},{"not_picked":["Dagger Spray","Quick Slash"],"picked":"Concentrate","floor":28.0},{"not_picked":["Backstab","Endless Agony"],"picked":"Well Laid Plans+1","floor":29.0},{"not_picked":["Prepared","Poisoned Stab"],"picked":"Bouncing Flask","floor":30.0},{"not_picked":["Night Terror","After Image"],"picked":"Bullet Time","floor":33.0},{"not_picked":["Flying Knee","Dagger Throw+1"],"picked":"Acrobatics","floor":35.0},{"not_picked":["Blade Dance","Acrobatics"],"picked":"Noxious Fumes","floor":37},{"not_picked":["Madness","Swift Strike"],"picked":"Forethought","floor":38},{"not_picked":["Chrysalis","Secret Weapon"],"picked":"Enlightenment","floor":38},{"not_picked":["Noxious Fumes","Crippling Poison+1"],"picked":"Leg Sweep","floor":39},{"not_picked":["Escape Plan","Distraction"],"picked":"Blur+1","floor":41}],"player_experience":2249024,"relics_obtained":[{"floor":7.0,"key":"Gambling Chip"},{"floor":9.0,"key":"Boot"},{"floor":10.0,"key":"Bird Faced Urn"},{"floor":12.0,"key":"Dream Catcher"},{"floor":26.0,"key":"Ancient Tea Set"},{"floor":28.0,"key":"Du-Vu Doll"},{"floor":28.0,"key":"Kunai"},{"floor":43,"key":"Art of War"}],"event_choices":[{"damage_healed":0.0,"max_hp_gain":0.0,"max_hp_loss":0.0,"gold_gain":0.0,"event_name":"Shining Light","player_choice":"Entered Light","floor":2.0,"gold_loss":0.0,"damage_taken":20.0,"cards_upgraded":["Neutralize","Defend_G"]},{"damage_healed":0.0,"max_hp_gain":0.0,"max_hp_loss":0.0,"gold_gain":0.0,"event_name":"World of Goop","player_choice":"Left Gold","floor":3.0,"gold_loss":39.0,"damage_taken":0.0},{"damage_healed":0.0,"max_hp_gain":0.0,"max_hp_loss":0.0,"gold_gain":100.0,"event_name":"Wheel of Change","player_choice":"Gold","floor":4.0,"gold_loss":0.0,"damage_taken":0.0},{"damage_healed":0.0,"max_hp_gain":0.0,"max_hp_loss":0.0,"gold_gain":0.0,"cards_transformed":["Strike_G"],"event_name":"Transmorgrifier","player_choice":"Transformed","floor":11.0,"gold_loss":0.0,"damage_taken":0.0,"cards_obtained":["Dagger Throw"]},{"damage_healed":0.0,"max_hp_gain":0.0,"max_hp_loss":0.0,"gold_gain":0.0,"event_name":"The Mausoleum","player_choice":"Ignored","floor":21.0,"gold_loss":0.0,"damage_taken":0.0},{"damage_healed":0.0,"max_hp_gain":0.0,"max_hp_loss":0.0,"gold_gain":0.0,"event_name":"Back to Basics","player_choice":"Simplicity","floor":25.0,"gold_loss":0.0,"damage_taken":0.0,"cards_upgraded":["Strike_G","Strike_G","Strike_G","Defend_G","Defend_G","Defend_G","Defend_G"]},{"damage_healed":0.0,"max_hp_gain":0.0,"max_hp_loss":0.0,"gold_gain":0.0,"event_name":"Colosseum","player_choice":"Fight","floor":28.0,"gold_loss":0.0,"damage_taken":0.0},{"damage_healed":0.0,"max_hp_gain":0.0,"max_hp_loss":0.0,"gold_gain":0.0,"event_name":"Colosseum","player_choice":"Fought Nobs","floor":28.0,"gold_loss":0.0,"damage_taken":0.0},{"damage_healed":0,"gold_gain":0,"player_choice":"Ignored","damage_taken":0,"max_hp_gain":0,"max_hp_loss":0,"event_name":"Mysterious Sphere","floor":36,"gold_loss":0},{"damage_healed":0,"gold_gain":0,"player_choice":"Memory 2","damage_taken":5,"max_hp_gain":0,"max_hp_loss":0,"event_name":"SensoryStone","floor":38,"gold_loss":0},{"damage_healed":0,"gold_gain":0,"player_choice":"Ignored","damage_taken":0,"max_hp_gain":0,"max_hp_loss":0,"event_name":"SecretPortal","floor":42,"gold_loss":0}],"is_beta":false,"boss_relics":[{"not_picked":["Philosopher\u0027s Stone","Runic Dome"],"picked":"SlaversCollar"},{"not_picked":["Cursed Key","WristBlade"],"picked":"Fusion Hammer"}],"items_purged_floors":[19,31],"is_endless":false,"potions_floor_spawned":[7,13,16,20,28,30,35],"killed_by":"3 Darklings","ascension_level":20}}