{"host":"rw1trt79hfpl7pom","time":1614176361,"event":{"mods":["BaseMod","Bestiary","Colored Map","Jorbs\u0027s Wanderer Trilogy","Minty Spire (QoL Compilation)","Relic Stats","StSLib","SuperFastMode"],"gold_per_floor":[114,134,134,144,0,0,0,25,52,52,52,78,78,104,104,180,180,198,123,123,123,123,123,123],"floor_reached":23,"language":"ENG","playtime":620,"items_purged":[],"score":406,"play_id":"a7b64a9c-7bb2-4d7e-b165-e696a3f8d885","local_time":"20210224061921","is_ascension_mode":true,"campfire_choices":[{"data":"Dagger Spray","floor":6.0,"key":"SMITH"},{"floor":10.0,"key":"REST"},{"data":"Noxious Fumes","floor":13.0,"key":"SMITH"},{"data":"Tools of the Trade","floor":15.0,"key":"SMITH"}],"circlet_count":0,"master_deck":["AscendersBane","Strike_G","Strike_G+1","Strike_G","Strike_G","Defend_G","Defend_G","Defend_G","Defend_G","Defend_G","Survivor+1","Neutralize","Dagger Spray+1","Predator","Tools of the Trade+1","Noxious Fumes+1","PiercingWail","Bullet Time","Cloak And Dagger","Blade Dance"],"relics":["SacredBark","Orichalcum","Pantograph","Kunai","HoveringKite"],"acts_visited":["Exordium","TheCity"],"potions_floor_usage":[],"damage_taken":[{"damage":1.0,"enemies":"Small Slimes","floor":1.0,"turns":5.0},{"damage":2.0,"enemies":"Jaw Worm","floor":2.0,"turns":5.0},{"damage":0.0,"enemies":"2 Louse","floor":4.0,"turns":3.0},{"damage":19.0,"enemies":"3 Sentries","floor":8.0,"turns":8.0},{"damage":13.0,"enemies":"Lagavulin","floor":12.0,"turns":6.0},{"damage":20.0,"enemies":"Gremlin Nob","floor":14.0,"turns":4.0},{"damage":30.0,"enemies":"The Guardian","floor":16.0,"turns":12.0},{"damage":31.0,"enemies":"Shell Parasite","floor":18.0,"turns":6.0},{"damage":5,"enemies":"Spheric Guardian","floor":23,"turns":3}],"seed_played":"2974830026594085876","potions_obtained":[{"floor":8.0,"key":"SkillPotion"}],"is_trial":false,"path_per_floor":["M","M","?","M","$","R","?","E","T","R","?","E","R","E","R","B",null,"M","?","?","?","?","M"],"character_chosen":"THE_SILENT","items_purchased":["Predator","FearPotion"],"campfire_rested":1,"item_purchase_floors":[5,5],"current_hp_per_floor":[58,56,36,36,36,36,36,17,17,36,41,28,28,8,8,3,54,23,23,23,3,3,0,0],"gold":123,"neow_bonus":"BOSS_RELIC","is_daily":false,"chose_seed":false,"campfire_upgraded":3,"win_rate":0.0,"timestamp":1614176361,"path_taken":["M","M","?","M","$","R","?","E","T","R","?","E","R","E","R","BOSS","M","?","?","?","?","M"],"items_purchased_type":["Card","Potion"],"build_version":"2020-12-22","purchased_purges":0,"victory":false,"max_hp_per_floor":[66,66,66,66,66,66,66,66,66,66,71,71,71,71,71,71,71,71,71,71,76,76,76,76],"relic_stats":{"counters":[9,52],"Pantograph":25,"HoveringKite":[2],"Kunai":[10],"Orichalcum":[102],"obtain_stats":[{"SacredBark":0,"Pantograph":12,"HoveringKite":17,"Kunai":14,"Orichalcum":8,"Ring of the Snake":0},{"SacredBark":0,"Pantograph":5,"HoveringKite":7,"Kunai":6,"Orichalcum":4,"Ring of the Snake":0},{"SacredBark":0,"Pantograph":27,"HoveringKite":43,"Kunai":31,"Orichalcum":21,"Ring of the Snake":0}]},"card_choices":[{"not_picked":["Outmaneuver","Prepared"],"picked":"Dagger Spray","floor":1.0},{"not_picked":["Poisoned Stab","A Thousand Cuts","Concentrate"],"picked":"SKIP","floor":2.0},{"not_picked":["Dagger Throw","Dodge and Roll","Sucker Punch"],"picked":"SKIP","floor":4.0},{"not_picked":["Slice","Dagger Spray"],"picked":"Tools of the Trade","floor":8.0},{"not_picked":["Outmaneuver","Crippling Poison"],"picked":"Noxious Fumes","floor":12.0},{"not_picked":["Bouncing Flask","Quick Slash"],"picked":"PiercingWail","floor":14.0},{"not_picked":["A Thousand Cuts","Glass Knife"],"picked":"Bullet Time","floor":16.0},{"not_picked":["PiercingWail","Noxious Fumes"],"picked":"Cloak And Dagger","floor":18.0}],"player_experience":2909424,"relics_obtained":[{"floor":8.0,"key":"Orichalcum"},{"floor":12.0,"key":"Pantograph"},{"floor":14.0,"key":"Kunai"}],"event_choices":[{"damage_healed":0.0,"max_hp_gain":0.0,"max_hp_loss":0.0,"gold_gain":0.0,"event_name":"Shining Light","player_choice":"Entered Light","floor":3.0,"gold_loss":0.0,"damage_taken":20.0,"cards_upgraded":["Survivor","Strike_G"]},{"damage_healed":0.0,"max_hp_gain":0.0,"max_hp_loss":0.0,"gold_gain":0.0,"event_name":"Liars Game","player_choice":"Ignored","floor":7.0,"gold_loss":0.0,"damage_taken":0.0},{"damage_healed":0.0,"max_hp_gain":5.0,"max_hp_loss":0.0,"gold_gain":0.0,"event_name":"Big Fish","player_choice":"Donut","floor":11.0,"gold_loss":0.0,"damage_taken":0.0},{"cards_removed":["Strike_G"],"damage_healed":0.0,"max_hp_gain":0.0,"max_hp_loss":0.0,"gold_gain":0.0,"event_name":"Beggar","player_choice":"Gave Gold","floor":19.0,"gold_loss":75.0,"damage_taken":0.0},{"damage_healed":0.0,"max_hp_gain":0.0,"max_hp_loss":0.0,"gold_gain":0.0,"event_name":"The Library","player_choice":"Read","floor":20.0,"gold_loss":0.0,"damage_taken":0.0,"cards_obtained":["Blade Dance"]},{"damage_healed":0.0,"max_hp_gain":5.0,"max_hp_loss":0.0,"gold_gain":0.0,"event_name":"Forgotten Altar","player_choice":"Shed Blood","floor":21.0,"gold_loss":0.0,"damage_taken":25.0},{"damage_healed":0,"gold_gain":0,"player_choice":"Ignored","damage_taken":0,"max_hp_gain":0,"max_hp_loss":0,"event_name":"The Mausoleum","floor":22,"gold_loss":0}],"is_beta":false,"boss_relics":[{"not_picked":["Cursed Key","Ectoplasm"],"picked":"HoveringKite"}],"items_purged_floors":[],"is_endless":false,"potions_floor_spawned":[8],"killed_by":"Spheric Guardian","ascension_level":20}}