{"host":"s8caws4n06h39s1x","time":1614179574,"event":{"mods":["BaseMod","Colored Powertips","Highlight Path","Minty Spire (QoL Compilation)","Quick Restart"],"gold_per_floor":[118,134,152,327,327,356,356,390,390,417,417,451,464,20,20,125,125,141,240,240,161,179,206,206,238,319,344,29,40,73,73,73,169,169,181,0,0,0,19,54,54,83,109,141,154,201,234,245,245,245],"floor_reached":51,"language":"ENG","playtime":2250,"items_purged":["Doubt"],"score":1342,"play_id":"6586f50a-1e90-4017-afa1-143dedc226d9","local_time":"20210224161254","daily_mods":["Insanity","Colorless Cards","Elite Swarm"],"is_ascension_mode":false,"campfire_choices":[{"floor":7,"key":"REST"},{"data":"Panache","floor":11,"key":"SMITH"},{"data":"Apotheosis","floor":15,"key":"SMITH"},{"floor":24,"key":"REST"},{"floor":32,"key":"REST"},{"floor":41,"key":"REST"},{"floor":49,"key":"REST"}],"circlet_count":0,"master_deck":["Prepared","PiercingWail","PiercingWail","Slice","Backflip","Riddle With Holes","Dramatic Entrance","Deadly Poison","Deadly Poison","Dodge and Roll","Quick Slash","Sucker Punch","Flash of Steel","Dramatic Entrance","PiercingWail","Dagger Throw","Dagger Throw","Impatience","Deflect","Leg Sweep","Panacea","Distraction","Bane","Endless Agony","Underhanded Strike","Footwork","Cloak And Dagger","Expertise","Masterful Stab","Calculated Gamble","Endless Agony","Cloak And Dagger","Footwork","Dodge and Roll","Dagger Throw","Jack Of All Trades","Enlightenment","Discovery","PiercingWail","Deflect","Backstab","Acrobatics","Slice","Poisoned Stab","Outmaneuver","Sucker Punch","Flying Knee","Backflip","Well Laid Plans","Riddle With Holes","Cloak And Dagger","Blade Dance","Dramatic Entrance","Phantasmal Killer","Apotheosis+1","Panache+1","Envenom","Cloak And Dagger","Footwork","Mayhem","Flying Knee","Footwork","All Out Attack+1","Die Die Die","After Image","Sadistic Nature","Slice+1","Flash of Steel+1","Madness","Madness","Envenom","Catalyst+1","Mayhem"],"relics":["Ring of the Serpent","Gremlin Horn","Lantern","Bag of Marbles","White Beast Statue","Matryoshka","Meat on the Bone","PreservedInsect","TwistedFunnel","Fusion Hammer","Mercury Hourglass","Molten Egg 2","Strawberry","Bottled Tornado","Orichalcum","Thread and Needle","Oddly Smooth Stone","Red Mask","Sundial","Mummified Hand","The Courier","Potion Belt","Anchor","Ice Cream","Letter Opener"],"acts_visited":["Exordium","TheCity","TheBeyond"],"potions_floor_usage":[],"damage_taken":[{"damage":0,"enemies":"Cultist","floor":1,"turns":2},{"damage":7,"enemies":"Jaw Worm","floor":2,"turns":2},{"damage":0,"enemies":"2 Louse","floor":3,"turns":1},{"damage":28,"enemies":"Gremlin Nob","floor":6,"turns":5},{"damage":0,"enemies":"3 Sentries","floor":8,"turns":2},{"damage":0,"enemies":"Lagavulin","floor":10,"turns":1},{"damage":0,"enemies":"3 Sentries","floor":12,"turns":1},{"damage":0,"enemies":"Large Slime","floor":13,"turns":1},{"damage":28,"enemies":"Hexaghost","floor":16,"turns":6},{"damage":6,"enemies":"Spheric Guardian","floor":18,"turns":3},{"damage":0,"enemies":"2 Thieves","floor":22,"turns":1},{"damage":17,"enemies":"Book of Stabbing","floor":23,"turns":3},{"damage":0,"enemies":"Gremlin Leader","floor":25,"turns":2},{"damage":0,"enemies":"Slavers","floor":27,"turns":1},{"damage":7,"enemies":"Snake Plant","floor":29,"turns":2},{"damage":0,"enemies":"Gremlin Leader","floor":30,"turns":1},{"damage":0,"enemies":"Collector","floor":33,"turns":5},{"damage":0,"enemies":"3 Darklings","floor":35,"turns":1},{"damage":1,"enemies":"Orb Walker","floor":39,"turns":2},{"damage":29,"enemies":"Nemesis","floor":40,"turns":3},{"damage":0,"enemies":"Giant Head","floor":42,"turns":4},{"damage":2,"enemies":"Nemesis","floor":44,"turns":3},{"damage":0,"enemies":"Writhing Mass","floor":45,"turns":4},{"damage":4,"enemies":"2 Orb Walkers","floor":46,"turns":2},{"damage":0,"enemies":"Giant Head","floor":47,"turns":4},{"damage":0,"enemies":"Sphere and 2 Shapes","floor":48,"turns":2},{"damage":7,"enemies":"Awakened One","floor":50,"turns":7}],"seed_played":"-2182060489368604610","potions_obtained":[{"floor":2,"key":"FearPotion"},{"floor":3,"key":"Dexterity Potion"},{"floor":10,"key":"FairyPotion"},{"floor":44,"key":"EntropicBrew"},{"floor":45,"key":"Block Potion"}],"is_trial":true,"path_per_floor":["M","M","M","?","T","E","R","E","T","E","R","E","M","$","R","B",null,"M","?","?","$","M","E","R","E","T","E","$","M","E","?","R","B",null,"M","?","?","?","M","E","R","E","T","E","M","?","E","M","R","B",null],"character_chosen":"THE_SILENT","items_purchased":["PreservedInsect","TwistedFunnel","Footwork","Footwork","Thread and Needle"],"campfire_rested":5,"item_purchase_floors":[14,14,14,21,28],"current_hp_per_floor":[70,63,63,63,63,35,56,56,56,56,56,56,56,56,56,40,70,64,64,64,64,64,47,68,68,75,75,75,68,68,68,77,77,77,77,77,77,67,66,49,72,72,72,70,70,66,66,66,77,70],"gold":245,"neow_bonus":"","is_daily":false,"chose_seed":false,"campfire_upgraded":2,"win_rate":0.0,"timestamp":1614179574,"path_taken":["M","?","M","?","?","E","R","E","T","E","R","E","M","$","R","BOSS","M","?","?","$","M","E","R","E","T","E","$","M","E","?","R","BOSS","M","?","?","?","M","E","R","E","T","E","?","?","E","M","R","BOSS"],"items_purchased_type":["Relic","Relic","Card","Card","Relic"],"build_version":"2020-12-22","purchased_purges":1,"victory":true,"max_hp_per_floor":[70,70,70,70,70,70,70,70,70,70,70,70,70,70,70,70,70,70,70,70,70,70,70,70,70,77,77,77,77,77,77,77,77,77,77,77,77,77,77,77,77,77,77,77,77,77,77,77,77,77],"card_choices":[{"not_picked":["Crippling Poison","Caltrops"],"picked":"Cloak And Dagger","floor":1},{"not_picked":["Forethought","Deadly Poison"],"picked":"Blade Dance","floor":2},{"not_picked":["Well Laid Plans","Dagger Throw"],"picked":"Dramatic Entrance","floor":3},{"not_picked":["Magnetism","Secret Technique"],"picked":"Phantasmal Killer","floor":6},{"not_picked":["Burst","Corpse Explosion"],"picked":"Apotheosis","floor":8},{"not_picked":["Thinking Ahead","Violence"],"picked":"Panache","floor":10},{"not_picked":["Tools of the Trade","Chrysalis"],"picked":"Envenom","floor":12},{"not_picked":["Outmaneuver","Setup"],"picked":"Cloak And Dagger","floor":13},{"not_picked":["A Thousand Cuts","Unload"],"picked":"Mayhem","floor":16},{"not_picked":["Blur","Finisher"],"picked":"Flying Knee","floor":18},{"not_picked":["Heel Hook","Leg Sweep"],"picked":"All Out Attack+1","floor":22},{"not_picked":["Wraith Form v2","Unload"],"picked":"Die Die Die","floor":23},{"not_picked":["Chrysalis","The Bomb"],"picked":"After Image","floor":25},{"not_picked":["Venomology","Unload+1"],"picked":"Sadistic Nature","floor":27},{"not_picked":["Escape Plan","Dodge and Roll"],"picked":"Slice+1","floor":29},{"not_picked":["Grand Finale+1","The Bomb","Bullet Time"],"picked":"SKIP","floor":30},{"not_picked":["Leg Sweep+1","Quick Slash+1","Deflect"],"picked":"SKIP","floor":35},{"not_picked":["Madness","Finesse"],"picked":"Flash of Steel+1","floor":37},{"not_picked":["Trip+1","Acrobatics","Quick Slash+1"],"picked":"SKIP","floor":39},{"not_picked":["Grand Finale+1","Night Terror","Die Die Die+1"],"picked":"SKIP","floor":40},{"not_picked":["Wraith Form v2","Adrenaline","Glass Knife+1"],"picked":"SKIP","floor":42},{"not_picked":["Doppelganger","Transmutation"],"picked":"Envenom","floor":44},{"not_picked":["Slice+1","Acrobatics+1","Poisoned Stab+1"],"picked":"SKIP","floor":45},{"not_picked":["Riddle With Holes+1","Poisoned Stab+1"],"picked":"Catalyst+1","floor":46},{"not_picked":["Wraith Form v2","Die Die Die+1"],"picked":"Mayhem","floor":47},{"not_picked":["Outmaneuver+1","Forethought","PiercingWail+1"],"picked":"SKIP","floor":48}],"player_experience":507253,"relics_obtained":[{"floor":5,"key":"Gremlin Horn"},{"floor":6,"key":"Lantern"},{"floor":8,"key":"Bag of Marbles"},{"floor":9,"key":"White Beast Statue"},{"floor":10,"key":"Matryoshka"},{"floor":12,"key":"Meat on the Bone"},{"floor":23,"key":"Mercury Hourglass"},{"floor":25,"key":"Molten Egg 2"},{"floor":26,"key":"Strawberry"},{"floor":26,"key":"Bottled Tornado"},{"floor":27,"key":"Orichalcum"},{"floor":30,"key":"Oddly Smooth Stone"},{"floor":40,"key":"Sundial"},{"floor":42,"key":"Mummified Hand"},{"floor":43,"key":"The Courier"},{"floor":43,"key":"Potion Belt"},{"floor":44,"key":"Anchor"},{"floor":46,"key":"Ice Cream"},{"floor":47,"key":"Letter Opener"}],"event_choices":[{"damage_healed":0,"gold_gain":175,"player_choice":"AGREE","damage_taken":0,"max_hp_gain":0,"max_hp_loss":0,"event_name":"Liars Game","floor":4,"gold_loss":0,"cards_obtained":["Doubt"]},{"damage_healed":0,"gold_gain":99,"player_choice":"Stole From Cult","damage_taken":0,"max_hp_gain":0,"max_hp_loss":0,"event_name":"Nest","floor":19,"gold_loss":0},{"damage_healed":0,"gold_gain":0,"player_choice":"Ignored","damage_taken":0,"max_hp_gain":0,"max_hp_loss":0,"event_name":"Ghosts","floor":20,"gold_loss":0},{"damage_healed":0,"gold_gain":0,"player_choice":"Simplicity","damage_taken":0,"max_hp_gain":0,"max_hp_loss":0,"event_name":"Back to Basics","floor":31,"gold_loss":0,"cards_upgraded":[]},{"damage_healed":0,"gold_gain":0,"player_choice":"Paid","damage_taken":0,"relics_obtained":["Red Mask"],"max_hp_gain":0,"max_hp_loss":0,"event_name":"Tomb of Lord Red Mask","floor":36,"gold_loss":181},{"damage_healed":0,"gold_gain":0,"player_choice":"Memory 1","damage_taken":0,"max_hp_gain":0,"max_hp_loss":0,"event_name":"SensoryStone","floor":37,"gold_loss":0},{"damage_healed":0,"gold_gain":0,"player_choice":"Embrace Madness","damage_taken":10,"max_hp_gain":0,"max_hp_loss":0,"event_name":"Winding Halls","floor":38,"gold_loss":0,"cards_obtained":["Madness","Madness"]},{"damage_healed":0,"gold_gain":0,"player_choice":"Fight","damage_taken":0,"max_hp_gain":0,"max_hp_loss":0,"event_name":"Mysterious Sphere","floor":46,"gold_loss":0}],"is_beta":false,"boss_relics":[{"not_picked":["Cursed Key","Tiny House"],"picked":"Fusion Hammer"},{"not_picked":["Velvet Choker","Coffee Dripper"],"picked":"Ring of the Serpent"}],"items_purged_floors":[14],"is_endless":false,"potions_floor_spawned":[2,3,10,12,13,16,18,22,23,25,27,29,30,33,35,39,40,42,44,45,46,47,48],"ascension_level":0}}