{"host":"i29s15dsg0c43zmx","time":1614175160,"event":{"mods":["AchievementEnabler","BaseMod","Colored Map","Minty Spire (QoL Compilation)","StSLib"],"gold_per_floor":[11,31,31,58,71,107,107,141,141,159,124,124,124],"floor_reached":12,"language":"ENG","playtime":534,"items_purged":[],"score":92,"play_id":"531fa41f-1868-457f-991c-52090cf5328e","local_time":"20210224145920","is_ascension_mode":true,"campfire_choices":[{"floor":7,"key":"REST"}],"circlet_count":0,"master_deck":["Strike_B","Strike_B","Defend_B","Defend_B","Defend_B","Defend_B","Zap","Dualcast","Reprogram","Reboot","Static Discharge","White Noise","Leap","Leap","Double Energy","Genetic Algorithm"],"relics":["Cracked Core","Golden Idol","PreservedInsect","Calipers","InkBottle","Gambling Chip"],"acts_visited":["Exordium"],"potions_floor_usage":[],"damage_taken":[{"damage":1,"enemies":"2 Louse","floor":1,"turns":4},{"damage":6,"enemies":"Jaw Worm","floor":2,"turns":3},{"damage":11,"enemies":"Small Slimes","floor":5,"turns":5},{"damage":20,"enemies":"3 Sentries","floor":6,"turns":8},{"damage":27,"enemies":"Lagavulin","floor":8,"turns":10},{"damage":6,"enemies":"2 Fungi Beasts","floor":10,"turns":6},{"damage":28,"enemies":"Gremlin Nob","floor":12,"turns":3}],"seed_played":"6214079549142574552","potions_obtained":[{"floor":5,"key":"FocusPotion"},{"floor":8,"key":"LiquidMemories"},{"floor":10,"key":"Dexterity Potion"}],"is_trial":false,"path_per_floor":["M","M","?","T","M","E","R","E","T","M","?","E"],"character_chosen":"DEFECT","items_purchased":[],"campfire_rested":1,"item_purchase_floors":[],"current_hp_per_floor":[74,68,50,50,39,19,41,14,14,8,26,0,0],"gold":124,"neow_bonus":"TRANSFORM_TWO_CARDS","is_daily":false,"chose_seed":false,"campfire_upgraded":0,"win_rate":0.0,"timestamp":1614175160,"path_taken":["M","M","?","?","M","E","R","E","T","M","?","E"],"items_purchased_type":[],"build_version":"2020-12-22","purchased_purges":0,"victory":false,"max_hp_per_floor":[75,75,75,75,75,75,75,75,75,75,75,75,75],"card_choices":[{"not_picked":["Rebound","Conserve Battery"],"picked":"Static Discharge","floor":1},{"not_picked":["Streamline","Ball Lightning"],"picked":"White Noise","floor":2},{"not_picked":["Compile Driver","Chaos"],"picked":"Leap","floor":5},{"not_picked":["Beam Cell","Consume"],"picked":"Leap","floor":6},{"not_picked":["BootSequence","Leap"],"picked":"Double Energy","floor":8},{"not_picked":["Hologram","Ball Lightning"],"picked":"Genetic Algorithm","floor":10}],"player_experience":126870,"relics_obtained":[{"floor":4,"key":"PreservedInsect"},{"floor":6,"key":"Calipers"},{"floor":8,"key":"InkBottle"},{"floor":9,"key":"Gambling Chip"}],"event_choices":[{"damage_healed":0,"gold_gain":0,"player_choice":"Take Damage","damage_taken":18,"relics_obtained":["Golden Idol"],"max_hp_gain":0,"max_hp_loss":0,"event_name":"Golden Idol","floor":3,"gold_loss":0},{"damage_healed":18,"gold_gain":0,"player_choice":"Healed","damage_taken":0,"max_hp_gain":0,"max_hp_loss":0,"event_name":"The Cleric","floor":11,"gold_loss":35}],"is_beta":false,"boss_relics":[],"items_purged_floors":[],"is_endless":false,"potions_floor_spawned":[5,8,10],"killed_by":"Gremlin Nob","ascension_level":1}}