{"host":"ufhw4cf0hh51lveu","time":1614153930,"event":{"mods":["BaseMod","DeckTracker","Lobotomy","Minty Spire (QoL Compilation)","SuperFastMode"],"gold_per_floor":[110,126,137,60,60,60,27,39,114,114,127,144,144,160,160,262,312,323,16,33,33,47,47,47,47,72,88,101,62,162,162,162],"floor_reached":31,"language":"KOR","playtime":549,"items_purged":["Strike_B"],"score":229,"play_id":"66e9a233-c055-49fd-b2e6-240cb9560420","local_time":"20210224170530","is_ascension_mode":false,"campfire_choices":[{"data":"Sunder","floor":6,"key":"SMITH"},{"data":"Defragment","floor":10,"key":"SMITH"},{"floor":13,"key":"REST"},{"data":"Dualcast","floor":15,"key":"SMITH"},{"data":"Defragment","floor":23,"key":"SMITH"},{"data":"Streamline","floor":25,"key":"SMITH"}],"circlet_count":0,"master_deck":["Strike_B+1","Strike_B","Strike_B","Defend_B","Defend_B","Defend_B","Defend_B","Zap","Dualcast+1","Sunder+1","Defragment+1","Redo","Coolheaded+1","Defragment+1","Streamline+1","Capacitor"],"relics":["Cracked Core","Boot","Cables","Tiny House","Orichalcum","Nilry\u0027s Codex"],"acts_visited":["Exordium","TheCity"],"potions_floor_usage":[16,16,16,18,22],"damage_taken":[{"damage":4,"enemies":"2 Louse","floor":1,"turns":3},{"damage":6,"enemies":"Jaw Worm","floor":2,"turns":3},{"damage":1,"enemies":"Cultist","floor":3,"turns":3},{"damage":23,"enemies":"Large Slime","floor":8,"turns":5},{"damage":0,"enemies":"2 Fungi Beasts","floor":11,"turns":2},{"damage":12,"enemies":"Blue Slaver","floor":12,"turns":3},{"damage":2,"enemies":"3 Louse","floor":14,"turns":2},{"damage":43,"enemies":"Hexaghost","floor":16,"turns":8},{"damage":0,"enemies":"Spheric Guardian","floor":18,"turns":3},{"damage":0,"enemies":"Chosen","floor":20,"turns":4},{"damage":5,"enemies":"Centurion and Healer","floor":22,"turns":8},{"damage":30,"enemies":"Snake Plant","floor":27,"turns":5},{"damage":14,"enemies":"Snecko","floor":28,"turns":4},{"damage":15,"enemies":"Centurion and Healer","floor":31,"turns":1}],"seed_played":"-6421084296499177042","potions_obtained":[{"floor":1,"key":"EssenceOfSteel"},{"floor":11,"key":"PowerPotion"},{"floor":12,"key":"Ancient Potion"},{"floor":17,"key":"Swift Potion"},{"floor":20,"key":"SkillPotion"}],"is_trial":false,"path_per_floor":["M","M","M","$","?","R","$","M","T","R","M","M","R","M","R","B",null,"M","$","M","$","M","R","?","R","T","M","M","$","?","M"],"character_chosen":"DEFECT","items_purchased":["Sunder","Defragment","Defragment","Orichalcum","Capacitor"],"campfire_rested":1,"item_purchase_floors":[4,7,19,19,29],"current_hp_per_floor":[71,65,64,64,64,64,64,41,41,41,41,29,51,49,49,6,80,80,80,80,80,75,75,59,59,59,29,15,15,15,0,0],"gold":162,"neow_bonus":"RANDOM_COMMON_RELIC","is_daily":false,"chose_seed":false,"campfire_upgraded":5,"win_rate":0.0,"timestamp":1614153930,"path_taken":["M","M","M","$","?","R","$","M","T","R","M","M","R","M","R","BOSS","M","$","M","$","M","R","?","R","T","M","M","$","?","M"],"items_purchased_type":["Card","Card","Card","Relic","Card"],"build_version":"2020-12-22","purchased_purges":1,"victory":false,"max_hp_per_floor":[75,75,75,75,75,75,75,75,75,75,75,75,75,75,75,75,80,80,80,80,80,80,80,80,80,80,80,80,80,80,80,80],"card_choices":[{"not_picked":["Darkness","Reprogram","Conserve Battery"],"picked":"SKIP","floor":1},{"not_picked":["White Noise","Conserve Battery","Reinforced Body"],"picked":"SKIP","floor":2},{"not_picked":["Storm","Heatsinks","Hologram"],"picked":"SKIP","floor":3},{"not_picked":["Undo","Amplify"],"picked":"Redo","floor":8},{"not_picked":["Turbo","Rebound","Static Discharge"],"picked":"SKIP","floor":11},{"not_picked":["Hologram","Fission","White Noise"],"picked":"SKIP","floor":12},{"not_picked":["Stack","Reinforced Body","Compile Driver"],"picked":"SKIP","floor":14},{"not_picked":["Redo","Stack"],"picked":"Coolheaded+1","floor":18},{"not_picked":["Loop","Reprogram","Consume+1"],"picked":"SKIP","floor":20},{"not_picked":["BootSequence","Go for the Eyes+1"],"picked":"Streamline","floor":22},{"not_picked":["Sweeping Beam+1","Stack","Steam"],"picked":"SKIP","floor":27},{"not_picked":["Turbo","Steam","Compile Driver"],"picked":"SKIP","floor":28}],"player_experience":82875,"relics_obtained":[{"floor":9,"key":"Cables"},{"floor":24,"key":"Nilry\u0027s Codex"}],"event_choices":[{"damage_healed":0,"gold_gain":0,"player_choice":"Ignored","damage_taken":0,"max_hp_gain":0,"max_hp_loss":0,"event_name":"Shining Light","floor":5,"gold_loss":0},{"damage_healed":0,"gold_gain":0,"player_choice":"Obtained Book","damage_taken":16,"max_hp_gain":0,"max_hp_loss":0,"event_name":"Cursed Tome","floor":24,"gold_loss":0},{"damage_healed":0,"gold_gain":100,"player_choice":"Pray","damage_taken":0,"max_hp_gain":0,"max_hp_loss":0,"event_name":"Golden Shrine","floor":30,"gold_loss":0}],"is_beta":false,"boss_relics":[{"not_picked":["FrozenCore","Empty Cage"],"picked":"Tiny House"}],"items_purged_floors":[19],"is_endless":false,"potions_floor_spawned":[1,11,12,14,20],"killed_by":"Centurion and Healer","ascension_level":0}}