{"host":"ifvrsrzj00f2ebkn","time":1614174625,"event":{"mods":["BaseMod","Bestiary","BetterRewards","Block Reminder","Colored Map","Colored Powertips","Defuse TimeMaze Blight","Downfall","Minty Spire (QoL Compilation)","Permanent Neow","Quick Restart","Remove Card Discount Mod","Shop Mod","Spicy Shops","StSLib","Thieving Mod","????"],"gold_per_floor":[119,119,119,84,84,84,84,84,109,135,150,183,183,203,203,280,280,291,206,42,42,53,53,88,88,88,88,105,105,123,133,133,133,133],"floor_reached":33,"language":"ENG","playtime":2593,"items_purged":["Sucker Punch"],"score":767,"play_id":"d1bc5719-b548-4bc1-96d3-5bb4b1e7b75c","local_time":"20210224215025","daily_mods":["SealedDeck","Green Cards","Heirloom","Time Dilation","Flight","DeadlyEvents","Elite Swarm"],"is_ascension_mode":true,"campfire_choices":[{"data":"Backflip","floor":6,"key":"SMITH"},{"data":"Backflip","floor":7,"key":"SMITH"},{"data":"Backflip","floor":8,"key":"SMITH"},{"data":"Crippling Poison","floor":13,"key":"SMITH"},{"data":"Crippling Poison","floor":15,"key":"SMITH"},{"data":"Crippling Poison","floor":23,"key":"SMITH"},{"data":"Backflip","floor":25,"key":"SMITH"},{"data":"Footwork","floor":27,"key":"SMITH"},{"data":"Deadly Poison","floor":29,"key":"SMITH"},{"data":"Deadly Poison","floor":32,"key":"SMITH"}],"circlet_count":0,"master_deck":["AscendersBane","Deadly Poison+1","Deadly Poison+1","Cloak And Dagger","Crippling Poison+1","Backflip+1","Backflip+1","Backflip+1","Crippling Poison+1","Backflip+1","Footwork+1","Flying Knee","Crippling Poison+1"],"relics":["Ring of the Snake","Tingsha","Pen Nib","Blood Vial","Bag of Preparation","Sozu","sneckomod:BlankCard","MerchantsRug","Akabeko","Boot"],"acts_visited":["Exordium","TheCity"],"potions_floor_usage":[33],"damage_taken":[{"damage":5,"enemies":"2 Louse","floor":1,"turns":3},{"damage":16,"enemies":"3 Sentries","floor":10,"turns":6},{"damage":1,"enemies":"Small Slimes","floor":11,"turns":3},{"damage":11,"enemies":"Lagavulin","floor":12,"turns":8},{"damage":1,"enemies":"Jaw Worm","floor":14,"turns":4},{"damage":1,"enemies":"The Guardian","floor":16,"turns":11},{"damage":0,"enemies":"Spheric Guardian","floor":18,"turns":2},{"damage":0,"enemies":"2 Thieves","floor":22,"turns":4},{"damage":2,"enemies":"Book of Stabbing","floor":24,"turns":8},{"damage":12,"enemies":"Snake Plant","floor":28,"turns":3},{"damage":0,"enemies":"Snecko","floor":30,"turns":4},{"damage":0,"enemies":"Centurion and Healer","floor":31,"turns":4},{"damage":67,"enemies":"Champ","floor":33,"turns":10}],"seed_played":"8274882684794403062","potions_obtained":[{"floor":11,"key":"AttackPotion"},{"floor":12,"key":"CunningPotion"}],"is_trial":true,"path_per_floor":["M","?","?","?","$","R","R","R","T","E","M","E","R","M","R","B",null,"M","?","$","?","M","R","E","R","T","R","M","R","M","M","R","B"],"character_chosen":"THE_SILENT","items_purchased":["MerchantsRug"],"campfire_rested":0,"item_purchase_floors":[20],"current_hp_per_floor":[54,54,59,71,71,71,71,71,71,55,56,47,47,48,48,49,66,68,68,68,68,70,70,69,69,69,69,59,59,61,63,63,0,0],"gold":133,"neow_bonus":"","is_daily":false,"chose_seed":false,"campfire_upgraded":10,"win_rate":0.0,"timestamp":1614174625,"path_taken":["M","?","?","?","?","R","R","R","T","?","?","?","R","?","R","BOSS","M","?","$","?","?","R","?","R","T","R","M","R","M","M","R","BOSS"],"items_purchased_type":["Relic"],"build_version":"2020-12-22","purchased_purges":1,"victory":false,"max_hp_per_floor":[66,66,71,71,71,71,71,71,71,71,71,71,71,71,71,71,71,71,71,71,71,71,71,71,71,71,71,71,71,71,71,71,71,71],"card_choices":[{"not_picked":["Dagger Spray","Caltrops","Prepared"],"picked":"SKIP","floor":1},{"not_picked":["Corpse Explosion","Venomology","Grand Finale"],"picked":"SKIP","floor":10},{"not_picked":["Concentrate","Backflip","Bouncing Flask"],"picked":"SKIP","floor":11},{"not_picked":["Storm of Steel","After Image","Night Terror"],"picked":"SKIP","floor":12},{"not_picked":["Cloak And Dagger","Setup"],"picked":"Footwork","floor":14},{"not_picked":["Deadly Poison","Bouncing Flask"],"picked":"Flying Knee","floor":18},{"not_picked":["Prepared","Bane+1","Leg Sweep"],"picked":"SKIP","floor":22},{"not_picked":["Night Terror","Adrenaline","Corpse Explosion"],"picked":"SKIP","floor":24},{"not_picked":["Deadly Poison","Distraction","Calculated Gamble"],"picked":"SKIP","floor":28},{"not_picked":["Well Laid Plans","Caltrops","Eviscerate+1"],"picked":"SKIP","floor":30},{"not_picked":["Outmaneuver","Deadly Poison","Riddle With Holes"],"picked":"SKIP","floor":31}],"player_experience":96425,"relics_obtained":[{"floor":9,"key":"Pen Nib"},{"floor":10,"key":"Blood Vial"},{"floor":12,"key":"Bag of Preparation"},{"floor":24,"key":"Akabeko"},{"floor":26,"key":"Boot"}],"event_choices":[{"damage_healed":0,"gold_gain":0,"player_choice":"Ignored","damage_taken":0,"max_hp_gain":0,"max_hp_loss":0,"event_name":"Golden Wing","floor":2,"gold_loss":0},{"damage_healed":0,"gold_gain":0,"player_choice":"Donut","damage_taken":0,"max_hp_gain":5,"max_hp_loss":0,"event_name":"Big Fish","floor":3,"gold_loss":0},{"damage_healed":17,"gold_gain":0,"player_choice":"Healed","damage_taken":0,"max_hp_gain":0,"max_hp_loss":0,"event_name":"The Cleric","floor":4,"gold_loss":35},{"damage_healed":0,"gold_gain":0,"player_choice":"Obtained Relic","damage_taken":0,"relics_obtained":["sneckomod:BlankCard"],"max_hp_gain":0,"max_hp_loss":0,"event_name":"Addict","floor":19,"gold_loss":85},{"damage_healed":0,"gold_gain":0,"player_choice":"Read","damage_taken":0,"max_hp_gain":0,"max_hp_loss":0,"event_name":"The Library","floor":21,"gold_loss":0,"cards_obtained":["Crippling Poison"]}],"is_beta":false,"boss_relics":[{"not_picked":["Astrolabe","Empty Cage"],"picked":"Sozu"}],"items_purged_floors":[20],"is_endless":true,"potions_floor_spawned":[11,12,14,16,18,28,30],"killed_by":"Champ","ascension_level":20}}