{"host":"0s686iw3hprdrk8c","time":1614133948,"event":{"mods":["AchievementEnabler","BaseMod","Bestiary","Downfall","Hermit","Hubris","Marisa????????","Minty Spire (QoL Compilation)","Replay The Spire","StSLib","The Cursed","The Hierophant","The Saiyan","The Servant 0.9.4"],"gold_per_floor":[117,117,117,117,41,68,84,110,110,128,128,33,65,83,83,178,178,193,108,108,35,49,49,63,89,89,89,109,109,120,133,133,236,236,254,254,266,266,284,315,315,315,315,315,160,160,160],"floor_reached":46,"language":"ENG","playtime":4764,"items_purged":[],"score":826,"play_id":"d5c23b8b-3ef6-4582-a1ee-ade021108aeb","local_time":"20210223213228","is_ascension_mode":true,"campfire_choices":[{"floor":15.0,"key":"RECALL"},{"data":"Fluid Movement","floor":23.0,"key":"SMITH"},{"data":"Discovery","floor":27.0,"key":"SMITH"},{"data":"Draining Mist","floor":29.0,"key":"SMITH"}],"circlet_count":0,"master_deck":["Strike_G","Strike_G","Strike_G","Strike_G","Defend_G+1","Defend_G","Defend_G","Defend_G","Defend_G","Survivor","Neutralize+1","Distraction","Deflect","Deadly Poison","Acrobatics","ReplayTheSpireMod:Speed Training","Footwork","Dark Shackles","Discovery+1","Tactician","Dodge and Roll","Corpse Explosion","Noxious Fumes+1","Noxious Fumes","Fluid Movement+1","Heel Hook","Cloak And Dagger","Draining Mist+1","ReplayTheSpireMod:Speed Training+1","Deadly Poison+1","Poison Darts","ReplayTheSpireMod:Faulty Equipment","ReplayTheSpireMod:Splinters","ReplayTheSpireMod:Splinters","Catalyst+1","Catalyst+1","Impatience","Sucker Punch+1"],"relics":["Ring of the Snake","NeowsBlessing","Eternal Feather","Oddly Smooth Stone","Bird Faced Urn","SacredBark","Regal Pillow","Pocketwatch","Incense Burner","Replay:Ancient Bell","Snake Skull","Chameleon Ring","Durian","hubris:Icosahedron","Orichalcum","Turnip","ReplayFunnel"],"acts_visited":["Exordium","TheCity","TheBeyond"],"potions_floor_usage":[46],"damage_taken":[{"damage":0.0,"enemies":"2 Louse","floor":1.0,"turns":1.0},{"damage":0.0,"enemies":"Gremlin Nob","floor":6.0,"turns":1.0},{"damage":0.0,"enemies":"Jaw Worm","floor":7.0,"turns":1.0},{"damage":0.0,"enemies":"Small Slimes","floor":10.0,"turns":5.0},{"damage":0.0,"enemies":"Replay:BlueRogue","floor":13.0,"turns":7.0},{"damage":11.0,"enemies":"Exordium Thugs","floor":14.0,"turns":10.0},{"damage":0.0,"enemies":"The Guardian","floor":16.0,"turns":10.0},{"damage":14.0,"enemies":"Chosen","floor":18.0,"turns":9.0},{"damage":18.0,"enemies":"3 Byrds","floor":22.0,"turns":4.0},{"damage":17.0,"enemies":"Shelled Parasite and Fungi","floor":24.0,"turns":8.0},{"damage":29.0,"enemies":"Gremlin Leader","floor":25.0,"turns":6.0},{"damage":6.0,"enemies":"Snecko","floor":28.0,"turns":7.0},{"damage":19.0,"enemies":"Cultist and Chosen","floor":30.0,"turns":7.0},{"damage":6.0,"enemies":"Shelled Parasite and Fungi","floor":31.0,"turns":6.0},{"damage":28.0,"enemies":"hubris:MusketHawk","floor":33.0,"turns":7.0},{"damage":31.0,"enemies":"Orb Walker","floor":35.0,"turns":6.0},{"damage":0.0,"enemies":"3 Shapes","floor":37.0,"turns":3.0},{"damage":10.0,"enemies":"3 Darklings","floor":39.0,"turns":4.0},{"damage":30.0,"enemies":"Giant Head","floor":40.0,"turns":6.0},{"damage":36,"enemies":"Transient","floor":46,"turns":4}],"seed_played":"-3981997107592795880","potions_obtained":[{"floor":1.0,"key":"Poison Potion"},{"floor":6.0,"key":"BlessingOfTheForge"},{"floor":14.0,"key":"Guardian:BlockOnCardUsePotion"},{"floor":24.0,"key":"AttackPotion"},{"floor":28.0,"key":"Energy Potion"},{"floor":30.0,"key":"SpeedPotion"},{"floor":32.0,"key":"CultistPotion"},{"floor":32.0,"key":"Poison Potion"},{"floor":37.0,"key":"Elixir"},{"floor":40.0,"key":"EssenceOfSteel"},{"floor":42.0,"key":"Doom Potion"},{"floor":44.0,"key":"Fruit Juice"},{"floor":44.0,"key":"Cursed Concoction"}],"is_trial":false,"path_per_floor":["M","?","?","?","$","E","M","T","T","M","?","$","E","M","R","B",null,"M","?","?","$","M","R","M","E","T","R","M","R","M","M","R","B",null,"M","?","M","?","M","E","?","R","T","?","$","M"],"character_chosen":"THE_SILENT","items_purchased":["Deflect","Deadly Poison","Discovery","Noxious Fumes","ReplayFunnel"],"campfire_rested":0,"item_purchase_floors":[5,5,12,21,45],"current_hp_per_floor":[70,70,70,70,70,70,70,70,70,70,70,70,70,59,70,70,70,58,58,58,58,44,59,50,29,29,44,48,63,52,52,70,48,70,47,47,47,47,43,21,21,42,42,57,57,25,25],"gold":160,"neow_bonus":"THREE_ENEMY_KILL","is_daily":false,"chose_seed":false,"campfire_upgraded":3,"win_rate":0.0,"timestamp":1614133948,"path_taken":["M","?","?","?","$","E","M","?","T","?","?","$","E","M","R","BOSS","M","?","?","$","?","R","?","E","T","R","M","R","M","M","R","BOSS","M","?","M","?","?","E","?","R","T","?","$","?"],"items_purchased_type":["Card","Card","Card","Card","Relic"],"build_version":"2020-12-22","purchased_purges":0,"victory":false,"max_hp_per_floor":[70,70,70,70,70,70,70,70,70,70,70,70,70,70,70,70,70,70,70,70,70,70,70,70,70,70,70,70,70,70,70,70,70,75,75,75,75,75,75,75,75,75,75,90,90,90,90],"card_choices":[{"not_picked":["Catalyst","PiercingWail"],"picked":"Distraction","floor":1.0},{"not_picked":["Backstab","Deflect"],"picked":"Acrobatics","floor":6.0},{"not_picked":["Calculated Gamble","Outmaneuver"],"picked":"ReplayTheSpireMod:Speed Training","floor":7.0},{"not_picked":["Bouncing Flask","Predator"],"picked":"Footwork","floor":10.0},{"not_picked":["Draining Mist","Bane"],"picked":"Tactician","floor":13.0},{"not_picked":["Predator","PiercingWail"],"picked":"Dodge and Roll","floor":14.0},{"not_picked":["Envenom","Phantasmal Killer"],"picked":"Corpse Explosion","floor":16.0},{"not_picked":["PiercingWail","Quick Slash"],"picked":"Noxious Fumes+1","floor":18.0},{"not_picked":["Quick Slash","Poisoned Stab+1"],"picked":"Fluid Movement","floor":22.0},{"not_picked":["Deflect","Backstab"],"picked":"Heel Hook","floor":24.0},{"not_picked":["Flying Knee","Blade Dance"],"picked":"Cloak And Dagger","floor":25.0},{"not_picked":["Acrobatics","Backstab+1"],"picked":"Draining Mist","floor":28.0},{"not_picked":["Underhanded Strike+1","Fluid Movement"],"picked":"ReplayTheSpireMod:Speed Training+1","floor":30.0},{"not_picked":["Outmaneuver","Bouncing Flask"],"picked":"Deadly Poison+1","floor":31.0},{"not_picked":["Storm of Steel","Tools of the Trade"],"picked":"Poison Darts","floor":33.0},{"not_picked":["Languid","Delirium"],"picked":"ReplayTheSpireMod:Faulty Equipment","floor":34.0},{"not_picked":["CommonCold","TheCursedMod:Dregs"],"picked":"ReplayTheSpireMod:Splinters","floor":34.0},{"not_picked":["Clumsy","hubris:Greed"],"picked":"ReplayTheSpireMod:Splinters","floor":34.0},{"not_picked":["Sneak Up+1","Dash+1"],"picked":"Catalyst+1","floor":35.0},{"not_picked":["Deadly Poison+1","Draining Mist+1"],"picked":"Catalyst+1","floor":37.0},{"not_picked":["Quick Slash","Bane"],"picked":"Sucker Punch+1","floor":39.0},{"not_picked":["Slice+1","Grand Finale","hubris:SlightOfHand"],"picked":"SKIP","floor":40.0}],"player_experience":271208,"relics_obtained":[{"floor":6.0,"key":"Eternal Feather"},{"floor":8.0,"key":"Oddly Smooth Stone"},{"floor":13.0,"key":"Bird Faced Urn"},{"floor":25.0,"key":"Pocketwatch"},{"floor":26.0,"key":"Incense Burner"},{"floor":40.0,"key":"Orichalcum"},{"floor":43.0,"key":"Turnip"}],"event_choices":[{"damage_healed":0.0,"max_hp_gain":0.0,"max_hp_loss":0.0,"gold_gain":0.0,"event_name":"Shining Light","player_choice":"Ignored","floor":2.0,"gold_loss":0.0,"damage_taken":0.0},{"damage_healed":0.0,"max_hp_gain":0.0,"max_hp_loss":0.0,"gold_gain":0.0,"event_name":"Living Wall","player_choice":"Grow","floor":3.0,"gold_loss":0.0,"damage_taken":0.0,"cards_upgraded":["Neutralize"]},{"damage_healed":0.0,"max_hp_gain":0.0,"max_hp_loss":0.0,"gold_gain":0.0,"event_name":"Match and Keep!","player_choice":"1 cards matched","floor":11.0,"gold_loss":0.0,"damage_taken":0.0,"cards_obtained":["Dark Shackles"]},{"damage_healed":0.0,"max_hp_gain":0.0,"max_hp_loss":0.0,"gold_gain":0.0,"event_name":"Addict","player_choice":"Obtained Relic","floor":19.0,"gold_loss":85.0,"damage_taken":0.0,"relics_obtained":["Regal Pillow"]},{"cards_removed":["Strike_G"],"damage_healed":0.0,"max_hp_gain":0.0,"max_hp_loss":0.0,"gold_gain":0.0,"event_name":"Purifier","player_choice":"Purged","floor":20.0,"gold_loss":0.0,"damage_taken":0.0},{"damage_healed":0.0,"max_hp_gain":0.0,"max_hp_loss":0.0,"gold_gain":0.0,"event_name":"Match and Keep!","player_choice":"1 cards matched","floor":38.0,"gold_loss":0.0,"damage_taken":0.0,"cards_obtained":["Impatience"]},{"damage_healed":0.0,"max_hp_gain":0.0,"max_hp_loss":0.0,"gold_gain":0.0,"event_name":"Mysterious Sphere","player_choice":"Ignored","floor":41.0,"gold_loss":0.0,"damage_taken":0.0},{"damage_healed":0.0,"max_hp_gain":0.0,"max_hp_loss":0.0,"gold_gain":0.0,"event_name":"Lab","player_choice":"Got Potions","floor":44.0,"gold_loss":0.0,"damage_taken":0.0}],"is_beta":false,"boss_relics":[{"not_picked":["hubris:TerracottaHorce","Pandora\u0027s Box"],"picked":"SacredBark"},{"not_picked":["hubris:RunicObelisk","ChewingGum"],"picked":"Replay:Ancient Bell"},{"not_picked":["hubris:ToyBattleship","Replay:Rubber Ducky"],"picked":"Snake Skull"},{"not_picked":["Gremlin Horn","hubris:CrystalStatue"],"picked":"Chameleon Ring"},{"not_picked":["Unceasing Top","Dead Branch"],"picked":"Durian"}],"items_purged_floors":[],"is_endless":false,"potions_floor_spawned":[1,6,14,24,28,30,37,40],"killed_by":"Transient","ascension_level":5}}