{"host":"5n1fl7z5i1vf7jan","time":1614156054,"event":{"mods":["BaseMod","Minty Spire (QoL Compilation)","Quick Restart","Relic Stats"],"gold_per_floor":[117,134,134,134,149,149,192,192,237,237,262,275,295,326,326,419,419,443,467,43,43,0,0,0],"floor_reached":23,"language":"ENG","playtime":736,"items_purged":["Strike_B"],"score":402,"play_id":"1bb4cff7-c767-40b9-ba82-d1a0d70994bc","local_time":"20210224004054","is_ascension_mode":true,"campfire_choices":[{"data":"Rip and Tear","floor":6.0,"key":"SMITH"},{"data":"Zap","floor":8.0,"key":"SMITH"},{"floor":10.0,"key":"REST"},{"floor":15.0,"key":"REST"}],"circlet_count":0,"master_deck":["AscendersBane","Defend_B","Defend_B","Defend_B","Defend_B","Zap+1","Dualcast","Ball Lightning","Compile Driver","Rip and Tear+1","Lockon","Sweeping Beam","Sunder","Steam","Capacitor","Electrodynamics","Undo","Self Repair","Defragment","Capacitor","Leap","Fusion+1","Machine Learning","FTL","Doom and Gloom","Force Field"],"relics":["Cracked Core","NeowsBlessing","Golden Idol","Strawberry","Happy Flower","White Beast Statue","Nuclear Battery","Orrery"],"acts_visited":["Exordium","TheCity"],"potions_floor_usage":[23,23],"damage_taken":[{"damage":0.0,"enemies":"Cultist","floor":1.0,"turns":1.0},{"damage":0.0,"enemies":"Small Slimes","floor":2.0,"turns":1.0},{"damage":0.0,"enemies":"2 Louse","floor":5.0,"turns":1.0},{"damage":45.0,"enemies":"3 Sentries","floor":7.0,"turns":6.0},{"damage":6.0,"enemies":"Blue Slaver","floor":11.0,"turns":3.0},{"damage":10.0,"enemies":"Gremlin Gang","floor":12.0,"turns":3.0},{"damage":0.0,"enemies":"3 Louse","floor":13.0,"turns":2.0},{"damage":9.0,"enemies":"Lagavulin","floor":14.0,"turns":5.0},{"damage":32.0,"enemies":"Slime Boss","floor":16.0,"turns":7.0},{"damage":5.0,"enemies":"3 Byrds","floor":18.0,"turns":2.0},{"damage":2.0,"enemies":"Spheric Guardian","floor":19.0,"turns":3.0},{"damage":52,"enemies":"Slavers","floor":23,"turns":4}],"seed_played":"8467540703063947189","potions_obtained":[{"floor":2.0,"key":"Swift Potion"},{"floor":7.0,"key":"GamblersBrew"},{"floor":13.0,"key":"LiquidBronze"},{"floor":16.0,"key":"SkillPotion"},{"floor":18.0,"key":"Block Potion"},{"floor":19.0,"key":"PotionOfCapacity"}],"is_trial":false,"path_per_floor":["M","M","?","?","M","R","E","R","T","R","M","M","M","E","R","B",null,"M","M","$","?","?","E"],"character_chosen":"DEFECT","items_purchased":["Defragment","Orrery","FTL"],"campfire_rested":2,"item_purchase_floors":[20,20,20],"current_hp_per_floor":[64,64,64,64,64,64,26,26,26,47,41,31,31,22,43,11,56,51,49,49,49,49,0,0],"gold":0,"neow_bonus":"THREE_ENEMY_KILL","is_daily":false,"chose_seed":false,"campfire_upgraded":2,"win_rate":0.0,"timestamp":1614156054,"path_taken":["M","M","?","?","M","R","E","R","T","R","M","M","?","E","R","BOSS","M","M","$","?","?","E"],"items_purchased_type":["Card","Relic","Card"],"build_version":"2020-12-22","purchased_purges":1,"victory":false,"max_hp_per_floor":[71,71,64,64,64,64,71,71,71,71,71,71,71,71,71,71,71,71,71,71,71,71,71,71],"relic_stats":{"Happy Flower":[9],"counters":[12,38],"Golden Idol":59,"obtain_stats":[{"NeowsBlessing":0,"Happy Flower":9,"Golden Idol":3,"Strawberry":7,"Orrery":20,"Cracked Core":0,"White Beast Statue":14,"Nuclear Battery":17},{"NeowsBlessing":0,"Happy Flower":4,"Golden Idol":2,"Strawberry":4,"Orrery":11,"Cracked Core":0,"White Beast Statue":8,"Nuclear Battery":9},{"NeowsBlessing":0,"Happy Flower":9,"Golden Idol":2,"Strawberry":9,"Orrery":34,"Cracked Core":0,"White Beast Statue":22,"Nuclear Battery":29}]},"card_choices":[{"not_picked":["Reprogram","Stack"],"picked":"Ball Lightning","floor":1.0},{"not_picked":["Reinforced Body","Darkness"],"picked":"Compile Driver","floor":2.0},{"not_picked":["Gash","Static Discharge"],"picked":"Rip and Tear","floor":5.0},{"not_picked":["Steam","Reprogram"],"picked":"Lockon","floor":7.0},{"not_picked":["Leap","Fusion"],"picked":"Sweeping Beam","floor":11.0},{"not_picked":["Gash","Blizzard"],"picked":"Sunder","floor":12.0},{"not_picked":["Rebound","Hologram"],"picked":"Steam","floor":13.0},{"not_picked":["White Noise","Loop"],"picked":"Capacitor","floor":14.0},{"not_picked":["Hyperbeam","Fission"],"picked":"Electrodynamics","floor":16.0},{"not_picked":["Recycle","Barrage"],"picked":"Undo","floor":18.0},{"not_picked":["Go for the Eyes","Compile Driver"],"picked":"Self Repair","floor":19.0},{"not_picked":["Gash+1","Fission"],"picked":"Capacitor","floor":20.0},{"not_picked":["Scrape","Beam Cell"],"picked":"Leap","floor":20.0},{"not_picked":["Heatsinks","Sunder+1"],"picked":"Fusion+1","floor":20.0},{"not_picked":["Leap","Beam Cell"],"picked":"Machine Learning","floor":20.0}],"player_experience":391436,"relics_obtained":[{"floor":7.0,"key":"Strawberry"},{"floor":9.0,"key":"Happy Flower"},{"floor":14.0,"key":"White Beast Statue"}],"event_choices":[{"damage_healed":0.0,"max_hp_gain":0.0,"max_hp_loss":7.0,"gold_gain":0.0,"event_name":"Golden Idol","player_choice":"Lose Max HP","floor":3.0,"gold_loss":0.0,"damage_taken":0.0,"relics_obtained":["Golden Idol"]},{"cards_removed":["Strike_B"],"damage_healed":0.0,"max_hp_gain":0.0,"max_hp_loss":0.0,"gold_gain":0.0,"event_name":"Purifier","player_choice":"Purged","floor":4.0,"gold_loss":0.0,"damage_taken":0.0},{"damage_healed":0.0,"max_hp_gain":0.0,"max_hp_loss":0.0,"gold_gain":0.0,"cards_transformed":["Strike_B","Strike_B"],"event_name":"Drug Dealer","player_choice":"Became Test Subject","floor":21.0,"gold_loss":0.0,"damage_taken":0.0,"cards_obtained":["Doom and Gloom","Force Field"]},{"damage_healed":0,"gold_gain":0,"player_choice":"Paid Fearfully","damage_taken":0,"max_hp_gain":0,"max_hp_loss":0,"event_name":"Masked Bandits","floor":22,"gold_loss":43}],"is_beta":false,"boss_relics":[{"not_picked":["Astrolabe","Ectoplasm"],"picked":"Nuclear Battery"}],"items_purged_floors":[20],"is_endless":false,"potions_floor_spawned":[2,7,13,16,18,19],"killed_by":"Slavers","ascension_level":20}}