{"host":"75labscqqrd170u0","time":1614156092,"event":{"mods":["Act Like it!","BaseMod","Gensokyo","Koishi","Marisa????????","Minty Spire (QoL Compilation)","Remilia??????","StSLib","The Servant 0.9.4"],"gold_per_floor":[110,110,3,13,327,327,354,354,354,372,372,372,390,403,403,504,504,504],"floor_reached":17,"language":"ENG","playtime":1128,"items_purged":[],"score":182,"play_id":"a109a097-9319-47f5-958b-1299d40ae23f","local_time":"20210224034132","is_ascension_mode":false,"campfire_choices":[{"floor":6,"key":"REST"},{"floor":8,"key":"REST"},{"floor":15,"key":"RECALL"}],"circlet_count":0,"master_deck":["Strike_MRS","Strike_MRS","Strike_MRS","Strike_MRS","Defend_MRS","Defend_MRS","Defend_MRS","Defend_MRS","UpSweep","MagicChant","EarthLightRay","MysteriousBeam","MysteriousBeam","MasterSpark","MysteriousBeam","RefractionSpark","FinalSpark"],"relics":["MiniHakkero","Pear","Question Card","Matryoshka","Thread and Needle","Happy Flower","Coffee Dripper"],"acts_visited":["Exordium","Gensokyo:Gensokyo"],"potions_floor_usage":[16],"damage_taken":[{"damage":3,"enemies":"Gensokyo:2_Kodama","floor":1,"turns":3},{"damage":5,"enemies":"Gensokyo:3_Fairies","floor":4,"turns":7},{"damage":13,"enemies":"Gensokyo:Python","floor":5,"turns":5},{"damage":54,"enemies":"Gensokyo:Aya","floor":7,"turns":8},{"damage":0,"enemies":"Gensokyo:LivingMonolith","floor":10,"turns":2},{"damage":0,"enemies":"Gensokyo:2_Rabbits","floor":13,"turns":2},{"damage":5,"enemies":"Gensokyo:Gryphon_and_Rabbit","floor":14,"turns":3},{"damage":31,"enemies":"Gensokyo:Reimu","floor":16,"turns":10}],"seed_played":"-448060283144330430","potions_obtained":[{"floor":7,"key":"BottledSpark"},{"floor":13,"key":"Fire Potion"},{"floor":14,"key":"GamblersBrew"}],"is_trial":false,"path_per_floor":["M","?","COS","M","M","R","E","R","T","M","?","?","M","M","R","B",null],"character_chosen":"MARISA","items_purchased":[],"campfire_rested":2,"item_purchase_floors":[],"current_hp_per_floor":[79,74,74,69,56,83,33,60,60,64,64,64,64,65,65,38,92,92],"gold":504,"neow_bonus":"TEN_PERCENT_HP_BONUS","is_daily":false,"chose_seed":false,"campfire_upgraded":0,"win_rate":0.0,"timestamp":1614156092,"path_taken":["M","?","COS","M","?","R","E","R","T","M","?","?","M","M","R","BOSS"],"items_purchased_type":[],"build_version":"2020-12-13","purchased_purges":0,"victory":false,"max_hp_per_floor":[82,92,92,92,92,92,92,92,92,92,92,92,92,92,92,92,92,92],"card_choices":[{"not_picked":["GravityBeat","SporeBomb","ShootTheMoon"],"picked":"SKIP","floor":1},{"not_picked":["StarlightTyphoon","GalacticHalo"],"picked":"MagicChant","floor":4},{"not_picked":["LuminesStrike","ShootingEcho"],"picked":"EarthLightRay","floor":5},{"not_picked":["AbsoluteMagnitude","Acceleration"],"picked":"MysteriousBeam","floor":7},{"not_picked":["AsteroidBelt","PulseMagic","ShootingEcho"],"picked":"MysteriousBeam","floor":10},{"not_picked":["NonDirectionalLaser","DarkSpark","MeteoricShower"],"picked":"MysteriousBeam","floor":13},{"not_picked":["UnstableBomb","MachineGunSpark","MagicChant"],"picked":"RefractionSpark","floor":14},{"not_picked":["JA","SatelliteIllusion","BlazingStar"],"picked":"FinalSpark","floor":16}],"player_experience":81281,"relics_obtained":[{"floor":7,"key":"Question Card"},{"floor":9,"key":"Matryoshka"}],"event_choices":[],"is_beta":false,"boss_relics":[{"not_picked":["Tiny House","Runic Pyramid"],"picked":"Coffee Dripper"}],"items_purged_floors":[],"is_endless":false,"potions_floor_spawned":[7,13,14],"ascension_level":0}}