{"host":"kh6fvhxn285ncg0o","time":1614155997,"event":{"mods":["Act Like it!","BaseMod","Colored Map","Friendly Minions","Keyboard Shortcuts","Minty Spire (QoL Compilation)","Quick Restart","Relic Stats","StSLib","SuperFastMode","UnlockEverythingMod"],"gold_per_floor":[112,122,122,47,59,84,84,110,110,142,107,132,146,165,165,244,244,264,96,116,41,91,116,128,140,175,202,230,274,304,347,359,446,458,482,494,556,368,378,403,403,435,513,513,525,560,574,590,590,590,590,590,590,293,320,320,320],"floor_reached":56,"language":"KOR","playtime":2349,"items_purged":["Pain","Defend_R","Defend_R"],"score":2125,"play_id":"c0a37bc7-152a-4eaa-9d86-3167ae33a384","local_time":"20210224173957","is_ascension_mode":true,"campfire_choices":[{"data":"Body Slam","floor":7.0,"key":"SMITH"},{"data":"Metallicize","floor":15.0,"key":"SMITH"},{"data":"Juggernaut","floor":25.0,"key":"SMITH"},{"data":"Barricade","floor":32.0,"key":"SMITH"},{"data":"Evolve","floor":41.0,"key":"SMITH"},{"data":"Burning Pact","floor":44.0,"key":"SMITH"},{"floor":49.0,"key":"RECALL"},{"data":"Feel No Pain","floor":53.0,"key":"SMITH"}],"circlet_count":0,"master_deck":["AscendersBane","Defend_R+1","Defend_R+1","Dark Embrace","Metallicize+1","Body Slam+1","Seeing Red","Intimidate","Juggernaut+1","Flame Barrier","Power Through","Fiend Fire","Shrug It Off","Entrench+1","Barricade+1","Disarm","Flash of Steel","Evolve+1","Burning Pact+1","Feel No Pain+1","Parasite"],"relics":["Burning Blood","NeowsBlessing","WarpedTongs","Toy Ornithopter","Eternal Feather","War Paint","Thread and Needle","Bag of Marbles","Empty Cage","TheAbacus","MawBank","Red Skull","Ancient Tea Set","Orichalcum","Sozu","Strawberry","Shovel","Happy Flower","Lantern","Oddly Smooth Stone"],"acts_visited":["Exordium","TheCity","TheBeyond","TheEnding"],"potions_floor_usage":[55,55],"damage_taken":[{"damage":0.0,"enemies":"Small Slimes","floor":1.0,"turns":1.0},{"damage":0.0,"enemies":"Cultist","floor":2.0,"turns":1.0},{"damage":0.0,"enemies":"Jaw Worm","floor":5.0,"turns":1.0},{"damage":40.0,"enemies":"Lagavulin","floor":6.0,"turns":9.0},{"damage":2.0,"enemies":"3 Sentries","floor":8.0,"turns":9.0},{"damage":42.0,"enemies":"Gremlin Nob","floor":10.0,"turns":5.0},{"damage":25.0,"enemies":"3 Sentries","floor":12.0,"turns":10.0},{"damage":0.0,"enemies":"Looter","floor":13.0,"turns":2.0},{"damage":0.0,"enemies":"Large Slime","floor":14.0,"turns":6.0},{"damage":12.0,"enemies":"The Guardian","floor":16.0,"turns":12.0},{"damage":17.0,"enemies":"Shell Parasite","floor":18.0,"turns":7.0},{"damage":7.0,"enemies":"2 Thieves","floor":20.0,"turns":5.0},{"damage":17.0,"enemies":"Book of Stabbing","floor":23.0,"turns":4.0},{"damage":4.0,"enemies":"Snake Plant","floor":27.0,"turns":4.0},{"damage":2.0,"enemies":"Sentry and Sphere","floor":28.0,"turns":4.0},{"damage":18.0,"enemies":"Gremlin Leader","floor":29.0,"turns":5.0},{"damage":0.0,"enemies":"Centurion and Healer","floor":30.0,"turns":8.0},{"damage":30.0,"enemies":"Slavers","floor":31.0,"turns":6.0},{"damage":1.0,"enemies":"Collector","floor":33.0,"turns":10.0},{"damage":37.0,"enemies":"3 Darklings","floor":35.0,"turns":7.0},{"damage":1.0,"enemies":"3 Shapes","floor":39.0,"turns":7.0},{"damage":0.0,"enemies":"Giant Head","floor":40.0,"turns":6.0},{"damage":7.0,"enemies":"Nemesis","floor":42.0,"turns":9.0},{"damage":0.0,"enemies":"Jaw Worm Horde","floor":45.0,"turns":5.0},{"damage":76.0,"enemies":"Reptomancer","floor":46.0,"turns":5.0},{"damage":0.0,"enemies":"Spire Growth","floor":47.0,"turns":3.0},{"damage":0.0,"enemies":"Writhing Mass","floor":48.0,"turns":3.0},{"damage":12.0,"enemies":"Donu and Deca","floor":50.0,"turns":5.0},{"damage":13.0,"enemies":"Time Eater","floor":51.0,"turns":9.0},{"damage":37,"enemies":"Shield and Spear","floor":55,"turns":6},{"damage":63,"enemies":"The Heart","floor":56,"turns":2}],"seed_played":"-2652605456301039221","potions_obtained":[{"floor":1.0,"key":"DuplicationPotion"},{"floor":6.0,"key":"HeartOfIron"},{"floor":12.0,"key":"HeartOfIron"},{"floor":14.0,"key":"AttackPotion"},{"floor":16.0,"key":"CultistPotion"},{"floor":20.0,"key":"LiquidBronze"},{"floor":28.0,"key":"BloodPotion"},{"floor":29.0,"key":"Dexterity Potion"},{"floor":31.0,"key":"FearPotion"},{"floor":33.0,"key":"Dexterity Potion"}],"is_trial":false,"path_per_floor":["M","M","?","$","M","E","R","E","T","E","?","E","M","M","R","B",null,"M","$","M","?","?","E","?","R","T","M","M","E","M","E","R","B",null,"M","?","?","$","M","E","R","E","T","R","M","E","M","M","R","B","B",null,"R","$","E","B"],"character_chosen":"IRONCLAD","items_purchased":["TheAbacus","Flash of Steel","Lantern"],"campfire_rested":0,"item_purchase_floors":[19,38,54],"current_hp_per_floor":[74,75,75,75,75,41,41,50,50,14,32,13,19,25,34,33,65,54,54,53,53,53,47,47,56,56,58,62,55,61,57,66,71,74,43,43,43,43,48,61,70,69,69,81,82,12,18,24,36,30,23,67,79,79,51,0,0],"gold":320,"neow_bonus":"THREE_ENEMY_KILL","is_daily":false,"chose_seed":false,"campfire_upgraded":7,"win_rate":0.0,"timestamp":1614155997,"path_taken":["M","M","?","$","?","E","R","E","T","E","?","E","M","M","R","BOSS","M","$","M","?","?","E","?","R","T","M","M","E","M","E","R","BOSS","M","?","?","$","?","E","R","E","T","R","M","E","M","M","R","BOSS","BOSS","R","$","E","BOSS"],"items_purchased_type":["Relic","Card","Relic"],"build_version":"2020-12-22","purchased_purges":3,"victory":false,"max_hp_per_floor":[75,75,75,75,75,75,75,75,75,75,75,75,75,75,75,75,75,75,75,75,75,75,75,75,75,75,75,75,75,75,75,75,75,75,75,75,75,75,75,82,82,82,82,82,82,82,82,82,82,82,82,82,82,82,82,82,82],"relic_stats":{"Happy Flower":[9],"counters":[31,176],"Eternal Feather":72,"War Paint":["Defend_R","Defend_R"],"Orichalcum":[60],"MawBank":180,"Burning Blood":164,"WarpedTongs":[159],"Sozu":3,"TheAbacus":[492],"Shovel":0,"obtain_stats":[{"Lantern":54,"NeowsBlessing":0,"Happy Flower":46,"Oddly Smooth Stone":55,"Eternal Feather":8,"Thread and Needle":10,"War Paint":9,"Orichalcum":31,"Empty Cage":17,"MawBank":23,"Ancient Tea Set":29,"Burning Blood":0,"WarpedTongs":3,"Sozu":34,"TheAbacus":19,"Shovel":42,"Strawberry":40,"Bag of Marbles":12,"Toy Ornithopter":6,"Red Skull":26},{"Lantern":29,"NeowsBlessing":0,"Happy Flower":25,"Oddly Smooth Stone":30,"Eternal Feather":5,"Thread and Needle":6,"War Paint":5,"Orichalcum":18,"Empty Cage":10,"MawBank":13,"Ancient Tea Set":16,"Burning Blood":0,"WarpedTongs":2,"Sozu":19,"TheAbacus":11,"Shovel":23,"Strawberry":22,"Bag of Marbles":7,"Toy Ornithopter":4,"Red Skull":13},{"Lantern":168,"NeowsBlessing":0,"Happy Flower":148,"Oddly Smooth Stone":174,"Eternal Feather":21,"Thread and Needle":26,"War Paint":21,"Orichalcum":99,"Empty Cage":56,"MawBank":72,"Ancient Tea Set":85,"Burning Blood":0,"WarpedTongs":2,"Sozu":109,"TheAbacus":63,"Shovel":138,"Strawberry":129,"Bag of Marbles":36,"Toy Ornithopter":12,"Red Skull":72}],"Toy Ornithopter":28},"card_choices":[{"not_picked":["Warcry","Perfected Strike"],"picked":"Dark Embrace","floor":1.0},{"not_picked":["Headbutt","Anger"],"picked":"Metallicize","floor":2.0},{"not_picked":["Perfected Strike","Pommel Strike"],"picked":"Body Slam","floor":5.0},{"not_picked":["Perfected Strike","Inflame","Iron Wave"],"picked":"SKIP","floor":8.0},{"not_picked":["Metallicize","Twin Strike"],"picked":"Seeing Red","floor":10.0},{"not_picked":["Inflame","Iron Wave","Havoc"],"picked":"SKIP","floor":12.0},{"not_picked":["Anger","Infernal Blade","Iron Wave"],"picked":"SKIP","floor":13.0},{"not_picked":["Metallicize","Anger"],"picked":"Intimidate","floor":14.0},{"not_picked":["Double Tap","Berserk"],"picked":"Juggernaut","floor":16.0},{"not_picked":["Armaments","Flex"],"picked":"Flame Barrier","floor":18.0},{"not_picked":["Havoc+1","Whirlwind","Armaments"],"picked":"SKIP","floor":20.0},{"not_picked":["Havoc+1","Whirlwind","Armaments"],"picked":"SKIP","floor":20.0},{"not_picked":["Heavy Blade","Whirlwind"],"picked":"Power Through","floor":23.0},{"not_picked":["Body Slam","Flex"],"picked":"Entrench+1","floor":27.0},{"not_picked":["Clash+1","Cleave","Clothesline"],"picked":"SKIP","floor":28.0},{"not_picked":["Intimidate","Thunderclap"],"picked":"Barricade","floor":29.0},{"not_picked":["Havoc","Warcry","Entrench+1"],"picked":"SKIP","floor":30.0},{"not_picked":["Headbutt","Reaper"],"picked":"Disarm","floor":31.0},{"not_picked":["Ghostly Armor+1","Perfected Strike+1","Armaments"],"picked":"SKIP","floor":35.0},{"not_picked":["Body Slam","Warcry","Carnage"],"picked":"SKIP","floor":39.0},{"not_picked":["Havoc","Fire Breathing"],"picked":"Evolve","floor":40.0},{"not_picked":["Iron Wave+1","Heavy Blade"],"picked":"Burning Pact","floor":42.0},{"not_picked":["Clothesline","Anger"],"picked":"Feel No Pain","floor":45.0},{"not_picked":["Feel No Pain","Anger+1","Sentinel"],"picked":"SKIP","floor":46.0},{"not_picked":["Clash","Cleave","Infernal Blade"],"picked":"SKIP","floor":47.0},{"not_picked":["Havoc","Iron Wave","Uppercut+1"],"picked":"SKIP","floor":48.0},{"not_picked":["Exhume","Clothesline","Warcry"],"picked":"SKIP","floor":55}],"player_experience":1508160,"relics_obtained":[{"floor":6.0,"key":"Toy Ornithopter"},{"floor":8.0,"key":"Eternal Feather"},{"floor":9.0,"key":"War Paint"},{"floor":10.0,"key":"Thread and Needle"},{"floor":12.0,"key":"Bag of Marbles"},{"floor":23.0,"key":"MawBank"},{"floor":26.0,"key":"Red Skull"},{"floor":29.0,"key":"Ancient Tea Set"},{"floor":31.0,"key":"Orichalcum"},{"floor":40.0,"key":"Strawberry"},{"floor":42.0,"key":"Shovel"},{"floor":46.0,"key":"Happy Flower"},{"floor":55,"key":"Oddly Smooth Stone"}],"event_choices":[{"damage_healed":0.0,"max_hp_gain":0.0,"max_hp_loss":0.0,"gold_gain":0.0,"event_name":"Accursed Blacksmith","player_choice":"Rummage","floor":3.0,"gold_loss":0.0,"damage_taken":0.0,"relics_obtained":["WarpedTongs"],"cards_obtained":["Pain"]},{"damage_healed":18.0,"max_hp_gain":0.0,"max_hp_loss":0.0,"gold_gain":0.0,"event_name":"The Cleric","player_choice":"Healed","floor":11.0,"gold_loss":35.0,"damage_taken":0.0},{"cards_removed":["Strike_R"],"damage_healed":0.0,"max_hp_gain":0.0,"max_hp_loss":0.0,"gold_gain":0.0,"event_name":"Beggar","player_choice":"Gave Gold","floor":21.0,"gold_loss":75.0,"damage_taken":0.0},{"damage_healed":0.0,"max_hp_gain":0.0,"max_hp_loss":0.0,"gold_gain":50.0,"event_name":"Nest","player_choice":"Stole From Cult","floor":22.0,"gold_loss":0.0,"damage_taken":0.0},{"damage_healed":0.0,"max_hp_gain":0.0,"max_hp_loss":0.0,"gold_gain":0.0,"cards_transformed":["Bash","Strike_R"],"event_name":"Drug Dealer","player_choice":"Became Test Subject","floor":24.0,"gold_loss":0.0,"damage_taken":0.0,"cards_obtained":["Fiend Fire","Shrug It Off"]},{"cards_removed":["Strike_R"],"damage_healed":0.0,"max_hp_gain":0.0,"max_hp_loss":0.0,"gold_gain":0.0,"event_name":"Falling","player_choice":"Removed Attack","floor":36.0,"gold_loss":0.0,"damage_taken":0.0},{"damage_healed":0.0,"max_hp_gain":0.0,"max_hp_loss":0.0,"gold_gain":50.0,"event_name":"Golden Shrine","player_choice":"Pray","floor":37.0,"gold_loss":0.0,"damage_taken":0.0}],"is_beta":false,"boss_relics":[{"not_picked":["Velvet Choker","SlaversCollar"],"picked":"Empty Cage"},{"not_picked":["Snecko Eye","Fusion Hammer"],"picked":"Sozu"}],"items_purged_floors":[4,38,54],"is_endless":false,"potions_floor_spawned":[1,6,12,14,16,20,28,29,31,33,42,47,48],"killed_by":"The Heart","ascension_level":20}}