{"host":"kqjncq1jgqa58i7s","time":1614199163,"event":{"mods":["AchievementEnabler","BaseMod","Colored Map","Minty Spire (QoL Compilation)","Relic Stats"],"gold_per_floor":[99,99,99,99,99,99,99,99,99,99,24,24,24,0,0,0,0,0,0,0],"floor_reached":19,"language":"ENG","playtime":848,"items_purged":["Strike_B"],"score":334,"play_id":"08d8c565-c4e5-41de-88a3-73a99524d3c8","local_time":"20210224213923","is_ascension_mode":true,"campfire_choices":[{"data":"Dualcast","floor":6,"key":"SMITH"},{"data":"Electrodynamics","floor":8,"key":"SMITH"},{"data":"Zap","floor":15,"key":"SMITH"}],"circlet_count":0,"master_deck":["AscendersBane","Strike_B","Strike_B","Strike_B","Defend_B","Defend_B+1","Defend_B","Defend_B","Zap+1","Dualcast+1","Gash","Sweeping Beam","Coolheaded+1","Electrodynamics+1","Glacier","Echo Form","Go for the Eyes"],"relics":["Ectoplasm","Golden Idol","Pantograph","InkBottle","Sozu"],"acts_visited":["Exordium","TheCity"],"potions_floor_usage":[16,16],"damage_taken":[{"damage":0,"enemies":"Jaw Worm","floor":1,"turns":3},{"damage":1,"enemies":"2 Louse","floor":2,"turns":3},{"damage":11,"enemies":"Small Slimes","floor":3,"turns":3},{"damage":23,"enemies":"3 Sentries","floor":7,"turns":9},{"damage":0,"enemies":"2 Fungi Beasts","floor":13,"turns":1},{"damage":0,"enemies":"Looter","floor":14,"turns":3},{"damage":34,"enemies":"Hexaghost","floor":16,"turns":15},{"damage":22,"enemies":"2 Thieves","floor":18,"turns":2},{"damage":30,"enemies":"Chosen","floor":19,"turns":3}],"seed_played":"9215436303338767310","potions_obtained":[{"floor":13,"key":"Explosive Potion"},{"floor":14,"key":"PowerPotion"},{"floor":16,"key":"BlessingOfTheForge"}],"is_trial":false,"path_per_floor":["M","M","M","?","?","R","E","R","T","?","$","?","M","M","R","B",null,"M","M"],"character_chosen":"DEFECT","items_purchased":[],"campfire_rested":0,"item_purchase_floors":[],"current_hp_per_floor":[64,63,52,52,33,33,10,10,10,10,10,10,10,10,10,1,48,26,0,0],"gold":0,"neow_bonus":"BOSS_RELIC","is_daily":false,"chose_seed":false,"campfire_upgraded":3,"win_rate":0.0,"timestamp":1614199163,"path_taken":["M","M","M","?","?","R","E","R","T","?","$","?","M","M","R","BOSS","M","M"],"items_purchased_type":[],"build_version":"2020-12-22","purchased_purges":1,"victory":false,"max_hp_per_floor":[71,71,71,64,64,64,64,64,64,64,64,64,64,64,64,64,64,64,64,64],"relic_stats":{"Sozu":0,"counters":[9,42],"Golden Idol":37,"Pantograph":25,"Ectoplasm":250,"obtain_stats":[{"Sozu":17,"Golden Idol":4,"Pantograph":7,"Ectoplasm":0,"Cracked Core":0,"InkBottle":9},{"Sozu":7,"Golden Idol":3,"Pantograph":4,"Ectoplasm":0,"Cracked Core":0,"InkBottle":4},{"Sozu":37,"Golden Idol":9,"Pantograph":18,"Ectoplasm":0,"Cracked Core":0,"InkBottle":18}],"InkBottle":[9]},"card_choices":[{"not_picked":["Go for the Eyes","Leap"],"picked":"Gash","floor":1},{"not_picked":["Steam","Lockon"],"picked":"Sweeping Beam","floor":2},{"not_picked":["Stack","Leap"],"picked":"Coolheaded","floor":3},{"not_picked":["Echo Form","Gash"],"picked":"Electrodynamics","floor":7},{"not_picked":["Stack","Steam"],"picked":"Glacier","floor":13},{"not_picked":["Rebound","Beam Cell","Stack"],"picked":"SKIP","floor":14},{"not_picked":["All For One","Creative AI"],"picked":"Echo Form","floor":16},{"not_picked":["Reprogram","Rebound"],"picked":"Go for the Eyes","floor":18}],"player_experience":1685532,"relics_obtained":[{"floor":7,"key":"Pantograph"},{"floor":9,"key":"InkBottle"}],"event_choices":[{"damage_healed":0,"gold_gain":0,"player_choice":"Lose Max HP","damage_taken":0,"relics_obtained":["Golden Idol"],"max_hp_gain":0,"max_hp_loss":7,"event_name":"Golden Idol","floor":4,"gold_loss":0},{"damage_healed":0,"gold_gain":0,"player_choice":"Entered Light","damage_taken":19,"max_hp_gain":0,"max_hp_loss":0,"event_name":"Shining Light","floor":5,"gold_loss":0,"cards_upgraded":["Defend_B","Coolheaded"]},{"damage_healed":0,"gold_gain":0,"player_choice":"Ignored","damage_taken":0,"max_hp_gain":0,"max_hp_loss":0,"event_name":"Liars Game","floor":10,"gold_loss":0},{"damage_healed":0,"gold_gain":0,"player_choice":"Ignored","damage_taken":0,"max_hp_gain":0,"max_hp_loss":0,"event_name":"Golden Wing","floor":12,"gold_loss":0}],"is_beta":false,"boss_relics":[{"not_picked":["Nuclear Battery","Busted Crown"],"picked":"Sozu"}],"items_purged_floors":[11],"is_endless":false,"potions_floor_spawned":[13,14,16],"killed_by":"Chosen","ascension_level":20}}