{"host":"f76wcztdlwlduum6","time":1614195485,"event":{"mods":["AchievementEnabler","BaseMod","BetterRewards","Colored Powertips","Minty Spire (QoL Compilation)","Quick Restart","Rare Cards Sparkle","Relic Stats","StSLib","SuperFastMode","everything is the same but u backflip on backflip"],"gold_per_floor":[112,129,129,148,148,183,183,201,201,201,236,236,260,283,283,378,378,397,410,444,468,468,504,517,557,581,621,645,678,697,710,710,808,808,833,833,847,372,703,743,783,783,783,211,251,291,291,325,325,325,325,325,325,162,195,195],"floor_reached":57,"language":"ENG","playtime":1924,"items_purged":["Defend_R","Defend_R","Defend_R","Defend_R"],"score":4405,"play_id":"8105b26e-a4d3-403f-bd4a-76b74777f8d5","local_time":"20210224133804","is_ascension_mode":true,"campfire_choices":[{"data":"Rupture","floor":7,"key":"SMITH"},{"data":"Rupture","floor":10,"key":"SMITH"},{"data":"Finesse","floor":15,"key":"SMITH"},{"data":"Rupture","floor":32,"key":"SMITH"},{"data":"Brutality","floor":42,"key":"SMITH"},{"floor":49,"key":"RECALL"},{"data":"Finesse","floor":53,"key":"SMITH"}],"circlet_count":0,"master_deck":["AscendersBane","Bash+1","Bite+1","Bite+1","Bite+1","Bite+1","Bite+1","Rupture+1","Finesse+1","Rupture+1","Flash of Steel+1","Bloodletting+1","Reaper+1","Hemokinesis+1","Hemokinesis+1","Offering+1","Flash of Steel+1","Dropkick+1","Uppercut+1","Uppercut+1","Dropkick+1","Bludgeon+1","Hemokinesis+1","Impervious","Bludgeon+1","Pommel Strike+1","Rupture+1","Brutality+1","Battle Trance+1","Hemokinesis+1","Finesse+1","Finesse+1","Dropkick+1","Bloodletting+1","Finesse+1","Shockwave+1"],"relics":["Burning Blood","Molten Egg 2","Champion Belt","Magic Flower","Orichalcum","Shuriken","Golden Idol","Mummified Hand","Letter Opener","Bottled Tornado","CultistMask","Black Star","Red Mask","Enchiridion","Centennial Puzzle","FossilizedHelix","Darkstone Periapt","Gremlin Horn","Whetstone","WingedGreaves","Bottled Flame","Tiny Chest","Sozu","Bottled Lightning","Old Coin","Ice Cream","Toy Ornithopter","Anchor","Ornamental Fan","White Beast Statue","Strawberry","Bronze Scales","Ancient Tea Set","Akabeko","Regal Pillow","War Paint","Blood Vial","Thread and Needle","Bag of Marbles","Nunchaku","StrikeDummy"],"acts_visited":["Exordium","TheCity","TheBeyond","TheEnding"],"potions_floor_usage":[],"damage_taken":[{"damage":11,"enemies":"2 Louse","floor":1,"turns":1},{"damage":2,"enemies":"Jaw Worm","floor":2,"turns":1},{"damage":16,"enemies":"Small Slimes","floor":4,"turns":2},{"damage":4,"enemies":"Gremlin Nob","floor":6,"turns":2},{"damage":6,"enemies":"Looter","floor":8,"turns":2},{"damage":13,"enemies":"Lagavulin","floor":11,"turns":2},{"damage":11,"enemies":"3 Louse","floor":13,"turns":1},{"damage":14,"enemies":"Exordium Wildlife","floor":14,"turns":2},{"damage":27,"enemies":"The Guardian","floor":16,"turns":3},{"damage":9,"enemies":"2 Thieves","floor":18,"turns":1},{"damage":2,"enemies":"Chosen","floor":19,"turns":3},{"damage":19,"enemies":"Masked Bandits","floor":20,"turns":2},{"damage":6,"enemies":"Centurion and Healer","floor":21,"turns":3},{"damage":11,"enemies":"Book of Stabbing","floor":23,"turns":2},{"damage":5,"enemies":"Cultist and Chosen","floor":24,"turns":2},{"damage":21,"enemies":"Slavers","floor":25,"turns":2},{"damage":9,"enemies":"Gremlin Leader","floor":27,"turns":2},{"damage":5,"enemies":"3 Cultists","floor":28,"turns":2},{"damage":7,"enemies":"Book of Stabbing","floor":29,"turns":1},{"damage":3,"enemies":"Centurion and Healer","floor":30,"turns":2},{"damage":4,"enemies":"Shelled Parasite and Fungi","floor":31,"turns":2},{"damage":26,"enemies":"Collector","floor":33,"turns":3},{"damage":6,"enemies":"Orb Walker","floor":35,"turns":2},{"damage":19,"enemies":"3 Shapes","floor":37,"turns":2},{"damage":6,"enemies":"Mind Bloom Boss Battle","floor":39,"turns":1},{"damage":9,"enemies":"Reptomancer","floor":40,"turns":2},{"damage":18,"enemies":"Nemesis","floor":41,"turns":3},{"damage":17,"enemies":"Giant Head","floor":45,"turns":2},{"damage":5,"enemies":"Nemesis","floor":46,"turns":1},{"damage":8,"enemies":"Giant Head","floor":48,"turns":2},{"damage":13,"enemies":"Time Eater","floor":50,"turns":3},{"damage":63,"enemies":"Awakened One","floor":51,"turns":4},{"damage":11,"enemies":"Shield and Spear","floor":55,"turns":2},{"damage":97,"enemies":"The Heart","floor":56,"turns":5}],"seed_played":"-7906977136049478306","potions_obtained":[],"is_trial":false,"path_per_floor":["M","M","?","M","?","E","R","M","T","R","E","?","M","M","R","B",null,"M","M","?","M","?","E","M","E","T","E","M","E","M","M","R","B",null,"M","?","M","$","?","E","E","R","T","$","E","E","T","E","R","B","B",null,"R","$","E","B",null],"character_chosen":"IRONCLAD","items_purchased":["Rupture","Champion Belt","Finesse","Rupture","Flash of Steel+1","Bloodletting","Orichalcum","Flash of Steel+1","Dropkick+1","Bottled Lightning","Dropkick+1","Finesse","Strawberry","Bronze Scales","Bag of Marbles"],"campfire_rested":0,"item_purchase_floors":[0,0,0,0,0,0,0,0,0,38,38,44,44,44,54],"current_hp_per_floor":[39,56,33,48,22,37,37,50,50,50,75,75,75,75,75,57,71,75,75,75,75,54,72,75,73,73,75,75,75,75,75,75,73,75,75,65,75,75,75,75,75,75,75,82,82,82,82,82,82,82,40,72,72,72,82,25],"gold":195,"neow_bonus":"","is_daily":false,"chose_seed":false,"campfire_upgraded":6,"win_rate":0.0,"timestamp":1614195484,"path_taken":["M","M","?","M","?","E","R","M","T","R","E","?","?","M","R","BOSS","M","M","?","M","?","E","M","E","T","E","M","E","M","M","R","BOSS","M","?","M","$","?","E","E","R","T","?","E","E","?","E","R","BOSS","BOSS","R","$","E","BOSS"],"items_purchased_type":["Card","Relic","Card","Card","Card","Card","Relic","Card","Card","Relic","Card","Card","Relic","Relic","Relic"],"build_version":"2020-12-22","purchased_purges":4,"victory":true,"max_hp_per_floor":[75,75,75,75,75,75,75,75,75,75,75,75,75,75,75,75,75,75,75,75,75,75,75,75,75,75,75,75,75,75,75,75,75,75,75,75,75,75,75,75,75,75,75,82,82,82,82,82,82,82,82,82,82,82,82,82],"relic_stats":{"Darkstone Periapt":0,"Regal Pillow":0,"Gremlin Horn":[16,18],"counters":[172,600],"Golden Idol":248,"Magic Flower":[158],"Letter Opener":[113],"Whetstone":[],"Orichalcum":[72],"War Paint":["Finesse","Finesse"],"Burning Blood":285,"Sozu":17,"Blood Vial":3,"Centennial Puzzle":[57],"Nunchaku":[2],"Shuriken":[81],"Mummified Hand":[122],"Ornamental Fan":[108],"Bronze Scales":[60],"Tiny Chest":1,"Black Star":10,"Champion Belt":[43],"obtain_stats":[{"Whetstone":30,"Ginger":13,"Bottled Tornado":12,"Boot":39,"Old Coin":39,"Blood Vial":53,"Sundial":26,"MealTicket":42,"Necronomicon":20,"Kunai":30,"Pear":0,"Blue Candle":54,"Pen Nib":39,"Akabeko":27,"SlaversCollar":17,"Bird Faced Urn":39,"MutagenicStrength":31,"Pandora\u0027s Box":0,"CultistMask":12,"Mark of Pain":34,"StrikeDummy":39,"Unceasing Top":31,"Lantern":0,"Regal Pillow":23,"Torii":39,"Magic Flower":0,"StoneCalendar":39,"Bag of Preparation":0,"Ancient Tea Set":42,"Smiling Mask":26,"Burning Blood":0,"Shovel":39,"Matryoshka":28,"Toolbox":53,"WingedGreaves":27,"InkBottle":22,"Potion Belt":13,"Lee\u0027s Waffle":14,"Golden Idol":11,"Damaru":40,"Thread and Needle":28,"PreservedInsect":23,"The Courier":38,"Omamori":3,"Frozen Egg 2":6,"MawBank":8,"Ornamental Fan":23,"Art of War":26,"Bottled Lightning":11,"Champion Belt":25,"Toy Ornithopter":54,"Ice Cream":44,"Calipers":4,"Gremlin Horn":9,"CeramicFish":39,"Vajra":7,"Sozu":17,"Centennial Puzzle":55,"HornCleat":0,"DollysMirror":0,"Strawberry":53,"Philosopher\u0027s Stone":34,"Prayer Wheel":0,"Toxic Egg 2":0,"Girya":39,"Happy Flower":39,"Astrolabe":34,"Oddly Smooth Stone":22,"Letter Opener":11,"War Paint":0,"Question Card":40,"Du-Vu Doll":25,"OrangePellets":0,"Bottled Flame":43,"Shuriken":46,"Bronze Scales":43,"Molten Egg 2":0,"Black Star":17,"Pocketwatch":39,"Darkstone Periapt":25,"Enchiridion":22,"Juzu Bracelet":0,"Incense Burner":22,"TeardropLocket":0,"Empty Cage":17,"PrismaticShard":0,"Nunchaku":39,"Dream Catcher":6,"TheAbacus":0,"Mummified Hand":42,"Pantograph":34,"Tiny Chest":13,"Red Mask":19,"Odd Mushroom":11,"Orichalcum":0,"Medical Kit":39,"White Beast Statue":43,"Calling Bell":34,"Anchor":6,"CaptainsWheel":20,"Coffee Dripper":17,"Bag of Marbles":48,"Membership Card":0,"PureWater":0,"FossilizedHelix":39},{"Whetstone":41,"Ginger":98,"Bottled Tornado":4,"Boot":16,"Old Coin":163,"Blood Vial":23,"Sundial":12,"MealTicket":49,"Necronomicon":8,"Kunai":13,"Pear":25,"Blue Candle":89,"Pen Nib":16,"Akabeko":40,"SlaversCollar":100,"Bird Faced Urn":16,"MutagenicStrength":107,"Pandora\u0027s Box":55,"CultistMask":144,"Mark of Pain":160,"StrikeDummy":16,"Unceasing Top":41,"Lantern":0,"Regal Pillow":137,"Torii":16,"Magic Flower":138,"StoneCalendar":16,"Bag of Preparation":0,"Ancient Tea Set":19,"Smiling Mask":105,"Burning Blood":138,"Shovel":16,"Matryoshka":40,"Toolbox":53,"WingedGreaves":155,"InkBottle":9,"Potion Belt":5,"Lee\u0027s Waffle":32,"Golden Idol":97,"Damaru":47,"Thread and Needle":76,"PreservedInsect":10,"The Courier":16,"Omamori":1,"Frozen Egg 2":29,"MawBank":125,"Ornamental Fan":38,"Art of War":74,"Bottled Lightning":31,"Champion Belt":105,"Toy Ornithopter":24,"Ice Cream":20,"Calipers":2,"Gremlin Horn":97,"CeramicFish":16,"Vajra":60,"Sozu":66,"Centennial Puzzle":90,"HornCleat":25,"DollysMirror":25,"Strawberry":23,"Philosopher\u0027s Stone":14,"Prayer Wheel":55,"Toxic Egg 2":0,"Girya":111,"Happy Flower":16,"Astrolabe":78,"Oddly Smooth Stone":37,"Letter Opener":144,"War Paint":25,"Question Card":17,"Du-Vu Doll":12,"OrangePellets":0,"Bottled Flame":49,"Shuriken":21,"Bronze Scales":19,"Molten Egg 2":0,"Black Star":147,"Pocketwatch":16,"Darkstone Periapt":154,"Enchiridion":151,"Juzu Bracelet":0,"Incense Burner":9,"TeardropLocket":0,"Empty Cage":6,"PrismaticShard":55,"Nunchaku":16,"Dream Catcher":96,"TheAbacus":25,"Mummified Hand":19,"Pantograph":108,"Tiny Chest":129,"Red Mask":8,"Odd Mushroom":4,"Orichalcum":25,"Medical Kit":16,"White Beast Statue":165,"Calling Bell":108,"Anchor":3,"CaptainsWheel":134,"Coffee Dripper":33,"Bag of Marbles":52,"Membership Card":0,"PureWater":0,"FossilizedHelix":16},{"Whetstone":136,"Ginger":297,"Bottled Tornado":17,"Boot":54,"Old Coin":576,"Blood Vial":79,"Sundial":38,"MealTicket":157,"Necronomicon":29,"Kunai":42,"Pear":89,"Blue Candle":268,"Pen Nib":54,"Akabeko":134,"SlaversCollar":305,"Bird Faced Urn":54,"MutagenicStrength":334,"Pandora\u0027s Box":176,"CultistMask":538,"Mark of Pain":571,"StrikeDummy":54,"Unceasing Top":136,"Lantern":0,"Regal Pillow":524,"Torii":54,"Magic Flower":528,"StoneCalendar":54,"Bag of Preparation":0,"Ancient Tea Set":65,"Smiling Mask":326,"Burning Blood":528,"Shovel":54,"Matryoshka":134,"Toolbox":167,"WingedGreaves":561,"InkBottle":31,"Potion Belt":20,"Lee\u0027s Waffle":111,"Golden Idol":292,"Damaru":154,"Thread and Needle":229,"PreservedInsect":33,"The Courier":54,"Omamori":6,"Frozen Egg 2":100,"MawBank":447,"Ornamental Fan":129,"Art of War":226,"Bottled Lightning":107,"Champion Belt":326,"Toy Ornithopter":83,"Ice Cream":66,"Calipers":8,"Gremlin Horn":292,"CeramicFish":54,"Vajra":189,"Sozu":205,"Centennial Puzzle":271,"HornCleat":89,"DollysMirror":89,"Strawberry":79,"Philosopher\u0027s Stone":46,"Prayer Wheel":176,"Toxic Egg 2":0,"Girya":351,"Happy Flower":54,"Astrolabe":233,"Oddly Smooth Stone":127,"Letter Opener":538,"War Paint":89,"Question Card":59,"Du-Vu Doll":38,"OrangePellets":0,"Bottled Flame":157,"Shuriken":72,"Bronze Scales":65,"Molten Egg 2":0,"Black Star":544,"Pocketwatch":54,"Darkstone Periapt":559,"Enchiridion":553,"Juzu Bracelet":0,"Incense Burner":31,"TeardropLocket":0,"Empty Cage":23,"PrismaticShard":176,"Nunchaku":54,"Dream Catcher":290,"TheAbacus":89,"Mummified Hand":65,"Pantograph":341,"Tiny Chest":468,"Red Mask":29,"Odd Mushroom":17,"Orichalcum":89,"Medical Kit":54,"White Beast Statue":581,"Calling Bell":341,"Anchor":14,"CaptainsWheel":499,"Coffee Dripper":114,"Bag of Marbles":160,"Membership Card":0,"PureWater":0,"FossilizedHelix":54}],"Toy Ornithopter":0},"card_choices":[{"not_picked":["Warcry","Headbutt+1"],"picked":"Dropkick+1","floor":1},{"not_picked":["True Grit","Disarm","Searing Blow+1"],"picked":"SKIP","floor":2},{"not_picked":["Warcry","Flex","Ghostly Armor"],"picked":"SKIP","floor":4},{"not_picked":["Entrench","Clothesline+1"],"picked":"Bludgeon+1","floor":6},{"not_picked":["Clash+1","Perfected Strike+1","Wild Strike+1"],"picked":"SKIP","floor":8},{"not_picked":["Rampage+1","Evolve"],"picked":"Hemokinesis+1","floor":11},{"not_picked":["Warcry","Wild Strike+1"],"picked":"Impervious","floor":13},{"not_picked":["True Grit","Perfected Strike+1","Battle Trance"],"picked":"SKIP","floor":14},{"not_picked":["Feed+1","Barricade"],"picked":"Bludgeon+1","floor":16},{"not_picked":["Thunderclap+1","Anger+1","Body Slam+1"],"picked":"SKIP","floor":18},{"not_picked":["Anger+1","Shrug It Off"],"picked":"Pommel Strike+1","floor":19},{"not_picked":["True Grit","Sword Boomerang+1"],"picked":"Rupture","floor":20},{"not_picked":["Pommel Strike+1","Twin Strike+1"],"picked":"Brutality","floor":21},{"not_picked":["Armaments","Second Wind"],"picked":"Battle Trance+1","floor":23},{"not_picked":["Disarm","Warcry","Wild Strike+1"],"picked":"SKIP","floor":24},{"not_picked":["Fire Breathing","Clothesline+1","Warcry"],"picked":"SKIP","floor":25},{"not_picked":["Power Through+1","Flex"],"picked":"Hemokinesis+1","floor":27},{"not_picked":["Armaments","True Grit","Whirlwind+1"],"picked":"SKIP","floor":28},{"not_picked":["Blood for Blood+1","Entrench","Headbutt+1"],"picked":"SKIP","floor":29},{"not_picked":["Rampage+1","Havoc","Sword Boomerang+1"],"picked":"SKIP","floor":30},{"not_picked":["Heavy Blade+1","Headbutt+1","Perfected Strike+1"],"picked":"SKIP","floor":31},{"not_picked":["Thunderclap+1","Second Wind+1","Combust"],"picked":"SKIP","floor":35},{"not_picked":["Blind","HandOfGreed+1"],"picked":"Finesse","floor":36},{"not_picked":["Trip","Madness"],"picked":"Finesse","floor":36},{"not_picked":["Headbutt+1","Clothesline+1","Battle Trance"],"picked":"SKIP","floor":37},{"not_picked":["Armaments+1","True Grit","Pommel Strike+1"],"picked":"SKIP","floor":40},{"not_picked":["Shockwave","Havoc"],"picked":"Bloodletting+1","floor":41},{"not_picked":["Warcry","Corruption","Clash+1"],"picked":"SKIP","floor":45},{"not_picked":["Perfected Strike+1","Sword Boomerang+1","Infernal Blade+1"],"picked":"SKIP","floor":46},{"not_picked":["Perfected Strike+1","Body Slam+1","Combust"],"picked":"SKIP","floor":48},{"not_picked":["Intimidate","Twin Strike+1"],"picked":"Shockwave+1","floor":55}],"player_experience":386090,"relics_obtained":[{"floor":9,"key":"Mummified Hand"},{"floor":11,"key":"Letter Opener"},{"floor":20,"key":"Red Mask"},{"floor":22,"key":"Enchiridion"},{"floor":23,"key":"Centennial Puzzle"},{"floor":23,"key":"FossilizedHelix"},{"floor":25,"key":"Darkstone Periapt"},{"floor":25,"key":"Gremlin Horn"},{"floor":27,"key":"Whetstone"},{"floor":27,"key":"WingedGreaves"},{"floor":29,"key":"Bottled Flame"},{"floor":29,"key":"Tiny Chest"},{"floor":39,"key":"Old Coin"},{"floor":40,"key":"Ice Cream"},{"floor":40,"key":"Toy Ornithopter"},{"floor":41,"key":"Anchor"},{"floor":41,"key":"Ornamental Fan"},{"floor":43,"key":"White Beast Statue"},{"floor":45,"key":"Ancient Tea Set"},{"floor":46,"key":"Akabeko"},{"floor":46,"key":"Regal Pillow"},{"floor":47,"key":"War Paint"},{"floor":48,"key":"Blood Vial"},{"floor":48,"key":"Thread and Needle"},{"floor":55,"key":"Nunchaku"},{"floor":55,"key":"StrikeDummy"}],"event_choices":[{"damage_healed":0,"gold_gain":0,"player_choice":"Entered Light","damage_taken":23,"max_hp_gain":0,"max_hp_loss":0,"event_name":"Shining Light","floor":3,"gold_loss":0,"cards_upgraded":["Bash","Bloodletting"]},{"damage_healed":0,"gold_gain":0,"player_choice":"Take Damage","damage_taken":26,"relics_obtained":["Golden Idol"],"max_hp_gain":0,"max_hp_loss":0,"event_name":"Golden Idol","floor":5,"gold_loss":0},{"damage_healed":0,"gold_gain":0,"player_choice":"Trade","damage_taken":0,"relics_obtained":["CultistMask"],"max_hp_gain":0,"max_hp_loss":0,"event_name":"FaceTrader","floor":12,"gold_loss":0},{"damage_healed":0,"gold_gain":0,"player_choice":"Fought Bandits","damage_taken":0,"max_hp_gain":0,"max_hp_loss":0,"event_name":"Masked Bandits","floor":20,"gold_loss":0},{"damage_healed":0,"gold_gain":0,"player_choice":"Obtained Book","damage_taken":21,"max_hp_gain":0,"max_hp_loss":0,"event_name":"Cursed Tome","floor":22,"gold_loss":0},{"damage_healed":0,"gold_gain":0,"player_choice":"Memory 3","damage_taken":10,"max_hp_gain":0,"max_hp_loss":0,"event_name":"SensoryStone","floor":36,"gold_loss":0},{"damage_healed":0,"gold_gain":0,"player_choice":"Fight","damage_taken":0,"max_hp_gain":0,"max_hp_loss":0,"event_name":"MindBloom","floor":39,"gold_loss":0}],"is_beta":false,"boss_relics":[{"not_picked":["Cursed Key","Coffee Dripper"],"picked":"Black Star"},{"not_picked":["Runic Pyramid","Sozu"],"picked":"Mark of Pain"}],"items_purged_floors":[0,0,38,44],"is_endless":false,"potions_floor_spawned":[4,11,13,16,18,19,23,27,28,31,35,40,41,45,46,48,55],"ascension_level":20}}