{"host":"test","time":1614180474,"event":{"mods":["BaseMod","Bestiary","Colored Map","Colored Powertips","Minty Spire (QoL Compilation)","Relic Stats","Slay the Relics Exporter","SpireBot","StSLib","ojb\u0027s Better Paths Mod","ojb\u0027s Info Mod: The sequel"],"gold_per_floor":[114,132,132,150,150,150,179,179,179,198,198,227,244,255,255,328,328,342,25,43,53,53,53,71,100,100,126,126,137,169,169,169,241,241,251,251,71,71,14,14,41,41,50,50,89,117,144,144,144,144,144,144],"floor_reached":51,"language":"JPN","playtime":2961,"items_purged":["Defend_G","Clumsy"],"score":1406,"play_id":"35b377fb-32c8-41fe-b41e-1baf950bca72","local_time":"20210225002754","is_ascension_mode":true,"campfire_choices":[{"data":"Blade Dance","floor":6.0,"key":"SMITH"},{"data":"Strike_G","floor":8.0,"key":"PURGE"},{"data":"Defend_G","floor":11.0,"key":"PURGE"},{"data":"Strike_G","floor":15.0,"key":"PURGE"},{"data":"Defend_G","floor":23.0,"key":"PURGE"},{"floor":28.0,"key":"REST"},{"floor":32.0,"key":"REST"},{"data":"Calculated Gamble","floor":40.0,"key":"SMITH"},{"data":"Noxious Fumes","floor":42.0,"key":"SMITH"},{"data":"Decay","floor":44.0,"key":"PURGE"},{"floor":49.0,"key":"RECALL"}],"circlet_count":0,"master_deck":["AscendersBane","Survivor","Neutralize+1","Dodge and Roll+1","Deadly Poison+1","Wraith Form v2+1","Deadly Poison","Blade Dance+1","Bane+1","Deflect","Noxious Fumes+1","Acrobatics","Finisher","Adrenaline","Backflip","Crippling Poison","Footwork+1","Backflip","Calculated Gamble+1","Blade Dance","Outmaneuver+1","PiercingWail+1","Prepared+1","Venomology+1","Madness+1","Madness+1","Leg Sweep+1","Flash of Steel","Finesse+1","Purity+1","Backflip+1","Expertise+1","Cloak And Dagger+1"],"relics":["Astrolabe","Peace Pipe","Kunai","Whetstone","Cursed Key","Medical Kit","Red Mask","Toxic Egg 2","Potion Belt","Ginger","Philosopher\u0027s Stone","Smiling Mask","CeramicFish","CaptainsWheel"],"acts_visited":["Exordium","TheCity","TheBeyond"],"potions_floor_usage":[51,51],"damage_taken":[{"damage":2.0,"enemies":"2 Louse","floor":1.0,"turns":3.0},{"damage":1.0,"enemies":"Small Slimes","floor":2.0,"turns":5.0},{"damage":0.0,"enemies":"Cultist","floor":4.0,"turns":3.0},{"damage":1.0,"enemies":"Gremlin Nob","floor":7.0,"turns":5.0},{"damage":8.0,"enemies":"2 Fungi Beasts","floor":10.0,"turns":4.0},{"damage":13.0,"enemies":"3 Sentries","floor":12.0,"turns":7.0},{"damage":6.0,"enemies":"Exordium Thugs","floor":13.0,"turns":5.0},{"damage":0.0,"enemies":"Red Slaver","floor":14.0,"turns":4.0},{"damage":17.0,"enemies":"Slime Boss","floor":16.0,"turns":10.0},{"damage":0.0,"enemies":"3 Byrds","floor":18.0,"turns":4.0},{"damage":2.0,"enemies":"2 Thieves","floor":20.0,"turns":3.0},{"damage":0.0,"enemies":"Centurion and Healer","floor":21.0,"turns":7.0},{"damage":2.0,"enemies":"Sentry and Sphere","floor":24.0,"turns":4.0},{"damage":1.0,"enemies":"Masked Bandits","floor":25.0,"turns":4.0},{"damage":20.0,"enemies":"Slavers","floor":27.0,"turns":7.0},{"damage":7.0,"enemies":"Shelled Parasite and Fungi","floor":29.0,"turns":6.0},{"damage":4.0,"enemies":"Gremlin Leader","floor":30.0,"turns":6.0},{"damage":18.0,"enemies":"Collector","floor":33.0,"turns":9.0},{"damage":0.0,"enemies":"3 Shapes","floor":35.0,"turns":4.0},{"damage":7.0,"enemies":"Reptomancer","floor":41.0,"turns":6.0},{"damage":7.0,"enemies":"Giant Head","floor":45.0,"turns":8.0},{"damage":1.0,"enemies":"Orb Walker","floor":46.0,"turns":4.0},{"damage":2.0,"enemies":"4 Shapes","floor":47.0,"turns":6.0},{"damage":6.0,"enemies":"Donu and Deca","floor":50.0,"turns":12.0},{"damage":15,"enemies":"Time Eater","floor":51,"turns":5}],"seed_played":"1700083500682661732","potions_obtained":[{"floor":1.0,"key":"ColorlessPotion"},{"floor":7.0,"key":"Strength Potion"},{"floor":16.0,"key":"SkillPotion"},{"floor":18.0,"key":"DuplicationPotion"},{"floor":27.0,"key":"SpeedPotion"},{"floor":29.0,"key":"FearPotion"}],"is_trial":false,"path_per_floor":["M","M","?","M","?","R","E","R","T","M","R","E","M","M","R","B",null,"M","$","M","M","?","R","M","?","T","E","R","M","E","?","R","B",null,"M","?","$","?","?","R","E","R","T","R","E","M","M","?","R","B","B"],"character_chosen":"THE_SILENT","items_purchased":["Crippling Poison","Medical Kit","Leg Sweep+1"],"campfire_rested":2,"item_purchase_floors":[19,19,37],"current_hp_per_floor":[57,56,49,49,49,49,48,48,48,40,40,27,21,21,21,4,51,51,51,49,49,31,31,29,28,28,8,29,22,18,18,39,21,59,59,46,46,36,36,36,29,29,29,29,22,21,19,19,19,13,0,0],"gold":144,"neow_bonus":"BOSS_RELIC","is_daily":false,"chose_seed":true,"campfire_upgraded":3,"win_rate":0.0,"timestamp":1614180474,"path_taken":["M","M","?","M","?","R","E","R","T","M","R","E","M","M","R","BOSS","M","$","M","M","?","R","M","?","T","E","R","M","E","?","R","BOSS","M","?","$","?","?","R","E","R","T","R","E","M","?","?","R","BOSS","BOSS"],"items_purchased_type":["Card","Relic","Card"],"build_version":"2020-12-18","purchased_purges":2,"victory":false,"max_hp_per_floor":[66,66,66,66,66,66,66,66,66,66,66,66,66,66,66,66,66,66,66,66,66,71,71,71,71,71,71,71,71,71,71,71,71,71,71,71,71,71,71,71,71,71,71,71,71,71,71,71,71,71,71,71],"relic_stats":{"Peace Pipe":8,"counters":[25,141],"Astrolabe":["Dodge and Roll","Deadly Poison","Wraith Form v2"],"CeramicFish":36,"Kunai":[78],"Whetstone":["Neutralize","Bane"],"Ginger":[10],"Cursed Key":2,"Medical Kit":[23],"Smiling Mask":0,"obtain_stats":[{"Potion Belt":27,"Astrolabe":0,"CeramicFish":41,"Whetstone":12,"Ginger":30,"Cursed Key":17,"Medical Kit":19,"Smiling Mask":39,"Peace Pipe":7,"CaptainsWheel":45,"Philosopher\u0027s Stone":34,"Red Mask":25,"Kunai":9,"Toxic Egg 2":26,"Ring of the Snake":0},{"Potion Belt":15,"Astrolabe":0,"CeramicFish":20,"Whetstone":6,"Ginger":17,"Cursed Key":9,"Medical Kit":10,"Smiling Mask":19,"Peace Pipe":4,"CaptainsWheel":21,"Philosopher\u0027s Stone":18,"Red Mask":14,"Kunai":4,"Toxic Egg 2":14,"Ring of the Snake":0},{"Potion Belt":75,"Astrolabe":0,"CeramicFish":106,"Whetstone":27,"Ginger":87,"Cursed Key":46,"Medical Kit":50,"Smiling Mask":100,"Peace Pipe":16,"CaptainsWheel":114,"Philosopher\u0027s Stone":96,"Red Mask":68,"Kunai":16,"Toxic Egg 2":68,"Ring of the Snake":0}]},"card_choices":[{"not_picked":["Bane","Underhanded Strike"],"picked":"Deadly Poison","floor":1.0},{"not_picked":["Quick Slash","Escape Plan"],"picked":"Blade Dance","floor":2.0},{"not_picked":["Deadly Poison","Outmaneuver"],"picked":"Bane","floor":4.0},{"not_picked":["Blade Dance","Endless Agony"],"picked":"Noxious Fumes","floor":7.0},{"not_picked":["Slice","Prepared","Doppelganger"],"picked":"SKIP","floor":10.0},{"not_picked":["Envenom","Outmaneuver"],"picked":"Acrobatics","floor":12.0},{"not_picked":["Flying Knee","Sucker Punch","Heel Hook"],"picked":"SKIP","floor":13.0},{"not_picked":["Bouncing Flask","Dodge and Roll"],"picked":"Finisher","floor":14.0},{"not_picked":["Bullet Time","Unload"],"picked":"Adrenaline","floor":16.0},{"not_picked":["Acrobatics","Accuracy"],"picked":"Backflip","floor":18.0},{"not_picked":["Prepared","Dagger Spray"],"picked":"Footwork","floor":20.0},{"not_picked":["Slice+1","Predator"],"picked":"Backflip","floor":21.0},{"not_picked":["Blade Dance","Grand Finale"],"picked":"Calculated Gamble","floor":24.0},{"not_picked":["Bane","Quick Slash"],"picked":"Blade Dance","floor":25.0},{"not_picked":["Prepared+1","Finisher+1"],"picked":"Outmaneuver+1","floor":27.0},{"not_picked":["Dash","Dodge and Roll+1"],"picked":"PiercingWail+1","floor":29.0},{"not_picked":["Envenom","Backstab"],"picked":"Prepared+1","floor":30.0},{"not_picked":["Phantasmal Killer+1","Bullet Time+1"],"picked":"Venomology+1","floor":33.0},{"not_picked":["Deadly Poison+1","Slice","Prepared+1"],"picked":"SKIP","floor":35.0},{"not_picked":["Trip+1","Forethought+1"],"picked":"Flash of Steel","floor":38.0},{"not_picked":["Dramatic Entrance","Deep Breath+1"],"picked":"Finesse+1","floor":38.0},{"not_picked":["Finesse+1","Transmutation+1"],"picked":"Purity+1","floor":38.0},{"not_picked":["Deflect+1","Prepared+1","Dagger Spray"],"picked":"SKIP","floor":41.0},{"not_picked":["Flechettes+1","PiercingWail+1"],"picked":"Backflip+1","floor":45.0},{"not_picked":["Choke","Dodge and Roll+1"],"picked":"Expertise+1","floor":46.0},{"not_picked":["Caltrops","Dagger Spray"],"picked":"Cloak And Dagger+1","floor":47.0}],"player_experience":2112106,"relics_obtained":[{"floor":7.0,"key":"Peace Pipe"},{"floor":9.0,"key":"Kunai"},{"floor":12.0,"key":"Whetstone"},{"floor":25.0,"key":"Red Mask"},{"floor":26.0,"key":"Toxic Egg 2"},{"floor":27.0,"key":"Potion Belt"},{"floor":30.0,"key":"Ginger"},{"floor":41.0,"key":"CeramicFish"},{"floor":45.0,"key":"CaptainsWheel"}],"event_choices":[{"cards_removed":["Strike_G"],"damage_healed":0.0,"max_hp_gain":0.0,"max_hp_loss":0.0,"gold_gain":0.0,"event_name":"Golden Wing","player_choice":"Card Removal","floor":3.0,"gold_loss":0.0,"damage_taken":7.0},{"damage_healed":0.0,"max_hp_gain":0.0,"max_hp_loss":0.0,"gold_gain":0.0,"cards_transformed":["Strike_G"],"event_name":"Living Wall","player_choice":"Change","floor":5.0,"gold_loss":0.0,"damage_taken":0.0,"cards_obtained":["Deflect"]},{"damage_healed":0.0,"max_hp_gain":5.0,"max_hp_loss":0.0,"gold_gain":0.0,"event_name":"Forgotten Altar","player_choice":"Shed Blood","floor":22.0,"gold_loss":0.0,"damage_taken":23.0},{"damage_healed":0.0,"max_hp_gain":0.0,"max_hp_loss":0.0,"gold_gain":0.0,"event_name":"Masked Bandits","player_choice":"Fought Bandits","floor":25.0,"gold_loss":0.0,"damage_taken":0.0},{"damage_healed":0.0,"max_hp_gain":0.0,"max_hp_loss":0.0,"gold_gain":0.0,"event_name":"The Mausoleum","player_choice":"Ignored","floor":31.0,"gold_loss":0.0,"damage_taken":0.0},{"damage_healed":0.0,"max_hp_gain":0.0,"max_hp_loss":0.0,"gold_gain":0.0,"event_name":"Winding Halls","player_choice":"Embrace Madness","floor":36.0,"gold_loss":0.0,"damage_taken":13.0,"cards_obtained":["Madness","Madness"]},{"damage_healed":0.0,"max_hp_gain":0.0,"max_hp_loss":0.0,"gold_gain":0.0,"event_name":"SensoryStone","player_choice":"Memory 3","floor":38.0,"gold_loss":0.0,"damage_taken":10.0},{"damage_healed":0.0,"max_hp_gain":0.0,"max_hp_loss":0.0,"gold_gain":0.0,"event_name":"WeMeetAgain","player_choice":"Paid Gold","floor":39.0,"gold_loss":57.0,"damage_taken":0.0,"relics_obtained":["Smiling Mask"]},{"damage_healed":0.0,"max_hp_gain":0.0,"max_hp_loss":0.0,"gold_gain":0.0,"event_name":"Upgrade Shrine","player_choice":"Upgraded","floor":48.0,"gold_loss":0.0,"damage_taken":0.0,"cards_upgraded":["Footwork"]}],"is_beta":true,"boss_relics":[{"not_picked":["WristBlade","Tiny House"],"picked":"Cursed Key"},{"not_picked":["Runic Dome","Pandora\u0027s Box"],"picked":"Philosopher\u0027s Stone"}],"items_purged_floors":[19,37],"is_endless":false,"potions_floor_spawned":[1,7,10,16,18,24,27,29,45,47],"killed_by":"Time Eater","ascension_level":20}}