{"host":"2d69zsihwnsihkt1","time":1614186033,"event":{"mods":["AchievementEnabler","Act Like it!","BaseMod","Better Altar","Better Note","Better Skull","Bossed Relics","Colored Map","Colored Powertips","Curses Come First","Displayed Cursed Tome","Googly Eyes","Hermit","Minty Spire (QoL Compilation)","Rare Cards Sparkle","Relic Stats","Replay The Spire","Robot Space Explorer","Shapeshifter Mod","Shop Mod","StSLib","The Forsaken","The Hayseed","The Runesmith"],"gold_per_floor":[116,116,61,76,76,103,122,122,145,174,194,194,207,207,207,330,330,351,365,365,365,376,709,709,727,752,183,183,203,222,222,222,321,321,339,339,36,53,105,105,105,105,56,75,157,157,176,176,176],"floor_reached":48,"language":"ENG","playtime":9944,"items_purged":[],"score":802,"play_id":"bed9b723-9e84-4738-9017-a3b6f7ad95bb","local_time":"20210224110033","is_ascension_mode":true,"campfire_choices":[{"data":"Static Discharge","floor":8.0,"key":"SMITH"},{"data":"Static Discharge","floor":12.0,"key":"SMITH"},{"floor":15.0,"key":"REST"},{"floor":24.0,"key":"REST"},{"floor":28.0,"key":"REST"},{"data":"Consume","floor":32.0,"key":"SMITH"},{"floor":40.0,"key":"REST"},{"floor":46,"key":"REST"}],"circlet_count":0,"master_deck":["AscendersBane","Strike_B","Strike_B","Strike_B","Strike_B+1","Defend_B","Defend_B","Defend_B+1","Defend_B","Zap","Dualcast","Chill","Meteor Strike","Static Discharge+1","Static Discharge+1","Self Repair","Coolheaded","Seek","Chill","Thunder Strike","Thunder Strike","The Bomb+1","Consume+1","Mirror Shield","The Bomb+1","Rip and Tear+1","Ball Lightning","Echo Form","Normality"],"relics":["Cracked Core","NeowsBlessing","Bag of Marbles","Oddly Smooth Stone","Runesmith:AutoHammer","Bloody Idol","Ring of Chaos","Old Coin","Juzu Bracelet","Sling","Simple Rune","Cursed Key","Counterbalance","Girya","Replay:Bottled Eggs"],"acts_visited":["Exordium","TheCity","TheBeyond"],"potions_floor_usage":[48],"damage_taken":[{"damage":0.0,"enemies":"Jaw Worm","floor":1.0,"turns":1.0},{"damage":0.0,"enemies":"Cultist","floor":4.0,"turns":1.0},{"damage":0.0,"enemies":"Gremlin Nob","floor":6.0,"turns":1.0},{"damage":8.0,"enemies":"Small Slimes","floor":7.0,"turns":3.0},{"damage":22.0,"enemies":"Lagavulin","floor":10.0,"turns":7.0},{"damage":10.0,"enemies":"Gremlin Gang","floor":11.0,"turns":5.0},{"damage":1.0,"enemies":"2 Fungi Beasts","floor":13.0,"turns":4.0},{"damage":83.0,"enemies":"Fading Forest","floor":16.0,"turns":11.0},{"damage":14.0,"enemies":"Spheric Guardian","floor":18.0,"turns":3.0},{"damage":5.0,"enemies":"3 Byrds","floor":19.0,"turns":2.0},{"damage":30.0,"enemies":"Shelled Parasite and Fungi","floor":22.0,"turns":3.0},{"damage":16.0,"enemies":"Book of Stabbing","floor":23.0,"turns":3.0},{"damage":47.0,"enemies":"Centurion and Healer","floor":25.0,"turns":11.0},{"damage":11.0,"enemies":"Snecko","floor":29.0,"turns":4.0},{"damage":12.0,"enemies":"Cultist and Chosen","floor":30.0,"turns":3.0},{"damage":64.0,"enemies":"Collector","floor":33.0,"turns":8.0},{"damage":0.0,"enemies":"3 Shapes","floor":35.0,"turns":6.0},{"damage":10.0,"enemies":"Orb Walker","floor":38.0,"turns":4.0},{"damage":60.0,"enemies":"2 Orb Walkers","floor":39.0,"turns":4.0},{"damage":41.0,"enemies":"4 Shapes","floor":44.0,"turns":4.0},{"damage":32,"enemies":"3 Darklings","floor":47,"turns":3},{"damage":48,"enemies":"Giant Head","floor":48,"turns":6}],"seed_played":"1185395570169413025","potions_obtained":[{"floor":6.0,"key":"Strength Potion"},{"floor":10.0,"key":"Venom Potion"},{"floor":11.0,"key":"Energy Potion"},{"floor":13.0,"key":"Fruit Juice"},{"floor":16.0,"key":"FearPotion"},{"floor":19.0,"key":"Reflective Coating"},{"floor":25.0,"key":"FocusPotion"},{"floor":39.0,"key":"EssenceOfSteel"},{"floor":47,"key":"Swift Potion"}],"is_trial":false,"path_per_floor":["M","?","$","M","$","E","M","R","T","E","M","R","M","?","R","B",null,"M","M","?","?","M","E","R","M","T","$","R","M","M","?","R_BF","B",null,"M","?","$","M","?","R","PTL","PTL","$","M","T","R","M","E"],"character_chosen":"DEFECT","items_purchased":["Static Discharge","Sling","Regen Potion","Simple Rune","The Bomb","Counterbalance","Ball Lightning"],"campfire_rested":5,"item_purchase_floors":[3,27,27,27,27,37,43],"current_hp_per_floor":[68,68,68,68,68,75,74,74,74,59,56,56,67,47,71,17,64,57,52,52,51,33,27,51,16,21,21,45,55,48,90,90,38,77,89,89,89,84,29,56,56,56,56,27,32,59,39,0,0],"gold":176,"neow_bonus":"THREE_ENEMY_KILL","is_daily":false,"chose_seed":false,"campfire_upgraded":3,"win_rate":0.0,"timestamp":1614186033,"path_taken":["M","?","?","M","$","E","M","R","T","E","M","R","M","?","R","BOSS","M","M","?","?","M","E","R","M","T","$","R","M","M","?","R_BF","BOSS","M","?","$","M","?","R","PTL","PTL","$","M","T","R","M","E"],"items_purchased_type":["Card","Relic","Potion","Relic","Card","Relic","Card"],"build_version":"2020-12-22","purchased_purges":0,"victory":false,"max_hp_per_floor":[75,75,75,75,75,75,75,75,75,75,75,75,80,80,80,80,80,80,80,80,80,80,80,80,80,80,80,80,80,80,90,90,90,90,90,90,90,90,90,90,90,90,90,90,90,90,90,90,90],"relic_stats":{"counters":[22,97],"Bloody Idol":70,"Juzu Bracelet":1,"Cursed Key":1,"obtain_stats":[{"Girya":39,"NeowsBlessing":0,"Golden Idol":14,"Counterbalance":37,"Oddly Smooth Stone":9,"Ring of Chaos":17,"Juzu Bracelet":26,"Sling":27,"Cursed Key":34,"Old Coin":23,"Bloody Idol":21,"Simple Rune":27,"Bag of Marbles":6,"Runesmith:AutoHammer":10,"Replay:Bottled Eggs":45,"Cracked Core":0},{"Girya":19,"NeowsBlessing":0,"Golden Idol":7,"Counterbalance":17,"Oddly Smooth Stone":4,"Ring of Chaos":8,"Juzu Bracelet":13,"Sling":13,"Cursed Key":16,"Old Coin":12,"Bloody Idol":10,"Simple Rune":13,"Bag of Marbles":3,"Runesmith:AutoHammer":5,"Replay:Bottled Eggs":20,"Cracked Core":0},{"Girya":84,"NeowsBlessing":0,"Golden Idol":22,"Counterbalance":76,"Oddly Smooth Stone":6,"Ring of Chaos":33,"Juzu Bracelet":55,"Sling":55,"Cursed Key":70,"Old Coin":44,"Bloody Idol":38,"Simple Rune":55,"Bag of Marbles":3,"Runesmith:AutoHammer":13,"Replay:Bottled Eggs":88,"Cracked Core":0}]},"card_choices":[{"not_picked":["Go for the Eyes","Coolheaded"],"picked":"Chill","floor":1.0},{"not_picked":["ReplayTheSpireMod:Calculation Training","Streamline"],"picked":"Self Repair","floor":4.0},{"not_picked":["Beam Cell","Darkness"],"picked":"Multi-Cast","floor":6.0},{"not_picked":["Streamline","Rip and Tear"],"picked":"Coolheaded","floor":7.0},{"not_picked":["Beam Cell","Barrage"],"picked":"Seek","floor":10.0},{"not_picked":["Barrage","Go for the Eyes","Hologram"],"picked":"SKIP","floor":11.0},{"not_picked":["ReplayTheSpireMod:Repulse","Undo"],"picked":"Chill","floor":13.0},{"not_picked":["Biased Cognition","Seek"],"picked":"Thunder Strike","floor":16.0},{"not_picked":["Stack+1","Reprogram+1","Steam"],"picked":"SKIP","floor":18.0},{"not_picked":["Gash+1","Compile Driver","Hologram"],"picked":"SKIP","floor":19.0},{"not_picked":["Coolheaded","Leap","FTL"],"picked":"SKIP","floor":22.0},{"not_picked":["Go for the Eyes","Turbo","Steam"],"picked":"SKIP","floor":23.0},{"not_picked":["Panic Button","Barrage"],"picked":"Thunder Strike","floor":25.0},{"not_picked":["FTL","Aggregate","Stack"],"picked":"SKIP","floor":29.0},{"not_picked":["Conserve Battery","Aggregate+1"],"picked":"Consume","floor":30.0},{"not_picked":["ReplayRNGCard","All For One"],"picked":"Mirror Shield","floor":33.0},{"not_picked":["Undo+1","Stack","Compile Driver"],"picked":"SKIP","floor":35.0},{"not_picked":["Specialist","Master of Strategy"],"picked":"The Bomb","floor":36.0},{"not_picked":["Cold Snap+1","Go for the Eyes"],"picked":"Rip and Tear+1","floor":38.0},{"not_picked":["Conserve Battery+1","BasicCrystalCard+1"],"picked":"Echo Form","floor":44.0},{"not_picked":["Recycle","ReplayGash+1","Turbo+1"],"picked":"SKIP","floor":47}],"player_experience":1902039,"relics_obtained":[{"floor":6.0,"key":"Bag of Marbles"},{"floor":9.0,"key":"Oddly Smooth Stone"},{"floor":10.0,"key":"Runesmith:AutoHammer"},{"floor":23.0,"key":"Old Coin"},{"floor":26.0,"key":"Juzu Bracelet"},{"floor":39.0,"key":"Girya"},{"floor":45,"key":"Replay:Bottled Eggs"}],"event_choices":[{"damage_healed":0.0,"max_hp_gain":0.0,"max_hp_loss":0.0,"gold_gain":0.0,"event_name":"Match and Keep!","player_choice":"1 cards matched","floor":2.0,"gold_loss":0.0,"damage_taken":0.0,"cards_obtained":["Meteor Strike"]},{"damage_healed":0.0,"max_hp_gain":0.0,"max_hp_loss":0.0,"gold_gain":0.0,"event_name":"Golden Idol","player_choice":"Take Damage","floor":14.0,"gold_loss":0.0,"damage_taken":20.0,"relics_obtained":["Golden Idol"]},{"damage_healed":0.0,"max_hp_gain":52.0,"max_hp_loss":51.0,"gold_gain":0.0,"event_name":"betterAltar:BetterAltar","player_choice":" GoldIdol ","floor":21.0,"potions_obtained":[],"relics_lost":["Golden Idol"],"gold_loss":0.0,"damage_taken":1.0,"relics_obtained":["Bloody Idol"]},{"cards_removed":["Multi-Cast"],"damage_healed":32.0,"max_hp_gain":10.0,"max_hp_loss":0.0,"gold_gain":0.0,"event_name":"Bonfire Elementals","player_choice":"Offered Rare","floor":31.0,"gold_loss":0.0,"damage_taken":0.0},{"damage_healed":0.0,"max_hp_gain":0.0,"max_hp_loss":0.0,"gold_gain":0.0,"event_name":"SensoryStone","player_choice":"Memory 1","floor":36.0,"gold_loss":0.0,"damage_taken":0.0},{"damage_healed":0.0,"max_hp_gain":0.0,"max_hp_loss":0.0,"gold_gain":0.0,"event_name":"Mysterious Sphere","player_choice":"Fight","floor":39.0,"gold_loss":0.0,"damage_taken":0.0}],"is_beta":false,"boss_relics":[{"not_picked":["Runic Pyramid","theForsaken:PaleLantern"],"picked":"Ring of Chaos"},{"not_picked":["Empty Cage","ReplayTheSpireMod:DimensionalGlitch"],"picked":"Cursed Key"}],"items_purged_floors":[],"is_endless":false,"potions_floor_spawned":[6,10,11,13,16,19,22,23,25,39,47],"killed_by":"Giant Head","ascension_level":11}}