{"host":"yqw1zpryoutrnocq","time":1614201099,"event":{"mods":["2.2 Compatiblity","AchievementEnabler","BaseMod","Colored Map","Custom Start","DeckTracker","Minty Spire (QoL Compilation)","Replay The Spire","StSLib","SuperFastMode"],"gold_per_floor":[112,43,58,58,58,93,93,93,93],"floor_reached":8,"language":"KOR","playtime":148,"items_purged":[],"score":89,"play_id":"8393a48e-e81b-430f-ac30-fa7b0c35a794","local_time":"20210224151139","is_ascension_mode":true,"campfire_choices":[{"data":"Blade Dance","floor":7,"key":"SMITH"}],"circlet_count":0,"master_deck":["AscendersBane","Strike_G","Strike_G","Strike_G","Strike_G","Strike_G","Defend_G","Defend_G","Defend_G","Defend_G","Defend_G","Survivor","Neutralize","Replay:BasicMightCard","Blade Dance+1","Masterful Stab","Dagger Spray","Cloak And Dagger"],"relics":["Ring of the Snake","Replay:WaspNest"],"acts_visited":["Exordium"],"potions_floor_usage":[],"damage_taken":[{"damage":2,"enemies":"Cultist","floor":1,"turns":4},{"damage":6,"enemies":"2 Louse","floor":3,"turns":2},{"damage":48,"enemies":"Gremlin Nob","floor":6,"turns":5},{"damage":14,"enemies":"Replay:BlueRogue","floor":8,"turns":3}],"seed_played":"3707922306335636396","potions_obtained":[{"floor":3,"key":"Energy Potion"}],"is_trial":false,"path_per_floor":["M","$","M","$","?","E","R","E"],"character_chosen":"THE_SILENT","items_purchased":["Masterful Stab"],"campfire_rested":0,"item_purchase_floors":[2],"current_hp_per_floor":[61,61,55,55,60,12,12,0,0],"gold":93,"neow_bonus":"RANDOM_COLORLESS","is_daily":false,"chose_seed":false,"campfire_upgraded":1,"win_rate":0.0,"timestamp":1614201099,"path_taken":["M","$","M","?","?","E","R","E"],"items_purchased_type":["Card"],"build_version":"2020-12-22","purchased_purges":0,"victory":false,"max_hp_per_floor":[70,70,70,70,75,75,75,75,75],"card_choices":[{"not_picked":["Purity","Dark Shackles"],"picked":"Replay:BasicMightCard","floor":0},{"not_picked":["Backflip","Sucker Punch"],"picked":"Blade Dance","floor":1},{"not_picked":["Backstab","Dagger Throw"],"picked":"Dagger Spray","floor":3},{"not_picked":["ReplayTheSpireMod:Scrap Shanks","Escape Plan"],"picked":"Cloak And Dagger","floor":6}],"player_experience":368198,"relics_obtained":[{"floor":6,"key":"Replay:WaspNest"}],"event_choices":[{"damage_healed":0,"gold_gain":0,"player_choice":"Donut","damage_taken":0,"max_hp_gain":5,"max_hp_loss":0,"event_name":"Big Fish","floor":5,"gold_loss":0}],"is_beta":false,"boss_relics":[],"items_purged_floors":[],"is_endless":false,"potions_floor_spawned":[3],"killed_by":"Replay:BlueRogue","ascension_level":13}}