{"host":"iv5y6bhuaupt1dsk","time":1614197166,"event":{"mods":["BaseMod","Colored Powertips","Koishi","Minty Spire (QoL Compilation)","StSLib","The Cursed","The Druid","The Exalted","The Forsaken","The Hierophant","The Judge","The Servant 0.9.4"],"gold_per_floor":[109,122,122,135,210,222,222,33,60,79,107,107,127,146,146,248,248,214,228,228,228,243,243,259,130,130,130,130,30,30,30],"floor_reached":30,"language":"ENG","playtime":1373,"items_purged":["theForsaken:TheForsaken_Defend","Writhe"],"score":313,"play_id":"03796dce-126b-42f0-b66f-41f04e4b5adc","local_time":"20210224120606","is_ascension_mode":true,"campfire_choices":[{"data":"theForsaken:SacredOath","floor":7,"key":"SMITH"},{"data":"theForsaken:Bolster","floor":12,"key":"SMITH"},{"data":"theForsaken:BattleHymn","floor":15,"key":"SMITH"},{"data":"theForsaken:DivineGuidance","floor":23,"key":"SMITH"},{"data":"theForsaken:SpinAttack","floor":27,"key":"SMITH"}],"circlet_count":0,"master_deck":["theForsaken:TheForsaken_Strike","theForsaken:TheForsaken_Strike","theForsaken:TheForsaken_Strike","theForsaken:TheForsaken_Strike","theForsaken:TheForsaken_Defend","theForsaken:TheForsaken_Defend","theForsaken:TheForsaken_Defend+1","theForsaken:Smite","theForsaken:Penitence","theForsaken:SacredOath+1","theForsaken:DarkBarrier+1","theForsaken:DefensiveStance","theForsaken:Bolster","theForsaken:HymnOfRest+1","theForsaken:Bolster+1","theForsaken:BattleHymn+1","theForsaken:DivineGuidance+1","theForsaken:Terrorize+1","theForsaken:SpinAttack+1","theForsaken:QuickAttack"],"relics":["theForsaken:JudgementScales","theForsaken:Lifeblossom","War Paint","Bromod:ArcaneEnergize","MutagenicStrength","Singing Bowl","Bromod:ArcaneDeflection"],"acts_visited":["Exordium","TheCity"],"potions_floor_usage":[11,11,11,18,22],"damage_taken":[{"damage":14,"enemies":"Cultist","floor":1,"turns":5},{"damage":1,"enemies":"2 Louse","floor":2,"turns":3},{"damage":2,"enemies":"Jaw Worm","floor":4,"turns":6},{"damage":0,"enemies":"2 Fungi Beasts","floor":6,"turns":6},{"damage":0,"enemies":"Large Slime","floor":10,"turns":8},{"damage":10,"enemies":"3 Sentries","floor":11,"turns":12},{"damage":18,"enemies":"Gremlin Gang","floor":13,"turns":9},{"damage":3,"enemies":"Blue Slaver","floor":14,"turns":8},{"damage":21,"enemies":"Slime Boss","floor":16,"turns":10},{"damage":40,"enemies":"2 Thieves","floor":18,"turns":5},{"damage":0,"enemies":"Spheric Guardian","floor":19,"turns":7},{"damage":9,"enemies":"Snake Plant","floor":22,"turns":9},{"damage":10,"enemies":"Sentry and Sphere","floor":24,"turns":9},{"damage":69,"enemies":"Slavers","floor":30,"turns":5}],"seed_played":"-2505423010440719096","potions_obtained":[{"floor":1,"key":"Block Potion"},{"floor":2,"key":"PowerPotion"},{"floor":10,"key":"Regen Potion"},{"floor":16,"key":"Block Potion"},{"floor":18,"key":"GamblersBrew"}],"is_trial":false,"path_per_floor":["M","M","?","M","?","M","R","$","T","M","E","R","M","M","R","B",null,"M","M","?","?","M","R","M","$","T","R","?","$","E"],"character_chosen":"THE_FORSAKEN","items_purchased":["theForsaken:Lifeblossom","theForsaken:Bolster","theForsaken:QuickAttack"],"campfire_rested":0,"item_purchase_floors":[8,8,25],"current_hp_per_floor":[50,49,49,52,46,48,48,48,48,62,65,65,62,65,65,47,61,34,43,43,43,54,54,64,64,64,64,64,64,0,0],"gold":30,"neow_bonus":"ONE_RANDOM_RARE_CARD","is_daily":false,"chose_seed":false,"campfire_upgraded":5,"win_rate":0.0,"timestamp":1614197166,"path_taken":["M","M","?","?","?","M","R","$","T","?","E","R","M","M","R","BOSS","M","M","?","?","M","R","M","$","T","R","?","$","E"],"items_purchased_type":["Relic","Card","Card"],"build_version":"2020-12-22","purchased_purges":2,"victory":false,"max_hp_per_floor":[65,65,65,65,65,65,65,65,65,65,65,65,65,65,65,65,65,65,65,65,65,65,65,65,65,65,65,65,65,65,65],"card_choices":[{"not_picked":["theForsaken:WordsOfPestilence","theForsaken:DefensiveStance"],"picked":"theForsaken:DarkBarrier","floor":1},{"not_picked":["theForsaken:ShieldBash","theForsaken:FatRoll","theForsaken:PreciseStrike"],"picked":"SKIP","floor":2},{"not_picked":["theForsaken:PowerUp","theForsaken:Eulogy"],"picked":"theForsaken:DefensiveStance","floor":4},{"not_picked":["theForsaken:RainingSunlight","theForsaken:CleansingLight","theForsaken:WordsOfPestilence"],"picked":"SKIP","floor":6},{"not_picked":["theForsaken:Backlash","theForsaken:BlindFaith"],"picked":"theForsaken:HymnOfRest","floor":10},{"not_picked":["theForsaken:Eulogy","theForsaken:WordOfPower"],"picked":"theForsaken:Bolster","floor":11},{"not_picked":["theForsaken:Parry","theForsaken:Backlash","theForsaken:PowerUp"],"picked":"SKIP","floor":13},{"not_picked":["theForsaken:Tranquility","theForsaken:BindingThorns"],"picked":"theForsaken:BattleHymn","floor":14},{"not_picked":["theForsaken:DesperatePlea","theForsaken:Mantra"],"picked":"theForsaken:DivineGuidance","floor":16},{"not_picked":["theForsaken:FuryStrikes","theForsaken:WordsOfPestilence"],"picked":"theForsaken:Terrorize+1","floor":18},{"not_picked":["theForsaken:ChargeAttack","theForsaken:BottledPlague","theForsaken:NobleSacrifice"],"picked":"SKIP","floor":19},{"not_picked":["theForsaken:NobleSacrifice","theForsaken:HealingLight","theForsaken:RainingSunlight"],"picked":"SKIP","floor":22},{"not_picked":["theForsaken:PanicDive+1","theForsaken:FatRoll+1"],"picked":"theForsaken:SpinAttack","floor":24}],"player_experience":1523987,"relics_obtained":[{"floor":11,"key":"War Paint"},{"floor":26,"key":"Singing Bowl"}],"event_choices":[{"damage_healed":0,"gold_gain":0,"player_choice":"Forge","damage_taken":0,"max_hp_gain":0,"max_hp_loss":0,"event_name":"Accursed Blacksmith","floor":3,"gold_loss":0,"cards_upgraded":["theForsaken:DarkBarrier"]},{"damage_healed":0,"gold_gain":75,"player_choice":"Touch","damage_taken":6,"max_hp_gain":0,"max_hp_loss":0,"event_name":"FaceTrader","floor":5,"gold_loss":0},{"damage_healed":0,"gold_gain":0,"player_choice":"Inject Mutagens","damage_taken":0,"relics_obtained":["MutagenicStrength"],"max_hp_gain":0,"max_hp_loss":0,"event_name":"Drug Dealer","floor":20,"gold_loss":0},{"damage_healed":0,"gold_gain":0,"player_choice":"Ignored","damage_taken":0,"max_hp_gain":0,"max_hp_loss":0,"event_name":"Vampires","floor":21,"gold_loss":0},{"damage_healed":0,"gold_gain":0,"player_choice":"Opened","damage_taken":0,"relics_obtained":["Bromod:ArcaneDeflection"],"max_hp_gain":0,"max_hp_loss":0,"event_name":"The Mausoleum","floor":28,"gold_loss":0,"cards_obtained":["Writhe"]}],"is_beta":false,"boss_relics":[{"not_picked":["SacredBark","Velvet Choker"],"picked":"Bromod:ArcaneEnergize"}],"items_purged_floors":[25,29],"is_endless":false,"potions_floor_spawned":[1,2,10,16,18],"killed_by":"Slavers","ascension_level":7}}