{"host":"ufhw4cf0hh51lveu","time":1614143984,"event":{"mods":["BaseMod","DeckTracker","Lobotomy","Minty Spire (QoL Compilation)","SuperFastMode"],"gold_per_floor":[362,362,373,226,241,241,253,253,253,266,283,297,355,355,355,355,355],"floor_reached":16,"language":"KOR","playtime":391,"items_purged":[],"score":94,"play_id":"91437563-6741-4edb-8f2e-e6edd3d33e67","local_time":"20210224141944","is_ascension_mode":false,"campfire_choices":[{"floor":15,"key":"REST"}],"circlet_count":0,"master_deck":["SpecialBullet","SpecialBullet","SpecialBullet","SpecialBullet","SpecialBullet","SpecialBullet","SpecialBullet","SpecialBullet","DisciplinaryCode","SecurityCode","UniverseFragment","Moonlight","LongBird","Heaven","Tough","OSAHOGD","FourthMatchFlame","GreenStem","ShyLook","Lamp"],"relics":["CogitoBucket","Bronze Scales","Blue Candle","SkinProphecy","Dream Catcher"],"acts_visited":["Exordium"],"potions_floor_usage":[13,16,16],"damage_taken":[{"damage":11,"enemies":"Jaw Worm","floor":1,"turns":2},{"damage":6,"enemies":"Cultist","floor":3,"turns":3},{"damage":12,"enemies":"2 Louse","floor":5,"turns":1},{"damage":8,"enemies":"Large Slime","floor":7,"turns":4},{"damage":6,"enemies":"3 Louse","floor":10,"turns":2},{"damage":36,"enemies":"Blue Slaver","floor":11,"turns":4},{"damage":0,"enemies":"2 Fungi Beasts","floor":12,"turns":2},{"damage":36,"enemies":"Lagavulin Event","floor":13,"turns":5},{"damage":40,"enemies":"Slime Boss","floor":16,"turns":6}],"seed_played":"8621136223617435895","potions_obtained":[{"floor":11,"key":"BlessingOfTheForge"},{"floor":12,"key":"Explosive Potion"},{"floor":13,"key":"ColorlessPotion"}],"is_trial":false,"path_per_floor":["M","?","M","$","M","R","M","R","T","M","M","M","?","?","R","B"],"character_chosen":"Angela","items_purchased":["Bronze Scales"],"campfire_rested":1,"item_purchase_floors":[4],"current_hp_per_floor":[46,51,53,53,53,53,59,59,59,67,31,43,17,17,40,0,0],"gold":355,"neow_bonus":"TWO_FIFTY_GOLD","is_daily":false,"chose_seed":false,"campfire_upgraded":0,"win_rate":0.0,"timestamp":1614143984,"path_taken":["M","?","M","?","M","R","?","R","T","M","M","M","?","?","R","BOSS"],"items_purchased_type":["Relic"],"build_version":"2020-12-22","purchased_purges":0,"victory":false,"max_hp_per_floor":[70,75,75,75,75,75,75,75,75,75,75,77,79,79,79,81,81],"card_choices":[{"not_picked":["WallGazer","Bloodbath"],"picked":"UniverseFragment","floor":1},{"not_picked":["Horn"],"picked":"Moonlight","floor":1},{"not_picked":["Murderer","ShyLook"],"picked":"LongBird","floor":3},{"not_picked":["Lantern"],"picked":"Heaven","floor":3},{"not_picked":["Loneliness"],"picked":"Tough","floor":5},{"not_picked":["FeatherOfHonor","BloodyDesire"],"picked":"SKIP","floor":7},{"not_picked":["Lantern","Noise"],"picked":"SKIP","floor":10},{"not_picked":["HappyTeddy","Wellcheers"],"picked":"OSAHOGD","floor":11},{"not_picked":["RedEyes"],"picked":"FourthMatchFlame","floor":11},{"not_picked":["RapturousDream"],"picked":"GreenStem","floor":12},{"not_picked":["BlackArmy","MHz"],"picked":"ShyLook","floor":13},{"not_picked":["Harmony"],"picked":"Lamp","floor":13}],"player_experience":73530,"relics_obtained":[{"floor":9,"key":"Blue Candle"},{"floor":13,"key":"Dream Catcher"}],"event_choices":[{"damage_healed":0,"gold_gain":0,"player_choice":"Donut","damage_taken":0,"max_hp_gain":5,"max_hp_loss":0,"event_name":"Big Fish","floor":2,"gold_loss":0},{"damage_healed":0,"gold_gain":30,"player_choice":"Searched \u00273\u0027 times","damage_taken":0,"max_hp_gain":0,"max_hp_loss":0,"event_name":"Dead Adventurer","floor":13,"gold_loss":0},{"damage_healed":0,"gold_gain":0,"player_choice":"Ignored","damage_taken":0,"max_hp_gain":0,"max_hp_loss":0,"event_name":"Liars Game","floor":14,"gold_loss":0}],"is_beta":false,"boss_relics":[],"items_purged_floors":[],"is_endless":false,"potions_floor_spawned":[11,12,13],"killed_by":"Slime Boss","ascension_level":0}}