{"host":"vhu12qr9yy4p5pn7","time":1614183321,"event":{"mods":["BaseMod","Challenge The Spire","Downfall","Minty Spire (QoL Compilation)","Permanent Neow","Quick Restart","Spicy Shops","StSLib","óô»ðÖ¸ÄÏ"],"gold_per_floor":[4073,2286,2403,2525,2647,2647,2023,1083,1212,1331,1453,1453,1133,23,23,23,23,23],"floor_reached":19,"language":"ZHS","playtime":2536,"items_purged":["Strike_G","Strike_G","Strike_G","Strike_G","Defend_G","Defend_G","Defend_G"],"score":4098,"play_id":"90a794a6-e929-4c64-a602-7e965f1ac153","local_time":"20210225001521","daily_mods":["challengethespire:Silver Difficulty","challengethespire:Boss Rush","Uncertain Future"],"is_ascension_mode":true,"campfire_choices":[],"circlet_count":4,"master_deck":["AscendersBane","Strike_G+1","Defend_G+1","Defend_G+1","Survivor","Neutralize+1","Accuracy+1","Well Laid Plans+1","Bane+1","Footwork+1","Accuracy+1","Accuracy+1","Cloak And Dagger+1","Deadly Poison+1","Outmaneuver+1","Bouncing Flask+1","Terror+1","Footwork+1","Cloak And Dagger+1","Poisoned Stab+1","Noxious Fumes+1","Concentrate+1","Catalyst+1","Catalyst+1","Outmaneuver+1","Infinite Blades+1","Outmaneuver+1","Blind+1","Deadly Poison+1","Prepared+1","Cloak And Dagger+1"],"relics":["Ring of the Snake","The Courier","Molten Egg 2","Toxic Egg 2","Frozen Egg 2","Lee\u0027s Waffle","Blood Vial","Meat on the Bone","Kunai","White Beast Statue","The Specimen","Unceasing Top","FossilizedHelix","Pen Nib","Anchor","Dead Branch","Orichalcum","Toy Ornithopter","Membership Card","Gambling Chip","Lizard Tail","Ancient Tea Set","Happy Flower","Paper Crane","Guardian:PocketSentry","Bottled Tornado","StoneCalendar","War Paint","Boot","bronze:BronzeIdol","CeramicFish","Bag of Marbles","Slimebound:PreparedRelic","hexamod:BolsterEngine","Mummified Hand","Shuriken","Bag of Preparation","Slimebound:StickyStick","Runic Pyramid","champ:Barbells","Lantern","Potion Belt","Snake Skull","Nunchaku","Oddly Smooth Stone","Whetstone","TwistedFunnel","Gremlin Horn","Pear","Darkstone Periapt","Ornamental Fan","Vajra","Sundial","TungstenRod","Bottled Lightning","Mercury Hourglass","Ninja Scroll","Calipers","Ectoplasm","DollysMirror","Ice Cream","Toolbox","Turnip","Incense Burner","Tough Bandages","champ:DeflectingBracers","hexamod:Sixitude","champ:DuelingGlove","CaptainsWheel","Circlet"],"acts_visited":["Exordium"],"potions_floor_usage":[1,4,4,4,11],"damage_taken":[{"damage":0,"enemies":"Slime Boss","floor":3,"turns":4},{"damage":7,"enemies":"Hexaghost","floor":4,"turns":3},{"damage":0,"enemies":"The Guardian","floor":5,"turns":5},{"damage":0,"enemies":"Collector","floor":9,"turns":3},{"damage":0,"enemies":"Automaton","floor":10,"turns":2},{"damage":0,"enemies":"Champ","floor":11,"turns":2},{"damage":0,"enemies":"Time Eater","floor":15,"turns":3},{"damage":0,"enemies":"Awakened One","floor":16,"turns":3},{"damage":0,"enemies":"Donu and Deca","floor":17,"turns":3},{"damage":0,"enemies":"The Heart","floor":18,"turns":4}],"seed_played":"6222488629883510071","potions_obtained":[{"floor":5,"key":"PowerPotion"},{"floor":9,"key":"CultistPotion"},{"floor":10,"key":"Slimebound:ThreeZeroPotion"},{"floor":11,"key":"FearPotion"}],"is_trial":true,"path_per_floor":["$","R","M","M","M","T","R","R","M","M","M","T","R","R","M","M","M","M",null],"character_chosen":"THE_SILENT","items_purchased":["Accuracy+1","Well Laid Plans+1","Bane+1","Lee\u0027s Waffle","Blood Vial","Meat on the Bone","Kunai","White Beast Statue","The Specimen","Unceasing Top","FossilizedHelix","Pen Nib","Fruit Juice","bronze:BurnAndBuffPotion","BlessingOfTheForge","Anchor","Dead Branch","Orichalcum","Toy Ornithopter","Membership Card","Gambling Chip","Lizard Tail","Footwork+1","Accuracy+1","Accuracy+1","Cloak And Dagger+1","Deadly Poison+1","Outmaneuver+1","Bouncing Flask+1","Terror+1","Footwork+1","Ancient Tea Set","Happy Flower","Paper Crane","Guardian:PocketSentry","Bottled Tornado","Swift Potion","StoneCalendar","War Paint","Boot","bronze:BronzeIdol","CeramicFish","Bag of Marbles","Slimebound:PreparedRelic","hexamod:BolsterEngine","Mummified Hand","champ:Barbells","Lantern","Potion Belt","Snake Skull","Nunchaku","Oddly Smooth Stone","Whetstone","Dexterity Potion","FairyPotion","LiquidMemories","LiquidBronze","Noxious Fumes+1","TwistedFunnel","Gremlin Horn","Pear","Darkstone Periapt","Ornamental Fan","Vajra","Sundial","TungstenRod","Bottled Lightning","DollysMirror","Outmaneuver+1","Ice Cream","Infinite Blades+1","Outmaneuver+1","Blind+1","Toolbox","Turnip","Incense Burner","Tough Bandages","champ:DeflectingBracers","hexamod:Sixitude","champ:DuelingGlove","CaptainsWheel"],"campfire_rested":0,"item_purchase_floors":[1,1,1,1,1,1,1,1,1,1,1,1,1,1,1,1,1,1,1,2,2,2,2,2,2,2,2,2,2,2,2,2,2,2,2,2,2,2,2,2,2,2,2,2,2,2,7,7,7,7,7,7,7,7,7,7,7,8,8,8,8,8,8,8,8,8,8,13,13,13,14,14,14,14,14,14,14,14,14,14,14],"current_hp_per_floor":[82,82,82,75,77,77,77,87,89,91,92,92,92,92,92,92,92,92],"gold":23,"neow_bonus":"","is_daily":false,"chose_seed":false,"campfire_upgraded":0,"win_rate":0.0,"timestamp":1614183321,"path_taken":["$","R","M","M","M","T","R","R","M","M","M","T","R","R","M","M","M","M"],"items_purchased_type":["Card","Card","Card","Relic","Relic","Relic","Relic","Relic","Relic","Relic","Relic","Relic","Potion","Potion","Potion","Relic","Relic","Relic","Relic","Relic","Relic","Relic","Card","Card","Card","Card","Card","Card","Card","Card","Card","Relic","Relic","Relic","Relic","Relic","Potion","Relic","Relic","Relic","Relic","Relic","Relic","Relic","Relic","Relic","Relic","Relic","Relic","Relic","Relic","Relic","Relic","Potion","Potion","Potion","Potion","Card","Relic","Relic","Relic","Relic","Relic","Relic","Relic","Relic","Relic","Relic","Card","Relic","Card","Card","Card","Relic","Relic","Relic","Relic","Relic","Relic","Relic","Relic"],"build_version":"2020-11-29","purchased_purges":7,"victory":true,"max_hp_per_floor":[82,82,82,82,82,82,82,92,92,92,92,92,92,92,92,92,92,92],"card_choices":[],"player_experience":57416,"relics_obtained":[{"floor":3,"key":"Shuriken"},{"floor":4,"key":"Bag of Preparation"},{"floor":5,"key":"Slimebound:StickyStick"},{"floor":9,"key":"Mercury Hourglass"},{"floor":10,"key":"Ninja Scroll"},{"floor":11,"key":"Calipers"},{"floor":15,"key":"Circlet"},{"floor":16,"key":"Circlet"},{"floor":17,"key":"Circlet"},{"floor":18,"key":"Circlet"}],"event_choices":[],"is_beta":false,"boss_relics":[{"not_picked":["Astrolabe","HoveringKite"],"picked":"Runic Pyramid"},{"not_picked":["Sozu","Runic Dome"],"picked":"Ectoplasm"}],"items_purged_floors":[1,1,2,7,8,13,14],"is_endless":false,"potions_floor_spawned":[3,4,5,9,10,11,15,16,17,18],"ascension_level":10}}