{"host":"qz0goigh82dax5l2","time":1614168008,"event":{"mods":["Act Like it!","Alarm Clock","BaseMod","Energized Spire","Gensokyo","Minty Spire (QoL Compilation)","Quick Restart","Reliquary","StSLib","The Cursed","The Jungle","¡¾ÒÅÎï¿¨ÅÆ¡¿REMEMod"],"gold_per_floor":[109,123,123,123,123,174,174,254,254,335,375,458,458,501,501,665,665,726,726,726,781,0,0,103,93,120,207,259,522,522],"floor_reached":29,"language":"ZHS","playtime":2262,"items_purged":[],"score":363,"play_id":"4e0f0f2c-33d4-42b5-884a-cb3a3357e02c","local_time":"20210224200008","is_ascension_mode":false,"campfire_choices":[{"floor":7,"key":"RECALL"},{"floor":13,"key":"REST"},{"data":"TheCursedMod:VoidForm","floor":15,"key":"SMITH"},{"floor":23,"key":"REST"}],"circlet_count":0,"master_deck":["TheCursedMod:Strike_TheCursed","TheCursedMod:Strike_TheCursed","TheCursedMod:Strike_TheCursed","TheCursedMod:Strike_TheCursed","TheCursedMod:Defend_TheCursed","TheCursedMod:Defend_TheCursed","TheCursedMod:Defend_TheCursed","TheCursedMod:Defend_TheCursed","TheCursedMod:CursedWand","TheCursedMod:CleanUpWorkshop","TheCursedMod:Dregs","Gensokyo:LifeSpringInfinity","TheCursedMod:ReleasedKnowledge","Clumsy","TheCursedMod:VoidForm+1","TheCursedMod:HellfireBreathing","TheCursedMod:Evocation","TheCursedMod:SmokeScreen","TheCursedMod:ShockAndAwe","TheCursedMod:Wield","TheCursedMod:CircleOfWindfury","TheCursedMod:HellfireBreathing","TheCursedMod:Neurasthenia","TheCursedMod:VoidForm","TheCursedMod:CircleOfAbyss","TheCursedMod:ReleasedStrength","TheCursedMod:HellsGateOpen+1","TheCursedMod:CursedAmulet","Reinforced Body","TheCursedMod:DarkBarrier","TheCursedMod:SpitefulPlan","Gensokyo:MissMary","TheCursedMod:WearCloak+1","TheCursedMod:CircleOfFlame+1","TheCursedMod:CursedMace+1","TheCursedMod:HellfireBreathing","TheCursedMod:StingEye","TheCursedMod:RavingStaff","TheCursedMod:SpitefulStrike","TheCursedMod:FleshFromBone","TheCursedMod:WearCloak","TheCursedMod:CircleOfCorruption"],"relics":["TheCursedMod:BlackMagic101","REME_ComplimentaryCards","NeowsBlessing","Gensokyo:NagashiBinaDoll","REME_ArchaeologicalTools","Shuriken","Du-Vu Doll","Gambling Chip","REME_IWantAll","Black Star","TheCursedMod:PinkPellets","TheAbacus","REME_CardOfGreed","reliquary:BoilingFlask","WingedGreaves","reliquary:TuningFork","reliquary:RoseTintedGlasses"],"acts_visited":["Exordium","Gensokyo:Gensokyo"],"potions_floor_usage":[21,28,29,29],"damage_taken":[{"damage":0,"enemies":"Gensokyo:2_Kodama","floor":1,"turns":1},{"damage":0,"enemies":"Gensokyo:Python","floor":2,"turns":1},{"damage":0,"enemies":"Gensokyo:Aya","floor":6,"turns":1},{"damage":0,"enemies":"Gensokyo:3_Fairies","floor":8,"turns":5},{"damage":8,"enemies":"Gensokyo:Mamizou","floor":10,"turns":7},{"damage":7,"enemies":"Gensokyo:3_Kodama","floor":11,"turns":4},{"damage":16,"enemies":"Gensokyo:Cirno","floor":12,"turns":9},{"damage":3,"enemies":"Gensokyo:Kitsune","floor":14,"turns":2},{"damage":29,"enemies":"Gensokyo:Kokoro","floor":16,"turns":7},{"damage":47,"enemies":"Gensokyo:3_Dogs","floor":18,"turns":9},{"damage":0,"enemies":"Gensokyo:2_Gloops","floor":21,"turns":3},{"damage":23,"enemies":"Gensokyo:Reisen","floor":24,"turns":4},{"damage":11,"enemies":"Gensokyo:Wraith","floor":27,"turns":7},{"damage":41,"enemies":"Gensokyo:Swordslinger","floor":28,"turns":3},{"damage":52,"enemies":"Gensokyo:Swordslinger","floor":29,"turns":8}],"seed_played":"-4343258606753634499","potions_obtained":[{"floor":2,"key":"Strength Potion"},{"floor":14,"key":"SteroidPotion"},{"floor":16,"key":"FearPotion"},{"floor":18,"key":"FearPotion"},{"floor":27,"key":"Dexterity Potion"},{"floor":28,"key":"BlessingOfTheForge"}],"is_trial":false,"path_per_floor":["M","M","?","?","T","E","R","M","T","E","M","E","R","M","R","B",null,"M","?","?","M","COS","R","E","?","T","M","M","?"],"character_chosen":"THE_CURSED","items_purchased":[],"campfire_rested":2,"item_purchase_floors":[],"current_hp_per_floor":[75,75,75,75,75,75,75,75,75,67,60,47,70,67,67,41,81,37,37,37,37,37,62,45,90,90,79,41,0,0],"gold":522,"neow_bonus":"THREE_ENEMY_KILL","is_daily":false,"chose_seed":false,"campfire_upgraded":1,"win_rate":0.0,"timestamp":1614168008,"path_taken":["M","M","?","?","?","E","R","M","T","E","M","E","R","M","R","BOSS","M","?","?","M","COS","R","E","?","T","?","M","?"],"items_purchased_type":[],"build_version":"2020-12-22","purchased_purges":0,"victory":false,"max_hp_per_floor":[75,75,75,75,75,75,75,75,75,75,75,78,78,78,78,81,81,84,84,84,84,84,84,90,90,90,90,93,93,93],"card_choices":[{"not_picked":["TheCursedMod:RapidMovement","TheCursedMod:SpitefulStrike"],"picked":"TheCursedMod:TroublousMinions","floor":1},{"not_picked":["TheCursedMod:TroublousMinions","TheCursedMod:VitalStrike"],"picked":"TheCursedMod:ReleasedKnowledge","floor":2},{"not_picked":["TheCursedMod:TacticalStrike","TheCursedMod:StunningStrike"],"picked":"TheCursedMod:VoidForm","floor":6},{"not_picked":["TheCursedMod:WearCloak","TheCursedMod:CursedBoomerang"],"picked":"TheCursedMod:HellfireBreathing","floor":8},{"not_picked":["TheCursedMod:CursedMace","TheCursedMod:AshesToAshes"],"picked":"TheCursedMod:Evocation","floor":10},{"not_picked":["TheCursedMod:Torture","TheCursedMod:AshesToAshes"],"picked":"TheCursedMod:SmokeScreen","floor":11},{"not_picked":["TheCursedMod:ShockAndAwe","TheCursedMod:Wield","TheCursedMod:CircleOfWindfury"],"picked":"Singing Bowl","floor":12},{"not_picked":["TheCursedMod:CircleOfAmplification","TheCursedMod:FuryStrike"],"picked":"TheCursedMod:HellfireBreathing","floor":14},{"not_picked":["TheCursedMod:Neurasthenia","TheCursedMod:VoidForm","TheCursedMod:CircleOfAbyss"],"picked":"Singing Bowl","floor":16},{"not_picked":["TheCursedMod:ReleasedStrength","TheCursedMod:HellsGateOpen+1","TheCursedMod:CursedAmulet"],"picked":"Singing Bowl","floor":18},{"not_picked":["TheCursedMod:CursedAmulet","TheCursedMod:Grudge"],"picked":"TheCursedMod:SpitefulPlan","floor":21},{"not_picked":["TheCursedMod:WearCloak+1","TheCursedMod:CircleOfFlame+1","TheCursedMod:CursedMace+1"],"picked":"Singing Bowl","floor":24},{"not_picked":["TheCursedMod:HellfireBreathing","TheCursedMod:StingEye","TheCursedMod:RavingStaff"],"picked":"Singing Bowl","floor":24},{"not_picked":["TheCursedMod:StingEye","TheCursedMod:SpitefulPray"],"picked":"TheCursedMod:SpitefulStrike","floor":27},{"not_picked":["TheCursedMod:FleshFromBone","TheCursedMod:WearCloak","TheCursedMod:CircleOfCorruption"],"picked":"Singing Bowl","floor":28}],"player_experience":83739,"relics_obtained":[{"floor":5,"key":"REME_ArchaeologicalTools"},{"floor":6,"key":"Shuriken"},{"floor":9,"key":"Du-Vu Doll"},{"floor":10,"key":"Gambling Chip"},{"floor":12,"key":"REME_IWantAll"},{"floor":24,"key":"reliquary:BoilingFlask"},{"floor":24,"key":"WingedGreaves"}],"event_choices":[],"is_beta":false,"boss_relics":[{"not_picked":["Tiny House","energizedSpire:OgreHead"],"picked":"Black Star"}],"items_purged_floors":[],"is_endless":false,"potions_floor_spawned":[2,14,16,18,27,28],"killed_by":"Gensokyo:Swordslinger","ascension_level":0}}