{"host":"m2qkn877fkm57m2k","time":1614125363,"event":{"mods":["AchievementEnabler","Bartender","BaseMod","Colored Map","Koishi","Magitek Elite","Minty Spire (QoL Compilation)","Permanent Neow","Relic Sorter","StSLib"],"gold_per_floor":[112,159,2,2,17,17,45,45,45,57,57,132,132,152,152,255,255,265,265,275,57,76,76,105,105,130,160,8,8,28,28,28,127,127,139,139,158,58,73,98,112,140,140,140,62,62,89,99,99,99],"floor_reached":51,"language":"ENG","playtime":3325,"items_purged":["Decay","Koishi:BasicStrike"],"score":1071,"play_id":"0f78a243-347a-42d7-b451-749fe3b7a51a","local_time":"20210224010923","is_ascension_mode":true,"campfire_choices":[{"data":"Koishi:FreudianInstinct","floor":6.0,"key":"SMITH"},{"data":"Koishi:Prune","floor":11.0,"key":"SMITH"},{"data":"Koishi:MassHysteria","floor":13.0,"key":"SMITH"},{"data":"Koishi:FadingMemory","floor":15.0,"key":"SMITH"},{"data":"Koishi:ApparitionsStalkTheNight","floor":23.0,"key":"SMITH"},{"data":"Koishi:FadingMemory","floor":25.0,"key":"SMITH"},{"data":"Koishi:SubterraneanRose","floor":29.0,"key":"SMITH"},{"data":"Koishi:ReleaseOfTheId","floor":32.0,"key":"SMITH"},{"data":"Koishi:Heartbroken","floor":44,"key":"SMITH"},{"data":"Koishi:IdleWhim","floor":46,"key":"SMITH"},{"data":"Koishi:SubterraneanRose","floor":49,"key":"SMITH"}],"circlet_count":0,"master_deck":["Koishi:BasicStrike","Koishi:BasicStrike","Koishi:BasicDefend","Koishi:BasicDefend","Koishi:BasicDefend","Koishi:BasicDefend","Koishi:Provoke+1","Koishi:HauntingSlash","Koishi:FadingMemory+1","Koishi:RorschachInDanmaku","Koishi:FreudianInstinct+1","Koishi:Prune+1","Koishi:MassHysteria+1","Koishi:SubterraneanRose+1","Koishi:FadingMemory+1","Koishi:SubterraneanRose+1","Koishi:SubconsciousSweep+1","Koishi:ApparitionsStalkTheNight+1","Koishi:UnconsciousUprising+1","Koishi:ReleaseOfTheId+1","Koishi:Heartbroken+1","Koishi:IdleWhim+1","Koishi:SpiritedAway+1","Koishi:IdleWhim+1","Koishi:FidgetySnatcher","Koishi:SpiritedAway+1","Koishi:ApparitionsStalkTheNight"],"relics":["Koishi:ImaginaryFriend","Happy Flower","Pen Nib","Ribbon","Bag of Preparation","Ancient Tea Set","Coffee Dripper","Medical Kit","Bottled Flame","Bag of Marbles","Pantograph","Mythril_Glove","Golden_Hairpin","Sundial","Oddly Smooth Stone","Meat on the Bone","Kunai"],"acts_visited":["Exordium","TheCity","TheBeyond"],"potions_floor_usage":[42],"damage_taken":[{"damage":1.0,"enemies":"Cultist","floor":1.0,"turns":5.0},{"damage":0.0,"enemies":"Jaw Worm","floor":5.0,"turns":7.0},{"damage":15.0,"enemies":"Gremlin Nob","floor":7.0,"turns":6.0},{"damage":3.0,"enemies":"2 Louse","floor":10.0,"turns":4.0},{"damage":0.0,"enemies":"Exordium Thugs","floor":14.0,"turns":3.0},{"damage":0.0,"enemies":"The Guardian","floor":16.0,"turns":12.0},{"damage":0.0,"enemies":"Shell Parasite","floor":18.0,"turns":4.0},{"damage":0.0,"enemies":"3 Byrds","floor":20.0,"turns":3.0},{"damage":0.0,"enemies":"3 Cultists","floor":22.0,"turns":3.0},{"damage":4.0,"enemies":"Book of Stabbing","floor":24.0,"turns":6.0},{"damage":5.0,"enemies":"Slavers","floor":27.0,"turns":4.0},{"damage":0.0,"enemies":"Centurion and Healer","floor":30.0,"turns":7.0},{"damage":5.0,"enemies":"Champ","floor":33.0,"turns":9.0},{"damage":0.0,"enemies":"Orb Walker","floor":35.0,"turns":5.0},{"damage":5.0,"enemies":"3 Shapes","floor":37.0,"turns":3.0},{"damage":5.0,"enemies":"Writhing Mass","floor":39.0,"turns":4.0},{"damage":7.0,"enemies":"Nemesis","floor":40.0,"turns":5.0},{"damage":8.0,"enemies":"Sphere and 2 Shapes","floor":41.0,"turns":3.0},{"damage":5,"enemies":"Reptomancer","floor":42,"turns":6},{"damage":0,"enemies":"Nemesis","floor":47,"turns":5},{"damage":5,"enemies":"Maw","floor":48,"turns":6},{"damage":10,"enemies":"Awakened One","floor":50,"turns":7}],"seed_played":"-8960033739185569283","potions_obtained":[{"floor":1.0,"key":"AttackPotion"},{"floor":10.0,"key":"ColorlessPotion"},{"floor":16.0,"key":"LiquidBronze"},{"floor":18.0,"key":"DistilledChaos"},{"floor":22.0,"key":"Fire Potion"},{"floor":37.0,"key":"Swift Potion"},{"floor":39.0,"key":"Ancient Potion"},{"floor":41.0,"key":"Regen Potion"},{"floor":47,"key":"ColorlessPotion"}],"is_trial":false,"path_per_floor":["M","T","$","?","M","R","E","?","T","M","R","?","R","M","R","B",null,"M","?","M","$","M","R","E","R","T","E","$","R","M","?","R","B",null,"M","?","M","$","M","E","M","E","T","R","$","R","E","M","R","B",null],"character_chosen":"KOISHI","items_purchased":["Pen Nib","Medical Kit","Mythril_Glove","Koishi:ApparitionsStalkTheNight"],"campfire_rested":0,"item_purchase_floors":[3,21,28,45],"current_hp_per_floor":[54,54,54,54,54,54,42,42,42,40,40,29,29,30,30,34,54,54,54,54,54,54,54,51,51,51,46,46,46,48,48,48,49,54,54,54,49,49,44,38,30,40,40,40,40,40,42,38,38,48],"gold":99,"neow_bonus":"THREE_RARE_CARDS","is_daily":false,"chose_seed":false,"campfire_upgraded":11,"win_rate":0.0,"timestamp":1614125363,"path_taken":["M","?","$","?","M","R","E","?","T","?","R","?","R","M","R","BOSS","M","?","M","$","?","R","E","R","T","E","$","R","M","?","R","BOSS","M","?","?","?","M","E","M","E","T","R","$","R","E","M","R","BOSS"],"items_purchased_type":["Relic","Relic","Relic","Card"],"build_version":"2020-12-22","purchased_purges":2,"victory":true,"max_hp_per_floor":[54,54,54,54,54,54,54,54,54,54,54,54,54,54,54,54,54,54,54,54,54,54,54,54,54,54,54,54,54,54,54,54,54,54,54,54,54,54,54,54,54,54,54,54,54,54,54,54,54,54],"card_choices":[{"not_picked":["Koishi:RuptureMind","Koishi:GrowingPain"],"picked":"Koishi:FadingMemory","floor":0.0},{"not_picked":["Koishi:BramblyRoseGarden","Koishi:UnseenTerror"],"picked":"Koishi:RorschachInDanmaku","floor":1.0},{"not_picked":["Koishi:PhantomStrike","Koishi:UnconsciousUprising"],"picked":"Koishi:FreudianInstinct","floor":5.0},{"not_picked":["Koishi:Catatonia","Koishi:ConfinedInnocent"],"picked":"Koishi:Prune","floor":7.0},{"not_picked":["Koishi:JumpScare","Koishi:DanmakuParanoia"],"picked":"Koishi:MassHysteria","floor":10.0},{"not_picked":["Koishi:HeartfeltFancy","Koishi:JumpScare"],"picked":"Koishi:SubterraneanRose","floor":14.0},{"not_picked":["Koishi:PerfectMindControl","Koishi:Heartbroken"],"picked":"Koishi:FadingMemory","floor":16.0},{"not_picked":["Koishi:RacingHeart","Koishi:EmbersOfLove"],"picked":"Koishi:SubterraneanRose","floor":18.0},{"not_picked":["Koishi:Prune","Koishi:BloodcurdlingScream"],"picked":"Koishi:SubconsciousSweep+1","floor":20.0},{"not_picked":["Koishi:Jaunt","Koishi:VengefulSpirit"],"picked":"Koishi:ApparitionsStalkTheNight","floor":22.0},{"not_picked":["Koishi:DreadfulBlow","Koishi:SpiritedAway"],"picked":"Koishi:UnconsciousUprising+1","floor":24.0},{"not_picked":["Koishi:MindNumbingTerror","Koishi:CatchAndRose+1","Koishi:TremblingHands"],"picked":"SKIP","floor":27.0},{"not_picked":["Koishi:JumpScare+1","Koishi:MentalBreakdown"],"picked":"Koishi:ReleaseOfTheId","floor":30.0},{"not_picked":["Koishi:ConfinedInnocent","Koishi:ImGoingToCallYouNow"],"picked":"Koishi:Heartbroken","floor":33.0},{"not_picked":["Koishi:RacingHeart+1","Koishi:DreadfulBlow"],"picked":"Koishi:IdleWhim","floor":35.0},{"not_picked":["Koishi:JumpScare","Koishi:HeartfeltFancy"],"picked":"Koishi:SpiritedAway+1","floor":37.0},{"not_picked":["Koishi:ConditionedTeleport","Koishi:SprinkleStarAndHeart+1"],"picked":"Koishi:IdleWhim+1","floor":39.0},{"not_picked":["Koishi:EmbryosDream","Koishi:StingingMind+1"],"picked":"Koishi:FidgetySnatcher","floor":40.0},{"not_picked":["Koishi:ParalyzingFear","Koishi:BloodcurdlingScream+1","Koishi:UnansweredLove"],"picked":"SKIP","floor":41.0},{"not_picked":["Koishi:SilentAndRestless","Koishi:Possession+1"],"picked":"Koishi:SpiritedAway+1","floor":42},{"not_picked":["Koishi:EmbryosDream","Koishi:UnseenTerror","Koishi:ParalyzingFear+1"],"picked":"SKIP","floor":47},{"not_picked":["Koishi:Jaunt","Koishi:CatchAndRose+1","Koishi:StingingMind"],"picked":"SKIP","floor":48}],"player_experience":46442,"relics_obtained":[{"floor":2.0,"key":"Happy Flower"},{"floor":7.0,"key":"Ribbon"},{"floor":8.0,"key":"Bag of Preparation"},{"floor":9.0,"key":"Ancient Tea Set"},{"floor":24.0,"key":"Bottled Flame"},{"floor":26.0,"key":"Bag of Marbles"},{"floor":27.0,"key":"Pantograph"},{"floor":40.0,"key":"Sundial"},{"floor":42,"key":"Oddly Smooth Stone"},{"floor":43,"key":"Meat on the Bone"},{"floor":47,"key":"Kunai"}],"event_choices":[{"damage_healed":0.0,"max_hp_gain":0.0,"max_hp_loss":0.0,"gold_gain":0.0,"event_name":"Living Wall","player_choice":"Grow","floor":4.0,"gold_loss":0.0,"damage_taken":0.0,"cards_upgraded":["Koishi:Provoke"]},{"damage_healed":0.0,"max_hp_gain":0.0,"max_hp_loss":0.0,"gold_gain":0.0,"event_name":"Wheel of Change","player_choice":"Relic","floor":8.0,"gold_loss":0.0,"damage_taken":0.0},{"damage_healed":0.0,"max_hp_gain":0.0,"max_hp_loss":0.0,"gold_gain":75.0,"event_name":"World of Goop","player_choice":"Gather Gold","floor":12.0,"gold_loss":0.0,"damage_taken":11.0},{"damage_healed":0.0,"max_hp_gain":0.0,"max_hp_loss":0.0,"gold_gain":0.0,"event_name":"Wheel of Change","player_choice":"Cursed","floor":19.0,"gold_loss":0.0,"damage_taken":0.0,"cards_obtained":["Decay"]},{"damage_healed":0.0,"max_hp_gain":0.0,"max_hp_loss":0.0,"gold_gain":0.0,"event_name":"Ghosts","player_choice":"Ignored","floor":31.0,"gold_loss":0.0,"damage_taken":0.0},{"cards_removed":["Koishi:BasicStrike"],"damage_healed":0.0,"max_hp_gain":0.0,"max_hp_loss":0.0,"gold_gain":0.0,"event_name":"Purifier","player_choice":"Purged","floor":36.0,"gold_loss":0.0,"damage_taken":0.0}],"is_beta":false,"boss_relics":[{"not_picked":["Velvet Choker","Busted Crown"],"picked":"Coffee Dripper"},{"not_picked":["Runic Pyramid","SacredBark"],"picked":"Golden_Hairpin"}],"items_purged_floors":[21,38],"is_endless":false,"potions_floor_spawned":[1,10,16,18,22,30,37,39,41,47],"ascension_level":1}}