{"host":"enpah696raxjhbxd","time":1614151308,"event":{"mods":["ATMod(°¢èªMod)","BaseMod","Challenge The Spire","Colored Powertips","Friendly Minions","Good Game Mod","Minty Spire (QoL Compilation)","Replay The Spire","StSLib","TestMod","The Bladedancer","UnlockEverythingMod"],"gold_per_floor":[113,113,113,130,155,189,189,213,239,278,278,106,106,106,106,95,95,109,130,130,154,166,166,198,198,223,261,278,178,195,229,229,323,323,335,349,224,224,238,238,238,238],"floor_reached":41,"language":"ZHS","playtime":1983,"items_purged":["Injury","AT_DivineConfetti","AT_IrregularMenstruation+1"],"score":1018,"play_id":"611c2d8d-8483-490c-8f15-a3a5b7dd7ff2","local_time":"20210224152148","is_ascension_mode":true,"campfire_choices":[{"data":"Adaptation","floor":7.0,"key":"SMITH"},{"data":"Eruption","floor":15.0,"key":"SMITH"},{"data":"ConjureBlade","floor":23.0,"key":"SMITH"},{"data":"AT_IrregularMenstruation","floor":25.0,"key":"SMITH"},{"data":"Establishment","floor":32.0,"key":"SMITH"},{"data":"AT_ChampionKick","floor":40,"key":"SMITH"}],"circlet_count":0,"master_deck":["AscendersBane","Strike_P","Strike_P","Strike_P+1","Strike_P","Defend_P","Defend_P","Defend_P","Defend_P","Eruption+1","Vigilance","AT_FamilyPortrait","testmod-AutoReboundSystem+1","Adaptation+1","BattleHymn+1","ConjureBlade+1","Establishment+1","AT_ChampionKick+1"],"relics":["PureWater","testmod-TestBox","REME:ComplimentaryCards","testmod-Charity","Golden Idol","ReplayTheSpireMod:Ring of Exchange","Replay:Bandana","AT_Kusabimaru","HornCleat","ReplayTheSpireMod:CursedCoin","testmod-AssaultLearning","testmod-Fanaticism","Nloth\u0027s Gift","Mirror","Ancient Tea Set","PreservedInsect","AT_GuinsooRageblade"],"acts_visited":["Exordium","TheCity","TheBeyond"],"potions_floor_usage":[],"damage_taken":[{"damage":3.0,"enemies":"2 Louse","floor":1.0,"turns":3.0},{"damage":7.0,"enemies":"Jaw Worm","floor":4.0,"turns":5.0},{"damage":39.0,"enemies":"Gremlin Nob","floor":6.0,"turns":4.0},{"damage":0.0,"enemies":"Cultist","floor":8.0,"turns":2.0},{"damage":30.0,"enemies":"3 Sentries","floor":10.0,"turns":7.0},{"damage":36.0,"enemies":"Hexaghost","floor":16.0,"turns":6.0},{"damage":43.0,"enemies":"3 Byrds","floor":18.0,"turns":4.0},{"damage":42.0,"enemies":"2 Thieves","floor":19.0,"turns":3.0},{"damage":50.0,"enemies":"Snake Plant","floor":21.0,"turns":4.0},{"damage":22.0,"enemies":"Centurion and Healer","floor":22.0,"turns":3.0},{"damage":193.0,"enemies":"Slavers","floor":24.0,"turns":8.0},{"damage":195.0,"enemies":"Gremlin Leader","floor":27.0,"turns":5.0},{"damage":64.0,"enemies":"3 Cultists","floor":28.0,"turns":5.0},{"damage":52.0,"enemies":"Snake Plant","floor":30.0,"turns":4.0},{"damage":169.0,"enemies":"Slavers","floor":31.0,"turns":4.0},{"damage":49.0,"enemies":"Automaton","floor":33.0,"turns":6.0},{"damage":197,"enemies":"3 Darklings","floor":35,"turns":6},{"damage":80,"enemies":"Orb Walker","floor":36,"turns":4},{"damage":110,"enemies":"Transient","floor":39,"turns":6},{"damage":60,"enemies":"R_Hoarder","floor":41,"turns":7}],"seed_played":"6525665874226444110","potions_obtained":[{"floor":6.0,"key":"Fire Potion"},{"floor":10.0,"key":"Dexterity Potion"},{"floor":19.0,"key":"Languid Potion"},{"floor":36,"key":"LifebloodPotion"}],"is_trial":false,"path_per_floor":["M","?","?","M","T","E","R","M","T","E","?","$","?","$","R","B",null,"M","M","?","M","M","R","E","R","T","E","M","$","M","E","R","B",null,"M","M","$","?","M","R","E"],"character_chosen":"WATCHER","items_purchased":["ReplayTheSpireMod:CursedCoin","testmod-AssaultLearning","BattleHymn"],"campfire_rested":0,"item_purchase_floors":[12,12,12],"current_hp_per_floor":[59,59,59,56,57,64,64,80,81,92,92,93,39,39,39,74,206,234,295,295,313,373,373,468,468,469,568,629,629,644,731,731,862,862,923,917,917,917,1110,1110,1248,1248],"gold":238,"neow_bonus":"UPGRADE_CARD","is_daily":false,"chose_seed":false,"campfire_upgraded":6,"win_rate":0.0,"timestamp":1614151308,"path_taken":["M","?","?","M","?","E","R","?","T","E","?","?","?","$","R","BOSS","M","M","?","M","?","R","E","R","T","E","M","$","M","E","R","BOSS","M","M","$","?","M","R","E"],"items_purchased_type":["Relic","Relic","Card"],"build_version":"2020-12-22","purchased_purges":3,"victory":false,"max_hp_per_floor":[69,69,69,73,74,120,120,136,137,178,178,179,179,179,179,250,250,291,328,328,369,410,410,476,476,477,568,644,644,685,731,731,862,862,923,954,954,954,1110,1110,1270,1270],"card_choices":[{"not_picked":["EmptyFist","EmptyBody","ReachHeaven"],"picked":"SKIP","floor":1.0},{"not_picked":["SashWhip","EmptyFist"],"picked":"AT_DivineConfetti","floor":4.0},{"not_picked":["ThirdEye","Replay:ManipulateFuture"],"picked":"Adaptation","floor":6.0},{"not_picked":["Replay:Hum","CrushJoints","Sanctity"],"picked":"SKIP","floor":8.0},{"not_picked":["Sanctity","EmptyBody","EmptyFist"],"picked":"SKIP","floor":10.0},{"not_picked":["Ragnarok","DevaForm"],"picked":"ConjureBlade","floor":16.0},{"not_picked":["Replay:Hum","Study","Vengeance+1"],"picked":"SKIP","floor":18.0},{"not_picked":["Evaluate","CrushJoints","EmptyBody"],"picked":"SKIP","floor":19.0},{"not_picked":["MentalFortress","TalkToTheHand","Replay:AtTheReady+1"],"picked":"SKIP","floor":21.0},{"not_picked":["FlyingSleeves","Replay:BluntJabs","Protect"],"picked":"SKIP","floor":22.0},{"not_picked":["Replay:Hum","Devotion"],"picked":"AT_IrregularMenstruation","floor":24.0},{"not_picked":["LikeWater","CrushJoints","Swivel"],"picked":"SKIP","floor":27.0},{"not_picked":["Evaluate","Protect"],"picked":"Establishment","floor":28.0},{"not_picked":["Crescendo","Evaluate+1","Replay:LoomingThreat"],"picked":"SKIP","floor":30.0},{"not_picked":["Replay:AtTheReady","Judgement","AT_IrregularMenstruation"],"picked":"SKIP","floor":31.0},{"not_picked":["MasterReality","Omniscience"],"picked":"AT_ChampionKick","floor":33.0},{"not_picked":["Halt+1","Replay:Battleflow+1","DevaForm"],"picked":"SKIP","floor":35},{"not_picked":["Judgement","BattleHymn","FlyingSleeves+1"],"picked":"SKIP","floor":36},{"not_picked":["Replay:ManipulateFuture","Weave","EmptyFist"],"picked":"SKIP","floor":39}],"player_experience":249657,"relics_obtained":[{"floor":3.0,"key":"ReplayTheSpireMod:Ring of Exchange"},{"floor":5.0,"key":"Replay:Bandana"},{"floor":6.0,"key":"AT_Kusabimaru"},{"floor":10.0,"key":"HornCleat"},{"floor":24.0,"key":"Mirror"},{"floor":26.0,"key":"Ancient Tea Set"},{"floor":27.0,"key":"PreservedInsect"},{"floor":31.0,"key":"AT_GuinsooRageblade"}],"event_choices":[{"damage_healed":0.0,"max_hp_gain":0.0,"max_hp_loss":0.0,"gold_gain":0.0,"event_name":"Golden Idol","player_choice":"Take Wound","floor":2.0,"gold_loss":0.0,"damage_taken":0.0,"relics_obtained":["Golden Idol"],"cards_obtained":["Injury"]},{"cards_removed":["Looming Evil"],"damage_healed":0.0,"max_hp_gain":0.0,"max_hp_loss":0.0,"gold_gain":0.0,"event_name":"Purifier","player_choice":"Purged","floor":11.0,"gold_loss":0.0,"damage_taken":0.0},{"damage_healed":0.0,"max_hp_gain":0.0,"max_hp_loss":0.0,"gold_gain":0.0,"event_name":"Shining Light","player_choice":"Entered Light","floor":13.0,"gold_loss":0.0,"damage_taken":54.0,"cards_upgraded":["BattleHymn","Strike_P"]},{"damage_healed":0.0,"max_hp_gain":0.0,"max_hp_loss":0.0,"gold_gain":0.0,"event_name":"N\u0027loth","player_choice":"Traded Relic","floor":20.0,"relics_lost":["AT_ATBox"],"gold_loss":0.0,"damage_taken":0.0,"relics_obtained":["Nloth\u0027s Gift"]},{"damage_healed":0,"gold_gain":0,"player_choice":"Got Potions","damage_taken":0,"max_hp_gain":0,"max_hp_loss":0,"event_name":"Lab","floor":38,"gold_loss":0}],"is_beta":false,"boss_relics":[{"not_picked":["Membership Card","Sling"],"picked":"testmod-Fanaticism"},{"not_picked":["testmod-BatchProcessingSystem","Velvet Choker","Snecko Heart"]}],"items_purged_floors":[12,29,37],"is_endless":false,"potions_floor_spawned":[6,10,19,22,24,31,36,39],"killed_by":"R_Hoarder","ascension_level":20}}