{"host":"ufhw4cf0hh51lveu","time":1614152527,"event":{"mods":["BaseMod","DeckTracker","Lobotomy","Minty Spire (QoL Compilation)","SuperFastMode"],"gold_per_floor":[111,111,130,142,152,152,164,180,180,194,194,208,224,244,244,244,244],"floor_reached":16,"language":"KOR","playtime":422,"items_purged":[],"score":100,"play_id":"2d3684cd-2705-4480-b2e8-ab4c6dc7f29c","local_time":"20210224164207","is_ascension_mode":false,"campfire_choices":[{"data":"Bouncing Flask","floor":6,"key":"SMITH"},{"floor":11,"key":"REST"},{"data":"Catalyst","floor":15,"key":"SMITH"}],"circlet_count":0,"master_deck":["Strike_G","Strike_G","Strike_G","Strike_G","Strike_G","Defend_G","Defend_G","Defend_G","Defend_G","Defend_G","Survivor","Neutralize","Adrenaline+1","Footwork","Bouncing Flask+1","PiercingWail","Backstab","Catalyst+1","Slice","Crippling Poison"],"relics":["Ring of the Snake","Shuriken"],"acts_visited":["Exordium"],"potions_floor_usage":[8,12,16],"damage_taken":[{"damage":0,"enemies":"Small Slimes","floor":1,"turns":4},{"damage":6,"enemies":"Cultist","floor":3,"turns":4},{"damage":0,"enemies":"Jaw Worm","floor":4,"turns":4},{"damage":9,"enemies":"Blue Slaver","floor":5,"turns":4},{"damage":8,"enemies":"3 Louse","floor":7,"turns":4},{"damage":5,"enemies":"Exordium Thugs","floor":8,"turns":5},{"damage":9,"enemies":"Large Slime","floor":10,"turns":5},{"damage":13,"enemies":"Red Slaver","floor":12,"turns":2},{"damage":7,"enemies":"Exordium Thugs","floor":13,"turns":6},{"damage":0,"enemies":"3 Louse","floor":14,"turns":3},{"damage":44,"enemies":"Slime Boss","floor":16,"turns":8}],"seed_played":"-7601681060899746288","potions_obtained":[{"floor":1,"key":"GhostInAJar"},{"floor":4,"key":"BlessingOfTheForge"},{"floor":8,"key":"Weak Potion"},{"floor":12,"key":"Fruit Juice"}],"is_trial":false,"path_per_floor":["M","?","M","M","M","R","M","M","T","M","R","M","M","M","R","B"],"character_chosen":"THE_SILENT","items_purchased":[],"campfire_rested":1,"item_purchase_floors":[],"current_hp_per_floor":[70,70,64,64,55,55,47,42,42,33,54,46,39,39,39,0,0],"gold":244,"neow_bonus":"ONE_RANDOM_RARE_CARD","is_daily":false,"chose_seed":false,"campfire_upgraded":2,"win_rate":0.0,"timestamp":1614152527,"path_taken":["M","?","?","M","M","R","M","M","T","M","R","M","M","M","R","BOSS"],"items_purchased_type":[],"build_version":"2020-12-22","purchased_purges":0,"victory":false,"max_hp_per_floor":[70,70,70,70,70,70,70,70,70,70,70,75,75,75,75,75,75],"card_choices":[{"not_picked":["Blur","Flying Knee"],"picked":"Footwork","floor":1},{"not_picked":["Dodge and Roll","Dash","Choke"],"picked":"SKIP","floor":3},{"not_picked":["Reflex","Underhanded Strike"],"picked":"Bouncing Flask","floor":4},{"not_picked":["Bane","Quick Slash","Night Terror"],"picked":"SKIP","floor":5},{"not_picked":["Predator","Backstab"],"picked":"PiercingWail","floor":7},{"not_picked":["All Out Attack","Outmaneuver"],"picked":"Backstab","floor":8},{"not_picked":["Caltrops","Masterful Stab"],"picked":"Catalyst","floor":10},{"not_picked":["Underhanded Strike","Reflex"],"picked":"Slice","floor":12},{"not_picked":["Prepared","Dagger Throw"],"picked":"Crippling Poison","floor":13},{"not_picked":["Quick Slash","All Out Attack","Sucker Punch"],"picked":"SKIP","floor":14}],"player_experience":81637,"relics_obtained":[{"floor":9,"key":"Shuriken"}],"event_choices":[{"damage_healed":0,"gold_gain":0,"player_choice":"Forge","damage_taken":0,"max_hp_gain":0,"max_hp_loss":0,"event_name":"Accursed Blacksmith","floor":2,"gold_loss":0,"cards_upgraded":["Adrenaline"]}],"is_beta":false,"boss_relics":[],"items_purged_floors":[],"is_endless":false,"potions_floor_spawned":[1,4,8,12],"killed_by":"Slime Boss","ascension_level":0}}