{"host":"qp7xs8nuzfsyommi","time":1614193545,"event":{"mods":["2.2 Compatiblity","BaseMod","Colored Powertips","DeckTracker","Highlight Path","Minty Spire (QoL Compilation)","Permanent Neow","Quick Restart","StSLib","Weighted Paths"],"gold_per_floor":[114,84,99,99,174,174,206,222,246,246,272,272,300,311,311,311,311],"floor_reached":16,"language":"ENG","playtime":506,"items_purged":[],"score":216,"play_id":"28596f6e-9e2d-405b-a44b-793671499f42","local_time":"20210224140545","is_ascension_mode":true,"campfire_choices":[{"floor":6.0,"key":"REST"},{"floor":10.0,"key":"REST"},{"floor":12.0,"key":"REST"},{"floor":15.0,"key":"REST"}],"circlet_count":0,"master_deck":["AscendersBane","Strike_B","Strike_B","Strike_B","Strike_B","Defend_B","Defend_B","Defend_B","Defend_B","Zap","Dualcast","Compile Driver","White Noise","Gash","Ball Lightning","Fusion","Gash"],"relics":["Cracked Core","Incense Burner","Blue Candle","Potion Belt","Nunchaku","Art of War"],"acts_visited":["Exordium"],"potions_floor_usage":[16],"damage_taken":[{"damage":2.0,"enemies":"Jaw Worm","floor":1.0,"turns":3.0},{"damage":1.0,"enemies":"Cultist","floor":3.0,"turns":3.0},{"damage":45.0,"enemies":"3 Sentries","floor":7.0,"turns":7.0},{"damage":0.0,"enemies":"2 Louse","floor":8.0,"turns":2.0},{"damage":15.0,"enemies":"Lagavulin","floor":13.0,"turns":6.0},{"damage":13.0,"enemies":"Blue Slaver","floor":14.0,"turns":4.0},{"damage":46,"enemies":"Hexaghost","floor":16,"turns":7}],"seed_played":"-6501720423378404894","potions_obtained":[{"floor":2.0,"key":"CultistPotion"},{"floor":2.0,"key":"LiquidMemories"},{"floor":8.0,"key":"Explosive Potion"},{"floor":13.0,"key":"SkillPotion"}],"is_trial":false,"path_per_floor":["M","?","M","T","?","R","E","M","T","R","T","R","E","M","R","B"],"character_chosen":"DEFECT","items_purchased":[],"campfire_rested":4,"item_purchase_floors":[],"current_hp_per_floor":[44,44,43,43,32,53,8,8,8,29,29,50,35,22,43,0,0],"gold":311,"neow_bonus":"ONE_RARE_RELIC","is_daily":false,"chose_seed":false,"campfire_upgraded":0,"win_rate":0.0,"timestamp":1614193545,"path_taken":["M","?","?","?","?","R","E","M","T","R","?","R","E","?","R","BOSS"],"items_purchased_type":[],"build_version":"2020-12-22","purchased_purges":0,"victory":false,"max_hp_per_floor":[71,71,71,71,71,71,71,71,71,71,71,71,71,71,71,71,71],"card_choices":[{"not_picked":["Redo","Steam"],"picked":"Compile Driver","floor":1.0},{"not_picked":["Gash","Double Energy"],"picked":"White Noise","floor":3.0},{"not_picked":["BootSequence","White Noise"],"picked":"Gash","floor":7.0},{"not_picked":["Blizzard","Thunder Strike"],"picked":"Ball Lightning","floor":8.0},{"not_picked":["Rip and Tear","Streamline"],"picked":"Fusion","floor":13.0},{"not_picked":["Stack","Sunder"],"picked":"Gash","floor":14.0}],"player_experience":1507105,"relics_obtained":[{"floor":4.0,"key":"Blue Candle"},{"floor":7.0,"key":"Potion Belt"},{"floor":9.0,"key":"Nunchaku"},{"floor":13.0,"key":"Art of War"}],"event_choices":[{"damage_healed":0.0,"max_hp_gain":0.0,"max_hp_loss":0.0,"gold_gain":0.0,"event_name":"The Woman in Blue","player_choice":"Bought 2 Potions","floor":2.0,"gold_loss":0.0,"damage_taken":0.0},{"damage_healed":0.0,"max_hp_gain":0.0,"max_hp_loss":0.0,"gold_gain":75.0,"event_name":"World of Goop","player_choice":"Gather Gold","floor":5.0,"gold_loss":0.0,"damage_taken":11.0}],"is_beta":false,"boss_relics":[],"items_purged_floors":[],"is_endless":false,"potions_floor_spawned":[8,13],"killed_by":"Hexaghost","ascension_level":20}}