{"host":"y4fuci1jk2rsxnep","time":1614163984,"event":{"mods":["AchievementEnabler","BaseMod","Colored Powertips","Custom Start","Defuse TimeMaze Blight","Dio Mod","Downfall","Hermit","Hero for Fun","Hubris","Hunter ??","Infinite Spire","Minty Spire (QoL Compilation)","Quick Restart","Reliquary","Remove Card Discount Mod","Replay The Spire","StSLib","The Blackbeard","The Bug Knight","The Mystic","The Runesmith"],"gold_per_floor":[118,181,111,111,124,124,157,174,199,212,212,167,167,242,242,339,389,403,403,403,414,414,414,429,429,429],"floor_reached":25,"language":"ENG","playtime":1116,"items_purged":["hermit:Defend_Hermit","hermit:Strike_Hermit","hermit:Defend_Hermit"],"score":239,"play_id":"5f9f4dbb-8537-41ed-89f6-4aaf3e069310","local_time":"20210224115304","is_ascension_mode":true,"campfire_choices":[{"data":"hermit:Brawl","floor":6,"key":"SMITH"},{"floor":11,"key":"REST"},{"floor":15,"key":"REST"},{"floor":23,"key":"REST"}],"circlet_count":0,"master_deck":["hermit:Strike_Hermit+1","hermit:Strike_Hermit+1","hermit:Strike_Hermit+1","hermit:Defend_Hermit+1","hermit:Defend_Hermit+1","hermit:Snapshot","hermit:Covet","hermit:Brawl","hermit:Brawl+1","hermit:Vantage","hermit:HoleUp","hermit:ShadowCloak+1","hermit:Quickdraw","hermit:WideOpen","hermit:BodyArmor+1","hermit:EternalForm","hermit:Determination","hermit:BodyArmor"],"relics":["hermit:Momento","hubris:Towel","Du-Vu Doll","Blue Doll","Tiny House","hubris:Icosahedron","Anchor"],"acts_visited":["Exordium","TheCity"],"potions_floor_usage":[21,25],"damage_taken":[{"damage":4,"enemies":"Small Slimes","floor":1,"turns":4},{"damage":12,"enemies":"2 Louse","floor":5,"turns":4},{"damage":42,"enemies":"Lagavulin","floor":7,"turns":7},{"damage":7,"enemies":"Jaw Worm","floor":8,"turns":4},{"damage":6,"enemies":"Looter","floor":10,"turns":4},{"damage":21,"enemies":"Slime Boss","floor":16,"turns":10},{"damage":34,"enemies":"Chosen","floor":18,"turns":6},{"damage":31,"enemies":"2 Thieves","floor":21,"turns":5},{"damage":19,"enemies":"Snecko","floor":24,"turns":6},{"damage":22,"enemies":"Snake Plant","floor":25,"turns":3}],"seed_played":"-8116130794518174184","potions_obtained":[{"floor":7,"key":"Venom Potion"},{"floor":8,"key":"Toxic Potion"},{"floor":16,"key":"Dexterity Potion"},{"floor":17,"key":"hermit:Eclipse"},{"floor":18,"key":"Strength Potion"},{"floor":21,"key":"EssenceOfSteel"}],"is_trial":false,"path_per_floor":["M","?","$","?","M","R","E","M","T","M","R","$","?","?","R","B",null,"M","?","?","M","?","R","M","M"],"character_chosen":"HERMIT","items_purchased":["hermit:Brawl","hermit:WideOpen","hermit:BodyArmor+1"],"campfire_rested":3,"item_purchase_floors":[3,12,12],"current_hp_per_floor":[78,78,78,78,66,66,24,17,17,11,35,35,35,24,48,27,87,53,53,53,22,14,40,21,0,0],"gold":429,"neow_bonus":"TEN_PERCENT_HP_BONUS","is_daily":false,"chose_seed":false,"campfire_upgraded":1,"win_rate":0.0,"timestamp":1614163984,"path_taken":["M","?","$","?","M","R","E","M","T","M","R","$","?","?","R","BOSS","M","?","?","M","?","R","M","?"],"items_purchased_type":["Card","Card","Card"],"build_version":"2020-12-22","purchased_purges":3,"victory":false,"max_hp_per_floor":[82,82,82,82,82,82,82,82,82,82,82,82,82,82,82,82,87,87,87,87,87,87,87,87,87,87],"card_choices":[{"not_picked":["hermit:BodyArmor","hermit:Scavenge"],"picked":"hermit:Brawl","floor":1},{"not_picked":["hermit:Maintenance","hermit:TakeAim"],"picked":"hermit:Vantage","floor":5},{"not_picked":["hermit:Malice","hermit:Coalescence"],"picked":"hermit:HoleUp","floor":7},{"not_picked":["hermit:Horror","hermit:LuckOfTheDraw"],"picked":"hermit:ShadowCloak","floor":8},{"not_picked":["hermit:BlackWind","hermit:Grudge"],"picked":"hermit:Quickdraw","floor":10},{"not_picked":["hermit:BlackWind","hermit:Adapt"],"picked":"hermit:EternalForm","floor":16},{"not_picked":["hermit:Manifest","hermit:BodyArmor"],"picked":"hermit:Determination","floor":17},{"not_picked":["hermit:Ricochet","hermit:Coalescence"],"picked":"hermit:BodyArmor","floor":18},{"not_picked":["hermit:Roulette+1","hermit:Ricochet+1","hermit:Cheat"],"picked":"SKIP","floor":21},{"not_picked":["hermit:Desperado","hermit:Ricochet","hermit:Combo"],"picked":"SKIP","floor":24},{"not_picked":["hermit:Desperado","hermit:Ricochet","hermit:Combo"],"picked":"SKIP","floor":24}],"player_experience":704041,"relics_obtained":[{"floor":7,"key":"Du-Vu Doll"},{"floor":9,"key":"Blue Doll"}],"event_choices":[{"damage_healed":0,"gold_gain":63,"player_choice":"Gained Gold","damage_taken":0,"max_hp_gain":0,"max_hp_loss":0,"event_name":"Golden Wing","floor":2,"gold_loss":0},{"damage_healed":0,"gold_gain":75,"player_choice":"Gather Gold","damage_taken":11,"max_hp_gain":0,"max_hp_loss":0,"event_name":"World of Goop","floor":14,"gold_loss":0},{"damage_healed":0,"gold_gain":0,"player_choice":"Simplicity","damage_taken":0,"max_hp_gain":0,"max_hp_loss":0,"event_name":"Back to Basics","floor":20,"gold_loss":0,"cards_upgraded":["hermit:Strike_Hermit","hermit:Strike_Hermit","hermit:Strike_Hermit","hermit:Defend_Hermit","hermit:Defend_Hermit"]},{"damage_healed":0,"gold_gain":0,"player_choice":"Anchor","damage_taken":0,"relics_obtained":["Anchor"],"max_hp_gain":0,"max_hp_loss":0,"event_name":"blackbeard:ShipwreckEvent","floor":22,"gold_loss":0}],"is_beta":false,"boss_relics":[{"not_picked":["Runic Pyramid","Astrolabe"],"picked":"Tiny House"}],"items_purged_floors":[12,12,12],"is_endless":false,"potions_floor_spawned":[7,8,16,18,21],"killed_by":"Snake Plant","ascension_level":4}}