{"host":"we8ay8el3o9pwc2d","time":1614138679,"event":{"mods":["Act Like it!","Aspiration","BaseMod","BetterRewards","Colored Map","Conspire","Downfall","Elementarium","GungeonMod","Minty Spire (QoL Compilation)","Reliquary","Robot Space Explorer","Ruina","Spire Arcade","StSLib","The Marked","Waifu the Spire"],"gold_per_floor":[349,365,380,380,407,51,51,61,61,511,530,270,270,26,39,142,142,42,52,66,66,222,222,222,239,36,49,49,65,65,65,80,184,184,84,104,119,131,231,251,251,271,271,286,299,331,231,231,245,245,245,245],"floor_reached":50,"language":"ENG","playtime":3766,"items_purged":["downfall:Icky"],"score":543,"play_id":"018192e8-9241-4398-9f4e-71cb5ffc1a7a","local_time":"20210223205119","is_ascension_mode":false,"campfire_choices":[{"floor":1,"key":"RECALL"},{"floor":9,"key":"REST"},{"floor":13,"key":"REST"},{"data":"bronze:AlphaBuild","floor":18,"key":"SMITH"},{"data":"bronze:Repulsor","floor":23,"key":"SMITH"},{"data":"expansioncontent:DashGenerateEvil","floor":28,"key":"SMITH"},{"data":"bronze:Allocate","floor":30,"key":"SMITH"},{"data":"bronze:Assembly","floor":35,"key":"SMITH"},{"floor":43,"key":"REST"},{"floor":47,"key":"REST"}],"circlet_count":0,"master_deck":["bronze:Strike","bronze:Strike","bronze:Defend","bronze:Defend","bronze:Replicate","bronze:Goto","bronze:CutThrough","bronze:OilSpill","bronze:Spike","bronze:WhirlingStrike","bronze:Break","expansioncontent:DashGenerateEvil+1","bronze:GetLatest","downfall:Icky","downfall:Icky","bronze:ItsAFeature","bronze:Allocate+1","bronze:AlphaBuild+1","bronze:Backtrace+1","bronze:Branch","Eviscerate","Eviscerate","Leg Sweep","bronze:BronzeOrb","bronze:Repulsor+1","bronze:Frontload+1","bronze:BuggyMess","bronze:ChosenStrike","bronze:Assembly+1","bronze:BugBarrage+1","bronze:OilSpill","bronze:BronzeOrb+1","bronze:Iterate+1","bronze:ClassDefault+1","bronze:DelayedGuard+1"],"relics":["bronze:BronzeCore","aspiration:Lifesprig","DemoMod:MonsterBlood","aspiration:SneckoTail","conspire:DeflatedDodgeball","Toolbox","sneckomod:SneckoTalon","downfall:HeartBlessingRed","Membership Card","aspiration:FrozenJewel","DemoMod:MeatBun","aspiration:FutureDiary","downfall:HeartBlessingBlue","reliquary:GummyVitamins","sneckomod:BlankCard","downfall:HeartBlessingGreen"],"acts_visited":["Exordium","Elementarium:Elementarium","TheBeyond"],"potions_floor_usage":[4,16,22,33,33,50,50,50],"damage_taken":[{"damage":11,"enemies":"Jaw Worm","floor":2,"turns":3},{"damage":0,"enemies":"2 Louse","floor":3,"turns":2},{"damage":22,"enemies":"2 Louse","floor":4,"turns":4},{"damage":5,"enemies":"downfall:FleeingMerchant","floor":6,"turns":4},{"damage":0,"enemies":"Cultist","floor":8,"turns":2},{"damage":7,"enemies":"Lots of Slimes","floor":11,"turns":2},{"damage":0,"enemies":"downfall:FleeingMerchant","floor":12,"turns":4},{"damage":24,"enemies":"downfall:FleeingMerchant","floor":14,"turns":4},{"damage":10,"enemies":"3 Louse","floor":15,"turns":2},{"damage":17,"enemies":"IC_STATUS_ARCHETYPE","floor":16,"turns":5},{"damage":0,"enemies":"Elementarium:MUD_AND_TAR_GOLEMS","floor":19,"turns":3},{"damage":3,"enemies":"Elementarium:Cyclone","floor":20,"turns":3},{"damage":23,"enemies":"downfall:FleeingMerchant","floor":22,"turns":3},{"damage":0,"enemies":"Elementarium:STONE_GOLEMS","floor":25,"turns":4},{"damage":1,"enemies":"Elementarium:CYCLONE_AND_ORB_OF_FIRE","floor":27,"turns":2},{"damage":5,"enemies":"Elementarium:3_ELEMENTALS","floor":29,"turns":3},{"damage":1,"enemies":"Elementarium:CYCLONE_AND_LIVING_STORMCLOUD","floor":32,"turns":4},{"damage":22,"enemies":"SI_MIRROR_ARCHETYPE","floor":33,"turns":8},{"damage":12,"enemies":"3 Darklings","floor":36,"turns":2},{"damage":0,"enemies":"Orb Walker","floor":37,"turns":1},{"damage":13,"enemies":"4 Shapes","floor":38,"turns":4},{"damage":9,"enemies":"3 Darklings","floor":40,"turns":3},{"damage":23,"enemies":"Maw","floor":42,"turns":7},{"damage":5,"enemies":"Spire Growth","floor":44,"turns":4},{"damage":0,"enemies":"3 Darklings","floor":45,"turns":2},{"damage":26,"enemies":"Nemesis","floor":46,"turns":5},{"damage":7,"enemies":"Sphere and 2 Shapes","floor":49,"turns":3},{"damage":46,"enemies":"DF_ARCHETYPE_ORBS","floor":50,"turns":5}],"seed_played":"-1676106764352744356","potions_obtained":[{"floor":2,"key":"Weak Potion"},{"floor":15,"key":"Strength Potion"},{"floor":16,"key":"Fire Potion"},{"floor":19,"key":"PowerPotion"},{"floor":27,"key":"SteroidPotion"},{"floor":32,"key":"champ:CounterPotion"},{"floor":36,"key":"BlessingOfTheForge"},{"floor":40,"key":"Strength Potion"},{"floor":44,"key":"Dexterity Potion"}],"is_trial":false,"path_per_floor":["R","M","M","?","T","$","T","M","R","?","M","$","R","$","M","B",null,"R","M","M","?","$","R","T","M","$","M","R","M","R","?","M","B",null,"R","M","M","M","?","M","T","M","R","M","M","E","R","?","M","B"],"character_chosen":"THE_AUTOMATON","items_purchased":["DemoMod:MonsterBlood","expansioncontent:DashGenerateEvil","conspire:DeflatedDodgeball","Toolbox","Membership Card","bronze:Repulsor","aspiration:FrozenJewel","DemoMod:MeatBun"],"campfire_rested":4,"item_purchase_floors":[6,6,12,14,22,22,26,26],"current_hp_per_floor":[49,38,38,16,16,18,18,18,41,41,34,34,57,33,23,6,77,77,77,74,74,51,51,51,51,65,64,64,59,59,59,58,36,77,87,75,75,62,62,53,53,30,56,51,51,25,51,51,44,0,0,0],"gold":245,"neow_bonus":"TWO_FIFTY_GOLD","is_daily":false,"chose_seed":false,"campfire_upgraded":5,"win_rate":0.0,"timestamp":1614138679,"path_taken":["R","M","M","?","?","?","T","M","R","?","M","$","R","?","M","BOSS","R","M","M","?","$","R","T","?","$","M","R","M","R","?","M","BOSS","R","M","?","M","?","M","T","M","R","?","M","E","R","?","M","BOSS"],"items_purchased_type":["Relic","Card","Relic","Relic","Relic","Card","Relic","Relic"],"build_version":"2020-12-22","purchased_purges":1,"victory":false,"max_hp_per_floor":[70,70,70,70,70,77,77,77,77,77,77,77,77,77,77,77,77,77,77,77,77,77,77,77,77,77,77,77,77,77,77,77,77,77,87,87,87,87,87,87,87,87,87,87,87,87,87,87,87,87,87,87],"card_choices":[{"not_picked":["bronze:FineTuning","bronze:DelayedSlice"],"picked":"bronze:CutThrough","floor":2},{"not_picked":["bronze:ItsAFeature","bronze:Refactor"],"picked":"bronze:OilSpill","floor":3},{"not_picked":[],"picked":"bronze:Spike","floor":4},{"not_picked":["bronze:DigitalCarnage","bronze:ForceShield"],"picked":"bronze:WhirlingStrike","floor":4},{"not_picked":["bronze:Invalidate","bronze:FineTuning"],"picked":"bronze:Break","floor":6},{"not_picked":["bronze:DelayedGuard","bronze:CutThrough"],"picked":"bronze:GetLatest","floor":8},{"not_picked":["bronze:DelayedGuard","bronze:Constructor","bronze:CutThrough"],"picked":"SKIP","floor":11},{"not_picked":["bronze:Branch","bronze:Invalidate"],"picked":"bronze:ItsAFeature","floor":12},{"not_picked":["bronze:Return","bronze:Overheat"],"picked":"bronze:Allocate","floor":14},{"not_picked":["bronze:GetLatest","bronze:BronzeArmor","bronze:Turbo"],"picked":"SKIP","floor":15},{"not_picked":["bronze:ShipIt","bronze:Format"],"picked":"bronze:AlphaBuild","floor":16},{"not_picked":["bronze:FineTuning+1","bronze:Constructor+1"],"picked":"bronze:Backtrace+1","floor":19},{"not_picked":["bronze:CloningBeam+1","bronze:Boost"],"picked":"bronze:Branch","floor":20},{"not_picked":["bronze:Overheat+1","bronze:Constructor"],"picked":"bronze:BronzeOrb","floor":22},{"not_picked":["bronze:Overheat","bronze:Invalidate","bronze:Repulsor"],"picked":"SKIP","floor":25},{"not_picked":["bronze:Deprecate","bronze:Invalidate","bronze:Fortify"],"picked":"SKIP","floor":27},{"not_picked":["bronze:WhirlingStrike","bronze:BugBarrage"],"picked":"bronze:Frontload+1","floor":29},{"not_picked":["bronze:Deprecate","bronze:WildBeam"],"picked":"bronze:ChosenStrike","floor":32},{"not_picked":["bronze:Mutator","bronze:BurnOut"],"picked":"bronze:Assembly","floor":33},{"not_picked":["bronze:WhirlingStrike","bronze:Invalidate+1"],"picked":"bronze:BugBarrage+1","floor":36},{"not_picked":["bronze:Safeguard+1","bronze:WhirlingStrike+1"],"picked":"bronze:OilSpill","floor":37},{"not_picked":["bronze:BugBarrage","bronze:Invalidate+1"],"picked":"bronze:BronzeOrb+1","floor":38},{"not_picked":["bronze:WhirlingStrike","bronze:Frontload+1","bronze:WildBeam+1"],"picked":"SKIP","floor":40},{"not_picked":["bronze:WhirlingStrike+1","bronze:WildBeam+1","bronze:Repulsor+1"],"picked":"SKIP","floor":42},{"not_picked":["bronze:ChosenStrike+1","bronze:Mutator"],"picked":"bronze:Iterate+1","floor":44},{"not_picked":["bronze:Overload+1","bronze:WildBeam"],"picked":"bronze:ClassDefault+1","floor":45},{"not_picked":["bronze:DigitalCarnage","bronze:FineTuning+1","bronze:Branch+1"],"picked":"SKIP","floor":46},{"not_picked":["bronze:OilSpill","bronze:Shell"],"picked":"bronze:DelayedGuard+1","floor":49}],"player_experience":2166992,"relics_obtained":[{"floor":5,"key":"aspiration:Lifesprig"},{"floor":7,"key":"aspiration:SneckoTail"},{"floor":41,"key":"reliquary:GummyVitamins"},{"floor":46,"key":"sneckomod:BlankCard"}],"event_choices":[{"damage_healed":0,"gold_gain":0,"player_choice":"Leave","damage_taken":0,"max_hp_gain":0,"max_hp_loss":0,"event_name":"conspire:Investor","floor":48,"gold_loss":0}],"is_beta":false,"boss_relics":[{"not_picked":["conspire:SlowCooker","aspiration:WatcherSkillbook"],"picked":"sneckomod:SneckoTalon"},{"not_picked":["Empty Cage","reliquary:ThirdArm"],"picked":"aspiration:FutureDiary"}],"items_purged_floors":[14],"is_endless":false,"potions_floor_spawned":[2,15,16,19,27,32,36,40,44,46,49],"killed_by":"DF_ARCHETYPE_ORBS","ascension_level":0}}