{"host":"onk0sru1v5nf4gev","time":1614193016,"event":{"mods":["AchievementEnabler","BaseMod","Colored Map","Colored Powertips","Downfall","Googly Eyes","Infinite Spire","Minty Spire (QoL Compilation)","Quick Restart","Replay The Spire","StSLib","SuperFastMode","The Cursed"],"gold_per_floor":[119,134,134,151,151,151,183,194,247,267,286,314,331,19,19,116,116,136,148,178,196,295,295,311,0,0,0,0,11,11,27,27,27,27],"floor_reached":33,"language":"FRA","playtime":1282,"items_purged":[],"score":251,"play_id":"84d8ebad-4462-4a53-8ea0-327844995dd1","local_time":"20210224195656","is_ascension_mode":false,"campfire_choices":[{"data":"Bash","floor":6.0,"key":"SMITH"},{"floor":23.0,"key":"REST"},{"floor":28.0,"key":"REST"},{"floor":30.0,"key":"REST"}],"circlet_count":0,"master_deck":["Strike_R","Strike_R","Strike_R","Strike_R","Strike_R","Defend_R","Defend_R","Defend_R","Defend_R","Bash+1","Cleave+1","Clash","Clash","True Grit+1","Seeing Red+1","Anger+1","Massacre","Intimidate+1","Heavy Blade+1","Hemogenesis+1","ReplayTheSpireMod:Muscle Training+1","Warcry+1","Inflame+1","Clash+1","Flex+1","Replay:Sssssssssstrike+1","Secret Technique+1","Intimidate+1","ReplayTheSpireMod:Strike From Hell+1"],"relics":["Burning Blood","NeowsBlessing","Toxic Egg 2","infinitespire:PuzzleCube","Odd Mushroom","Molten Egg 2","Replay:Bronze Core","Red Mask","Blue Candle","Replay:Arrowhead"],"acts_visited":["Exordium","TheCity"],"potions_floor_usage":[33],"damage_taken":[{"damage":0.0,"enemies":"Cultist","floor":1.0,"turns":1.0},{"damage":0.0,"enemies":"2 Louse","floor":2.0,"turns":1.0},{"damage":0.0,"enemies":"Jaw Worm","floor":4.0,"turns":1.0},{"damage":18.0,"enemies":"Lagavulin","floor":7.0,"turns":5.0},{"damage":6.0,"enemies":"Exordium Wildlife","floor":8.0,"turns":3.0},{"damage":3.0,"enemies":"Red Slaver","floor":10.0,"turns":4.0},{"damage":7.0,"enemies":"3 Louse","floor":11.0,"turns":3.0},{"damage":16.0,"enemies":"The Mushroom Lair","floor":12.0,"turns":4.0},{"damage":9.0,"enemies":"Exordium Wildlife","floor":13.0,"turns":4.0},{"damage":46.0,"enemies":"The Guardian","floor":16.0,"turns":8.0},{"damage":42.0,"enemies":"Spheric Guardian","floor":18.0,"turns":6.0},{"damage":7.0,"enemies":"3 Byrds","floor":19.0,"turns":6.0},{"damage":33.0,"enemies":"Masked Bandits","floor":20.0,"turns":5.0},{"damage":39.0,"enemies":"Shelled Parasite and Fungi","floor":21.0,"turns":6.0},{"damage":14.0,"enemies":"Centurion and Healer","floor":24.0,"turns":5.0},{"damage":25.0,"enemies":"Sentry and Sphere","floor":29.0,"turns":4.0},{"damage":15.0,"enemies":"Snake Plant","floor":31.0,"turns":3.0},{"damage":79,"enemies":"Champ","floor":33,"turns":10}],"seed_played":"-2552471910152754665","potions_obtained":[{"floor":2.0,"key":"hexamod:SoulburnPotion"},{"floor":8.0,"key":"ColorlessPotion"},{"floor":11.0,"key":"GamblersBrew"},{"floor":13.0,"key":"LiquidMemories"},{"floor":16.0,"key":"Explosive Potion"},{"floor":18.0,"key":"AttackPotion"},{"floor":24.0,"key":"Explosive Potion"},{"floor":31.0,"key":"DistilledChaos"}],"is_trial":false,"path_per_floor":["M","M","?","M","?","R","E","M","T","M","M","?","M","$","R_BF","B",null,"M","M","?","M","?","R","M","$","T","T","R","M","R","M","R_BF","B"],"character_chosen":"IRONCLAD","items_purchased":["Molten Egg 2","Heavy Blade+1","Flex+1","Replay:Sssssssssstrike+1","Secret Technique+1"],"campfire_rested":3,"item_purchase_floors":[14,14,25,25,25],"current_hp_per_floor":[80,80,80,80,80,80,68,68,68,71,70,60,57,57,80,40,80,52,59,32,7,7,31,23,23,23,23,47,28,52,43,67,0,0],"gold":27,"neow_bonus":"THREE_ENEMY_KILL","is_daily":false,"chose_seed":false,"campfire_upgraded":1,"win_rate":0.0,"timestamp":1614193016,"path_taken":["M","M","?","?","?","R","E","M","T","M","?","?","M","?","R_BF","BOSS","M","M","?","M","?","R","M","?","T","?","R","M","R","?","R_BF","BOSS"],"items_purchased_type":["Relic","Card","Card","Card","Card"],"build_version":"2020-12-22","purchased_purges":0,"victory":false,"max_hp_per_floor":[80,80,80,80,80,80,80,80,80,80,80,80,80,80,80,80,80,80,80,80,80,80,80,80,80,80,80,80,80,80,80,80,80,80],"card_choices":[{"not_picked":["Warcry","Iron Wave"],"picked":"Cleave","floor":1.0},{"not_picked":["True Grit","Pommel Strike"],"picked":"Clash","floor":2.0},{"not_picked":["Heavy Blade","Body Slam"],"picked":"Clash","floor":4.0},{"not_picked":["Cleave","Rupture"],"picked":"True Grit+1","floor":7.0},{"not_picked":["Fiend Fire","Abandon+1"],"picked":"Seeing Red+1","floor":8.0},{"not_picked":["Hemokinesis","Dropkick"],"picked":"Anger","floor":10.0},{"not_picked":["Twin Strike","Sword Boomerang","Metallicize"],"picked":"SKIP","floor":11.0},{"not_picked":["Cleave","Wild Strike"],"picked":"Massacre","floor":12.0},{"not_picked":["Dark Embrace","Replay:Undeath\u0027s Touch"],"picked":"Intimidate+1","floor":13.0},{"not_picked":["Brutality","Impervious+1"],"picked":"Hemogenesis+1","floor":16.0},{"not_picked":["Power Through+1","Fire Breathing"],"picked":"ReplayTheSpireMod:Muscle Training+1","floor":18.0},{"not_picked":["Rampage+1","Heavy Blade+1","Massacre+1"],"picked":"SKIP","floor":19.0},{"not_picked":["Twin Strike+1","Havoc+1"],"picked":"Warcry+1","floor":20.0},{"not_picked":["Body Slam+1","Reckless Charge+1"],"picked":"Inflame","floor":21.0},{"not_picked":["Brutality","Massacre+1"],"picked":"Clash+1","floor":24.0},{"not_picked":["Anger+1","Twin Strike+1"],"picked":"Intimidate+1","floor":29.0},{"not_picked":["True Grit+1","Warcry+1"],"picked":"ReplayTheSpireMod:Strike From Hell+1","floor":31.0}],"player_experience":309399,"relics_obtained":[{"floor":7.0,"key":"Toxic Egg 2"},{"floor":9.0,"key":"infinitespire:PuzzleCube"},{"floor":12.0,"key":"Odd Mushroom"},{"floor":20.0,"key":"Red Mask"},{"floor":26.0,"key":"Blue Candle"},{"floor":27.0,"key":"Replay:Arrowhead"}],"event_choices":[{"damage_healed":0.0,"max_hp_gain":0.0,"max_hp_loss":0.0,"gold_gain":0.0,"event_name":"Accursed Blacksmith","player_choice":"Forge","floor":3.0,"gold_loss":0.0,"damage_taken":0.0,"cards_upgraded":["Cleave"]},{"damage_healed":0.0,"max_hp_gain":0.0,"max_hp_loss":0.0,"gold_gain":0.0,"event_name":"The Woman in Blue","player_choice":"Bought 0 Potions","floor":5.0,"gold_loss":0.0,"damage_taken":0.0},{"damage_healed":0.0,"max_hp_gain":0.0,"max_hp_loss":0.0,"gold_gain":0.0,"event_name":"Mushrooms","player_choice":"Fought Mushrooms","floor":12.0,"gold_loss":0.0,"damage_taken":0.0},{"damage_healed":0.0,"max_hp_gain":0.0,"max_hp_loss":0.0,"gold_gain":0.0,"event_name":"Masked Bandits","player_choice":"Fought Bandits","floor":20.0,"gold_loss":0.0,"damage_taken":0.0},{"damage_healed":0.0,"max_hp_gain":0.0,"max_hp_loss":0.0,"gold_gain":99.0,"event_name":"Nest","player_choice":"Stole From Cult","floor":22.0,"gold_loss":0.0,"damage_taken":0.0}],"is_beta":false,"boss_relics":[{"not_picked":["Ectoplasm","Coffee Dripper"],"picked":"Replay:Bronze Core"}],"items_purged_floors":[],"is_endless":false,"potions_floor_spawned":[2,8,11,13,16,18,24,31],"killed_by":"Champ","ascension_level":0}}