{"host":"srukzmr51nzqg4kt","time":1614128660,"event":{"mods":["BaseMod","Downfall","Friendly Minions","Halation","Hubris","Infinite Spire","Mimic Mod","Minty Spire (QoL Compilation)","Relic Stats","Replay The Spire","Spire Arcade","StSLib","everything is the same but u backflip on backflip"],"gold_per_floor":[117,130,130,140,152,181,196,169,169,13,13,26,26,66,176,304,304,299,214,266,284,284,284,284],"floor_reached":23,"language":"ENG","playtime":1388,"items_purged":[],"score":226,"play_id":"3a24fbc3-7193-42c6-9c70-3539f79f832a","local_time":"20210223180420","is_ascension_mode":false,"campfire_choices":[],"circlet_count":0,"master_deck":["Strike_R","Strike_R+1","Strike_R","Strike_R","Strike_R","Defend_R","Defend_R","Defend_R","Defend_R+1","Bash","Apotheosis+1","Burning Pact","Thunderclap","Flex","Perfected Strike","ReplayTheSpireMod:Stacked","Wild Strike","Injury","Entrench","Fire Breathing","Limit Break","Inflame+1","Massacre+1"],"relics":["Burning Blood","Thread and Needle","halation:Thesaurus","Simple Rune","Golden Idol","hubris:IronBody","hubris:Backtick","hubris:64BitClover","Dream Catcher"],"acts_visited":["Exordium","TheCity"],"potions_floor_usage":[7],"damage_taken":[{"damage":0,"enemies":"2 Louse","floor":1,"turns":3},{"damage":11,"enemies":"Jaw Worm","floor":2,"turns":5},{"damage":0,"enemies":"Cultist","floor":4,"turns":4},{"damage":12,"enemies":"Lots of Slimes","floor":5,"turns":4},{"damage":25,"enemies":"3 Sentries","floor":6,"turns":7},{"damage":6,"enemies":"Blue Slaver","floor":7,"turns":4},{"damage":11,"enemies":"Exordium Thugs","floor":12,"turns":4},{"damage":0,"enemies":"Replay:BlueRogue","floor":14,"turns":7},{"damage":22,"enemies":"The Guardian","floor":16,"turns":13},{"damage":15,"enemies":"2 Thieves","floor":18,"turns":4},{"damage":15,"enemies":"Spheric Guardian","floor":21,"turns":6},{"damage":59,"enemies":"Slavers","floor":23,"turns":3}],"seed_played":"-3129757541340810268","potions_obtained":[{"floor":2,"key":"sneckomod:MuddlingPotion"},{"floor":4,"key":"sneckomod:MuddlingPotion"},{"floor":6,"key":"FearPotion"},{"floor":12,"key":"bronze:BurnAndBuffPotion"},{"floor":14,"key":"sneckomod:MuddlingPotion"},{"floor":18,"key":"Dexterity Potion"}],"is_trial":false,"path_per_floor":["M","M","?","M","M","E","M","$","T","$","?","M","$","E","R","B",null,"M","?","T","M","AVR","E"],"character_chosen":"IRONCLAD","items_purchased":["Wild Strike","halation:Thesaurus"],"campfire_rested":0,"item_purchase_floors":[8,10],"current_hp_per_floor":[72,67,67,72,66,47,47,47,47,47,47,42,42,48,48,32,72,63,63,63,54,54,0,0],"gold":284,"neow_bonus":"RANDOM_COLORLESS_2","is_daily":false,"chose_seed":false,"campfire_upgraded":0,"win_rate":0.0,"timestamp":1614128660,"path_taken":["M","M","?","M","M","E","M","$","T","$","?","M","$","E","R","BOSS","M","?","?","M","AVR","E"],"items_purchased_type":["Card","Relic"],"build_version":"2020-12-22","purchased_purges":0,"victory":false,"max_hp_per_floor":[72,72,72,72,72,72,72,72,72,72,72,72,72,72,72,72,72,72,72,72,72,72,72,72],"relic_stats":{"Dream Catcher":0,"counters":[12,64],"Golden Idol":68,"obtain_stats":[{"Dream Catcher":19,"hubris:Backtick":17,"Golden Idol":11,"hubris:64BitClover":17,"Thread and Needle":9,"Simple Rune":10,"hubris:IronBody":14,"halation:Thesaurus":10,"Burning Blood":0,"Replay:Rubber Ducky":6},{"Dream Catcher":10,"hubris:Backtick":9,"Golden Idol":6,"hubris:64BitClover":9,"Thread and Needle":6,"Simple Rune":6,"hubris:IronBody":8,"halation:Thesaurus":6,"Burning Blood":0,"Replay:Rubber Ducky":5},{"Dream Catcher":55,"hubris:Backtick":51,"Golden Idol":27,"hubris:64BitClover":51,"Thread and Needle":27,"Simple Rune":27,"hubris:IronBody":38,"halation:Thesaurus":27,"Burning Blood":0,"Replay:Rubber Ducky":23}],"Burning Blood":59},"card_choices":[{"not_picked":["Secret Technique","Master of Strategy"],"picked":"Apotheosis","floor":0},{"not_picked":["Wild Strike","ReplayTheSpireMod:Strike From Hell"],"picked":"Burning Pact","floor":1},{"not_picked":["Pommel Strike","Iron Wave"],"picked":"Thunderclap","floor":2},{"not_picked":["Warcry","hubris:CleavingFinish"],"picked":"Flex","floor":4},{"not_picked":["Armaments","Power Through"],"picked":"Perfected Strike","floor":5},{"not_picked":["Armaments","Iron Wave","Body Slam"],"picked":"SKIP","floor":6},{"not_picked":["Replay:Many Hands","Iron Wave"],"picked":"ReplayTheSpireMod:Stacked","floor":7},{"not_picked":["True Grit","Anger"],"picked":"Entrench","floor":12},{"not_picked":["Headbutt","hubris:SharpeningStone"],"picked":"Fire Breathing","floor":14},{"not_picked":["Fiend Fire","Brutality"],"picked":"Limit Break","floor":16},{"not_picked":["Pommel Strike+1","hubris:ReadiedAction"],"picked":"Inflame+1","floor":18},{"not_picked":["Headbutt","ReplayTheSpireMod:Stacked+1"],"picked":"Massacre+1","floor":21}],"player_experience":342287,"relics_obtained":[{"floor":6,"key":"Replay:Rubber Ducky"},{"floor":9,"key":"Thread and Needle"},{"floor":14,"key":"hubris:IronBody"}],"event_choices":[{"damage_healed":0,"gold_gain":0,"player_choice":"Grow","damage_taken":0,"max_hp_gain":0,"max_hp_loss":0,"event_name":"Living Wall","floor":3,"gold_loss":0,"cards_upgraded":["Apotheosis"]},{"damage_healed":0,"gold_gain":0,"player_choice":"Take Wound","damage_taken":0,"relics_obtained":["Golden Idol"],"max_hp_gain":0,"max_hp_loss":0,"event_name":"Golden Idol","floor":11,"gold_loss":0,"cards_obtained":["Injury"]},{"damage_healed":0,"gold_gain":0,"player_choice":"Obtained Relic","damage_taken":0,"relics_obtained":["Dream Catcher"],"max_hp_gain":0,"max_hp_loss":0,"event_name":"Addict","floor":19,"gold_loss":85}],"is_beta":false,"boss_relics":[{"not_picked":["halation:Risk","Sozu"],"picked":"hubris:Backtick"}],"items_purged_floors":[],"is_endless":false,"potions_floor_spawned":[2,4,6,12,14,18],"killed_by":"Slavers","ascension_level":0}}