{"host":"kh6fvhxn285ncg0o","time":1614133870,"event":{"mods":["Act Like it!","BaseMod","Colored Map","Friendly Minions","Keyboard Shortcuts","Minty Spire (QoL Compilation)","Quick Restart","Relic Stats","StSLib","SuperFastMode","UnlockEverythingMod"],"gold_per_floor":[54,54,91,124,17,17,17,17],"floor_reached":7,"language":"KOR","playtime":138,"items_purged":[],"score":82,"play_id":"e1d9f514-004b-4f82-90aa-ace3b5c66f0d","local_time":"20210224113110","is_ascension_mode":true,"campfire_choices":[{"data":"HandOfGreed","floor":6,"key":"SMITH"}],"circlet_count":0,"master_deck":["AscendersBane","Strike_R","Strike_R","Strike_R","Strike_R","Strike_R","Defend_R","Defend_R","Defend_R","Defend_R","Bash","HandOfGreed+1","Metallicize","Finesse"],"relics":["Burning Blood","Bag of Marbles"],"acts_visited":["Exordium"],"potions_floor_usage":[7],"damage_taken":[{"damage":17.0,"enemies":"Small Slimes","floor":1.0,"turns":5.0},{"damage":11,"enemies":"Jaw Worm","floor":3,"turns":6},{"damage":0,"enemies":"Cultist","floor":4,"turns":3},{"damage":42,"enemies":"Gremlin Nob","floor":7,"turns":4}],"seed_played":"-84399667041461587","potions_obtained":[{"floor":4,"key":"Weak Potion"}],"is_trial":false,"path_per_floor":["M","?","M","M","$","R","E"],"character_chosen":"IRONCLAD","items_purchased":["Finesse"],"campfire_rested":0,"item_purchase_floors":[5],"current_hp_per_floor":[57,31,26,32,32,32,0,0],"gold":17,"neow_bonus":"RANDOM_COLORLESS_2","is_daily":false,"chose_seed":false,"campfire_upgraded":1,"win_rate":0.0,"timestamp":1614133870,"path_taken":["M","?","M","M","$","R","E"],"items_purchased_type":["Card"],"build_version":"2020-12-22","purchased_purges":0,"victory":false,"max_hp_per_floor":[75,75,75,75,75,75,75,75],"relic_stats":{"counters":[4,18],"obtain_stats":[{"Bag of Marbles":2,"Burning Blood":0},{"Bag of Marbles":1,"Burning Blood":0},{"Bag of Marbles":5,"Burning Blood":0}],"Burning Blood":18},"card_choices":[{"not_picked":["Sadistic Nature","Secret Weapon"],"picked":"HandOfGreed","floor":0.0},{"not_picked":["Twin Strike","Inflame","Combust"],"picked":"SKIP","floor":1},{"not_picked":["Perfected Strike","Havoc"],"picked":"Metallicize","floor":4}],"player_experience":1505052,"relics_obtained":[],"event_choices":[{"damage_healed":0,"gold_gain":0,"player_choice":"Success","damage_taken":26,"relics_obtained":["Bag of Marbles"],"max_hp_gain":0,"max_hp_loss":0,"event_name":"Scrap Ooze","floor":2,"gold_loss":0}],"is_beta":false,"boss_relics":[],"items_purged_floors":[],"is_endless":false,"potions_floor_spawned":[4],"killed_by":"Gremlin Nob","ascension_level":20}}