{"host":"we8ay8el3o9pwc2d","time":1614130671,"event":{"mods":["Act Like it!","Aspiration","BaseMod","BetterRewards","Colored Map","Conspire","Downfall","Elementarium","GungeonMod","Minty Spire (QoL Compilation)","Reliquary","Robot Space Explorer","Ruina","Spire Arcade","StSLib","The Marked","Waifu the Spire"],"gold_per_floor":[99,99,99,156,256,288,312,312,332,232,242,262,262,262,276,379,379,379,396,406,418,418,318,396,431,122,222,222,122,103,116,129,129,129,129],"floor_reached":33,"language":"ENG","playtime":5525,"items_purged":[],"score":313,"play_id":"f4b6f352-a567-4cd0-8d1a-5dc400956432","local_time":"20210223183751","is_ascension_mode":false,"campfire_choices":[{"data":"bronze:Replicate","floor":1,"key":"SMITH"},{"floor":10,"key":"REST"},{"floor":18,"key":"RECALL"},{"data":"bronze:Format","floor":23,"key":"SMITH"},{"data":"bronze:DonuBeam","floor":29,"key":"SMITH"}],"circlet_count":0,"master_deck":["bronze:Strike","bronze:Strike","bronze:Defend","bronze:Defend","bronze:Defend","bronze:Replicate+1","bronze:Goto","bronze:Iterate+1","bronze:Terminator","bronze:OilSpill","bronze:Break+1","bronze:BugBarrage","bronze:ItsAFeature+1","bronze:OilSpill+1","bronze:Overload","bronze:Separator","bronze:Constructor","bronze:Separator+1","conspire:NecroticWound","bronze:FollowUp","bronze:Format+1","bronze:ForceShield+1","bronze:CloningBeam","bronze:DonuBeam+1","bronze:DecaBeam","bronze:Optimize","expansioncontent:DashGenerateEvil"],"relics":["bronze:BronzeCore","downfall:HeartsMalice","Boot","InkBottle","downfall:HeartBlessingBlue","conspire:SpecialSausage","reliquary:Sod","downfall:HeartBlessingRed","Shuriken","reliquary:Boomerang","Lee\u0027s Waffle","DemoMod:WhiteGuonStone","downfall:HeartBlessingGreen","Whetstone"],"acts_visited":["Exordium","TheCity"],"potions_floor_usage":[5,6,11,19,20,21,27,27,27],"damage_taken":[{"damage":0,"enemies":"Jaw Worm","floor":2,"turns":1},{"damage":0,"enemies":"2 Louse","floor":3,"turns":1},{"damage":0,"enemies":"Lagavulin Event","floor":4,"turns":1},{"damage":15,"enemies":"downfall:Heads","floor":5,"turns":4},{"damage":9,"enemies":"3 Sentries","floor":6,"turns":4},{"damage":8,"enemies":"Small Slimes","floor":9,"turns":2},{"damage":8,"enemies":"Red Slaver","floor":11,"turns":2},{"damage":0,"enemies":"Large Slime","floor":12,"turns":2},{"damage":10,"enemies":"Gremlin Gang","floor":15,"turns":2},{"damage":28,"enemies":"IC_STATUS_ARCHETYPE","floor":16,"turns":3},{"damage":15,"enemies":"downfall:LooterAlt2","floor":19,"turns":2},{"damage":5,"enemies":"3 Byrds","floor":20,"turns":3},{"damage":10,"enemies":"Shelled Parasite and Fungi","floor":21,"turns":4},{"damage":21,"enemies":"conspire:SneckoGhost","floor":25,"turns":3},{"damage":0,"enemies":"downfall:FleeingMerchant","floor":26,"turns":4},{"damage":15,"enemies":"downfall:FleeingMerchant","floor":27,"turns":5},{"damage":6,"enemies":"downfall:FleeingMerchant","floor":30,"turns":4},{"damage":0,"enemies":"Snecko","floor":31,"turns":2},{"damage":0,"enemies":"Sentry and Sphere","floor":32,"turns":2},{"damage":72,"enemies":"DF_ARCHETYPE_CLAW","floor":33,"turns":5}],"seed_played":"-4855908049403335449","potions_obtained":[{"floor":4,"key":"LiquidBronze"},{"floor":5,"key":"Fire Potion"},{"floor":6,"key":"Swift Potion"},{"floor":9,"key":"PowerPotion"},{"floor":11,"key":"LiquidMemories"},{"floor":15,"key":"PowerPotion"},{"floor":20,"key":"DemoMod:LeadSkinPotion"},{"floor":21,"key":"Explosive Potion"},{"floor":31,"key":"Explosive Potion"}],"is_trial":false,"path_per_floor":["R","M","M","?","?","E","T","?","M","R","M","M","?","?","M","B",null,"R","M","M","M","?","R","T","E","$","?","?","R","$","M","M","B"],"character_chosen":"THE_AUTOMATON","items_purchased":["Lee\u0027s Waffle","DemoMod:WhiteGuonStone","Whetstone","expansioncontent:DashGenerateEvil"],"campfire_rested":1,"item_purchase_floors":[26,26,30,30],"current_hp_per_floor":[70,70,70,70,55,46,46,46,38,72,64,64,64,64,54,26,80,80,65,60,50,50,50,50,29,87,72,72,72,66,66,66,0,0,0],"gold":129,"neow_bonus":"THREE_ENEMY_KILL","is_daily":false,"chose_seed":false,"campfire_upgraded":3,"win_rate":0.0,"timestamp":1614130671,"path_taken":["R","M","M","?","?","E","T","?","?","R","M","M","?","?","M","BOSS","R","M","?","M","?","R","T","E","?","?","?","R","$","M","M","BOSS"],"items_purchased_type":["Relic","Relic","Relic","Card"],"build_version":"2020-12-22","purchased_purges":0,"victory":false,"max_hp_per_floor":[70,70,70,70,70,70,70,70,70,80,80,80,80,80,80,80,80,80,80,80,80,80,80,80,80,87,87,87,87,87,87,87,87,87,87],"card_choices":[{"not_picked":["bronze:Philosophize","bronze:MaxOutput"],"picked":"bronze:Iterate","floor":2},{"not_picked":["bronze:Deprecate","bronze:Philosophize"],"picked":"bronze:Terminator","floor":3},{"not_picked":["bronze:CutThrough","bronze:Turbo"],"picked":"bronze:OilSpill","floor":4},{"not_picked":["bronze:DarkDash","bronze:Return"],"picked":"bronze:BugBarrage","floor":5},{"not_picked":["bronze:Turbo","bronze:CleanCode"],"picked":"bronze:ItsAFeature","floor":6},{"not_picked":["bronze:Separator","bronze:WhirlingStrike"],"picked":"bronze:Overload","floor":9},{"not_picked":["bronze:Overheat","bronze:Overload"],"picked":"bronze:Separator","floor":11},{"not_picked":["bronze:Invalidate","bronze:WhirlingStrike"],"picked":"bronze:Constructor","floor":12},{"not_picked":["bronze:Overheat","bronze:WildBeam"],"picked":"bronze:FollowUp","floor":15},{"not_picked":["bronze:BurnOut","bronze:RecursiveStrike"],"picked":"bronze:Format","floor":16},{"not_picked":["bronze:Separator+1","bronze:Deprecate"],"picked":"bronze:ForceShield+1","floor":19},{"not_picked":["bronze:Constructor","bronze:Iterate","bronze:BugBarrage+1"],"picked":"SKIP","floor":20},{"not_picked":["bronze:Deprecate","bronze:BuggyMess+1","bronze:BugBarrage+1"],"picked":"SKIP","floor":21},{"not_picked":["bronze:BuggyMess","bronze:BitShift","bronze:NullPointer"],"picked":"SKIP","floor":25},{"not_picked":["bronze:FineTuning","bronze:OilSpill"],"picked":"bronze:CloningBeam","floor":26},{"not_picked":[],"picked":"bronze:DonuBeam","floor":27},{"not_picked":[],"picked":"bronze:DecaBeam","floor":27},{"not_picked":["bronze:FineTuning","bronze:Fortify"],"picked":"bronze:Optimize","floor":30},{"not_picked":["bronze:Optimize","bronze:Philosophize","bronze:CutThrough"],"picked":"SKIP","floor":31},{"not_picked":["bronze:Shield+1","bronze:Backtrace","bronze:Iterate"],"picked":"SKIP","floor":32}],"player_experience":2159673,"relics_obtained":[{"floor":4,"key":"Boot"},{"floor":6,"key":"InkBottle"},{"floor":22,"key":"reliquary:Sod"},{"floor":24,"key":"Shuriken"},{"floor":25,"key":"reliquary:Boomerang"}],"event_choices":[{"damage_healed":0,"gold_gain":0,"player_choice":"Relic","damage_taken":0,"max_hp_gain":0,"max_hp_loss":0,"event_name":"Wheel of Change","floor":22,"gold_loss":0}],"is_beta":false,"boss_relics":[{"not_picked":["reliquary:WritOfMandamus","aspiration:WatcherSkillbook"],"picked":"conspire:SpecialSausage"}],"items_purged_floors":[],"is_endless":false,"potions_floor_spawned":[4,5,6,9,11,15,20,21,31],"killed_by":"DF_ARCHETYPE_CLAW","ascension_level":0}}