{"host":"a5lz0e76zb3fcwkm","time":1614169771,"event":{"mods":["AchievementEnabler","BaseMod","Colored Map","Colored Powertips","Minty Spire (QoL Compilation)","StSLib","SuperFastMode"],"gold_per_floor":[111,124,49,49,49,49,63,83,83,102,120,120,120,45,45,45,45],"floor_reached":16,"language":"KOR","playtime":266,"items_purged":["Defend_R"],"score":180,"play_id":"dbdb5944-7ce6-42d5-9541-fbb627057357","local_time":"20210224212931","is_ascension_mode":true,"campfire_choices":[{"data":"Feed","floor":6,"key":"SMITH"},{"data":"Sentinel","floor":13,"key":"SMITH"},{"data":"Burning Pact","floor":15,"key":"SMITH"}],"circlet_count":0,"master_deck":["AscendersBane","Strike_R","Strike_R+1","Defend_R+1","Defend_R","Bash","Burning Pact+1","Sentinel+1","Feed+1","Shrug It Off"],"relics":["Burning Blood","Odd Mushroom","Orichalcum"],"acts_visited":["Exordium"],"potions_floor_usage":[16,16],"damage_taken":[{"damage":2,"enemies":"Cultist","floor":1,"turns":4},{"damage":3,"enemies":"2 Louse","floor":2,"turns":4},{"damage":10,"enemies":"Small Slimes","floor":7,"turns":3},{"damage":32,"enemies":"The Mushroom Lair","floor":8,"turns":8},{"damage":8,"enemies":"Blue Slaver","floor":10,"turns":5},{"damage":5,"enemies":"Looter","floor":11,"turns":4},{"damage":0,"enemies":"Slime Boss","floor":16,"turns":3}],"seed_played":"-7826119527479812642","potions_obtained":[{"floor":1,"key":"GamblersBrew"},{"floor":7,"key":"Strength Potion"}],"is_trial":false,"path_per_floor":["M","M","?","?","$","R","M","?","T","M","M","?","R","$","R","B"],"character_chosen":"IRONCLAD","items_purchased":[],"campfire_rested":0,"item_purchase_floors":[],"current_hp_per_floor":[68,68,68,68,68,68,68,46,46,48,53,28,28,28,28,28,28],"gold":45,"neow_bonus":"REMOVE_TWO","is_daily":false,"chose_seed":false,"campfire_upgraded":3,"win_rate":0.0,"timestamp":1614169771,"path_taken":["M","?","?","?","?","R","M","?","T","?","M","?","R","$","R","BOSS"],"items_purchased_type":[],"build_version":"2020-12-22","purchased_purges":1,"victory":false,"max_hp_per_floor":[68,68,68,68,68,68,72,76,76,80,84,84,84,84,84,84,84],"card_choices":[{"not_picked":["Body Slam","Havoc"],"picked":"Burning Pact","floor":1},{"not_picked":["Heavy Blade","Evolve"],"picked":"Sentinel","floor":2},{"not_picked":["Clash","Flex"],"picked":"Shrug It Off","floor":7},{"not_picked":["Cleave","Flex","Spot Weakness"],"picked":"SKIP","floor":10},{"not_picked":["Reaper","Warcry","Perfected Strike"],"picked":"SKIP","floor":11}],"player_experience":1917984,"relics_obtained":[{"floor":8,"key":"Odd Mushroom"},{"floor":9,"key":"Orichalcum"}],"event_choices":[{"cards_removed":["Strike_R"],"damage_healed":0,"gold_gain":0,"player_choice":"Card Removal","damage_taken":0,"max_hp_gain":0,"max_hp_loss":0,"event_name":"The Cleric","floor":3,"gold_loss":75},{"damage_healed":0,"gold_gain":0,"cards_transformed":["Strike_R"],"player_choice":"Change","damage_taken":0,"max_hp_gain":0,"max_hp_loss":0,"event_name":"Living Wall","floor":4,"gold_loss":0,"cards_obtained":["Feed"]},{"damage_healed":0,"gold_gain":0,"player_choice":"Fought Mushrooms","damage_taken":0,"max_hp_gain":0,"max_hp_loss":0,"event_name":"Mushrooms","floor":8,"gold_loss":0},{"damage_healed":0,"gold_gain":0,"player_choice":"Entered Light","damage_taken":25,"max_hp_gain":0,"max_hp_loss":0,"event_name":"Shining Light","floor":12,"gold_loss":0,"cards_upgraded":["Defend_R","Strike_R"]}],"is_beta":false,"boss_relics":[],"items_purged_floors":[14],"is_endless":false,"potions_floor_spawned":[1,7],"killed_by":"Slime Boss","ascension_level":20}}