{"host":"dkr0dog13pegamnp","time":1614156855,"event":{"mods":["AchievementEnabler","BaseMod","Minty Spire (QoL Compilation)","Rare Cards Sparkle","StSLib","SuperFastMode","everything is the same but u backflip on backflip"],"gold_per_floor":[111,128,140,240,240,240,255,330,330,330,359,377,377,327,327,401,401,375,300,319,332,332,364,364,375,375,390,390,94,94,94],"floor_reached":30,"language":"KOR","playtime":769,"items_purged":["Strike_G"],"score":556,"play_id":"d9609d2d-1f3e-40f6-9352-197b592c5215","local_time":"20210224175415","is_ascension_mode":true,"campfire_choices":[{"data":"Tactician","floor":6,"key":"SMITH"},{"data":"Corpse Explosion","floor":10,"key":"SMITH"},{"data":"Catalyst","floor":13,"key":"SMITH"},{"data":"Acrobatics","floor":15,"key":"SMITH"},{"data":"Burst","floor":24,"key":"SMITH"},{"data":"Noxious Fumes","floor":28,"key":"SMITH"}],"circlet_count":0,"master_deck":["AscendersBane","Defend_G","Defend_G","Defend_G","Survivor","Neutralize","Corpse Explosion+1","Tactician+1","Acrobatics+1","Dash","Catalyst+1","Deadly Poison","Burst+1","Noxious Fumes+1","Footwork","Bouncing Flask","Noxious Fumes","Acrobatics+1","Backflip"],"relics":["Ring of the Snake","Incense Burner","Mummified Hand","Empty Cage","Peace Pipe","WingedGreaves","Calipers"],"acts_visited":["Exordium","TheCity"],"potions_floor_usage":[5,12,16,20],"damage_taken":[{"damage":7,"enemies":"2 Louse","floor":1,"turns":3},{"damage":0,"enemies":"Cultist","floor":2,"turns":5},{"damage":3,"enemies":"Small Slimes","floor":3,"turns":4},{"damage":0,"enemies":"Exordium Wildlife","floor":5,"turns":1},{"damage":3,"enemies":"Blue Slaver","floor":7,"turns":6},{"damage":15,"enemies":"Lagavulin","floor":11,"turns":7},{"damage":0,"enemies":"2 Fungi Beasts","floor":12,"turns":3},{"damage":0,"enemies":"Hexaghost","floor":16,"turns":8},{"damage":13,"enemies":"2 Thieves","floor":18,"turns":5},{"damage":7,"enemies":"Chosen","floor":20,"turns":4},{"damage":2,"enemies":"Sentry and Sphere","floor":21,"turns":4},{"damage":25,"enemies":"Book of Stabbing","floor":23,"turns":5},{"damage":0,"enemies":"3 Cultists","floor":25,"turns":2},{"damage":0,"enemies":"Snecko","floor":27,"turns":3},{"damage":12,"enemies":"Centurion and Healer","floor":30,"turns":4}],"seed_played":"-6623051610563708732","potions_obtained":[{"floor":3,"key":"SmokeBomb"},{"floor":11,"key":"Regen Potion"},{"floor":12,"key":"EssenceOfSteel"},{"floor":18,"key":"Poison Potion"},{"floor":23,"key":"SpeedPotion"},{"floor":27,"key":"Dexterity Potion"}],"is_trial":false,"path_per_floor":["M","M","M","?","M","R","M","?","T","R","E","M","R","?","R","B",null,"M","$","M","M","?","E","R","M","T","M","R","$","M"],"character_chosen":"THE_SILENT","items_purchased":["Calipers"],"campfire_rested":0,"item_purchase_floors":[29],"current_hp_per_floor":[52,52,49,49,49,49,46,35,35,35,20,32,32,32,32,32,58,45,45,38,36,36,11,11,11,11,11,11,11,0,0],"gold":94,"neow_bonus":"TRANSFORM_CARD","is_daily":false,"chose_seed":false,"campfire_upgraded":6,"win_rate":0.0,"timestamp":1614156855,"path_taken":["M","M","M","?","?","R","M","?","T","R","E","M","R","?","R","BOSS","M","$","M","M","?","E","R","M","T","M","R","$","M"],"items_purchased_type":["Relic"],"build_version":"2020-12-22","purchased_purges":1,"victory":false,"max_hp_per_floor":[66,66,66,66,66,66,66,66,66,66,66,66,66,66,66,66,66,66,66,66,66,66,66,66,66,66,66,66,66,66,66],"card_choices":[{"not_picked":["PiercingWail","Heel Hook"],"picked":"Tactician","floor":1},{"not_picked":["Poisoned Stab","Outmaneuver","Deflect"],"picked":"SKIP","floor":2},{"not_picked":["Cloak And Dagger","Dagger Throw"],"picked":"Acrobatics","floor":3},{"not_picked":["Distraction","Sucker Punch"],"picked":"Dash","floor":7},{"not_picked":["Malaise","Deadly Poison"],"picked":"Catalyst","floor":11},{"not_picked":["Outmaneuver","Backflip"],"picked":"Deadly Poison","floor":12},{"not_picked":["Night Terror","Wraith Form v2"],"picked":"Burst","floor":16},{"not_picked":["Well Laid Plans","Reflex+1"],"picked":"Noxious Fumes","floor":18},{"not_picked":["Dagger Throw+1","Cloak And Dagger"],"picked":"Footwork","floor":20},{"not_picked":["Poisoned Stab","Cloak And Dagger","Sucker Punch"],"picked":"SKIP","floor":21},{"not_picked":["Leg Sweep","Deflect"],"picked":"Acrobatics+1","floor":23},{"not_picked":["Distraction","Concentrate"],"picked":"Backflip","floor":25},{"not_picked":["Dagger Spray","Deflect","Slice"],"picked":"SKIP","floor":27}],"player_experience":108249,"relics_obtained":[{"floor":9,"key":"Incense Burner"},{"floor":11,"key":"Mummified Hand"},{"floor":23,"key":"Peace Pipe"},{"floor":26,"key":"WingedGreaves"}],"event_choices":[{"damage_healed":0,"gold_gain":100,"player_choice":"Pray","damage_taken":0,"max_hp_gain":0,"max_hp_loss":0,"event_name":"Golden Shrine","floor":4,"gold_loss":0},{"damage_healed":0,"gold_gain":75,"player_choice":"Gather Gold","damage_taken":11,"max_hp_gain":0,"max_hp_loss":0,"event_name":"World of Goop","floor":8,"gold_loss":0},{"cards_removed":["Strike_G"],"damage_healed":0,"gold_gain":0,"player_choice":"Card Removal","damage_taken":0,"max_hp_gain":0,"max_hp_loss":0,"event_name":"The Cleric","floor":14,"gold_loss":50},{"damage_healed":0,"gold_gain":0,"cards_transformed":["Defend_G","Defend_G"],"player_choice":"Became Test Subject","damage_taken":0,"max_hp_gain":0,"max_hp_loss":0,"event_name":"Drug Dealer","floor":22,"gold_loss":0,"cards_obtained":["Bouncing Flask","Noxious Fumes"]}],"is_beta":false,"boss_relics":[{"not_picked":["Coffee Dripper","SacredBark"],"picked":"Empty Cage"}],"items_purged_floors":[19],"is_endless":false,"potions_floor_spawned":[3,11,12,18,23,27],"killed_by":"Centurion and Healer","ascension_level":14}}