{"host":"hgp4s9chziw0zf0g","time":1614181784,"event":{"mods":["Act Like it!","BaseMod","BetterRewards","Defuse TimeMaze Blight","Downfall","GifTheSpireLib","Hubris","Infinite Spire","Library of Ruina","Library of Ruina Extra","Mimic Mod","Minty Spire (QoL Compilation)","Reliquary","Remove Card Discount Mod","Replay The Spire","Ruina","StSLib","Stuff the Spire","Synergy Search","The Jungle"],"gold_per_floor":[109,109,109,121,121,121,121,121,145,161,161,188,205,217,217,316,316,334,334,334],"floor_reached":19,"language":"ENG","playtime":873,"items_purged":[],"score":267,"play_id":"a23b4e77-d4ce-42b3-b822-9b9e30dbad0b","local_time":"20210224094944","is_ascension_mode":false,"campfire_choices":[{"data":"StuffTheSpire:LoadUp","floor":6,"key":"SMITH"},{"data":"Mayhem","floor":8,"key":"SMITH"},{"data":"hubris:PowerSurge","floor":11,"key":"SMITH"}],"circlet_count":0,"master_deck":["Strike_B","Strike_B","Strike_B","Strike_B","Defend_B","Defend_B","Defend_B","Defend_B","Zap","Dualcast","StuffTheSpire:LoadUp+1","Mayhem+1","Regret","Cold Snap","Zap","Time Bomb","hubris:PowerSurge+1","Capacitor+1","StuffTheSpire:Plugnplay","Crystallizer","hubris:Prefetch","Pain","DegradedLock","StuffTheSpire:FreeRealEstate","ReplayTheSpireMod:Book of Names","Echo Form","ReplayTheSpireMod:Repulse"],"relics":["Cracked Core","hubris:GlazedTorus","reliquary:TatteredRug","hubris:Towel","Lantern","reliquary:BoilingFlask","ReplayTheSpireMod:SealedPack","Prayer Wheel","Frozen Eye"],"acts_visited":["Exordium"],"potions_floor_usage":[],"damage_taken":[{"damage":0,"enemies":"Small Slimes","floor":1,"turns":2},{"damage":12,"enemies":"Cultist","floor":4,"turns":4},{"damage":8,"enemies":"infinitespire:Voidling","floor":10,"turns":2},{"damage":9,"enemies":"Replay:BlueRogue","floor":12,"turns":2},{"damage":8,"enemies":"Red Slaver","floor":13,"turns":2},{"damage":9,"enemies":"2 Fungi Beasts","floor":14,"turns":2},{"damage":35,"enemies":"Hexaghost","floor":16,"turns":8},{"damage":67,"enemies":"ruina:3_Bats","floor":18,"turns":6},{"damage":14,"enemies":"ruina:2_Scarecrows","floor":19,"turns":1}],"seed_played":"-3971355835443223451","potions_obtained":[{"floor":4,"key":"hexamod:SoulburnPotion"},{"floor":14,"key":"FocusPotion"}],"is_trial":false,"path_per_floor":["M","?","?","M","?","R","?","R","T","M","R","E","M","M","R","B",null,"M","M"],"character_chosen":"DEFECT","items_purchased":["StuffTheSpire:LoadUp","Mayhem"],"campfire_rested":0,"item_purchase_floors":[0,0],"current_hp_per_floor":[75,75,72,60,60,60,60,60,60,52,52,43,35,26,48,13,75,8,0,0],"gold":334,"neow_bonus":"","is_daily":false,"chose_seed":false,"campfire_upgraded":3,"win_rate":0.0,"timestamp":1614181784,"path_taken":["M","?","?","M","?","R","?","R","T","?","R","E","?","M","R","BOSS","M","M"],"items_purchased_type":["Card","Card"],"build_version":"2020-12-22","purchased_purges":0,"victory":false,"max_hp_per_floor":[75,75,75,75,75,75,75,75,75,75,75,75,75,75,75,75,75,75,75,75],"card_choices":[{"not_picked":["BasicCrystalCard","Tempest","Compile Driver"],"picked":"SKIP","floor":1},{"not_picked":["Steam","Panic Button"],"picked":"Cold Snap","floor":4},{"not_picked":["Rebound","StuffTheSpire:SnapShoot"],"picked":"hubris:PowerSurge","floor":10},{"not_picked":["Conserve Battery","Streamline"],"picked":"Capacitor","floor":12},{"not_picked":["Leap","Sweeping Beam"],"picked":"StuffTheSpire:Plugnplay","floor":13},{"not_picked":["Steam Power","StuffTheSpire:LoadUp"],"picked":"Crystallizer","floor":14},{"not_picked":["StuffTheSpire:EventHorizon","Meteor Strike"],"picked":"hubris:Prefetch","floor":16},{"not_picked":["hexamod:Sear","Replay:GuardianBash"],"picked":"DegradedLock","floor":17},{"not_picked":["hubris:DoWhile","ReplayTheSpireMod:Omega Cannon"],"picked":"ReplayTheSpireMod:Fabricate Wheel","floor":17},{"not_picked":["hubris:Ssssneak","Dark Shackles"],"picked":"StuffTheSpire:FreeRealEstate","floor":17},{"not_picked":["infinitespire:TheBestDefense","infinitespire:Menacing"],"picked":"ReplayTheSpireMod:Book of Names","floor":17},{"not_picked":["Sweeping Beam","Leap"],"picked":"Echo Form","floor":18},{"not_picked":["Barrage","BasicCrystalCard"],"picked":"ReplayTheSpireMod:Repulse","floor":18}],"player_experience":513976,"relics_obtained":[{"floor":9,"key":"Lantern"},{"floor":12,"key":"reliquary:BoilingFlask"}],"event_choices":[{"damage_healed":0,"gold_gain":0,"player_choice":"Box","damage_taken":0,"relics_obtained":["hubris:GlazedTorus"],"max_hp_gain":0,"max_hp_loss":0,"event_name":"Big Fish","floor":2,"gold_loss":0,"cards_obtained":["Regret"]},{"damage_healed":0,"gold_gain":0,"player_choice":"Success","damage_taken":3,"relics_obtained":["reliquary:TatteredRug"],"max_hp_gain":0,"max_hp_loss":0,"event_name":"Scrap Ooze","floor":3,"gold_loss":0},{"damage_healed":0,"gold_gain":0,"player_choice":"2 cards matched","damage_taken":0,"max_hp_gain":0,"max_hp_loss":0,"event_name":"Match and Keep!","floor":7,"gold_loss":0,"cards_obtained":["Zap","Time Bomb"]}],"is_beta":false,"boss_relics":[{"not_picked":["Tiny House","hubris:VirtuousBlindfold"],"picked":"ReplayTheSpireMod:SealedPack"}],"items_purged_floors":[],"is_endless":false,"potions_floor_spawned":[4,14],"killed_by":"ruina:2_Scarecrows","ascension_level":0}}