{"host":"d73an99q9oevilk5","time":1614145717,"event":{"mods":["2.2 Compatiblity","AchievementEnabler","Act Like it!","Aspiration","BaseMod","Beaked The Cultist","Better Third Choice","BetterRewards","Colored Map","Colored Powertips","Conspire","Downfall","GifTheSpireLib","Halation","Hubris","Infinite Spire","Marisa????????","Mimic Mod","Minty Spire (QoL Compilation)","MostiFishMod","Quick Restart","Relic Sorter","Reliquary","Replay The Spire","Shop Mod","Spikes Relics","StSLib","Stuff the Spire","The Cursed","The Jungle","The Necromancer","The Saiyan","Waifu the Spire","egg","slay the spire mod where everything is the same but ironclad has a cowboy hat"],"gold_per_floor":[110,226,226,0,0,44,44,83,83,83,101,101,24,43,43,169,169,189,189,209,209,209,209,233,233,233,233,268,288,314,330,380,503,503,516,380,380,38,38,38,54,70,70,70,109,123,123,45,45,145],"floor_reached":51,"language":"ENG","playtime":1257,"items_purged":[],"score":1074,"play_id":"8032db9e-98d9-46ec-8be0-cdf8f7066d24","local_time":"20210223224837","is_ascension_mode":false,"campfire_choices":[{"floor":7,"key":"REST"},{"data":"Armaments","floor":12,"key":"SMITH"},{"data":"MostiFishMod:#F4004","floor":15,"key":"SMITH"},{"data":"Limit Break","floor":23,"key":"SMITH"},{"data":"conspire:ExplosiveBarrier","floor":25,"key":"SMITH"},{"data":"Heavy Blade","floor":32,"key":"SMITH"},{"data":"Reaper","floor":40,"key":"SMITH"},{"data":"Metallicize","floor":44,"key":"SMITH"},{"data":"MostiFishMod:DarkDeal","floor":49,"key":"SMITH"}],"circlet_count":0,"master_deck":["Strike_R+1","Strike_R+1","Strike_R+1","Strike_R+1","Strike_R+1","Defend_R","Defend_R","Defend_R","Defend_R","Bash","Intimidate","Armaments+1","Cleave","conspire:ExplosiveBarrier+1","Shrug It Off","MostiFishMod:#F4004+1","Metallicize+1","Limit Break+1","Heavy Blade","Sword Boomerang","hubris:Fate","Rage+1","Flex","Flame Barrier","Heavy Blade+1","Reaper","Reaper+1","Evolve","Madness","Madness","MostiFishMod:Mottled","Pummel+1","MostiFishMod:DarkDeal+1"],"relics":["Burning Blood","DaveBox","SacredBark","DaCapo","conspire:TreasureMap","Calipers","SynthV:TestCard","halation:EternalFortune","Happy Flower","Golden Idol","hubris:ChampionShield","StuffTheSpire:EmeraldSignet","hubris:MobiusCoin","Mark of Pain","FeatherPendant","ThornShield","reliquary:PurpleTingedLeaf","MutagenicStrength","reliquary:MedicineBall","infinitespire:Satchel","Coffee Dripper","Replay:Bottled Eggs","Quantum Egg","infinitespire:Bottled Soul"],"acts_visited":["Exordium","TheCity","TheBeyond"],"potions_floor_usage":[6,16,16,16,28,50,50],"damage_taken":[{"damage":6,"enemies":"Cultist","floor":1,"turns":3},{"damage":22,"enemies":"Lagavulin","floor":6,"turns":9},{"damage":44,"enemies":"Gremlin Nob","floor":8,"turns":6},{"damage":7,"enemies":"2 Louse","floor":11,"turns":3},{"damage":0,"enemies":"conspire:RoseBush","floor":14,"turns":4},{"damage":17,"enemies":"The Guardian","floor":16,"turns":9},{"damage":10,"enemies":"Spheric Guardian","floor":18,"turns":4},{"damage":12,"enemies":"Shell Parasite","floor":20,"turns":2},{"damage":5,"enemies":"Shelled Parasite and Fungi","floor":24,"turns":3},{"damage":24,"enemies":"Slavers","floor":28,"turns":5},{"damage":6,"enemies":"3 Cultists","floor":29,"turns":3},{"damage":0,"enemies":"Snake Plant","floor":31,"turns":3},{"damage":0,"enemies":"hubris:MusketHawk","floor":33,"turns":5},{"damage":0,"enemies":"3 Darklings","floor":35,"turns":2},{"damage":1,"enemies":"3 Shapes","floor":41,"turns":3},{"damage":0,"enemies":"Sphere and 2 Shapes","floor":42,"turns":4},{"damage":0,"enemies":"R_Hoarder","floor":45,"turns":4},{"damage":0,"enemies":"4 Shapes","floor":46,"turns":5},{"damage":0,"enemies":"hubris:GrandSnecko","floor":50,"turns":2}],"seed_played":"-1421762868653119083","potions_obtained":[{"floor":1,"key":"Weak Potion"},{"floor":11,"key":"Strength Potion"},{"floor":14,"key":"Weak Potion"},{"floor":18,"key":"Regen Potion"},{"floor":20,"key":"DuplicationPotion"},{"floor":28,"key":"Swift Potion"},{"floor":45,"key":"Energy Potion"}],"is_trial":false,"path_per_floor":["M","?","?","$","?","E","R","E","T","?","M","R","$","M","R","B",null,"M","AVR","M","?","?","R","M","R","T","?","E","M","T","M","R","B",null,"M","$","?","$","?","R","M","M","T","R","E","M","?","$","R","B",null],"character_chosen":"IRONCLAD","items_purchased":["conspire:TreasureMap","Calipers","conspire:ExplosiveBarrier","Happy Flower","Languid Potion","Reaper","Evolve","Replay:Bottled Eggs","FairyPotion","MostiFishMod:DarkDeal"],"campfire_rested":1,"item_purchase_floors":[0,0,4,4,13,36,36,38,38,48],"current_hp_per_floor":[75,45,48,48,48,32,53,15,15,22,21,21,21,27,27,19,75,71,71,65,65,47,47,48,48,48,48,66,68,68,75,75,75,75,75,75,66,66,66,66,75,75,75,75,75,75,75,75,75,75],"gold":145,"neow_bonus":"","is_daily":false,"chose_seed":false,"campfire_upgraded":8,"win_rate":0.0,"timestamp":1614145717,"path_taken":["M","?","?","?","?","E","R","E","T","?","?","R","$","M","R","BOSS","M","AVR","M","?","?","R","?","R","T","?","E","M","?","M","R","BOSS","M","?","?","$","?","R","M","M","T","R","E","?","?","$","R","BOSS"],"items_purchased_type":["Relic","Relic","Card","Relic","Potion","Card","Card","Relic","Potion","Card"],"build_version":"2020-12-22","purchased_purges":0,"victory":true,"max_hp_per_floor":[75,75,78,78,72,72,72,72,72,72,72,72,72,72,72,75,75,75,75,75,75,75,75,75,75,75,75,75,75,75,75,75,75,75,75,75,75,75,75,75,75,75,75,75,75,75,75,75,75,75],"card_choices":[{"not_picked":["Pummel","Pommel Strike","StuffTheSpire:Slingshot"],"picked":"SKIP","floor":1},{"not_picked":["Clash","Disarm","Perfected Strike","Rupture"],"picked":"Intimidate","floor":2},{"not_picked":["hubris:ReadiedAction","Bloodletting","MostiFishMod:BrandingRite","Run Through"],"picked":"Armaments","floor":2},{"not_picked":["Life Link","Twin Strike","StuffTheSpire:Slingshot","True Grit"],"picked":"Cleave","floor":2},{"not_picked":["StuffTheSpire:Resist","Feel No Pain","Dropkick","Havoc"],"picked":"Shrug It Off","floor":6},{"not_picked":["Hemogenesis","Heavy Blade","Perfected Strike","Fire Breathing"],"picked":"MostiFishMod:#F4004","floor":8},{"not_picked":["Pommel Strike","StuffTheSpire:RockThrow","Run Through","Anger","Clothesline"],"picked":"SKIP","floor":11},{"not_picked":["Iron Wave","Whirlwind","Seeing Red","Flex"],"picked":"Metallicize","floor":14},{"not_picked":["Offering","MostiFishMod:RainCloud","hubris:StunningStrike","Replay:Many Hands"],"picked":"Limit Break","floor":16},{"not_picked":["True Grit","StuffTheSpire:RagingBull+1","Clothesline","Warcry"],"picked":"Heavy Blade","floor":18},{"not_picked":["Reckless Charge+1","Massacre","Anger+1","StuffTheSpire:Incineration"],"picked":"Sword Boomerang","floor":20},{"not_picked":["infinitespire:Collect","infinitespire:Gouge"],"picked":"hubris:Fate","floor":22},{"not_picked":["Heavy Blade","MostiFishMod:PerfectStrikeMKII","StuffTheSpire:Slingshot","StuffTheSpire:RockThrow"],"picked":"Rage+1","floor":24},{"not_picked":["Twin Strike","Invigoration","hubris:ReadiedAction+1","Fire Breathing+1"],"picked":"Flex","floor":28},{"not_picked":["Uppercut","Iron Wave","Clothesline+1","Clash"],"picked":"Flame Barrier","floor":29},{"not_picked":["Flex","Invigoration+1","Carnage","MostiFishMod:UltimateDefense"],"picked":"Heavy Blade","floor":31},{"not_picked":["MostiFishMod:TemporaryOutbreak","Offering","MostiFishMod:FlyOverUtopia","MostiFishMod:CullingBlade"],"picked":"Reaper","floor":33},{"not_picked":["Iron Wave+1","Abandon","Dropkick","Anger+1","Clothesline"],"picked":"SKIP","floor":35},{"not_picked":["PlatinumSkin","Replay:Bootleg Shield Generator","MostiFishMod:SupremeArchaeology","Discovery"],"picked":"MostiFishMod:Mottled","floor":39},{"not_picked":["Abandon","Rupture","Wild Strike+1","Clash"],"picked":"Pummel+1","floor":41},{"not_picked":["ReplayTheSpireMod:Strike From Hell","Massacre+1","StuffTheSpire:Incineration+1","Armaments","Twin Strike"],"picked":"SKIP","floor":42},{"not_picked":["True Grit","Defy Death+1","Bloodletting+1","Armaments+1","Sword Boomerang"],"picked":"SKIP","floor":45},{"not_picked":["StuffTheSpire:BloodClot","Hemokinesis","Ghostly Armor","Clash","Pommel Strike"],"picked":"SKIP","floor":46}],"player_experience":1979136,"relics_obtained":[{"floor":1,"key":"SynthV:TestCard"},{"floor":6,"key":"hubris:ChampionShield"},{"floor":8,"key":"StuffTheSpire:EmeraldSignet"},{"floor":9,"key":"hubris:MobiusCoin"},{"floor":16,"key":"halation:EternalFortune"},{"floor":26,"key":"reliquary:PurpleTingedLeaf"},{"floor":28,"key":"reliquary:MedicineBall"},{"floor":30,"key":"infinitespire:Satchel"},{"floor":43,"key":"Quantum Egg"},{"floor":45,"key":"infinitespire:Bottled Soul"}],"event_choices":[{"damage_healed":0,"gold_gain":0,"player_choice":"Lose Max HP","damage_taken":0,"relics_obtained":["Golden Idol"],"max_hp_gain":0,"max_hp_loss":6,"event_name":"Golden Idol","floor":5,"gold_loss":0},{"damage_healed":0,"gold_gain":0,"player_choice":"Ignored","damage_taken":0,"max_hp_gain":0,"max_hp_loss":0,"event_name":"Vampires","floor":21,"gold_loss":0},{"damage_healed":0,"gold_gain":0,"player_choice":"Inject Mutagens","damage_taken":0,"relics_obtained":["MutagenicStrength"],"max_hp_gain":0,"max_hp_loss":0,"event_name":"Drug Dealer","floor":27,"gold_loss":0},{"damage_healed":0,"gold_gain":0,"player_choice":"Embrace Madness","damage_taken":9,"max_hp_gain":0,"max_hp_loss":0,"event_name":"Winding Halls","floor":37,"gold_loss":0,"cards_obtained":["Madness","Madness"]},{"damage_healed":0,"gold_gain":0,"player_choice":"Random: Blue","damage_taken":0,"max_hp_gain":0,"max_hp_loss":0,"event_name":"betterThird:BetterPortal","floor":39,"gold_loss":0},{"damage_healed":0,"gold_gain":0,"player_choice":"Memory 1","damage_taken":0,"max_hp_gain":0,"max_hp_loss":0,"event_name":"SensoryStone","floor":39,"gold_loss":0}],"is_beta":false,"boss_relics":[{"not_picked":["Busted Crown","Ectoplasm"],"picked":"Mark of Pain"},{"not_picked":["Honey Jar","aspiration:SilentSkillbook"],"picked":"Coffee Dripper"}],"items_purged_floors":[],"is_endless":false,"potions_floor_spawned":[1,11,14,18,20,28,45,46],"ascension_level":0}}