{"host":"v6biu77h43umse0l","time":1614172252,"event":{"mods":["BaseMod","DeckTracker","Lobotomy","Minty Spire (QoL Compilation)","StSLib","SuperFastMode"],"gold_per_floor":[119,137,147,166,166,192,192,222,222,241,256,271,282,307,307,307,307],"floor_reached":16,"language":"KOR","playtime":1038,"items_purged":[],"score":158,"play_id":"ce3368a3-4cce-46fd-be58-adf8226afd11","local_time":"20210224221052","is_ascension_mode":true,"campfire_choices":[{"data":"Glacier","floor":7,"key":"SMITH"},{"floor":15,"key":"REST"}],"circlet_count":0,"master_deck":["Strike_B","Strike_B","Strike_B","Defend_B","Defend_B","Defend_B","Defend_B","Zap","Dualcast","OSAHOGD","Cold Snap","BeautyBeast","Mercenary","Coolheaded","Cold Snap","DreamingCurrent","Glacier+1","Wellcheers","Double Energy+1","Scarecrow","LaLuna","Defragment","Rudolta","Melter","LongBird","Cold Snap","Freischutz"],"relics":["Cracked Core","CogitoBucket","Lizard Tail","Toxic Egg 2","Letter Opener","ChangeAnything","Darkstone Periapt"],"acts_visited":["Exordium"],"potions_floor_usage":[14],"damage_taken":[{"damage":0,"enemies":"2 Louse","floor":1,"turns":1},{"damage":3,"enemies":"Small Slimes","floor":2,"turns":3},{"damage":5,"enemies":"Jaw Worm","floor":3,"turns":3},{"damage":9,"enemies":"Large Slime","floor":4,"turns":9},{"damage":18,"enemies":"Lagavulin","floor":6,"turns":10},{"damage":58,"enemies":"3 Sentries","floor":8,"turns":12},{"damage":14,"enemies":"2 Fungi Beasts","floor":10,"turns":6},{"damage":26,"enemies":"Exordium Wildlife","floor":11,"turns":4},{"damage":14,"enemies":"Blue Slaver","floor":12,"turns":3},{"damage":0,"enemies":"Lots of Slimes","floor":13,"turns":2},{"damage":31,"enemies":"Gremlin Nob","floor":14,"turns":3},{"damage":143,"enemies":"Hexaghost","floor":16,"turns":17}],"seed_played":"5332984731546026826","potions_obtained":[{"floor":1,"key":"FocusPotion"},{"floor":3,"key":"SmokeBomb"},{"floor":6,"key":"LiquidMemories"}],"is_trial":false,"path_per_floor":["M","M","M","M","?","E","R","E","T","M","M","M","M","E","R","B"],"character_chosen":"DEFECT","items_purchased":[],"campfire_rested":1,"item_purchase_floors":[],"current_hp_per_floor":[75,72,67,58,51,33,33,35,35,27,13,17,23,8,30,0,0],"gold":307,"neow_bonus":"","is_daily":false,"chose_seed":false,"campfire_upgraded":1,"win_rate":0.0,"timestamp":1614172252,"path_taken":["M","M","M","M","?","E","R","E","T","M","M","M","M","E","R","BOSS"],"items_purchased_type":[],"build_version":"2020-12-22","purchased_purges":0,"victory":false,"max_hp_per_floor":[75,75,75,75,75,75,75,75,75,75,75,75,75,75,75,75,75],"card_choices":[{"not_picked":["ShyLook","OldLady"],"picked":"OSAHOGD","floor":1},{"not_picked":["Stack","Leap"],"picked":"Cold Snap","floor":1},{"not_picked":["OldLady","ShyLook"],"picked":"BeautyBeast","floor":2},{"not_picked":["Scrape","FTL"],"picked":"Conserve Battery","floor":2},{"not_picked":["ShyLook","PunishingBird"],"picked":"Mercenary","floor":3},{"not_picked":["Conserve Battery","Beam Cell"],"picked":"Coolheaded","floor":3},{"not_picked":["HeroicMonk","WallGazer"],"picked":"GreedKing","floor":4},{"not_picked":["White Noise","Leap"],"picked":"Cold Snap","floor":4},{"not_picked":["HeroicMonk","Bloodbath"],"picked":"DreamingCurrent","floor":6},{"not_picked":["Streamline","Reinforced Body"],"picked":"Glacier","floor":6},{"not_picked":["BlackSwan","SnowQueen"],"picked":"Wellcheers","floor":8},{"not_picked":["Conserve Battery+1","Scrape"],"picked":"Double Energy+1","floor":8},{"not_picked":["OldLady","UniverseFragment"],"picked":"Scarecrow","floor":10},{"not_picked":["Scrape","Meteor Strike","Conserve Battery+1"],"picked":"SKIP","floor":10},{"not_picked":["SingingMachine","UniverseFragment"],"picked":"LaLuna","floor":11},{"not_picked":["Stack+1","Cold Snap"],"picked":"Defragment","floor":11},{"not_picked":["NakedNest","MeatLantern"],"picked":"Rudolta","floor":12},{"not_picked":["Conserve Battery+1","Go for the Eyes"],"picked":"Melter","floor":12},{"not_picked":["Porccubus","HeroicMonk"],"picked":"LongBird","floor":13},{"not_picked":["Leap+1","Ball Lightning"],"picked":"Cold Snap","floor":13},{"not_picked":["CherryBlossoms","UniverseFragment"],"picked":"Freischutz","floor":14},{"not_picked":["Force Field+1","Cold Snap","Conserve Battery+1"],"picked":"SKIP","floor":14}],"player_experience":384006,"relics_obtained":[{"floor":6,"key":"Lizard Tail"},{"floor":8,"key":"Toxic Egg 2"},{"floor":9,"key":"Letter Opener"},{"floor":14,"key":"Darkstone Periapt"}],"event_choices":[{"cards_removed":["Strike_B"],"damage_healed":0,"gold_gain":0,"player_choice":"Card Removal","damage_taken":7,"max_hp_gain":0,"max_hp_loss":0,"event_name":"Golden Wing","floor":5,"gold_loss":0}],"is_beta":false,"boss_relics":[],"items_purged_floors":[],"is_endless":false,"potions_floor_spawned":[1,3,6,10,12],"killed_by":"Hexaghost","ascension_level":5}}