{"host":"6ggzka4dag2kvku2","time":1614183784,"event":{"mods":["AchievementEnabler","BaseMod","DeckTracker","Minty Spire (QoL Compilation)","Permanent Neow","Quick Restart","SuperFastMode"],"gold_per_floor":[112,126,51,51,68,68,102,120,120,133,152,152,26,41,41,136,136,156,172,182,182,57,88,88,120,146,146,163,195,209,241,241,241,241],"floor_reached":33,"language":"KOR","playtime":1227,"items_purged":["Parasite","Pain","Strike_B"],"score":371,"play_id":"5918d4d5-ce86-4dae-a663-bbb5bcf27fc2","local_time":"20210225012304","is_ascension_mode":true,"campfire_choices":[{"data":"Creative AI","floor":6,"key":"SMITH"},{"floor":12,"key":"REST"},{"data":"Genetic Algorithm","floor":15,"key":"SMITH"},{"data":"Amplify","floor":24,"key":"SMITH"},{"floor":27,"key":"REST"},{"data":"Consume","floor":32,"key":"SMITH"}],"circlet_count":0,"master_deck":["Strike_B","Strike_B","Strike_B","Defend_B","Defend_B","Defend_B","Defend_B","Zap","Dualcast","Electrodynamics","FTL","Steam","Creative AI+1","Leap","Ball Lightning","Cold Snap","Genetic Algorithm+1","Coolheaded","Skim","Amplify+1","Compile Driver","Self Repair","BootSequence","Conserve Battery+1","Fusion","Writhe","Consume+1","Double Energy","Redo+1","Heatsinks"],"relics":["Cracked Core","WarpedTongs","Regal Pillow","Sundial","Cursed Key","HornCleat","Blood Vial","Dream Catcher","InkBottle","Red Mask"],"acts_visited":["TheCity"],"potions_floor_usage":[20,25,29,30,30],"damage_taken":[{"damage":1,"enemies":"Cultist","floor":1,"turns":4},{"damage":4,"enemies":"Jaw Worm","floor":2,"turns":3},{"damage":0,"enemies":"Small Slimes","floor":5,"turns":2},{"damage":39,"enemies":"Gremlin Nob","floor":7,"turns":4},{"damage":3,"enemies":"2 Fungi Beasts","floor":8,"turns":2},{"damage":12,"enemies":"Large Slime","floor":10,"turns":5},{"damage":2,"enemies":"Red Slaver","floor":11,"turns":2},{"damage":13,"enemies":"2 Fungi Beasts","floor":14,"turns":3},{"damage":31,"enemies":"Hexaghost","floor":16,"turns":10},{"damage":12,"enemies":"Shell Parasite","floor":18,"turns":5},{"damage":1,"enemies":"Spheric Guardian","floor":19,"turns":5},{"damage":16,"enemies":"Cultist and Chosen","floor":20,"turns":5},{"damage":23,"enemies":"Book of Stabbing","floor":23,"turns":5},{"damage":24,"enemies":"Slavers","floor":25,"turns":5},{"damage":0,"enemies":"3 Cultists","floor":28,"turns":4},{"damage":46,"enemies":"Book of Stabbing","floor":29,"turns":6},{"damage":14,"enemies":"Snecko","floor":30,"turns":4},{"damage":0,"enemies":"Masked Bandits","floor":31,"turns":2},{"damage":50,"enemies":"Automaton","floor":33,"turns":6}],"seed_played":"-41166862538490006","potions_obtained":[{"floor":2,"key":"Ancient Potion"},{"floor":8,"key":"EssenceOfDarkness"},{"floor":14,"key":"Fire Potion"},{"floor":16,"key":"LiquidMemories"},{"floor":21,"key":"PotionOfCapacity"},{"floor":28,"key":"FocusPotion"}],"is_trial":false,"path_per_floor":["M","M","$","?","M","R","E","M","T","M","M","R","$","M","R","B",null,"M","M","M","?","$","E","R","E","T","R","M","E","M","?","R","B"],"character_chosen":"DEFECT","items_purchased":["Coolheaded"],"campfire_rested":2,"item_purchase_floors":[13],"current_hp_per_floor":[74,70,70,70,70,70,31,28,28,16,14,50,50,37,37,6,72,60,59,43,43,43,27,27,10,10,46,68,31,26,28,28,0,0],"gold":241,"neow_bonus":"THREE_RARE_CARDS","is_daily":false,"chose_seed":false,"campfire_upgraded":4,"win_rate":0.0,"timestamp":1614183784,"path_taken":["M","M","$","?","M","R","E","M","T","M","?","R","$","M","R","BOSS","M","?","M","?","$","E","R","E","T","R","M","E","?","?","R","BOSS"],"items_purchased_type":["Card"],"build_version":"2020-12-22","purchased_purges":3,"victory":false,"max_hp_per_floor":[75,75,72,72,72,72,72,72,72,72,72,72,72,72,72,72,72,72,72,72,72,72,72,72,72,72,72,72,72,72,72,72,72,72],"card_choices":[{"not_picked":["All For One","Echo Form"],"picked":"Electrodynamics","floor":0},{"not_picked":["Stack","Steam"],"picked":"FTL","floor":1},{"not_picked":["Streamline","Hello World"],"picked":"Steam","floor":2},{"not_picked":["Ball Lightning","BootSequence"],"picked":"Creative AI","floor":5},{"not_picked":["Beam Cell","Gash"],"picked":"Leap","floor":7},{"not_picked":["Rip and Tear","Rebound"],"picked":"Ball Lightning","floor":8},{"not_picked":["Turbo","All For One"],"picked":"Cold Snap","floor":10},{"not_picked":["Reinforced Body","Compile Driver"],"picked":"Genetic Algorithm","floor":11},{"not_picked":["Storm","Gash"],"picked":"Skim","floor":14},{"not_picked":["All For One","Electrodynamics"],"picked":"Amplify","floor":16},{"not_picked":["Go for the Eyes","Reinforced Body"],"picked":"Compile Driver","floor":18},{"not_picked":["Blizzard+1","Go for the Eyes"],"picked":"Self Repair","floor":19},{"not_picked":["Blizzard+1","Recycle"],"picked":"BootSequence","floor":20},{"not_picked":["Streamline","Self Repair"],"picked":"Conserve Battery+1","floor":23},{"not_picked":["Cold Snap","Leap+1"],"picked":"Fusion","floor":25},{"not_picked":["Genetic Algorithm","Tempest"],"picked":"Consume","floor":28},{"not_picked":["Hello World","Consume"],"picked":"Double Energy","floor":29},{"not_picked":["Skim","Hologram"],"picked":"Redo+1","floor":30},{"not_picked":["Rebound","Amplify"],"picked":"Heatsinks","floor":31}],"player_experience":144277,"relics_obtained":[{"floor":7,"key":"Regal Pillow"},{"floor":9,"key":"Sundial"},{"floor":23,"key":"HornCleat"},{"floor":25,"key":"Blood Vial"},{"floor":26,"key":"Dream Catcher"},{"floor":29,"key":"InkBottle"},{"floor":31,"key":"Red Mask"}],"event_choices":[{"damage_healed":0,"gold_gain":0,"player_choice":"Rummage","damage_taken":0,"relics_obtained":["WarpedTongs"],"max_hp_gain":0,"max_hp_loss":0,"event_name":"Accursed Blacksmith","floor":4,"gold_loss":0,"cards_obtained":["Pain"]},{"damage_healed":0,"gold_gain":0,"player_choice":"Got Potions","damage_taken":0,"max_hp_gain":0,"max_hp_loss":0,"event_name":"Lab","floor":21,"gold_loss":0},{"damage_healed":0,"gold_gain":0,"player_choice":"Fought Bandits","damage_taken":0,"max_hp_gain":0,"max_hp_loss":0,"event_name":"Masked Bandits","floor":31,"gold_loss":0}],"is_beta":false,"boss_relics":[{"not_picked":["Runic Dome","Ectoplasm"],"picked":"Cursed Key"}],"items_purged_floors":[3,13,22],"is_endless":false,"potions_floor_spawned":[2,8,14,16,19,23,28],"killed_by":"Automaton","ascension_level":4}}