{"host":"puf131q5awx2h4uh","time":1614180156,"event":{"mods":["BaseMod","Minty Spire (QoL Compilation)","Quick Restart","Shop Mod","StSLib"],"gold_per_floor":[111,36,49,199,199,234,251,251,321,321,334,351,15,47,47,124,124,137,62,74,74,74,74,88,88,115,115,115,146,160,176,176,255,255,275,329,329,342,217,217,243,243,266,282,132,163,163,175,175,175,175,175,91,121,121,121],"floor_reached":55,"language":"ZHS","playtime":2232,"items_purged":["Strike_G","Doubt","Accuracy","Strike_G"],"score":1355,"play_id":"7bcf47fc-8ac0-4d74-877e-73b64ac83491","local_time":"20210224232236","is_ascension_mode":true,"campfire_choices":[{"data":"Deadly Poison","floor":8.0,"key":"SMITH"},{"data":"Neutralize","floor":10.0,"key":"SMITH"},{"data":"Well Laid Plans","floor":15.0,"key":"SMITH"},{"data":"Footwork","floor":23,"key":"SMITH"},{"data":"Noxious Fumes","floor":25,"key":"SMITH"},{"data":"Backflip","floor":27,"key":"SMITH"},{"data":"Backflip","floor":32,"key":"SMITH"},{"floor":40,"key":"REST"},{"floor":42,"key":"REST"},{"floor":47,"key":"REST"},{"floor":49,"key":"RECALL"},{"data":"Survivor","floor":52,"key":"SMITH"}],"circlet_count":0,"master_deck":["AscendersBane","Defend_G","Defend_G","Defend_G","Defend_G","Defend_G","Survivor+1","Neutralize+1","Noxious Fumes+1","Deadly Poison+1","Backflip+1","Well Laid Plans+1","Footwork+1","PiercingWail","Noxious Fumes+1","Backflip+1","Footwork"],"relics":["Ring of the Snake","NeowsBlessing","Bag of Preparation","Bottled Lightning","Snake Skull","Centennial Puzzle","Sozu","Nunchaku","Busted Crown","FossilizedHelix","Sundial","Happy Flower","Orichalcum","Mummified Hand"],"acts_visited":["Exordium","TheCity","TheBeyond","TheEnding"],"potions_floor_usage":[24,24],"damage_taken":[{"damage":0.0,"enemies":"2 Louse","floor":1.0,"turns":1.0},{"damage":0.0,"enemies":"Jaw Worm","floor":3.0,"turns":1.0},{"damage":0.0,"enemies":"3 Sentries","floor":6.0,"turns":1.0},{"damage":0.0,"enemies":"Cultist","floor":7.0,"turns":3.0},{"damage":0.0,"enemies":"Large Slime","floor":11.0,"turns":5.0},{"damage":0.0,"enemies":"Exordium Wildlife","floor":12.0,"turns":4.0},{"damage":18.0,"enemies":"Gremlin Nob","floor":14.0,"turns":4.0},{"damage":11.0,"enemies":"Hexaghost","floor":16.0,"turns":8.0},{"damage":0,"enemies":"Shell Parasite","floor":18,"turns":5},{"damage":0,"enemies":"Spheric Guardian","floor":20,"turns":4},{"damage":1,"enemies":"3 Cultists","floor":24,"turns":5},{"damage":10,"enemies":"Gremlin Leader","floor":29,"turns":6},{"damage":0,"enemies":"Snake Plant","floor":30,"turns":5},{"damage":0,"enemies":"Snecko","floor":31,"turns":6},{"damage":7,"enemies":"Collector","floor":33,"turns":7},{"damage":4,"enemies":"Orb Walker","floor":35,"turns":5},{"damage":40,"enemies":"2 Orb Walkers","floor":36,"turns":7},{"damage":11,"enemies":"3 Shapes","floor":38,"turns":4},{"damage":10,"enemies":"Reptomancer","floor":41,"turns":10},{"damage":0,"enemies":"3 Darklings","floor":44,"turns":5},{"damage":17,"enemies":"Nemesis","floor":46,"turns":9},{"damage":3,"enemies":"Sphere and 2 Shapes","floor":48,"turns":4},{"damage":13,"enemies":"Awakened One","floor":50,"turns":14},{"damage":28,"enemies":"Shield and Spear","floor":54,"turns":7},{"damage":33,"enemies":"The Heart","floor":55,"turns":5}],"seed_played":"6366641755662023864","potions_obtained":[{"floor":3.0,"key":"CunningPotion"},{"floor":6.0,"key":"Block Potion"},{"floor":11.0,"key":"Explosive Potion"}],"is_trial":false,"path_per_floor":["M","$","M","?","?","E","M","R","T","R","M","M","$","E","R","B",null,"M","?","M","?","$","R","M","R","T","R","$","E","M","M","R","B",null,"M","?","?","M","$","R","E","R","T","M","$","E","R","M","R","B",null,"R","$","E","B"],"character_chosen":"THE_SILENT","items_purchased":["Snake Skull","Well Laid Plans","Footwork"],"campfire_rested":3,"item_purchase_floors":[13,13,53],"current_hp_per_floor":[59,59,59,59,59,59,59,59,59,59,59,59,59,41,41,30,57,57,57,57,57,57,57,56,56,56,56,56,46,46,46,46,39,59,55,15,15,4,4,23,13,32,32,32,32,15,34,31,31,18,54,54,54,26,0,0],"gold":121,"neow_bonus":"THREE_ENEMY_KILL","is_daily":false,"chose_seed":false,"campfire_upgraded":8,"win_rate":0.0,"timestamp":1614180156,"path_taken":["M","$","M","?","?","E","M","R","T","R","M","?","$","E","R","BOSS","M","?","M","?","?","R","?","R","T","R","$","E","M","M","R","BOSS","M","?","?","M","$","R","E","R","T","M","$","E","R","M","R","BOSS","R","$","E","BOSS"],"items_purchased_type":["Relic","Card","Card"],"build_version":"2020-12-22","purchased_purges":4,"victory":false,"max_hp_per_floor":[66,66,66,66,66,66,66,66,66,66,66,66,66,66,66,66,66,66,66,66,66,66,66,66,66,66,66,66,66,66,66,66,66,66,66,66,66,66,66,66,66,66,66,66,66,66,66,66,66,66,66,66,66,66,66,66],"card_choices":[{"not_picked":["Poisoned Stab","Dagger Spray"],"picked":"Noxious Fumes","floor":1.0},{"not_picked":["Cloak And Dagger","Flechettes"],"picked":"Deadly Poison","floor":3.0},{"not_picked":["Storm of Steel","Reflex","Escape Plan"],"picked":"SKIP","floor":6.0},{"not_picked":["Dagger Spray","Prepared"],"picked":"Backflip","floor":7.0},{"not_picked":["Eviscerate","Bane","Choke"],"picked":"SKIP","floor":11.0},{"not_picked":["Heel Hook","Underhanded Strike","Prepared"],"picked":"SKIP","floor":12.0},{"not_picked":["Dodge and Roll","Outmaneuver","Underhanded Strike"],"picked":"SKIP","floor":14.0},{"not_picked":["Blade Dance","Reflex"],"picked":"Footwork","floor":18},{"not_picked":["Quick Slash","Finisher+1","Outmaneuver"],"picked":"SKIP","floor":20},{"not_picked":["Skewer","Outmaneuver+1"],"picked":"Noxious Fumes","floor":24},{"not_picked":["Tactician","Caltrops","Skewer"],"picked":"SKIP","floor":29},{"not_picked":["Terror","All Out Attack","PiercingWail"],"picked":"SKIP","floor":30},{"not_picked":["Caltrops","Cloak And Dagger"],"picked":"Backflip","floor":31},{"not_picked":["Dodge and Roll"],"picked":"SKIP","floor":35},{"not_picked":["Bane"],"picked":"SKIP","floor":38},{"not_picked":["Calculated Gamble"],"picked":"SKIP","floor":41},{"not_picked":["Blade Dance"],"picked":"SKIP","floor":44},{"not_picked":["Well Laid Plans+1"],"picked":"SKIP","floor":46},{"not_picked":["Heel Hook"],"picked":"SKIP","floor":48},{"not_picked":["Outmaneuver"],"picked":"SKIP","floor":54}],"player_experience":333919,"relics_obtained":[{"floor":6.0,"key":"Bag of Preparation"},{"floor":9.0,"key":"Bottled Lightning"},{"floor":14.0,"key":"Centennial Puzzle"},{"floor":29,"key":"Nunchaku"},{"floor":36,"key":"FossilizedHelix"},{"floor":41,"key":"Sundial"},{"floor":43,"key":"Happy Flower"},{"floor":46,"key":"Orichalcum"},{"floor":54,"key":"Mummified Hand"}],"event_choices":[{"damage_healed":0.0,"max_hp_gain":0.0,"max_hp_loss":0.0,"gold_gain":150.0,"event_name":"Liars Game","player_choice":"AGREE","floor":4.0,"gold_loss":0.0,"damage_taken":0.0,"cards_obtained":["Doubt"]},{"damage_healed":0.0,"max_hp_gain":0.0,"max_hp_loss":0.0,"gold_gain":0.0,"event_name":"Upgrade Shrine","player_choice":"Upgraded","floor":5.0,"gold_loss":0.0,"damage_taken":0.0,"cards_upgraded":["Noxious Fumes"]},{"cards_removed":["Strike_G"],"damage_healed":0,"gold_gain":0,"player_choice":"Gave Gold","damage_taken":0,"max_hp_gain":0,"max_hp_loss":0,"event_name":"Beggar","floor":19,"gold_loss":75},{"damage_healed":0,"gold_gain":0,"cards_transformed":["Strike_G","Strike_G"],"player_choice":"Became Test Subject","damage_taken":0,"max_hp_gain":0,"max_hp_loss":0,"event_name":"Drug Dealer","floor":21,"gold_loss":0,"cards_obtained":["PiercingWail","Accuracy"]},{"damage_healed":0,"gold_gain":0,"player_choice":"Fight","damage_taken":0,"max_hp_gain":0,"max_hp_loss":0,"event_name":"Mysterious Sphere","floor":36,"gold_loss":0},{"damage_healed":0,"gold_gain":0,"player_choice":"Ignored","damage_taken":0,"max_hp_gain":0,"max_hp_loss":0,"event_name":"Tomb of Lord Red Mask","floor":37,"gold_loss":0}],"is_beta":false,"boss_relics":[{"not_picked":["SacredBark","HoveringKite"],"picked":"Sozu"},{"not_picked":["Fusion Hammer","Coffee Dripper"],"picked":"Busted Crown"}],"items_purged_floors":[2,13,39,45],"is_endless":false,"potions_floor_spawned":[3,6,11,16,18,20,29,31,36,41,46,48,54],"killed_by":"The Heart","ascension_level":16}}