{"host":"9dq5hqb6tzwgr8n9","time":1614141904,"event":{"mods":["ATMod(°¢èªMod)","Act Like it!","BaseMod","Better Third Choice","Downfall","GifTheSpireLib","Minty Spire (QoL Compilation)","Reliquary","Replay The Spire","RyuuouÁúÍõ","StSLib","The Animator","¡¾ÒÅÎï¿¨ÅÆ¡¿REMEMod","óô»ðÖ¸ÄÏ"],"gold_per_floor":[112,122,122,122,140,140,178,178,257,272,292,292,313,344,344,470,570,590,392,408,408,433,433,466,317,399,399,45,45,0,18,18,144,144,164,10,25,0,24,24,24],"floor_reached":40,"language":"ZHS","playtime":1787,"items_purged":["Strike_G","Strike_G"],"score":466,"play_id":"fea84336-0b3c-4167-8e91-6732a851f0be","local_time":"20210224124504","is_ascension_mode":false,"campfire_choices":[{"data":"REME_GreenPollution","floor":6.0,"key":"SMITH"},{"data":"AT_MyraUnstableElement","floor":8.0,"key":"SMITH"},{"data":"AT_EssenceShift","floor":23.0,"key":"SMITH"},{"data":"AT_WindFlip","floor":27.0,"key":"SMITH"},{"floor":32.0,"key":"REST"}],"circlet_count":0,"master_deck":["Strike_G+1","Strike_G+1","Defend_G+1","Defend_G+1","Defend_G+1","Defend_G+1","Defend_G+1","Survivor","Neutralize","Hello World+1","AT_EssenceShift+1","REME_GreenPollution+1","Dagger Throw","AT_MyraUnstableElement+1","AT_WindFlip+1","Cloak And Dagger","Catalyst","REME_GrazeFinale+1","AT_TwilightShroud","Deadly Poison","REME_GreenPollution","Bouncing Flask+1","Hidden Blade+1","Poisoned Stab","AT_WindFlip+1","Hidden Blade","Cloak And Dagger+1","Backflip","REME_GreenPollution","Poisoned Stab","Poisoned Stab","Well Laid Plans","Atom Bomb","Crippling Poison","Well Laid Plans+1","AT_WomanClash+1"],"relics":["Ring of the Snake","AT_ATBox","REME_ComplimentaryCards","NeowsBlessing","Golden Idol","reliquary:RoseTintedGlasses","Divine Protection","Centennial Puzzle","Replay:Wanted Poster","Enchiridion","Ornamental Fan","Orrery","reliquary:BallBearing","Guide Book","Empty Cage","TwistedFunnel","Red Mask"],"acts_visited":["Exordium","TheCity","TheBeyond"],"potions_floor_usage":[39,39],"damage_taken":[{"damage":0.0,"enemies":"Cultist","floor":1.0,"turns":1.0},{"damage":0.0,"enemies":"Jaw Worm","floor":2.0,"turns":1.0},{"damage":0.0,"enemies":"Small Slimes","floor":5.0,"turns":1.0},{"damage":33.0,"enemies":"3 Sentries","floor":7.0,"turns":7.0},{"damage":0.0,"enemies":"Blue Slaver","floor":10.0,"turns":5.0},{"damage":0.0,"enemies":"3 Louse","floor":11.0,"turns":2.0},{"damage":0.0,"enemies":"Large Slime","floor":13.0,"turns":4.0},{"damage":4.0,"enemies":"Replay:BlueRogue","floor":14.0,"turns":3.0},{"damage":27.0,"enemies":"The Guardian","floor":16.0,"turns":10.0},{"damage":0.0,"enemies":"3 Byrds","floor":18.0,"turns":3.0},{"damage":0.0,"enemies":"Spheric Guardian","floor":20.0,"turns":4.0},{"damage":23.0,"enemies":"Snake Plant","floor":22.0,"turns":4.0},{"damage":45.0,"enemies":"Gremlin Leader","floor":24.0,"turns":8.0},{"damage":23.0,"enemies":"Cultist and Chosen","floor":31.0,"turns":6.0},{"damage":13.0,"enemies":"Champ","floor":33.0,"turns":7.0},{"damage":6,"enemies":"3 Shapes","floor":35,"turns":3},{"damage":45,"enemies":"3 Darklings","floor":37,"turns":3},{"damage":16,"enemies":"Maw","floor":39,"turns":6},{"damage":1,"enemies":"Nemesis","floor":40,"turns":2}],"seed_played":"-834943497962421812","potions_obtained":[{"floor":2.0,"key":"Elixir"},{"floor":10.0,"key":"AttackPotion"},{"floor":14.0,"key":"Block Potion"},{"floor":16.0,"key":"champ:CounterPotion"},{"floor":18.0,"key":"Fire Potion"},{"floor":20.0,"key":"Adrenaline Potion"},{"floor":22.0,"key":"AttackPotion"},{"floor":37,"key":"Reflective Coating"}],"is_trial":false,"path_per_floor":["M","M","?","?","M","R","E","R","T","M","M","?","M","E","R","B",null,"M","$","M","?","M","R","E","$","T","R","$","?","?","M","R","B",null,"M","$","M","?","M","E"],"character_chosen":"THE_SILENT","items_purchased":["Deadly Poison","REME_GreenPollution","Orrery","Guide Book","Poisoned Stab","Well Laid Plans","TwistedFunnel"],"campfire_rested":1,"item_purchase_floors":[19,19,25,28,28,28,36],"current_hp_per_floor":[70,70,53,53,53,53,20,20,20,20,20,20,20,16,37,10,70,70,70,70,54,55,55,70,70,70,70,70,70,70,47,68,55,70,64,64,19,19,3,2,2],"gold":24,"neow_bonus":"THREE_ENEMY_KILL","is_daily":false,"chose_seed":false,"campfire_upgraded":4,"win_rate":0.0,"timestamp":1614141904,"path_taken":["M","M","?","?","M","R","E","R","T","M","M","?","M","E","R","BOSS","M","$","M","?","M","R","E","$","T","R","$","?","?","M","R","BOSS","M","$","M","?","M","E"],"items_purchased_type":["Card","Card","Relic","Relic","Card","Card","Relic"],"build_version":"2020-12-22","purchased_purges":2,"victory":false,"max_hp_per_floor":[70,70,70,70,70,70,70,70,70,70,70,70,70,70,70,70,70,70,70,70,70,70,70,70,70,70,70,70,70,70,70,70,70,70,70,70,70,70,70,70,70],"card_choices":[{"not_picked":["PiercingWail","Dodge and Roll","AT_ShadowStep"],"picked":"SKIP","floor":1.0},{"not_picked":["Slice","Dagger Throw"],"picked":"REME_GreenPollution","floor":2.0},{"not_picked":["Underhanded Strike","PiercingWail"],"picked":"Dagger Throw","floor":5.0},{"not_picked":["Sucker Punch","Cloak And Dagger"],"picked":"AT_MyraUnstableElement","floor":7.0},{"not_picked":["Slice","Blur"],"picked":"AT_WindFlip","floor":10.0},{"not_picked":["PiercingWail","ReplayTheSpireMod:Exploit Weakness"],"picked":"Cloak And Dagger","floor":11.0},{"not_picked":["PiercingWail","Bane"],"picked":"Eviscerate","floor":13.0},{"not_picked":["Fluid Movement","Distraction"],"picked":"Catalyst","floor":14.0},{"not_picked":["Storm of Steel","Doppelganger"],"picked":"REME_GrazeFinale","floor":16.0},{"not_picked":["Terror+1","Infinite Blades"],"picked":"AT_TwilightShroud","floor":18.0},{"not_picked":["Prepared","Acrobatics"],"picked":"Bouncing Flask+1","floor":20.0},{"not_picked":["Bane","Sucker Punch"],"picked":"Hidden Blade+1","floor":22.0},{"not_picked":["Backflip","Cloak And Dagger"],"picked":"Poisoned Stab","floor":24.0},{"not_picked":["Outmaneuver","REME_SpectralBlade"],"picked":"AT_WindFlip","floor":25.0},{"not_picked":["Flying Knee","Outmaneuver"],"picked":"Hidden Blade","floor":25.0},{"not_picked":["PiercingWail","Outmaneuver"],"picked":"Cloak And Dagger+1","floor":25.0},{"not_picked":["ReplayTheSpireMod:Tripwire","Bane"],"picked":"Backflip","floor":25.0},{"not_picked":["AT_FocusSwordFire+1","Phantasmal Killer"],"picked":"REME_GreenPollution","floor":25.0},{"not_picked":["AT_ThistleTea","Dagger Spray","Skewer"],"picked":"SKIP","floor":31.0},{"not_picked":["Phantasmal Killer","Adrenaline"],"picked":"Atom Bomb","floor":33.0},{"not_picked":["Sucker Punch+1","Backflip"],"picked":"Crippling Poison","floor":35},{"not_picked":["Heel Hook","Backflip"],"picked":"Well Laid Plans+1","floor":37},{"not_picked":["PiercingWail+1","Slice+1"],"picked":"AT_WomanClash+1","floor":39}],"player_experience":116340,"relics_obtained":[{"floor":7.0,"key":"reliquary:RoseTintedGlasses"},{"floor":9.0,"key":"Divine Protection"},{"floor":14.0,"key":"Centennial Puzzle"},{"floor":21.0,"key":"Enchiridion"},{"floor":24.0,"key":"Ornamental Fan"},{"floor":26.0,"key":"reliquary:BallBearing"}],"event_choices":[{"damage_healed":0.0,"max_hp_gain":0.0,"max_hp_loss":0.0,"gold_gain":0.0,"event_name":"Golden Idol","player_choice":"Take Damage","floor":3.0,"gold_loss":0.0,"damage_taken":17.0,"relics_obtained":["Golden Idol"]},{"damage_healed":53.0,"max_hp_gain":0.0,"max_hp_loss":70.0,"gold_gain":0.0,"event_name":"betterThird:BetterShining","player_choice":"Embrace Burn","floor":4.0,"gold_loss":0.0,"damage_taken":0.0},{"cards_removed":["Burn"],"damage_healed":0.0,"max_hp_gain":0.0,"max_hp_loss":0.0,"gold_gain":0.0,"event_name":"Living Wall","player_choice":"Forget","floor":12.0,"gold_loss":0.0,"damage_taken":0.0},{"damage_healed":0.0,"max_hp_gain":0.0,"max_hp_loss":0.0,"gold_gain":0.0,"event_name":"Cursed Tome","player_choice":"Obtained Book","floor":21.0,"gold_loss":0.0,"damage_taken":16.0},{"damage_healed":0.0,"max_hp_gain":0.0,"max_hp_loss":8.0,"gold_gain":0.0,"event_name":"betterThird:BetterWriting","player_choice":"Simplicity","floor":29.0,"gold_loss":0.0,"damage_taken":0.0},{"damage_healed":0.0,"max_hp_gain":0.0,"max_hp_loss":0.0,"gold_gain":0.0,"event_name":"Masked Bandits","player_choice":"Paid Fearfully","floor":30.0,"gold_loss":45.0,"damage_taken":0.0},{"damage_healed":0,"gold_gain":0,"player_choice":"Paid","damage_taken":0,"relics_obtained":["Red Mask"],"max_hp_gain":0,"max_hp_loss":0,"event_name":"Tomb of Lord Red Mask","floor":38,"gold_loss":25}],"is_beta":false,"boss_relics":[{"not_picked":["Runic Pyramid","Replay:Drink Me"],"picked":"Replay:Wanted Poster"},{"not_picked":["REME_LowDesire","Philosopher\u0027s Stone"],"picked":"Empty Cage"}],"items_purged_floors":[19,28],"is_endless":false,"potions_floor_spawned":[2,10,14,16,18,20,22,37],"killed_by":"Nemesis","ascension_level":0}}