{"host":"jsd6g3c2vo13e69c","time":1614131567,"event":{"mods":["2.2 Compatiblity","Act Like it!","BaseMod","Better Altar","Better Match","Better Note","Better Sensory Stone","Better Third Choice","BetterRewards","Colored Map","Colored Powertips","Downfall","Friendly Minions","GifTheSpireLib","Googly Eyes","Gremlin Mod","Hermit","Hubris","Infinite Spire","Melee Mod","Minty Spire (QoL Compilation)","Permanent Neow","Quick Restart","Random Character Button","Replay The Spire","Shop Mod","Spire Arcade","StSLib","The Cursed","The Disciple","The Forsaken","thorton"],"gold_per_floor":[122,122,146,163,187,187,362,362,362,379,379,100,24,53,53,166,166,195,9,9,36,36,36,57,57,110,134,134,160,160,185,185,196,196,196],"floor_reached":33,"language":"ENG","playtime":1642,"items_purged":["Doubt","thethorton:Strike","thethorton:Strike","thethorton:Defend"],"score":262,"play_id":"172f8bf1-fef6-43ed-b3ed-fdda1416483a","local_time":"20210223205247","is_ascension_mode":false,"campfire_choices":[{"floor":6,"key":"REST"},{"floor":8,"key":"REST"},{"data":"thethorton:CreditCard","floor":11,"key":"SMITH"},{"floor":15,"key":"REST"},{"data":"thethorton:ThickSkin","floor":23,"key":"SMITH"},{"floor":25,"key":"REST"},{"data":"hubris:InfiniteBlow+7","floor":30,"key":"SMITH"},{"floor":32,"key":"REST"}],"circlet_count":0,"master_deck":["thethorton:LongTermPayoff+1","thethorton:Strike","thethorton:Strike","thethorton:Defend","thethorton:Defend","thethorton:Defend","thethorton:Heckle+1","thethorton:CreditCard+1","thethorton:LongTermPayoff","thethorton:TrueForm","thethorton:ThickSkin+1","thethorton:LastDitchEffort","hubris:InfiniteBlow+8","infinitespire:Starlight","infinitespire:Gouge","thethorton:MomentaryBreak","thethorton:LongTermPayoff+1"],"relics":["thethorton:TimeNecklace","StrikeDummy","MerchantsRug","Bag of Preparation","Nunchaku","hubris:AstralHammer"],"acts_visited":["Exordium","TheCity"],"potions_floor_usage":[24,33],"damage_taken":[{"damage":10,"enemies":"Jaw Worm","floor":1,"turns":4},{"damage":2,"enemies":"Small Slimes","floor":3,"turns":5},{"damage":7,"enemies":"2 Louse","floor":4,"turns":4},{"damage":43,"enemies":"Exordium Thugs","floor":5,"turns":8},{"damage":12,"enemies":"3 Louse","floor":10,"turns":4},{"damage":12,"enemies":"Exordium Wildlife","floor":14,"turns":5},{"damage":39,"enemies":"The Guardian","floor":16,"turns":13},{"damage":14,"enemies":"Shell Parasite","floor":18,"turns":9},{"damage":27,"enemies":"Spheric Guardian","floor":21,"turns":9},{"damage":16,"enemies":"Snake Plant","floor":24,"turns":5},{"damage":34,"enemies":"Centurion and Healer","floor":29,"turns":4},{"damage":5,"enemies":"Sentry and Sphere","floor":31,"turns":3},{"damage":68,"enemies":"Champ","floor":33,"turns":7}],"seed_played":"124671212258495915","potions_obtained":[{"floor":1,"key":"DuplicationPotion"},{"floor":16,"key":"SteroidPotion"},{"floor":21,"key":"SpeedPotion"},{"floor":31,"key":"LiquidMemories"}],"is_trial":false,"path_per_floor":["M","?","M","M","M","R","?","R","T","M","R","$","$","M","R","B",null,"M","$","?","M","?","R","M","R","T","T","AVR","M","R","M","R","B"],"character_chosen":"THE_THORT","items_purchased":["thethorton:LongTermPayoff","MerchantsRug","thethorton:ThickSkin"],"campfire_rested":5,"item_purchase_floors":[12,12,19],"current_hp_per_floor":[58,58,56,49,6,26,26,46,46,34,34,34,34,22,42,3,68,54,54,54,27,27,27,11,31,31,31,31,7,7,15,35,0,0,0],"gold":196,"neow_bonus":"UPGRADE_CARD","is_daily":false,"chose_seed":false,"campfire_upgraded":3,"win_rate":0.0,"timestamp":1614131567,"path_taken":["M","?","M","M","M","R","?","R","T","M","R","?","$","M","R","BOSS","M","$","?","M","?","R","?","R","T","?","AVR","M","R","M","R","BOSS"],"items_purchased_type":["Card","Relic","Card"],"build_version":"2020-12-22","purchased_purges":4,"victory":false,"max_hp_per_floor":[68,68,68,68,68,68,68,68,68,68,68,68,68,68,68,68,68,68,68,68,68,68,68,68,68,68,68,68,68,68,68,68,68,68,68],"card_choices":[{"not_picked":["thethorton:RunningKick","thethorton:CallIn","thethorton:DownPayment"],"picked":"SKIP","floor":1},{"not_picked":["thethorton:BusinessBash","thethorton:FearfulRun","thethorton:BookBash"],"picked":"SKIP","floor":3},{"not_picked":["thethorton:RunningFeint","thethorton:RunningKick","thethorton:PowerUp"],"picked":"SKIP","floor":4},{"not_picked":["thethorton:GoldBuffer","thethorton:CoinShield","thethorton:BusinessBurst"],"picked":"SKIP","floor":5},{"not_picked":["thethorton:BusinessCard","thethorton:CashBash","thethorton:PocketChange"],"picked":"SKIP","floor":10},{"not_picked":["thethorton:BusinessCard","thethorton:SnowDay","thethorton:RunningKick"],"picked":"SKIP","floor":14},{"not_picked":["thethorton:Octopus","thethorton:SummonProfit"],"picked":"thethorton:TrueForm","floor":16},{"not_picked":["thethorton:GoldBuffer","thethorton:BattleTrash","thethorton:CoinShield"],"picked":"SKIP","floor":18},{"not_picked":["thethorton:Distance","thethorton:GemGun"],"picked":"thethorton:LastDitchEffort","floor":21},{"not_picked":["thethorton:SicklyRun+1","thethorton:ElbowSmash","thethorton:GoldBuffer"],"picked":"SKIP","floor":24},{"not_picked":["thethorton:Distance","thethorton:DownPayment"],"picked":"thethorton:MomentaryBreak","floor":29},{"not_picked":["thethorton:SummonProfit","thethorton:WhirlingBriefcase"],"picked":"thethorton:LongTermPayoff+1","floor":31}],"player_experience":426475,"relics_obtained":[{"floor":9,"key":"StrikeDummy"},{"floor":26,"key":"Bag of Preparation"},{"floor":27,"key":"Nunchaku"}],"event_choices":[{"cards_removed":["Normality"],"damage_healed":0,"gold_gain":0,"player_choice":"Forget","damage_taken":0,"max_hp_gain":0,"max_hp_loss":0,"event_name":"Living Wall","floor":2,"gold_loss":0},{"damage_healed":0,"gold_gain":175,"player_choice":"AGREE","damage_taken":187,"max_hp_gain":0,"max_hp_loss":0,"event_name":"betterThird:BetterSerpent","floor":7,"gold_loss":0},{"damage_healed":0,"gold_gain":0,"player_choice":"Ignored","damage_taken":0,"max_hp_gain":0,"max_hp_loss":0,"event_name":"betterNote:BetterNote","floor":20,"gold_loss":0,"cards_obtained":["thethorton:CreditCard"]},{"damage_healed":0,"gold_gain":0,"player_choice":"Ignored","damage_taken":0,"max_hp_gain":0,"max_hp_loss":0,"event_name":"Vampires","floor":22,"gold_loss":0}],"is_beta":false,"boss_relics":[{"not_picked":["Cursed Key","Velvet Choker"],"picked":"thethorton:TimeNecklace"}],"items_purged_floors":[12,13,19,28],"is_endless":false,"potions_floor_spawned":[1,16,21,31],"killed_by":"Champ","ascension_level":0}}