{"host":"sabve5zmqufxyc5o","time":1614149064,"event":{"mods":["2.2 Compatiblity","AchievementEnabler","Act Like it!","BaseMod","Block Reminder","Colored Map","Colored Powertips","DeckTracker","KOR Keyword Fix","Keyboard Shortcuts","Minty Spire (QoL Compilation)","Quick Restart","Rare Cards Sparkle","Relic Stats","StSLib","SuperFastMode"],"gold_per_floor":[114,64,81,81,6,6,39,55,55,55,74,74,91,108,108,204,204,218,218,231,245,261,261,261,84,84,101,114,114,114,147,165,165,269,269,287,340,350,350,364,391,391,401,452,491,503,247,280,280,280,280,280,280,123,152,152],"floor_reached":57,"language":"KOR","playtime":1986,"items_purged":["Strike_B","Compile Driver","Steam Power+1"],"score":1314,"play_id":"f87ea4d1-ef5a-4c2e-8d75-ee47944221d0","local_time":"20210224154424","is_ascension_mode":false,"campfire_choices":[{"data":"Chill","floor":6.0,"key":"SMITH"},{"data":"Defragment","floor":10.0,"key":"SMITH"},{"data":"Sunder","floor":12.0,"key":"SMITH"},{"data":"Coolheaded","floor":15.0,"key":"SMITH"},{"data":"Beam Cell","floor":23.0,"key":"SMITH"},{"data":"Coolheaded","floor":33.0,"key":"SMITH"},{"data":"Apotheosis","floor":42.0,"key":"SMITH"},{"data":"Loop","floor":46.0,"key":"SMITH"},{"floor":50.0,"key":"RECALL"},{"data":"Buffer","floor":53.0,"key":"SMITH"}],"circlet_count":0,"master_deck":["Defend_B","Defend_B","Defend_B","Zap","Dualcast","Cold Snap","Chill+1","Defragment+1","Sunder+1","Coolheaded+1","Core Surge","Go for the Eyes+1","Self Repair+1","Beam Cell+1","FTL","Cold Snap","Blizzard","Undo","Fusion+1","Coolheaded+1","Buffer+1","Coolheaded+1","Mayhem+1","Deep Breath","Apotheosis+1","Loop+1","Reboot","Compile Driver+1","Consume","Loop+1","White Noise+1"],"relics":["Cracked Core","NeowsBlessing","Matryoshka","Nunchaku","Astrolabe","Question Card","Pantograph","Juzu Bracelet","Inserter","Pocketwatch","Potion Belt","MawBank","Centennial Puzzle","MealTicket","Vajra","DollysMirror","Happy Flower"],"acts_visited":["Exordium","TheCity","TheBeyond","TheEnding"],"potions_floor_usage":[56,56,56],"damage_taken":[{"damage":0.0,"enemies":"Jaw Worm","floor":1.0,"turns":1.0},{"damage":0.0,"enemies":"2 Louse","floor":3.0,"turns":1.0},{"damage":0.0,"enemies":"Gremlin Nob","floor":7.0,"turns":1.0},{"damage":0.0,"enemies":"Small Slimes","floor":8.0,"turns":3.0},{"damage":4.0,"enemies":"Red Slaver","floor":11.0,"turns":5.0},{"damage":4.0,"enemies":"Exordium Thugs","floor":13.0,"turns":5.0},{"damage":0.0,"enemies":"2 Fungi Beasts","floor":14.0,"turns":3.0},{"damage":33.0,"enemies":"Slime Boss","floor":16.0,"turns":10.0},{"damage":12.0,"enemies":"3 Byrds","floor":18.0,"turns":5.0},{"damage":8.0,"enemies":"2 Thieves","floor":20.0,"turns":4.0},{"damage":15.0,"enemies":"Snake Plant","floor":21.0,"turns":3.0},{"damage":15.0,"enemies":"Snecko","floor":22.0,"turns":5.0},{"damage":12.0,"enemies":"Centurion and Healer","floor":27.0,"turns":4.0},{"damage":0.0,"enemies":"Cultist and Chosen","floor":28.0,"turns":6.0},{"damage":12.0,"enemies":"Gremlin Leader","floor":31.0,"turns":7.0},{"damage":1.0,"enemies":"Snecko","floor":32.0,"turns":6.0},{"damage":72.0,"enemies":"Automaton","floor":34.0,"turns":14.0},{"damage":0.0,"enemies":"3 Shapes","floor":36.0,"turns":5.0},{"damage":68.0,"enemies":"2 Orb Walkers","floor":37.0,"turns":9.0},{"damage":14.0,"enemies":"Orb Walker","floor":38.0,"turns":5.0},{"damage":18.0,"enemies":"Spire Growth","floor":40.0,"turns":7.0},{"damage":34.0,"enemies":"Reptomancer","floor":41.0,"turns":8.0},{"damage":0.0,"enemies":"4 Shapes","floor":43.0,"turns":6.0},{"damage":0.0,"enemies":"Giant Head","floor":45.0,"turns":9.0},{"damage":9.0,"enemies":"Nemesis","floor":48.0,"turns":9.0},{"damage":16.0,"enemies":"Donu and Deca","floor":51.0,"turns":11.0},{"damage":49.0,"enemies":"Shield and Spear","floor":55.0,"turns":8.0},{"damage":44,"enemies":"The Heart","floor":56,"turns":13}],"seed_played":"-2395415186063293621","potions_obtained":[{"floor":7.0,"key":"Explosive Potion"},{"floor":8.0,"key":"FairyPotion"},{"floor":16.0,"key":"FearPotion"},{"floor":18.0,"key":"ColorlessPotion"},{"floor":19.0,"key":"CultistPotion"},{"floor":31.0,"key":"FocusPotion"},{"floor":38.0,"key":"FairyPotion"},{"floor":40.0,"key":"DistilledChaos"},{"floor":41.0,"key":"Explosive Potion"},{"floor":45.0,"key":"AttackPotion"},{"floor":55.0,"key":"PotionOfCapacity"}],"is_trial":false,"path_per_floor":["M","?","M","?","$","R","E","M","T","R","M","R","M","M","R","B",null,"M","?","M","M","M","R","T","$","T","M","M","M","$","E","M","R","B",null,"M","?","M","?","M","E","R","M","T","E","R","$","E","?","R","B",null,"R","$","E","B",null],"character_chosen":"DEFECT","items_purchased":["Blizzard","MealTicket","DollysMirror"],"campfire_rested":0,"item_purchase_floors":[25,47,54],"current_hp_per_floor":[75,75,75,75,75,75,75,75,75,75,71,71,67,67,67,34,75,73,73,75,70,65,65,65,65,65,53,63,63,63,61,70,70,13,75,75,17,13,3,32,32,32,42,42,52,52,52,53,53,53,69,75,75,75,26,17],"gold":152,"neow_bonus":"THREE_ENEMY_KILL","is_daily":false,"chose_seed":false,"campfire_upgraded":9,"win_rate":0.0,"timestamp":1614149064,"path_taken":["M","?","M","?","$","R","E","M","T","R","M","R","M","M","R","BOSS","M","?","M","?","M","R","?","$","T","M","M","M","$","E","M","R","BOSS","M","?","M","?","M","E","R","M","T","E","R","$","E","?","R","BOSS","R","$","E","BOSS"],"items_purchased_type":["Card","Relic","Relic"],"build_version":"2020-12-22","purchased_purges":3,"victory":true,"max_hp_per_floor":[75,75,75,75,75,75,75,75,75,75,75,75,75,75,75,75,75,75,75,75,75,75,75,75,75,75,75,75,75,75,75,75,75,75,75,75,75,75,75,75,75,75,75,75,75,75,75,75,75,75,75,75,75,75,75,75],"relic_stats":{"Inserter":[45],"Happy Flower":[4],"counters":[28,173],"Astrolabe":["Go for the Eyes","Self Repair","Steam Power"],"Juzu Bracelet":0,"Question Card":17,"MawBank":36,"Nunchaku":[35],"Centennial Puzzle":[12],"Pantograph":52,"MealTicket":0,"obtain_stats":[{"Potion Belt":41,"Inserter":35,"NeowsBlessing":0,"Happy Flower":55,"Astrolabe":17,"Vajra":48,"Juzu Bracelet":31,"Question Card":24,"MawBank":44,"Nunchaku":9,"Centennial Puzzle":45,"Matryoshka":7,"DollysMirror":54,"Pantograph":26,"MealTicket":47,"Cracked Core":0,"Pocketwatch":37},{"Potion Belt":22,"Inserter":17,"NeowsBlessing":0,"Happy Flower":27,"Astrolabe":8,"Vajra":25,"Juzu Bracelet":15,"Question Card":12,"MawBank":23,"Nunchaku":4,"Centennial Puzzle":24,"Matryoshka":3,"DollysMirror":26,"Pantograph":12,"MealTicket":24,"Cracked Core":0,"Pocketwatch":19},{"Potion Belt":117,"Inserter":83,"NeowsBlessing":0,"Happy Flower":160,"Astrolabe":29,"Vajra":141,"Juzu Bracelet":63,"Question Card":46,"MawBank":123,"Nunchaku":6,"Centennial Puzzle":132,"Matryoshka":3,"DollysMirror":152,"Pantograph":46,"MealTicket":132,"Cracked Core":0,"Pocketwatch":97}],"Pocketwatch":[16]},"card_choices":[{"not_picked":["Force Field","Darkness"],"picked":"Cold Snap","floor":1.0},{"not_picked":["Tempest","Rebound"],"picked":"Chill","floor":3.0},{"not_picked":["Consume","Leap"],"picked":"Defragment","floor":7.0},{"not_picked":["Streamline","Gash"],"picked":"Sunder","floor":8.0},{"not_picked":["Turbo","Cold Snap"],"picked":"Coolheaded","floor":11.0},{"not_picked":["Barrage","Stack","Reinforced Body"],"picked":"SKIP","floor":13.0},{"not_picked":["Leap","Steam Power"],"picked":"Compile Driver","floor":14.0},{"not_picked":["Reboot","Biased Cognition"],"picked":"Core Surge","floor":16.0},{"not_picked":["Storm","Go for the Eyes+1"],"picked":"Beam Cell","floor":18.0},{"not_picked":["Ball Lightning","Aggregate+1","Doom and Gloom"],"picked":"SKIP","floor":20.0},{"not_picked":["Tempest","Sweeping Beam"],"picked":"FTL","floor":21.0},{"not_picked":["Steam","Rebound+1"],"picked":"Cold Snap","floor":22.0},{"not_picked":["Gash","Heatsinks+1","Multi-Cast"],"picked":"Undo","floor":27.0},{"not_picked":["Tempest+1","Go for the Eyes","Beam Cell","Auto Shields"],"picked":"SKIP","floor":28.0},{"not_picked":["Reinforced Body","Turbo","Gash"],"picked":"Fusion+1","floor":31.0},{"not_picked":["Sunder+1","Hello World","Hologram+1"],"picked":"Coolheaded","floor":32.0},{"not_picked":["Rainbow","Core Surge","Machine Learning"],"picked":"Buffer","floor":34.0},{"not_picked":["Gash+1","Rebound+1","Hello World+1"],"picked":"Coolheaded+1","floor":36.0},{"not_picked":["Conserve Battery","Double Energy+1","Redo","Auto Shields+1"],"picked":"SKIP","floor":38.0},{"not_picked":["Mind Blast","Dramatic Entrance","Panacea"],"picked":"Mayhem","floor":39.0},{"not_picked":["Madness","Metamorphosis","Jack Of All Trades"],"picked":"Deep Breath","floor":39.0},{"not_picked":["Metamorphosis","Panacea","Dark Shackles"],"picked":"Apotheosis","floor":39.0},{"not_picked":["Reinforced Body+1","Steam","Melter+1"],"picked":"Loop","floor":40.0},{"not_picked":["Fusion","Hologram","Doom and Gloom"],"picked":"Reboot","floor":41.0},{"not_picked":["Go for the Eyes","Ball Lightning+1","Conserve Battery+1"],"picked":"Compile Driver+1","floor":43.0},{"not_picked":["Ball Lightning+1","Thunder Strike","Gash"],"picked":"Consume","floor":45.0},{"not_picked":["Aggregate+1","Beam Cell","FTL","Sweeping Beam+1"],"picked":"SKIP","floor":48.0},{"not_picked":["Lockon","Aggregate+1","Rip and Tear+1"],"picked":"White Noise+1","floor":55.0}],"player_experience":702181,"relics_obtained":[{"floor":7.0,"key":"Matryoshka"},{"floor":9.0,"key":"Nunchaku"},{"floor":24.0,"key":"Question Card"},{"floor":26.0,"key":"Pantograph"},{"floor":31.0,"key":"Juzu Bracelet"},{"floor":37.0,"key":"Pocketwatch"},{"floor":41.0,"key":"Potion Belt"},{"floor":44.0,"key":"MawBank"},{"floor":45.0,"key":"Centennial Puzzle"},{"floor":48.0,"key":"Vajra"},{"floor":55.0,"key":"Happy Flower"}],"event_choices":[{"cards_removed":["Strike_B"],"damage_healed":0.0,"max_hp_gain":0.0,"max_hp_loss":0.0,"gold_gain":0.0,"event_name":"The Cleric","player_choice":"Card Removal","floor":2.0,"gold_loss":50.0,"damage_taken":0.0},{"damage_healed":0.0,"max_hp_gain":0.0,"max_hp_loss":0.0,"gold_gain":0.0,"event_name":"Liars Game","player_choice":"Ignored","floor":4.0,"gold_loss":0.0,"damage_taken":0.0},{"damage_healed":0.0,"max_hp_gain":0.0,"max_hp_loss":0.0,"gold_gain":0.0,"event_name":"Lab","player_choice":"Got Potions","floor":19.0,"gold_loss":0.0,"damage_taken":0.0},{"damage_healed":0.0,"max_hp_gain":0.0,"max_hp_loss":0.0,"gold_gain":0.0,"event_name":"Mysterious Sphere","player_choice":"Fight","floor":37.0,"gold_loss":0.0,"damage_taken":0.0},{"damage_healed":0.0,"max_hp_gain":0.0,"max_hp_loss":0.0,"gold_gain":0.0,"event_name":"SensoryStone","player_choice":"Memory 3","floor":39.0,"gold_loss":0.0,"damage_taken":10.0},{"damage_healed":0.0,"max_hp_gain":0.0,"max_hp_loss":0.0,"gold_gain":0.0,"event_name":"Accursed Blacksmith","player_choice":"Forge","floor":49.0,"gold_loss":0.0,"damage_taken":0.0,"cards_upgraded":["Mayhem"]}],"is_beta":false,"boss_relics":[{"not_picked":["FrozenCore","Fusion Hammer"],"picked":"Astrolabe"},{"not_picked":["Coffee Dripper","Busted Crown"],"picked":"Inserter"}],"items_purged_floors":[5,25,47],"is_endless":false,"potions_floor_spawned":[7,8,16,18,27,31,38,40,41,45,55],"ascension_level":0}}