{"host":"3po7ngt2j61s4rmj","time":1614200554,"event":{"mods":["BaseMod","Hermit","Minty Spire (QoL Compilation)","Relic Stats","Shade Mod","StSLib","The Cursed","The Jungle"],"gold_per_floor":[116,291,307,32,32,32,52,77,102,102,122,122,156,171,171,266,266,278,331,331,381,395,422,422,449,449,449,59,77,4,14,14,114,114,134,152,112,62,79,79,408,408,408,408,408],"floor_reached":44,"language":"ENG","playtime":3475,"items_purged":["hermit:Strike_Hermit","hermit:Strike_Hermit"],"score":812,"play_id":"c03431c1-2cc3-4697-9d86-032ec8bf802d","local_time":"20210224140234","is_ascension_mode":true,"campfire_choices":[{"data":"hermit:Shortfuse","floor":6,"key":"SMITH"},{"data":"hermit:Combo","floor":10,"key":"SMITH"},{"data":"hermit:Snapshot","floor":12,"key":"SMITH"},{"data":"hermit:DeadMansHand","floor":15,"key":"SMITH"},{"floor":24,"key":"RECALL"},{"floor":27,"key":"REST"},{"floor":32,"key":"REST"},{"floor":40,"key":"REST"}],"circlet_count":0,"master_deck":["hermit:Defend_Hermit","hermit:Defend_Hermit","hermit:Defend_Hermit","hermit:Defend_Hermit","hermit:Snapshot+1","hermit:Covet","hermit:Ricochet","hermit:Shortfuse+1","hermit:Combo+1","hermit:Headshot","hermit:Headshot","hermit:Spite","hermit:Gestalt","hermit:DeadMansHand+1","hermit:Adapt","hermit:Virtue","hermit:Determination+1","hermit:TrackingShot+1","hermit:EyeOfTheStorm","hermit:FlashPowder","hermit:LoneWolf","hermit:Snipe+1","hermit:HeroicBravado","hermit:Snipe+1","hermit:Coalescence+1","hermit:LoneWolf","hermit:Maintenance+1","Flash of Steel+1","Madness"],"relics":["hermit:Momento","Matryoshka","Bronze Scales","Blood Vial","Anchor","hermit:Horseshoe","Centennial Puzzle","TungstenRod","Fusion Hammer","Smiling Mask","theJungle:SpiritDisease","Regal Pillow","Molten Egg 2","Spirit Poop","Darkstone Periapt","SacredBark","Old Coin"],"acts_visited":["Exordium","theJungle:Jungle","TheBeyond"],"potions_floor_usage":[8,18,23,29,31,35,36,39,39,44,44],"damage_taken":[{"damage":1,"enemies":"Jaw Worm","floor":1,"turns":4},{"damage":0,"enemies":"Cultist","floor":3,"turns":3},{"damage":5,"enemies":"2 Louse","floor":7,"turns":2},{"damage":0,"enemies":"Gremlin Nob","floor":8,"turns":2},{"damage":0,"enemies":"2 Fungi Beasts","floor":11,"turns":2},{"damage":25,"enemies":"Lagavulin","floor":13,"turns":6},{"damage":2,"enemies":"Blue Slaver","floor":14,"turns":2},{"damage":11,"enemies":"Slime Boss","floor":16,"turns":9},{"damage":0,"enemies":"Shell Parasite","floor":18,"turns":3},{"damage":0,"enemies":"theJungle:GiantWrat","floor":22,"turns":5},{"damage":0,"enemies":"theJungle:MamaSnecko","floor":23,"turns":5},{"damage":24,"enemies":"theJungle:2_Phrogs","floor":25,"turns":6},{"damage":7,"enemies":"theJungle:SlimyTreeVines","floor":29,"turns":3},{"damage":30,"enemies":"theJungle:Lyon","floor":31,"turns":4},{"damage":0,"enemies":"theJungle:QueenSpyder","floor":33,"turns":7},{"damage":0,"enemies":"Orb Walker","floor":35,"turns":4},{"damage":4,"enemies":"3 Shapes","floor":36,"turns":5},{"damage":0,"enemies":"3 Darklings","floor":39,"turns":4},{"damage":40,"enemies":"Reptomancer","floor":41,"turns":8},{"damage":43,"enemies":"Jaw Worm Horde","floor":44,"turns":3}],"seed_played":"912414127131300262","potions_obtained":[{"floor":3,"key":"SteroidPotion"},{"floor":11,"key":"LiquidBronze"},{"floor":13,"key":"EssenceOfSteel"},{"floor":16,"key":"SteroidPotion"},{"floor":18,"key":"LiquidBronze"},{"floor":23,"key":"SkillPotion"},{"floor":31,"key":"SmokeBomb"},{"floor":33,"key":"BlessingOfTheForge"},{"floor":35,"key":"Swift Potion"},{"floor":36,"key":"Block Potion"},{"floor":37,"key":"LiquidBronze"},{"floor":37,"key":"ColorlessPotion"},{"floor":41,"key":"PowerPotion"}],"is_trial":false,"path_per_floor":["M","?","M","$","T","R","M","E","T","R","M","R","E","M","R","B",null,"M","T","?","?","M","E","R","E","T","R","$","M","$","M","R","B",null,"M","M","?","$","M","R","E","?","T","M"],"character_chosen":"HERMIT","items_purchased":["hermit:Combo","Matryoshka","Darkstone Periapt","hermit:EyeOfTheStorm","hermit:LoneWolf"],"campfire_rested":3,"item_purchase_floors":[4,4,28,28,30],"current_hp_per_floor":[74,74,74,74,74,74,71,73,73,73,75,75,52,52,52,43,72,74,74,74,64,66,68,68,46,46,82,82,75,75,47,82,82,82,82,78,78,78,80,82,42,38,38,0,0],"gold":408,"neow_bonus":"TEN_PERCENT_HP_BONUS","is_daily":false,"chose_seed":false,"campfire_upgraded":4,"win_rate":0.0,"timestamp":1614200554,"path_taken":["M","?","M","?","?","R","M","E","T","R","?","R","E","M","R","BOSS","M","?","?","?","?","E","R","E","T","R","$","M","$","M","R","BOSS","M","M","?","?","M","R","E","?","T","M"],"items_purchased_type":["Card","Relic","Relic","Card","Card"],"build_version":"2020-12-22","purchased_purges":2,"victory":false,"max_hp_per_floor":[82,82,82,82,82,82,82,82,82,82,82,82,82,82,82,82,82,82,82,82,82,82,82,82,82,82,82,82,82,82,82,82,82,82,82,82,82,82,82,82,82,82,82,82,82],"relic_stats":{"Blood Vial":26,"Darkstone Periapt":0,"Centennial Puzzle":[27],"Regal Pillow":23,"counters":[20,87],"Bronze Scales":[166],"Smiling Mask":75,"obtain_stats":[{"Darkstone Periapt":28,"Regal Pillow":23,"SacredBark":34,"Spirit Poop":26,"theJungle:SpiritDisease":20,"Smiling Mask":19,"Old Coin":41,"Blood Vial":5,"Anchor":8,"Centennial Puzzle":9,"Matryoshka":4,"Bronze Scales":5,"Molten Egg 2":25,"Fusion Hammer":17,"hermit:Horseshoe":9,"hermit:Momento":0,"TungstenRod":13},{"Darkstone Periapt":12,"Regal Pillow":11,"SacredBark":15,"Spirit Poop":12,"theJungle:SpiritDisease":9,"Smiling Mask":9,"Old Coin":19,"Blood Vial":2,"Anchor":4,"Centennial Puzzle":4,"Matryoshka":2,"Bronze Scales":2,"Molten Egg 2":12,"Fusion Hammer":8,"hermit:Horseshoe":4,"hermit:Momento":0,"TungstenRod":6},{"Darkstone Periapt":49,"Regal Pillow":43,"SacredBark":63,"Spirit Poop":49,"theJungle:SpiritDisease":33,"Smiling Mask":33,"Old Coin":84,"Blood Vial":7,"Anchor":11,"Centennial Puzzle":11,"Matryoshka":7,"Bronze Scales":7,"Molten Egg 2":49,"Fusion Hammer":30,"hermit:Horseshoe":11,"hermit:Momento":0,"TungstenRod":19}],"TungstenRod":37},"card_choices":[{"not_picked":["hermit:Dive","hermit:Feint"],"picked":"hermit:Ricochet","floor":1},{"not_picked":["hermit:Vantage","hermit:ItchyTrigger"],"picked":"hermit:Shortfuse","floor":3},{"not_picked":["hermit:Desperado","hermit:Grudge"],"picked":"hermit:Headshot","floor":7},{"not_picked":["hermit:Deadeye","hermit:ItchyTrigger"],"picked":"hermit:Headshot","floor":8},{"not_picked":["hermit:Shortfuse","hermit:HighCaliber"],"picked":"hermit:Spite","floor":11},{"not_picked":["hermit:Dive","hermit:FromBeyond"],"picked":"hermit:Gestalt","floor":13},{"not_picked":["hermit:ItchyTrigger","hermit:Quickdraw"],"picked":"hermit:DeadMansHand","floor":14},{"not_picked":["hermit:HighNoon","hermit:BlackWind"],"picked":"hermit:Adapt","floor":16},{"not_picked":["hermit:PistolWhip","hermit:Misfire","hermit:SprayPray"],"picked":"SKIP","floor":18},{"not_picked":["hermit:BodyArmor","hermit:Headshot"],"picked":"hermit:Virtue","floor":22},{"not_picked":["hermit:Roughhouse","hermit:Brawl"],"picked":"hermit:Determination+1","floor":23},{"not_picked":["hermit:Desperado+1","hermit:Purgatory+1"],"picked":"hermit:TrackingShot+1","floor":25},{"not_picked":["hermit:Misfire+1","hermit:WideOpen+1"],"picked":"hermit:FlashPowder","floor":29},{"not_picked":["hermit:Dive","hermit:CalledShot+1"],"picked":"hermit:Snipe+1","floor":31},{"not_picked":["hermit:Magnum+1","hermit:FinalCanter+1"],"picked":"hermit:HeroicBravado","floor":33},{"not_picked":["hermit:Determination+1","hermit:BodyArmor"],"picked":"hermit:Snipe+1","floor":35},{"not_picked":["hermit:Quickdraw+1","hermit:CalledShot+1"],"picked":"hermit:Coalescence+1","floor":36},{"not_picked":["hermit:SprayPray+1","hermit:Determination+1"],"picked":"hermit:LoneWolf","floor":39},{"not_picked":["hermit:FullyLoaded+1","hermit:PistolWhip+1"],"picked":"hermit:Maintenance+1","floor":41},{"not_picked":["Enlightenment","Purity"],"picked":"Flash of Steel+1","floor":42},{"not_picked":["Jack Of All Trades","Panacea"],"picked":"Madness","floor":42}],"player_experience":1289340,"relics_obtained":[{"floor":5,"key":"Bronze Scales"},{"floor":5,"key":"Blood Vial"},{"floor":8,"key":"Anchor"},{"floor":9,"key":"hermit:Horseshoe"},{"floor":9,"key":"Centennial Puzzle"},{"floor":13,"key":"TungstenRod"},{"floor":19,"key":"Smiling Mask"},{"floor":23,"key":"Regal Pillow"},{"floor":25,"key":"Molten Egg 2"},{"floor":26,"key":"Spirit Poop"},{"floor":41,"key":"Old Coin"}],"event_choices":[{"damage_healed":0,"gold_gain":175,"player_choice":"AGREE","damage_taken":0,"max_hp_gain":0,"max_hp_loss":0,"event_name":"Liars Game","floor":2,"gold_loss":0,"cards_obtained":["Doubt"]},{"damage_healed":0,"gold_gain":0,"player_choice":"Bought 3 Potions","damage_taken":0,"max_hp_gain":0,"max_hp_loss":0,"event_name":"The Woman in Blue","floor":37,"gold_loss":0},{"damage_healed":0,"gold_gain":0,"player_choice":"Memory 2","damage_taken":5,"max_hp_gain":0,"max_hp_loss":0,"event_name":"SensoryStone","floor":42,"gold_loss":0}],"is_beta":false,"boss_relics":[{"not_picked":["Black Star","Runic Dome"],"picked":"Fusion Hammer"},{"not_picked":["Tiny House","Coffee Dripper"],"picked":"SacredBark"}],"items_purged_floors":[28,38],"is_endless":false,"potions_floor_spawned":[3,11,13,16,18,23,31,33,35,36,41],"killed_by":"Jaw Worm Horde","ascension_level":7}}