{"host":"0cm5wy4nhuju7tij","time":1614151624,"event":{"mods":["2.2 Compatiblity","AchievementEnabler","BaseMod","Better Third Choice","BetterRewards","Colored Powertips","Curses Come First","Custom Start","Displayed Cursed Tome","Downfall","Energized Spire","Evolution","Filter the Spire","Fireblade Mod","Hermit","Highlight Path","Jess\u0027s Bottle","Minty Spire (QoL Compilation)","Permanent Neow","Poor People Problems","Relic Filter Mod","Shop Mod","Spicy Shops","StSLib","The Cursed","The Servant 0.9.4","TheSwordswoman","TheVacant","Weighted Paths"],"gold_per_floor":[215,226,239,259,273,305,380,380,430,465,465,476,12,27,27,122,122,134,37,47,66,81,81,106,120,143,171,191,191,203,223,223,318,368,379,398,416,416,436,463,463,476,527,538,566,8,8,22,22,22,22,22,22,48,48],"floor_reached":56,"language":"ENG","playtime":3905,"items_purged":["TheCursedMod:Wield","TheCursedMod:Wield"],"score":1419,"play_id":"0347c41e-9326-4e8e-9dfb-4ca6eec8c9c5","local_time":"20210224022704","is_ascension_mode":false,"campfire_choices":[{"data":"TheCursedMod:SoulCrush","floor":8,"key":"SMITH"},{"data":"TheCursedMod:SpitefulPray","floor":11,"key":"SMITH"},{"floor":15,"key":"REST"},{"data":"TheCursedMod:CircleOfCorruption","floor":23,"key":"SMITH"},{"data":"TheCursedMod:EmpowerCircles","floor":29,"key":"SMITH"},{"data":"TheCursedMod:Torture","floor":32,"key":"SMITH"},{"floor":41,"key":"RECALL"},{"data":"TheCursedMod:ManaCirculation","floor":49,"key":"SMITH"},{"data":"TheCursedMod:CursedSpellbook","floor":52,"key":"SMITH"}],"circlet_count":0,"master_deck":["TheCursedMod:Wield+1","TheCursedMod:Wield+1","TheCursedMod:SmokeScreen+1","TheCursedMod:SmokeScreen","TheCursedMod:SmokeScreen","TheCursedMod:SmokeScreen","TheCursedMod:CursedWand","TheCursedMod:CleanUpWorkshop","TheCursedMod:Dregs","TheCursedMod:CursedSpellbook+1","TheCursedMod:SpitefulPray+1","TheCursedMod:Torture+1","TheCursedMod:CircleOfCorruption+1","TheCursedMod:Stigma","TheCursedMod:SoulCrush+1","TheCursedMod:NeowsMight+1","TheCursedMod:SurpriseAttack","TheCursedMod:EmpowerCircles+1","TheCursedMod:Torture+1","TheCursedMod:CursedBlade","TheCursedMod:WearCloak+1","TheCursedMod:CircleOfFlame+1","TheCursedMod:DemonSword","TheCursedMod:CursedAmulet+1","TheCursedMod:LuckyCharm+1","TheCursedMod:RapidMovement+1","TheCursedMod:CursedBoomerang+1","TheCursedMod:Evocation+1","TheCursedMod:CircleOfFlame+1","TheCursedMod:WearCloak+1","TheCursedMod:CircleOfCorruption+1","TheCursedMod:EmpowerCircles+1","TheCursedMod:CircleOfCorruption+1","TheCursedMod:SurpriseAttack","TheCursedMod:CircleOfFlame+1","TheCursedMod:ParallelWorld+1","TheCursedMod:CursedAmulet+1","TheCursedMod:CircleOfCorruption+1","TheCursedMod:FleshFromBone+1","TheCursedMod:CircleOfWindfury+1","TheCursedMod:CursedShiv","TheCursedMod:CircleOfCorruption+1","TheCursedMod:ManaCirculation+1","TheCursedMod:Grudge+1","TheCursedMod:CircleOfCorruption+1","TheCursedMod:CircleOfBlood+1","TheCursedMod:HellfireBreathing","TheCursedMod:CircleOfFlame+1","TheCursedMod:SpitefulStrike+1"],"relics":["TheCursedMod:BlackMagic101","EVO:Axolotl","PreservedInsect","Tiny Chest","Toxic Egg 2","Whetstone","bronze:MakeshiftBattery","Anchor","Bag of Marbles","Ornamental Fan","Tiny House","TheCursedMod:DemonicMark","StoneCalendar","Bottled Lightning","Bottled Flame","White Beast Statue"],"acts_visited":["Exordium","TheCity","TheBeyond","TheEnding"],"potions_floor_usage":[55,55],"damage_taken":[{"damage":0,"enemies":"Jaw Worm","floor":1,"turns":3},{"damage":0,"enemies":"Small Slimes","floor":2,"turns":4},{"damage":0,"enemies":"Cultist","floor":3,"turns":4},{"damage":9,"enemies":"Large Slime","floor":4,"turns":7},{"damage":4,"enemies":"Blue Slaver","floor":5,"turns":3},{"damage":21,"enemies":"Gremlin Nob","floor":6,"turns":3},{"damage":26,"enemies":"3 Sentries","floor":10,"turns":6},{"damage":17,"enemies":"Exordium Wildlife","floor":12,"turns":2},{"damage":0,"enemies":"Large Slime","floor":14,"turns":3},{"damage":9,"enemies":"Hexaghost","floor":16,"turns":4},{"damage":0,"enemies":"Spheric Guardian","floor":18,"turns":3},{"damage":0,"enemies":"3 Byrds","floor":20,"turns":3},{"damage":12,"enemies":"Centurion and Healer","floor":21,"turns":3},{"damage":0,"enemies":"3 Cultists","floor":22,"turns":3},{"damage":18,"enemies":"Gremlin Leader","floor":24,"turns":2},{"damage":21,"enemies":"Snake Plant","floor":25,"turns":3},{"damage":2,"enemies":"Book of Stabbing","floor":27,"turns":3},{"damage":0,"enemies":"Centurion and Healer","floor":28,"turns":4},{"damage":0,"enemies":"Cultist and Chosen","floor":30,"turns":2},{"damage":0,"enemies":"Shelled Parasite and Fungi","floor":31,"turns":1},{"damage":21,"enemies":"Automaton","floor":33,"turns":6},{"damage":1,"enemies":"3 Darklings","floor":35,"turns":4},{"damage":0,"enemies":"3 Shapes","floor":36,"turns":4},{"damage":0,"enemies":"Sphere and 2 Shapes","floor":37,"turns":2},{"damage":0,"enemies":"Jaw Worm Horde","floor":39,"turns":1},{"damage":0,"enemies":"Reptomancer","floor":40,"turns":2},{"damage":0,"enemies":"4 Shapes","floor":42,"turns":1},{"damage":0,"enemies":"Sphere and 2 Shapes","floor":44,"turns":2},{"damage":4,"enemies":"Nemesis","floor":45,"turns":3},{"damage":0,"enemies":"3 Darklings","floor":48,"turns":2},{"damage":41,"enemies":"Donu and Deca","floor":50,"turns":6},{"damage":0,"enemies":"Shield and Spear","floor":54,"turns":2},{"damage":103,"enemies":"The Heart","floor":55,"turns":8}],"seed_played":"8146494605273935090","potions_obtained":[{"floor":1,"key":"CultistPotion"},{"floor":3,"key":"hexamod:SoulburnPotion"},{"floor":5,"key":"SteroidPotion"},{"floor":12,"key":"Guardian:BlockOnCardUsePotion"},{"floor":27,"key":"Weak Potion"}],"is_trial":false,"path_per_floor":["M","M","M","M","M","E","?","R","T","E","R","M","$","M","R","B",null,"M","$","M","M","M","R","E","M","T","E","M","R","M","M","R","B",null,"M","M","M","?","M","E","R","M","T","M","E","$","T","M","R","B",null,"R","$","E","B",null],"character_chosen":"THE_CURSED","items_purchased":["TheCursedMod:EmpowerCircles","Whetstone","TheCursedMod:Torture+1","TheCursedMod:CursedBlade","TheCursedMod:WearCloak+1","TheCursedMod:LuckyCharm","TheCursedMod:RapidMovement+1","TheCursedMod:CircleOfCorruption+1","Bottled Lightning","TheCursedMod:CircleOfBlood+1","TheCursedMod:HellfireBreathing"],"campfire_rested":1,"item_purchase_floors":[13,13,13,13,13,19,19,46,46,46,46],"current_hp_per_floor":[126,126,126,117,113,92,81,81,81,55,55,38,38,38,75,66,126,126,126,126,114,114,114,96,75,75,73,73,73,73,73,73,52,131,130,130,130,130,130,130,130,130,130,130,126,126,126,131,131,98,131,131,131,131,36],"gold":48,"neow_bonus":"HUNDRED_GOLD","is_daily":false,"chose_seed":false,"campfire_upgraded":7,"win_rate":0.0,"timestamp":1614151624,"path_taken":["M","M","M","M","M","E","?","R","T","E","R","M","$","M","R","BOSS","M","$","M","M","M","R","E","M","T","E","M","R","M","M","R","BOSS","M","M","M","?","M","E","R","M","T","M","E","$","?","M","R","BOSS","R","$","E","BOSS"],"items_purchased_type":["Card","Relic","Card","Card","Card","Card","Card","Card","Relic","Card","Card"],"build_version":"2020-12-22","purchased_purges":2,"victory":true,"max_hp_per_floor":[126,126,126,126,126,126,126,126,126,126,126,126,126,126,126,126,126,126,126,126,126,126,126,126,126,126,126,126,126,126,126,126,126,131,131,131,131,131,131,131,131,131,131,131,131,131,131,131,131,131,131,131,131,131,131],"card_choices":[{"not_picked":["TheCursedMod:StingEye","TheCursedMod:Torture"],"picked":"TheCursedMod:CursedSpellbook","floor":1},{"not_picked":["TheCursedMod:TacticalStrike","TheCursedMod:CircleOfWindfury"],"picked":"TheCursedMod:SpitefulPray","floor":2},{"not_picked":["TheCursedMod:EmpowerCircles","TheCursedMod:BloodBarrier"],"picked":"TheCursedMod:Torture","floor":3},{"not_picked":["TheCursedMod:AshesToAshes","TheCursedMod:SmokeScreen"],"picked":"TheCursedMod:CircleOfCorruption","floor":4},{"not_picked":["TheCursedMod:CircleOfWindfury","TheCursedMod:BloodBarrier"],"picked":"TheCursedMod:Stigma","floor":5},{"not_picked":["TheCursedMod:RavingStaff","TheCursedMod:SpreadPlague"],"picked":"TheCursedMod:SoulCrush","floor":6},{"not_picked":["TheCursedMod:SoulReap","TheCursedMod:Stigma"],"picked":"TheCursedMod:NeowsMight+1","floor":10},{"not_picked":["TheCursedMod:PrepareRite+1","TheCursedMod:SoulCrush"],"picked":"TheCursedMod:SurpriseAttack","floor":12},{"not_picked":["TheCursedMod:HellfireBreathing","TheCursedMod:Obscuration+1"],"picked":"TheCursedMod:CircleOfFlame+1","floor":14},{"not_picked":["TheCursedMod:VoidForm","TheCursedMod:StunningStrike"],"picked":"TheCursedMod:DemonSword","floor":16},{"not_picked":["TheCursedMod:RavingStaff","TheCursedMod:AshesToAshes+1"],"picked":"TheCursedMod:CursedAmulet+1","floor":18},{"not_picked":["TheCursedMod:CursedBlade+1","TheCursedMod:FleshFromBone+1"],"picked":"TheCursedMod:CursedBoomerang+1","floor":20},{"not_picked":["TheCursedMod:TacticalStrike","TheCursedMod:SpitefulPlan+1"],"picked":"TheCursedMod:Evocation+1","floor":21},{"not_picked":["TheCursedMod:TacticalStrike","TheCursedMod:Wield"],"picked":"TheCursedMod:CircleOfFlame+1","floor":22},{"not_picked":["TheCursedMod:AshesToAshes+1","TheCursedMod:SmokeScreen+1"],"picked":"TheCursedMod:WearCloak+1","floor":24},{"not_picked":["TheCursedMod:OutForBlood","TheCursedMod:AshesToAshes+1"],"picked":"TheCursedMod:CircleOfCorruption+1","floor":25},{"not_picked":["TheCursedMod:DemonicPact","TheCursedMod:SpitefulStrike"],"picked":"TheCursedMod:EmpowerCircles+1","floor":27},{"not_picked":["TheCursedMod:RavingStaff+1","TheCursedMod:Stigma+1"],"picked":"TheCursedMod:CircleOfCorruption+1","floor":28},{"not_picked":["TheCursedMod:CursedShiv","TheCursedMod:RapidMovement+1"],"picked":"TheCursedMod:SurpriseAttack","floor":30},{"not_picked":["TheCursedMod:CursedShiv","TheCursedMod:Wield+1"],"picked":"TheCursedMod:CircleOfFlame+1","floor":31},{"not_picked":["TheCursedMod:DarkBarrier+1","TheCursedMod:AntiAging+1"],"picked":"TheCursedMod:ParallelWorld+1","floor":33},{"not_picked":["TheCursedMod:Stigma+1","TheCursedMod:CursedMace+1"],"picked":"TheCursedMod:CursedAmulet+1","floor":35},{"not_picked":["TheCursedMod:CursedAmulet+1","TheCursedMod:RapidMovement+1"],"picked":"TheCursedMod:CircleOfCorruption+1","floor":36},{"not_picked":["TheCursedMod:AshesToAshes+1","TheCursedMod:CursedBlade"],"picked":"TheCursedMod:FleshFromBone+1","floor":37},{"not_picked":["TheCursedMod:ManaBullet+1","TheCursedMod:CircleOfAmplification+1"],"picked":"TheCursedMod:CircleOfWindfury+1","floor":39},{"not_picked":["TheCursedMod:Mangle","TheCursedMod:CursedArmor+1"],"picked":"TheCursedMod:CursedShiv","floor":40},{"not_picked":["TheCursedMod:RavingStaff+1","TheCursedMod:Stretching+1"],"picked":"TheCursedMod:CircleOfCorruption+1","floor":42},{"not_picked":["TheCursedMod:LuckyCharm","TheCursedMod:EmpowerCircles"],"picked":"TheCursedMod:ManaCirculation","floor":44},{"not_picked":["TheCursedMod:Stretching+1","TheCursedMod:RapidMovement+1"],"picked":"TheCursedMod:Grudge+1","floor":45},{"not_picked":["TheCursedMod:StingEye+1","TheCursedMod:SaltUponWound+1"],"picked":"TheCursedMod:CircleOfFlame+1","floor":48},{"not_picked":["TheCursedMod:BloodBarrier+1","TheCursedMod:CircleOfFlame+1"],"picked":"TheCursedMod:SpitefulStrike+1","floor":54}],"player_experience":454796,"relics_obtained":[{"floor":6,"key":"PreservedInsect"},{"floor":9,"key":"Tiny Chest"},{"floor":10,"key":"Toxic Egg 2"},{"floor":24,"key":"Anchor"},{"floor":26,"key":"Bag of Marbles"},{"floor":27,"key":"Ornamental Fan"},{"floor":40,"key":"TheCursedMod:DemonicMark"},{"floor":45,"key":"StoneCalendar"},{"floor":47,"key":"Bottled Flame"},{"floor":54,"key":"White Beast Statue"}],"event_choices":[{"damage_healed":0,"gold_gain":75,"player_choice":"Gold","damage_taken":11,"max_hp_gain":0,"max_hp_loss":0,"event_name":"betterThird:BetterGoop","floor":7,"gold_loss":0},{"damage_healed":0,"gold_gain":0,"player_choice":"Upgraded","damage_taken":0,"max_hp_gain":0,"max_hp_loss":0,"event_name":"Upgrade Shrine","floor":38,"gold_loss":0,"cards_upgraded":["TheCursedMod:LuckyCharm"]}],"is_beta":false,"boss_relics":[{"not_picked":["Busted Crown","Sozu"],"picked":"bronze:MakeshiftBattery"},{"not_picked":["energizedSpire:HugeHouse","Empty Cage"],"picked":"Tiny House"}],"items_purged_floors":[13,46],"is_endless":false,"potions_floor_spawned":[1,3,5,12,16,20,21,25,27,30,36,37,42,48],"ascension_level":0}}