{"host":"6h0diz2ap0m56grs","time":1614202776,"event":{"mods":["2.2 Compatiblity","BaseMod","Colored Map","Marisa????????","Minty Spire (QoL Compilation)","Quick Restart","Replay The Spire","Shop Mod","StSLib","The Cursed","The Exalted","The Necromancer","The Servant 0.9.4"],"gold_per_floor":[110,37,49,49,49,84,84,97,149,184,195,195,229,262,262,358,358,369,369,206,223,223,223,223],"floor_reached":23,"language":"ENG","playtime":623,"items_purged":[],"score":384,"play_id":"8994ecb7-da20-4bf7-b41f-f579a380f6d7","local_time":"20210224153936","daily_mods":["SealedDeck","Heirloom","Time Dilation","Flight"],"is_ascension_mode":true,"campfire_choices":[{"data":"TheCursedMod:AntiAging","floor":7,"key":"SMITH"},{"data":"TheCursedMod:CursedStaff","floor":12,"key":"SMITH"},{"data":"TheCursedMod:AbyssShockwave","floor":15,"key":"SMITH"}],"circlet_count":0,"master_deck":["TheCursedMod:RavingStaff+1","TheCursedMod:RapidMovement","TheCursedMod:WearCloak","TheCursedMod:ReleasedStrength","TheCursedMod:FleshFromBone","TheCursedMod:Obscuration","TheCursedMod:SmokeScreen","TheCursedMod:CursedMace","TheCursedMod:CursedMace+1","TheCursedMod:CursedStaff+1","TheCursedMod:SoulCrush","TheCursedMod:AntiAging+1","TheCursedMod:BlessingInDisguise","TheCursedMod:AbyssShockwave+1","TheCursedMod:CursedMace","TheCursedMod:ManaCirculation","TheCursedMod:LuckyCharm"],"relics":["Snecko Eye","Ring of Chaos","replay:Trail_Library","Replay:Multitool","Replay:Baseball","Bromod:ArcanePistoleer","Replay:Wax Seal","Ornamental Fan","Replay:WaspNest","Sozu","MerchantsRug"],"acts_visited":["Exordium","TheCity"],"potions_floor_usage":[18],"damage_taken":[{"damage":0,"enemies":"Jaw Worm","floor":1,"turns":2},{"damage":8,"enemies":"Small Slimes","floor":3,"turns":2},{"damage":0,"enemies":"Gremlin Nob","floor":6,"turns":2},{"damage":0,"enemies":"2 Louse","floor":8,"turns":2},{"damage":1,"enemies":"3 Sentries","floor":10,"turns":4},{"damage":0,"enemies":"Lots of Slimes","floor":11,"turns":2},{"damage":0,"enemies":"Replay:BlueRogue","floor":13,"turns":2},{"damage":0,"enemies":"3 Sentries","floor":14,"turns":1},{"damage":0,"enemies":"Hexaghost","floor":16,"turns":4},{"damage":7,"enemies":"3 Byrds","floor":18,"turns":4},{"damage":5,"enemies":"2 Thieves","floor":21,"turns":3},{"damage":0,"enemies":"Slavers","floor":23,"turns":2}],"seed_played":"4548475994284678019","potions_obtained":[{"floor":8,"key":"LiquidBronze"},{"floor":13,"key":"Strength Potion"},{"floor":16,"key":"ColorlessPotion"}],"is_trial":true,"path_per_floor":["M","$","M","?","?","E","R","M","T","E","M","R","E","E","R","B",null,"M","?","$","M","?","E"],"character_chosen":"THE_CURSED","items_purchased":["TheCursedMod:SoulCrush","MerchantsRug","TheCursedMod:LuckyCharm"],"campfire_rested":0,"item_purchase_floors":[2,20,20],"current_hp_per_floor":[75,75,67,52,49,52,52,55,55,58,61,67,70,70,79,83,95,91,91,91,86,86,89,89],"gold":223,"neow_bonus":"","is_daily":false,"chose_seed":false,"campfire_upgraded":3,"win_rate":0.0,"timestamp":1614202776,"path_taken":["M","$","M","?","?","E","R","M","T","E","M","R","E","E","R","BOSS","M","?","$","M","?","E"],"items_purchased_type":["Card","Relic","Card"],"build_version":"2020-12-22","purchased_purges":0,"victory":false,"max_hp_per_floor":[75,75,75,75,75,78,78,81,81,85,88,88,91,91,91,95,95,98,98,98,98,98,101,101],"card_choices":[{"not_picked":["TheCursedMod:DoubleShield","TheCursedMod:Stretching","TheCursedMod:FleshFromBone"],"picked":"SKIP","floor":1},{"not_picked":["TheCursedMod:SurpriseAttack","TheCursedMod:TacticalStrike"],"picked":"TheCursedMod:AntiAging","floor":3},{"not_picked":["TheCursedMod:StingEye","TheCursedMod:VitalStrike","TheCursedMod:SurpriseAttack"],"picked":"SKIP","floor":6},{"not_picked":["TheCursedMod:CircleOfFlame","TheCursedMod:VitalStrike"],"picked":"TheCursedMod:BlessingInDisguise","floor":8},{"not_picked":["TheCursedMod:SpitefulStrike","TheCursedMod:EmpowerCircles","TheCursedMod:CircleOfAmplification"],"picked":"SKIP","floor":10},{"not_picked":["TheCursedMod:Torture","TheCursedMod:PrepareRite"],"picked":"TheCursedMod:AbyssShockwave","floor":11},{"not_picked":["TheCursedMod:RavingStaff","TheCursedMod:CollectTribute","TheCursedMod:CursedAmulet"],"picked":"SKIP","floor":13},{"not_picked":["TheCursedMod:StunningStrike","TheCursedMod:Torture","TheCursedMod:CircleOfCorruption"],"picked":"SKIP","floor":14},{"not_picked":["TheCursedMod:ShockAndAwe","TheCursedMod:DemonSword"],"picked":"TheCursedMod:ManaCirculation","floor":16},{"not_picked":["TheCursedMod:VitalStrike","TheCursedMod:CursedShiv","TheCursedMod:CircleOfFlame+1"],"picked":"SKIP","floor":18},{"not_picked":["TheCursedMod:FleshFromBone+1","TheCursedMod:Stretching","TheCursedMod:Torture"],"picked":"SKIP","floor":21}],"player_experience":567248,"relics_obtained":[{"floor":6,"key":"Bromod:ArcanePistoleer"},{"floor":9,"key":"Replay:Wax Seal"},{"floor":10,"key":"Eternal Feather"},{"floor":13,"key":"Ornamental Fan"},{"floor":14,"key":"Replay:WaspNest"}],"event_choices":[{"damage_healed":0,"gold_gain":0,"player_choice":"Entered Light","damage_taken":15,"max_hp_gain":0,"max_hp_loss":0,"event_name":"Shining Light","floor":4,"gold_loss":0,"cards_upgraded":["TheCursedMod:RavingStaff","TheCursedMod:CursedMace"]},{"damage_healed":0,"gold_gain":0,"player_choice":"Success","damage_taken":3,"relics_obtained":["Replay:Baseball"],"max_hp_gain":0,"max_hp_loss":0,"event_name":"Scrap Ooze","floor":5,"gold_loss":0},{"damage_healed":0,"gold_gain":0,"player_choice":"Ignored","damage_taken":0,"max_hp_gain":0,"max_hp_loss":0,"event_name":"Ghosts","floor":19,"gold_loss":0},{"damage_healed":0,"gold_gain":0,"player_choice":"0 cards matched","damage_taken":0,"max_hp_gain":0,"max_hp_loss":0,"event_name":"Match and Keep!","floor":22,"gold_loss":0,"cards_obtained":[]}],"is_beta":false,"boss_relics":[{"not_picked":["Kintsugi","Tiny House"],"picked":"Sozu"}],"items_purged_floors":[],"is_endless":false,"potions_floor_spawned":[8,13,16,18],"killed_by":"Slavers","ascension_level":1}}