{"host":"0qlrtuw7bw78ucw4","time":1614177533,"event":{"mods":["BaseMod","Downfall","Minty Spire (QoL Compilation)","StSLib"],"gold_per_floor":[99,111,111,21,39,39,66,96,108,108,143,154,154,171,186,261,261,261,278,294,308,408,408,456,456,474,500,513,398,398,181,195,271,271,271,285,285,285,310,310,310,321,321,420,420,60,60,92,106,106],"floor_reached":51,"language":"ENG","playtime":4275,"items_purged":["downfall:Malfunctioning","Slimebound:Tackle","Slimebound:Strike_Slimebound+1","Slimebound:Strike_Slimebound+1","Slimebound:HauntingLick"],"score":1351,"play_id":"0cbf6b1f-35a5-4a0c-9780-0bbc08ecaeea","local_time":"20210225013853","is_ascension_mode":true,"campfire_choices":[{"data":"Slimebound:Split","floor":1,"key":"SMITH"},{"data":"Slimebound:FormOfPuddle","floor":10,"key":"SMITH"},{"data":"Slimebound:TagTeam","floor":18,"key":"SMITH"},{"data":"Slimebound:HauntingLick","floor":25,"key":"SMITH"},{"data":"Slimebound:Nibble","floor":30,"key":"SMITH"},{"data":"Slimebound:SelfFormingGoo","floor":35,"key":"SMITH"},{"data":"Slimebound:Repurpose","floor":40,"key":"SMITH"},{"data":"Slimebound:RallyTheTroops","floor":47,"key":"SMITH"}],"circlet_count":0,"master_deck":["AscendersBane","Slimebound:Defend_Slimebound+1","Slimebound:Defend_Slimebound","Slimebound:Defend_Slimebound","Slimebound:Split+1","Slimebound:CorrosiveSpit+1","Slimebound:HauntingLick+1","Slimebound:FormOfPuddle+1","Slimebound:Nibble+1","Slimebound:RainOfGoop","Slimebound:Equalize","Slimebound:Repurpose+1","Slimebound:TagTeam+1","Slimebound:Recollect","Slimebound:GrowthPunch","Slimebound:RallyTheTroops+1","Slimebound:PressTheAttack","Slimebound:SelfFormingGoo+1","Slimebound:LeadByExample","Slimebound:WasteNot","Slimebound:MegaLick+1","Slimebound:Prepare+1","Slimebound:GoopSpray","Slimebound:WasteNot","Slimebound:Gluttony","Slimebound:Prepare"],"relics":["Slimebound:AbsorbEndCombat","Potion Belt","Dream Catcher","Strawberry","Anchor","Philosopher\u0027s Stone","Incense Burner","Eternal Feather","Lantern","Mercury Hourglass","Black Star","Slimebound:PotencyRelic","Turnip","HornCleat","Membership Card","Centennial Puzzle","Slimebound:AggressiveSlimeRelic","Lee\u0027s Waffle","Ornamental Fan","StoneCalendar"],"acts_visited":["Exordium","TheCity","TheBeyond"],"potions_floor_usage":[8,11,16,19,21,28,38,50,50,50],"damage_taken":[{"damage":2,"enemies":"Jaw Worm","floor":2,"turns":3},{"damage":3,"enemies":"downfall:FleeingMerchant","floor":4,"turns":4},{"damage":1,"enemies":"2 Louse","floor":5,"turns":2},{"damage":12,"enemies":"Lagavulin","floor":8,"turns":7},{"damage":4,"enemies":"Small Slimes","floor":9,"turns":3},{"damage":10,"enemies":"3 Sentries","floor":11,"turns":6},{"damage":0,"enemies":"2 Fungi Beasts","floor":12,"turns":2},{"damage":0,"enemies":"Lots of Slimes","floor":14,"turns":5},{"damage":1,"enemies":"Large Slime","floor":15,"turns":5},{"damage":43,"enemies":"WA_ARCHETYPE_RETAIN","floor":16,"turns":7},{"damage":19,"enemies":"Chosen","floor":19,"turns":4},{"damage":12,"enemies":"Spheric Guardian","floor":20,"turns":4},{"damage":6,"enemies":"Snake Plant","floor":21,"turns":3},{"damage":10,"enemies":"SI_SHIV_ARCHETYPE","floor":22,"turns":6},{"damage":28,"enemies":"Cultist and Chosen","floor":26,"turns":7},{"damage":0,"enemies":"Gremlin Leader","floor":27,"turns":5},{"damage":0,"enemies":"Centurion and Healer","floor":28,"turns":4},{"damage":5,"enemies":"downfall:FleeingMerchant","floor":29,"turns":4},{"damage":1,"enemies":"downfall:FleeingMerchant","floor":31,"turns":4},{"damage":28,"enemies":"Shelled Parasite and Fungi","floor":32,"turns":4},{"damage":30,"enemies":"IC_MUSHROOM_ARCHETYPE","floor":33,"turns":9},{"damage":0,"enemies":"3 Shapes","floor":36,"turns":5},{"damage":49,"enemies":"3 Shapes","floor":38,"turns":5},{"damage":0,"enemies":"3 Shapes","floor":39,"turns":5},{"damage":0,"enemies":"3 Darklings","floor":42,"turns":3},{"damage":0,"enemies":"downfall:FleeingMerchant","floor":44,"turns":1},{"damage":4,"enemies":"Nemesis","floor":48,"turns":7},{"damage":0,"enemies":"4 Shapes","floor":49,"turns":3},{"damage":25,"enemies":"DF_ARCHETYPE_ORBS","floor":50,"turns":7}],"seed_played":"-4504242335772394060","potions_obtained":[{"floor":2,"key":"Guardian:BlockOnCardUsePotion"},{"floor":8,"key":"DistilledChaos"},{"floor":12,"key":"SpeedPotion"},{"floor":14,"key":"Explosive Potion"},{"floor":15,"key":"AttackPotion"},{"floor":19,"key":"Strength Potion"},{"floor":20,"key":"LiquidMemories"},{"floor":27,"key":"SteroidPotion"},{"floor":33,"key":"SteroidPotion"},{"floor":36,"key":"SteroidPotion"},{"floor":48,"key":"SkillPotion"}],"is_trial":false,"path_per_floor":["R","M","?","$","M","?","T","E","M","R","E","M","?","M","M","B",null,"R","M","M","M","?","?","T","R","M","E","M","$","R","$","M","B",null,"R","M","?","?","?","R","T","M","?","$","?","$","R","E","M","B",null],"character_chosen":"SLIMEBOUND","items_purchased":["Slimebound:LeadByExample","Membership Card","Centennial Puzzle","Slimebound:AggressiveSlimeRelic","Lee\u0027s Waffle","Dexterity Potion"],"campfire_rested":0,"item_purchase_floors":[31,44,46,46,46,46],"current_hp_per_floor":[53,55,55,54,57,12,12,15,13,13,11,25,25,41,50,23,55,55,44,46,54,60,60,60,66,43,59,66,66,66,66,50,32,58,66,66,66,31,37,52,52,66,66,66,66,73,73,73,73,62],"gold":106,"neow_bonus":"UPGRADE_CARD","is_daily":false,"chose_seed":false,"campfire_upgraded":8,"win_rate":0.0,"timestamp":1614177533,"path_taken":["R","M","?","$","M","?","T","E","M","R","E","M","?","M","M","BOSS","R","M","M","M","?","?","T","R","M","E","?","$","R","$","M","BOSS","R","M","?","?","?","R","T","?","?","$","?","$","R","E","M","BOSS"],"items_purchased_type":["Card","Relic","Relic","Relic","Relic","Potion"],"build_version":"2020-12-22","purchased_purges":5,"victory":true,"max_hp_per_floor":[59,59,59,59,59,59,59,66,66,66,66,66,66,66,66,66,66,66,66,66,66,66,66,66,66,66,66,66,66,66,66,66,66,66,66,66,66,66,66,66,66,66,66,66,66,73,73,73,73,73],"card_choices":[{"not_picked":["Slimebound:SplitAcid","Slimebound:Grow"],"picked":"Slimebound:HauntingLick","floor":2},{"not_picked":["Slimebound:ItLooksTasty","Slimebound:SplitBruiser"],"picked":"Slimebound:HauntingLick","floor":4},{"not_picked":["Slimebound:LeechingTouch","Slimebound:LivingWall"],"picked":"Slimebound:FormOfPuddle","floor":5},{"not_picked":["Slimebound:RainOfGoop","Slimebound:CheckThePlaybook"],"picked":"Slimebound:Nibble","floor":8},{"not_picked":["Slimebound:GoopTackle","Slimebound:SplitMire"],"picked":"Slimebound:RainOfGoop","floor":9},{"not_picked":["Slimebound:PressTheAttack","Slimebound:Replication"],"picked":"Slimebound:Equalize","floor":11},{"not_picked":["Slimebound:Dissolve","Slimebound:ServeAndProtect"],"picked":"Slimebound:Repurpose","floor":12},{"not_picked":["Slimebound:Chomp","Slimebound:SplitBruiser","Slimebound:SplitLeeching"],"picked":"SKIP","floor":14},{"not_picked":["Slimebound:GoopTackle","Slimebound:SplitMire","Slimebound:RollThrough"],"picked":"SKIP","floor":15},{"not_picked":["Slimebound:MinionMaster","Slimebound:OozeBath"],"picked":"Slimebound:TagTeam","floor":16},{"not_picked":["Slimebound:SamplingLick","Slimebound:Chomp"],"picked":"Slimebound:Recollect","floor":19},{"not_picked":["Slimebound:ProtectTheBoss","Slimebound:SplitBruiser"],"picked":"Slimebound:GrowthPunch","floor":20},{"not_picked":["Slimebound:SplitAcid+1","Slimebound:HauntingLick","Slimebound:ComboTackle"],"picked":"SKIP","floor":21},{"not_picked":["Slimebound:ItLooksTasty","Slimebound:AcidTongue"],"picked":"Slimebound:RallyTheTroops","floor":22},{"not_picked":["Slimebound:Replication","Slimebound:LeechEnergy","Slimebound:ViciousTackle"],"picked":"SKIP","floor":26},{"not_picked":["Slimebound:PressTheAttack","Slimebound:LeechEnergy","Slimebound:DivideAndConquer"],"picked":"SKIP","floor":27},{"not_picked":["Slimebound:SplitMire","Slimebound:SplitLeeching","Slimebound:Schlurp"],"picked":"SKIP","floor":28},{"not_picked":["Slimebound:GrowthPunch","Slimebound:SplitMire+1","Slimebound:LeechEnergy"],"picked":"SKIP","floor":29},{"not_picked":["Slimebound:DisruptingSlam","Slimebound:SplitMire"],"picked":"Slimebound:SelfFormingGoo","floor":31},{"not_picked":["Slimebound:SplitAcid","Slimebound:ItLooksTasty","Slimebound:Repurpose"],"picked":"SKIP","floor":32},{"not_picked":["Slimebound:OozeBath","Slimebound:DouseInSlime"],"picked":"Slimebound:WasteNot","floor":33},{"not_picked":["Slimebound:ItLooksTasty","Slimebound:LivingWall"],"picked":"Slimebound:MegaLick+1","floor":36},{"not_picked":["Slimebound:GoopTackle","Slimebound:FormOfPuddle"],"picked":"Slimebound:Prepare+1","floor":38},{"not_picked":["Slimebound:FormOfPuddle","Slimebound:SlimeSpikes"],"picked":"Slimebound:GoopSpray","floor":39},{"not_picked":["Slimebound:SplitLeeching+1","Slimebound:ViciousTackle+1"],"picked":"Slimebound:WasteNot","floor":42},{"not_picked":["Slimebound:SplitLeeching","Slimebound:GoopTackle+1"],"picked":"Slimebound:Gluttony","floor":44},{"not_picked":["Slimebound:LivingWall+1","Slimebound:SplitMire"],"picked":"Slimebound:Prepare","floor":48},{"not_picked":["Slimebound:Chomp","Slimebound:SplitBruiser","Slimebound:ServeAndProtect"],"picked":"SKIP","floor":49}],"player_experience":1063782,"relics_obtained":[{"floor":7,"key":"Dream Catcher"},{"floor":8,"key":"Strawberry"},{"floor":11,"key":"Anchor"},{"floor":22,"key":"Incense Burner"},{"floor":22,"key":"Eternal Feather"},{"floor":24,"key":"Lantern"},{"floor":27,"key":"Mercury Hourglass"},{"floor":39,"key":"Slimebound:PotencyRelic"},{"floor":41,"key":"Turnip"},{"floor":43,"key":"HornCleat"},{"floor":48,"key":"Ornamental Fan"},{"floor":48,"key":"StoneCalendar"}],"event_choices":[{"damage_healed":0,"gold_gain":0,"player_choice":"Success","damage_taken":45,"relics_obtained":["Potion Belt"],"max_hp_gain":0,"max_hp_loss":0,"event_name":"Scrap Ooze","floor":6,"gold_loss":0},{"cards_removed":["Slimebound:Defend_Slimebound"],"damage_healed":0,"gold_gain":0,"player_choice":"Forget","damage_taken":0,"max_hp_gain":0,"max_hp_loss":0,"event_name":"Living Wall","floor":13,"gold_loss":0}],"is_beta":false,"boss_relics":[{"not_picked":["Slimebound:TarBlob","Runic Dome"],"picked":"Philosopher\u0027s Stone"},{"not_picked":["Tiny House","Astrolabe"],"picked":"Black Star"}],"items_purged_floors":[4,29,31,44,46],"is_endless":false,"potions_floor_spawned":[2,8,12,14,15,19,20,27,33,36,48],"ascension_level":19}}