{"host":"fybjbjipkr3lrybm","time":1614209507,"event":{"mods":["BaseMod","Colored Map","Colored Powertips","DeckTracker","Downfall","Hermit","Highlight Path","Minty Spire (QoL Compilation)","Quick Restart","Relic Stats","StSLib","The Bladedancer","The Bug Knight","The Cursed","The Druid","The Forsaken","The Gatherer","The Hierophant","The Judge","The Necromancer","The Runesmith","The Servant 0.9.4"],"gold_per_floor":[99,109,123,223,236,146,172,183,183,195,225,243,243,128,148,248,248,248,262,64,49,60,60,86,86,111,111,2,12,12,23,33,33,33,33],"floor_reached":33,"language":"ENG","playtime":2826,"items_purged":["Slimebound:Defend_Slimebound","Slimebound:Defend_Slimebound"],"score":294,"play_id":"89e50d14-86db-4c20-a50e-2e26112b0db1","local_time":"20210224153147","is_ascension_mode":false,"campfire_choices":[{"data":"Slimebound:CorrosiveSpit","floor":1,"key":"SMITH"},{"data":"Slimebound:Split","floor":13,"key":"SMITH"},{"data":"Slimebound:DuplicatedForm","floor":18,"key":"SMITH"},{"floor":25,"key":"REST"}],"circlet_count":0,"master_deck":["Slimebound:Strike_Slimebound","Slimebound:Strike_Slimebound","Slimebound:Strike_Slimebound","Slimebound:Tackle","Slimebound:Defend_Slimebound","Slimebound:Defend_Slimebound","Slimebound:Split+1","Slimebound:CorrosiveSpit+1","Slimebound:GoopSpray","Slimebound:LeechingTouch","Slimebound:SplitMire","Slimebound:Schlurp","Slimebound:ComboTackle","Slimebound:ItLooksTasty","Slimebound:Repurpose","Slimebound:PressTheAttack+1","Slimebound:Schlurp","Slimebound:DuplicatedForm+1","Slimebound:Nibble+1","Slimebound:FlameTackle+1","Slimebound:MassRepurpose","Slimebound:FinishingTackle+1","Slimebound:AcidTongue","Slimebound:GoopSpray+1","Slimebound:TongueLash+1","Slimebound:RallyTheTroops+1"],"relics":["Slimebound:AbsorbEndCombat","Slimebound:AggressiveSlimeRelic","Molten Egg 2","Black Star","Slimebound:SelfDamagePreventRelic","Bag of Preparation","Runesmith:AutoHammer","Regal Pillow","Oddly Smooth Stone","Kunai"],"acts_visited":["Exordium","TheCity"],"potions_floor_usage":[33,33],"damage_taken":[{"damage":3,"enemies":"Cultist","floor":2,"turns":5},{"damage":3,"enemies":"Jaw Worm","floor":3,"turns":3},{"damage":2,"enemies":"2 Louse","floor":5,"turns":2},{"damage":0,"enemies":"downfall:FleeingMerchant","floor":6,"turns":4},{"damage":0,"enemies":"downfall:LooterAlt","floor":8,"turns":3},{"damage":0,"enemies":"3 Louse","floor":10,"turns":2},{"damage":0,"enemies":"HollowMod:MossKnight","floor":11,"turns":5},{"damage":5,"enemies":"Large Slime","floor":12,"turns":5},{"damage":2,"enemies":"downfall:FleeingMerchant","floor":14,"turns":4},{"damage":2,"enemies":"Blue Slaver","floor":15,"turns":3},{"damage":7,"enemies":"WA_ARCHETYPE_RETAIN","floor":16,"turns":4},{"damage":34,"enemies":"Shell Parasite","floor":19,"turns":4},{"damage":26,"enemies":"downfall:FleeingMerchant","floor":20,"turns":4},{"damage":26,"enemies":"downfall:FleeingMerchant","floor":21,"turns":4},{"damage":49,"enemies":"Cultist and Chosen","floor":22,"turns":5},{"damage":29,"enemies":"HollowMod:Nosk","floor":26,"turns":5},{"damage":7,"enemies":"downfall:FleeingMerchant","floor":28,"turns":3},{"damage":13,"enemies":"Shelled Parasite and Fungi","floor":29,"turns":4},{"damage":14,"enemies":"3 Cultists","floor":31,"turns":4},{"damage":0,"enemies":"Snecko","floor":32,"turns":2},{"damage":61,"enemies":"DF_ARCHETYPE_CLAW","floor":33,"turns":6}],"seed_played":"-7132413890678260778","potions_obtained":[{"floor":3,"key":"AttackPotion"},{"floor":10,"key":"Ancient Potion"},{"floor":12,"key":"Energy Potion"},{"floor":26,"key":"DuplicationPotion"}],"is_trial":false,"path_per_floor":["R","M","M","?","M","$","T","M","?","M","E","M","R","$","M","B",null,"R","M","$","$","M","?","T","R","E","?","$","M","?","M","M","B"],"character_chosen":"SLIMEBOUND","items_purchased":["Slimebound:SelfDamagePreventRelic","Slimebound:Nibble+1","Slimebound:AcidTongue","Oddly Smooth Stone","Kunai"],"campfire_rested":1,"item_purchase_floors":[20,20,28,28,28],"current_hp_per_floor":[71,69,70,70,71,71,71,71,71,71,71,69,69,71,71,70,71,71,56,51,44,18,18,18,39,33,33,34,29,52,44,52,0,0,0],"gold":33,"neow_bonus":"TEN_PERCENT_HP_BONUS","is_daily":false,"chose_seed":false,"campfire_upgraded":3,"win_rate":0.0,"timestamp":1614209507,"path_taken":["R","M","M","?","M","$","T","?","?","?","E","M","R","$","M","BOSS","R","M","?","$","M","?","T","R","E","?","$","M","?","M","M","BOSS"],"items_purchased_type":["Relic","Card","Card","Relic","Relic"],"build_version":"2020-12-22","purchased_purges":2,"victory":false,"max_hp_per_floor":[71,71,71,71,71,71,71,71,71,71,71,71,71,71,71,71,71,71,71,71,71,71,71,71,71,71,71,71,71,71,71,71,71,71,71],"relic_stats":{"Regal Pillow":0,"counters":[21,79],"Black Star":1,"Bag of Preparation":[12],"Kunai":[3],"obtain_stats":[{"Slimebound:AggressiveSlimeRelic":7,"Regal Pillow":26,"Slimebound:SelfDamagePreventRelic":20,"Oddly Smooth Stone":28,"Molten Egg 2":11,"Slimebound:AbsorbEndCombat":0,"Black Star":17,"Bag of Preparation":24,"Runesmith:AutoHammer":26,"Kunai":28},{"Slimebound:AggressiveSlimeRelic":4,"Regal Pillow":16,"Slimebound:SelfDamagePreventRelic":13,"Oddly Smooth Stone":17,"Molten Egg 2":7,"Slimebound:AbsorbEndCombat":0,"Black Star":11,"Bag of Preparation":15,"Runesmith:AutoHammer":16,"Kunai":17},{"Slimebound:AggressiveSlimeRelic":13,"Regal Pillow":60,"Slimebound:SelfDamagePreventRelic":46,"Oddly Smooth Stone":63,"Molten Egg 2":23,"Slimebound:AbsorbEndCombat":0,"Black Star":38,"Bag of Preparation":55,"Runesmith:AutoHammer":60,"Kunai":63}]},"card_choices":[{"not_picked":["Slimebound:HauntingLick","Slimebound:ForwardTackle"],"picked":"Slimebound:GoopSpray","floor":2},{"not_picked":["Slimebound:HauntingLick","Slimebound:LeadByExample"],"picked":"Slimebound:LeechingTouch","floor":3},{"not_picked":["Slimebound:BestDefense","Slimebound:SplitBruiser"],"picked":"Slimebound:SplitMire","floor":5},{"not_picked":["Slimebound:LeechEnergy","Slimebound:WasteNot"],"picked":"Slimebound:Schlurp","floor":6},{"not_picked":["Slimebound:SlimeSpikes","Slimebound:Replication"],"picked":"Slimebound:ComboTackle","floor":8},{"not_picked":["Slimebound:SlimeSpikes","Slimebound:SplitLeeching"],"picked":"Slimebound:Repurpose","floor":10},{"not_picked":["Slimebound:LeechingTouch+1","Slimebound:GoopTackle+1","Slimebound:Dissolve"],"picked":"SKIP","floor":11},{"not_picked":["Slimebound:LeechingTouch+1","Slimebound:FormOfPuddle"],"picked":"Slimebound:PressTheAttack+1","floor":12},{"not_picked":["Slimebound:SplitLeeching","Slimebound:OneTwoCombo+1"],"picked":"Slimebound:Schlurp","floor":14},{"not_picked":["Slimebound:ComboTackle+1","Slimebound:FlameTackle+1","Slimebound:SplitAcid"],"picked":"SKIP","floor":15},{"not_picked":["Slimebound:FirmFortitude","Slimebound:SelfFormingGoo"],"picked":"Slimebound:DuplicatedForm","floor":16},{"not_picked":["Slimebound:SplitMire","Slimebound:Repurpose+1","Slimebound:SplitLeeching"],"picked":"SKIP","floor":19},{"not_picked":["Slimebound:GoopTackle+1","Slimebound:SplitLeeching","Slimebound:ItLooksTasty+1"],"picked":"SKIP","floor":20},{"not_picked":["Slimebound:ComboTackle+1","Slimebound:Repurpose"],"picked":"Slimebound:FlameTackle+1","floor":21},{"not_picked":["Slimebound:SplitAcid","Slimebound:ItLooksTasty+1"],"picked":"Slimebound:MassRepurpose","floor":22},{"not_picked":["Slimebound:LivingWall","Slimebound:GoopTackle+1","Slimebound:Repurpose+1"],"picked":"SKIP","floor":26},{"not_picked":["Slimebound:RejuvenatingLick","Slimebound:PressTheAttack+1"],"picked":"Slimebound:FinishingTackle+1","floor":28},{"not_picked":["Slimebound:GoopTackle+1","Slimebound:SlimeSpikes"],"picked":"Slimebound:GoopSpray+1","floor":29},{"not_picked":["Slimebound:SlimeSpikes+1","Slimebound:Grow+1"],"picked":"Slimebound:TongueLash+1","floor":31},{"not_picked":["Slimebound:FinishingTackle+1","Slimebound:LeechEnergy+1"],"picked":"Slimebound:RallyTheTroops+1","floor":32}],"player_experience":38186,"relics_obtained":[{"floor":7,"key":"Slimebound:AggressiveSlimeRelic"},{"floor":11,"key":"Molten Egg 2"},{"floor":24,"key":"Bag of Preparation"},{"floor":26,"key":"Runesmith:AutoHammer"},{"floor":26,"key":"Regal Pillow"}],"event_choices":[{"damage_healed":23,"gold_gain":0,"player_choice":"Heal","damage_taken":0,"max_hp_gain":0,"max_hp_loss":0,"event_name":"The Library","floor":30,"gold_loss":0}],"is_beta":false,"boss_relics":[{"not_picked":["SlaversCollar","Calling Bell"],"picked":"Black Star"}],"items_purged_floors":[6,14],"is_endless":false,"potions_floor_spawned":[3,10,12,16,26,29,31,32],"killed_by":"DF_ARCHETYPE_CLAW","ascension_level":0}}