{"host":"981nlwu0905dw1bz","time":1614178084,"event":{"mods":["AchievementEnabler","BaseMod","DeckTracker","Minty Spire (QoL Compilation)","Rare Cards Sparkle","SuperFastMode"],"gold_per_floor":[109,119,131,131,56,88,98,98,98,98,98,118,118,118,118,217,217,233,332,72,82,82,82,94,94,120,132,132],"floor_reached":27,"language":"KOR","playtime":654,"items_purged":["Pain"],"score":450,"play_id":"6fbf668a-5023-4cf8-9ca7-67499b0a35b0","local_time":"20210224234804","is_ascension_mode":true,"campfire_choices":[{"floor":8.0,"key":"REST"},{"data":"Ball Lightning","floor":10.0,"key":"SMITH"},{"data":"Streamline","floor":13.0,"key":"SMITH"},{"data":"Leap","floor":15.0,"key":"SMITH"},{"floor":25,"key":"REST"}],"circlet_count":0,"master_deck":["AscendersBane","Strike_B","Defend_B","Defend_B","Defend_B","Defend_B","Zap","Dualcast","Dramatic Entrance","Rebound","Streamline+1","Cold Snap","Ball Lightning+1","Cold Snap","Leap+1","Seek","Coolheaded+1","Streamline+1"],"relics":["Cracked Core","WarpedTongs","Du-Vu Doll","Dead Branch","Empty Cage","Kunai","MawBank"],"acts_visited":["Exordium","TheCity"],"potions_floor_usage":[23],"damage_taken":[{"damage":0.0,"enemies":"Cultist","floor":1.0,"turns":3.0},{"damage":7.0,"enemies":"Jaw Worm","floor":2.0,"turns":2.0},{"damage":0.0,"enemies":"Small Slimes","floor":3.0,"turns":2.0},{"damage":30.0,"enemies":"Gremlin Nob","floor":6.0,"turns":4.0},{"damage":8.0,"enemies":"3 Louse","floor":7.0,"turns":2.0},{"damage":0.0,"enemies":"Lots of Slimes","floor":12.0,"turns":1.0},{"damage":0.0,"enemies":"Slime Boss","floor":16.0,"turns":8.0},{"damage":13.0,"enemies":"2 Thieves","floor":18.0,"turns":3.0},{"damage":11.0,"enemies":"Spheric Guardian","floor":21.0,"turns":3.0},{"damage":0,"enemies":"Gremlin Leader","floor":23,"turns":1},{"damage":36,"enemies":"Shelled Parasite and Fungi","floor":24,"turns":8},{"damage":0,"enemies":"Snake Plant","floor":27,"turns":1}],"seed_played":"-1627862157894328286","potions_obtained":[{"floor":3.0,"key":"PowerPotion"},{"floor":6.0,"key":"EssenceOfSteel"},{"floor":7.0,"key":"FocusPotion"},{"floor":16.0,"key":"SmokeBomb"},{"floor":24,"key":"PotionOfCapacity"}],"is_trial":false,"path_per_floor":["M","M","M","?","$","E","M","R","T","R","?","M","R","$","R","B",null,"M","?","$","M","?","E","M","R","T","M"],"character_chosen":"DEFECT","items_purchased":["Kunai"],"campfire_rested":2,"item_purchase_floors":[20],"current_hp_per_floor":[68,61,61,61,61,31,23,45,45,45,45,45,45,45,45,45,68,55,55,55,44,44,44,8,30,30,30,30],"gold":132,"neow_bonus":"RANDOM_COLORLESS","is_daily":false,"chose_seed":false,"campfire_upgraded":3,"win_rate":0.0,"timestamp":1614178084,"path_taken":["M","M","?","?","$","E","?","R","T","R","?","M","R","$","R","BOSS","M","?","$","M","?","E","?","R","T","M"],"items_purchased_type":["Relic"],"build_version":"2020-12-22","purchased_purges":1,"victory":false,"max_hp_per_floor":[75,75,75,75,75,75,75,75,75,75,75,75,75,75,75,75,75,75,75,75,75,75,75,75,75,75,75,75],"card_choices":[{"not_picked":["Impatience","Madness"],"picked":"Dramatic Entrance","floor":0.0},{"not_picked":["Beam Cell","Compile Driver"],"picked":"Rebound","floor":1.0},{"not_picked":["Reinforced Body","Barrage"],"picked":"Streamline","floor":2.0},{"not_picked":["Redo","Beam Cell"],"picked":"Cold Snap","floor":3.0},{"not_picked":["Hyperbeam","Skim"],"picked":"Ball Lightning","floor":6.0},{"not_picked":["Gash","Fusion"],"picked":"Cold Snap","floor":7.0},{"not_picked":["Aggregate","Beam Cell"],"picked":"Leap","floor":12.0},{"not_picked":["Multi-Cast","Hyperbeam"],"picked":"Seek","floor":16.0},{"not_picked":["Leap","Doom and Gloom","Rebound"],"picked":"SKIP","floor":18.0},{"not_picked":["Steam","Blizzard+1"],"picked":"Coolheaded+1","floor":21.0},{"not_picked":["Hologram","Compile Driver"],"picked":"Streamline+1","floor":24}],"player_experience":569699,"relics_obtained":[{"floor":6.0,"key":"Du-Vu Doll"},{"floor":9.0,"key":"Dead Branch"},{"floor":26,"key":"MawBank"}],"event_choices":[{"damage_healed":0.0,"max_hp_gain":0.0,"max_hp_loss":0.0,"gold_gain":0.0,"event_name":"Accursed Blacksmith","player_choice":"Rummage","floor":4.0,"gold_loss":0.0,"damage_taken":0.0,"relics_obtained":["WarpedTongs"],"cards_obtained":["Pain"]},{"damage_healed":0.0,"max_hp_gain":0.0,"max_hp_loss":0.0,"gold_gain":0.0,"event_name":"Golden Idol","player_choice":"Ignored","floor":11.0,"gold_loss":0.0,"damage_taken":0.0},{"damage_healed":0.0,"max_hp_gain":0.0,"max_hp_loss":0.0,"gold_gain":99.0,"event_name":"Nest","player_choice":"Stole From Cult","floor":19.0,"gold_loss":0.0,"damage_taken":0.0},{"cards_removed":["Strike_B"],"damage_healed":0.0,"max_hp_gain":0.0,"max_hp_loss":0.0,"gold_gain":0.0,"event_name":"Purifier","player_choice":"Purged","floor":22.0,"gold_loss":0.0,"damage_taken":0.0}],"is_beta":false,"boss_relics":[{"not_picked":["Philosopher\u0027s Stone","Fusion Hammer"],"picked":"Empty Cage"}],"items_purged_floors":[5],"is_endless":false,"potions_floor_spawned":[3,6,7,16,24],"killed_by":"Snake Plant","ascension_level":12}}