{"host":"ELF","time":1614146852,"event":{"mods":["BaseMod","Bestiary","Minty Spire (QoL Compilation)","Relic Stats","Slay the Relics Exporter"],"gold_per_floor":[169,10,23,38,58,58,91,91,142,158,170,170,170,70,70,70,70],"floor_reached":16,"language":"ENG","playtime":744,"items_purged":["Strike_G","Strike_G"],"score":204,"play_id":"98011c35-3bc4-4236-9a64-c2dae7f3e87b","local_time":"20210224000732","is_ascension_mode":true,"campfire_choices":[{"data":"Calculated Gamble","floor":6,"key":"SMITH"},{"floor":8,"key":"REST"},{"data":"Prepared","floor":13,"key":"SMITH"},{"floor":15,"key":"REST"}],"circlet_count":0,"master_deck":["AscendersBane","Strike_G","Strike_G","Strike_G","Defend_G","Defend_G","Defend_G","Defend_G+1","Defend_G","Survivor","Neutralize","Predator","Footwork","Calculated Gamble+1","Prepared+1","Caltrops","Acrobatics"],"relics":["Tiny House","Ornamental Fan","Orichalcum","CultistMask"],"acts_visited":["Exordium"],"potions_floor_usage":[5,7,11],"damage_taken":[{"damage":0,"enemies":"2 Louse","floor":1,"turns":4},{"damage":9,"enemies":"Cultist","floor":3,"turns":5},{"damage":2,"enemies":"Jaw Worm","floor":4,"turns":6},{"damage":0,"enemies":"Looter","floor":5,"turns":3},{"damage":39,"enemies":"Lagavulin","floor":7,"turns":7},{"damage":2,"enemies":"Exordium Wildlife","floor":10,"turns":4},{"damage":0,"enemies":"2 Fungi Beasts","floor":11,"turns":5},{"damage":56,"enemies":"Slime Boss","floor":16,"turns":10}],"seed_played":"6649911717348056771","potions_obtained":[{"floor":0,"key":"Energy Potion"},{"floor":1,"key":"DistilledChaos"},{"floor":5,"key":"AttackPotion"},{"floor":10,"key":"Explosive Potion"}],"is_trial":false,"path_per_floor":["M","$","M","M","M","R","E","R","T","M","M","?","R","$","R","B"],"character_chosen":"THE_SILENT","items_purchased":["Footwork"],"campfire_rested":2,"item_purchase_floors":[2],"current_hp_per_floor":[64,64,55,53,53,53,14,35,35,33,33,33,33,33,54,0,0],"gold":70,"neow_bonus":"BOSS_RELIC","is_daily":false,"chose_seed":false,"campfire_upgraded":2,"win_rate":0.0,"timestamp":1614146852,"path_taken":["M","$","M","M","M","R","E","R","T","M","M","?","R","$","R","BOSS"],"items_purchased_type":["Card"],"build_version":"2020-12-18","purchased_purges":2,"victory":false,"max_hp_per_floor":[71,71,71,71,71,71,71,71,71,71,71,71,71,71,71,71,71],"relic_stats":{"counters":[8,44],"Ornamental Fan":[4],"Orichalcum":[48],"obtain_stats":[{"Tiny House":0,"Ornamental Fan":7,"CultistMask":12,"Orichalcum":9,"Ring of the Snake":0},{"Tiny House":0,"Ornamental Fan":5,"CultistMask":7,"Orichalcum":5,"Ring of the Snake":0},{"Tiny House":0,"Ornamental Fan":25,"CultistMask":34,"Orichalcum":25,"Ring of the Snake":0}]},"card_choices":[{"not_picked":["Concentrate","Cloak And Dagger"],"picked":"Predator","floor":0},{"not_picked":["Poisoned Stab","Dodge and Roll","Deflect"],"picked":"SKIP","floor":1},{"not_picked":["Underhanded Strike","Predator"],"picked":"Calculated Gamble","floor":3},{"not_picked":["Cloak And Dagger","Poisoned Stab","Dagger Throw"],"picked":"SKIP","floor":4},{"not_picked":["Dagger Throw","Setup"],"picked":"Prepared","floor":5},{"not_picked":["Deflect","Dodge and Roll"],"picked":"Caltrops","floor":7},{"not_picked":["Flying Knee","Blade Dance","Crippling Poison"],"picked":"SKIP","floor":10},{"not_picked":["Cloak And Dagger","Outmaneuver"],"picked":"Acrobatics","floor":11}],"player_experience":3533702,"relics_obtained":[{"floor":7,"key":"Ornamental Fan"},{"floor":9,"key":"Orichalcum"}],"event_choices":[{"damage_healed":0,"gold_gain":0,"player_choice":"Trade","damage_taken":0,"relics_obtained":["CultistMask"],"max_hp_gain":0,"max_hp_loss":0,"event_name":"FaceTrader","floor":12,"gold_loss":0}],"is_beta":true,"boss_relics":[],"items_purged_floors":[2,14],"is_endless":false,"potions_floor_spawned":[1,5,10],"killed_by":"Slime Boss","ascension_level":20}}