{"host":"0qulokkk26x4i6bu","time":1614143757,"event":{"mods":["BaseMod","Bestiary","Block Reminder","DeckTracker","Minty Spire (QoL Compilation)","Relic Stats"],"gold_per_floor":[115,131,131,144,69,97,22,22,47,65,92,108,126,160,160,255,255,275,45,45,65,65,65,165,193,193,37,66,66,66,66],"floor_reached":30,"language":"ENG","playtime":1296,"items_purged":["Strike_B"],"score":370,"play_id":"800fb0aa-dcce-4fa4-a9ab-bc0ee998403f","local_time":"20210223211557","is_ascension_mode":true,"campfire_choices":[{"data":"Zap","floor":8,"key":"SMITH"},{"data":"Hello World","floor":15,"key":"SMITH"},{"data":"Loop","floor":23,"key":"SMITH"},{"data":"Glacier","floor":29,"key":"SMITH"}],"circlet_count":0,"master_deck":["Strike_B","Defend_B","Defend_B","Defend_B","Defend_B","Zap+1","Dualcast","Ball Lightning","Sunder","Capacitor","Leap","Doom and Gloom","Glacier+1","Compile Driver","Leap","Conserve Battery+1","Core Surge","Hello World+1","Redo","Tempest+1","Electrodynamics","Barrage+1","Loop+1","Streamline","Conserve Battery","Core Surge","Amplify"],"relics":["Coffee Dripper","Pen Nib","Anchor","Oddly Smooth Stone","Philosopher\u0027s Stone","Chemical X","War Paint","Dream Catcher","DollysMirror","Torii"],"acts_visited":["Exordium","TheCity"],"potions_floor_usage":[30],"damage_taken":[{"damage":5,"enemies":"2 Louse","floor":1,"turns":4},{"damage":1,"enemies":"Cultist","floor":2,"turns":3},{"damage":2,"enemies":"Small Slimes","floor":4,"turns":3},{"damage":21,"enemies":"Lagavulin","floor":6,"turns":5},{"damage":2,"enemies":"2 Fungi Beasts","floor":10,"turns":3},{"damage":0,"enemies":"Gremlin Nob","floor":11,"turns":3},{"damage":0,"enemies":"Red Slaver","floor":12,"turns":3},{"damage":0,"enemies":"Looter","floor":13,"turns":3},{"damage":0,"enemies":"Lagavulin","floor":14,"turns":7},{"damage":3,"enemies":"Slime Boss","floor":16,"turns":7},{"damage":9,"enemies":"Spheric Guardian","floor":18,"turns":4},{"damage":25,"enemies":"3 Byrds","floor":21,"turns":4},{"damage":37,"enemies":"Book of Stabbing","floor":25,"turns":6},{"damage":2,"enemies":"Gremlin Leader","floor":28,"turns":4},{"damage":6,"enemies":"Book of Stabbing","floor":30,"turns":2}],"seed_played":"8197476659568894298","potions_obtained":[{"floor":4,"key":"DuplicationPotion"},{"floor":11,"key":"Swift Potion"},{"floor":13,"key":"PotionOfCapacity"}],"is_trial":false,"path_per_floor":["M","M","?","M","$","E","$","R","T","M","E","M","M","E","R","B",null,"M","$","?","M","?","R","?","E","T","$","E","R","E"],"character_chosen":"DEFECT","items_purchased":["Doom and Gloom","Compile Driver","Leap","Chemical X","DollysMirror"],"campfire_rested":0,"item_purchase_floors":[5,7,7,19,27],"current_hp_per_floor":[70,69,69,67,67,46,46,46,46,44,44,44,44,44,44,41,75,66,66,66,41,41,41,41,4,4,4,2,2,0,0],"gold":66,"neow_bonus":"BOSS_RELIC","is_daily":false,"chose_seed":false,"campfire_upgraded":4,"win_rate":0.0,"timestamp":1614143757,"path_taken":["M","M","?","M","?","E","$","R","T","M","E","M","M","E","R","BOSS","M","$","?","M","?","R","?","E","T","$","E","R","E"],"items_purchased_type":["Card","Card","Card","Relic","Relic"],"build_version":"2020-12-22","purchased_purges":1,"victory":false,"max_hp_per_floor":[75,75,75,75,75,75,75,75,75,75,75,75,75,75,75,75,75,75,75,75,75,75,75,75,75,75,75,75,75,75,75],"relic_stats":{"Dream Catcher":0,"Torii":0,"counters":[15,60],"Pen Nib":[6],"Chemical X":[4],"War Paint":["Conserve Battery","Tempest"],"obtain_stats":[{"Anchor":9,"Dream Catcher":26,"Torii":28,"DollysMirror":27,"Oddly Smooth Stone":11,"Philosopher\u0027s Stone":17,"Pen Nib":6,"Coffee Dripper":0,"Chemical X":19,"War Paint":25,"Cracked Core":0},{"Anchor":4,"Dream Catcher":13,"Torii":14,"DollysMirror":13,"Oddly Smooth Stone":6,"Philosopher\u0027s Stone":10,"Pen Nib":4,"Coffee Dripper":0,"Chemical X":11,"War Paint":13,"Cracked Core":0},{"Anchor":15,"Dream Catcher":54,"Torii":58,"DollysMirror":54,"Oddly Smooth Stone":21,"Philosopher\u0027s Stone":41,"Pen Nib":15,"Coffee Dripper":0,"Chemical X":45,"War Paint":54,"Cracked Core":0}]},"card_choices":[{"not_picked":["Steam","Rebound"],"picked":"Ball Lightning","floor":1},{"not_picked":["Stack","Turbo"],"picked":"Sunder","floor":2},{"not_picked":["Aggregate","Rebound"],"picked":"Leap","floor":4},{"not_picked":["Hologram","Force Field"],"picked":"Glacier","floor":6},{"not_picked":["Rebound","Steam"],"picked":"Conserve Battery","floor":10},{"not_picked":["Auto Shields","Scrape"],"picked":"Core Surge","floor":11},{"not_picked":["Turbo","Stack"],"picked":"Hello World","floor":12},{"not_picked":["Rebound","Leap"],"picked":"Redo","floor":13},{"not_picked":["Rebound","Turbo"],"picked":"Tempest","floor":14},{"not_picked":["All For One","Fission"],"picked":"Electrodynamics","floor":16},{"not_picked":["Lockon","Sweeping Beam+1"],"picked":"Barrage+1","floor":18},{"not_picked":["Leap","Steam"],"picked":"Conserve Battery","floor":21},{"not_picked":["Stack+1","Steam","Leap+1"],"picked":"SKIP","floor":25},{"not_picked":["Beam Cell","Go for the Eyes+1"],"picked":"Amplify","floor":28}],"player_experience":84530,"relics_obtained":[{"floor":6,"key":"Pen Nib"},{"floor":9,"key":"Anchor"},{"floor":11,"key":"Oddly Smooth Stone"},{"floor":25,"key":"War Paint"},{"floor":26,"key":"Dream Catcher"},{"floor":28,"key":"Torii"}],"event_choices":[{"damage_healed":0,"gold_gain":0,"player_choice":"1 cards matched","damage_taken":0,"max_hp_gain":0,"max_hp_loss":0,"event_name":"Match and Keep!","floor":3,"gold_loss":0,"cards_obtained":["Capacitor"]},{"damage_healed":0,"gold_gain":0,"cards_transformed":["Strike_B","Strike_B"],"player_choice":"Became Test Subject","damage_taken":0,"max_hp_gain":0,"max_hp_loss":0,"event_name":"Drug Dealer","floor":20,"gold_loss":0,"cards_obtained":["Loop","Streamline"]},{"damage_healed":0,"gold_gain":0,"player_choice":"Ignored","damage_taken":0,"max_hp_gain":0,"max_hp_loss":0,"event_name":"Vampires","floor":22,"gold_loss":0},{"damage_healed":0,"gold_gain":100,"player_choice":"Pray","damage_taken":0,"max_hp_gain":0,"max_hp_loss":0,"event_name":"Golden Shrine","floor":24,"gold_loss":0}],"is_beta":false,"boss_relics":[{"not_picked":["Fusion Hammer","Tiny House"],"picked":"Philosopher\u0027s Stone"}],"items_purged_floors":[19],"is_endless":false,"potions_floor_spawned":[4,11,13,16,25],"killed_by":"Book of Stabbing","ascension_level":2}}