{"host":"fuszjwm6fqgjjp4d","time":1614141395,"event":{"mods":["BaseMod","Colored Map","Minty Spire (QoL Compilation)","Permanent Neow","Relic Sorter","Relic Stats","StSLib"],"gold_per_floor":[215,215,227,227,241,241,276,20,20,58,58,114,79,129,129,228,228,264,307,142,154,75,75,75,103,175,190,190,226,226,246,246,246,246],"floor_reached":33,"language":"ENG","playtime":688,"items_purged":[],"score":620,"play_id":"d4244232-fd4b-4741-a701-86cf97569b45","local_time":"20210223223635","is_ascension_mode":true,"campfire_choices":[{"data":"Sword Boomerang","floor":6.0,"key":"SMITH"},{"data":"HandOfGreed","floor":11.0,"key":"SMITH"},{"data":"Uppercut","floor":15.0,"key":"SMITH"},{"data":"Feed","floor":23,"key":"SMITH"},{"data":"Flex","floor":28,"key":"SMITH"},{"data":"Inflame","floor":30,"key":"SMITH"},{"floor":32,"key":"REST"}],"circlet_count":0,"master_deck":["AscendersBane","Strike_R","Strike_R","Strike_R","Strike_R","Strike_R","Defend_R","Defend_R+1","Defend_R","Defend_R+1","Bash","Spot Weakness+1","Sword Boomerang+1","Thunderclap","Flex+1","HandOfGreed+1","Clothesline","Sword Boomerang","Offering","Uppercut+1","Feed+1","Second Wind","Twin Strike+1","Sword Boomerang+1","Immolate","Inflame+1","Shame","Spot Weakness","Shrug It Off","Twin Strike"],"relics":["Burning Blood","InkBottle","Tiny Chest","Bag of Preparation","War Paint","Mark of Pain","Orrery","Matryoshka","Juzu Bracelet","Bag of Marbles","StrikeDummy"],"acts_visited":["Exordium","TheCity"],"potions_floor_usage":[19,21,25,29,31],"damage_taken":[{"damage":4.0,"enemies":"Small Slimes","floor":1.0,"turns":5.0},{"damage":6.0,"enemies":"Cultist","floor":3.0,"turns":3.0},{"damage":2.0,"enemies":"2 Louse","floor":5.0,"turns":4.0},{"damage":32.0,"enemies":"Gremlin Nob","floor":7.0,"turns":4.0},{"damage":12.0,"enemies":"Exordium Thugs","floor":10.0,"turns":4.0},{"damage":20.0,"enemies":"3 Sentries","floor":12.0,"turns":5.0},{"damage":6.0,"enemies":"Gremlin Nob","floor":14.0,"turns":2.0},{"damage":58,"enemies":"Hexaghost","floor":16,"turns":9},{"damage":6,"enemies":"Chosen","floor":18,"turns":3},{"damage":19,"enemies":"Shell Parasite","floor":19,"turns":2},{"damage":8,"enemies":"Snecko","floor":21,"turns":4},{"damage":35,"enemies":"Book of Stabbing","floor":25,"turns":3},{"damage":0,"enemies":"Snake Plant","floor":27,"turns":2},{"damage":9,"enemies":"3 Cultists","floor":29,"turns":4},{"damage":22,"enemies":"Centurion and Healer","floor":31,"turns":4},{"damage":55,"enemies":"Champ","floor":33,"turns":7}],"seed_played":"5625760206593239990","potions_obtained":[{"floor":5.0,"key":"BloodPotion"},{"floor":12.0,"key":"AttackPotion"},{"floor":14.0,"key":"SpeedPotion"},{"floor":19,"key":"Explosive Potion"},{"floor":25,"key":"BlessingOfTheForge"},{"floor":27,"key":"Weak Potion"},{"floor":31,"key":"Fire Potion"}],"is_trial":false,"path_per_floor":["M","?","M","?","M","R","E","$","T","M","R","E","?","E","R","B",null,"M","M","$","M","$","R","?","E","T","M","R","M","R","M","R","B"],"character_chosen":"IRONCLAD","items_purchased":["HandOfGreed","Clothesline","Orrery","Inflame"],"campfire_rested":1,"item_purchase_floors":[8,8,20,22],"current_hp_per_floor":[70,70,70,75,79,79,53,53,53,47,47,49,69,69,69,17,64,64,51,51,52,52,52,52,27,27,33,33,34,34,18,45,0,0],"gold":246,"neow_bonus":"HUNDRED_GOLD","is_daily":false,"chose_seed":false,"campfire_upgraded":6,"win_rate":0.0,"timestamp":1614141395,"path_taken":["M","?","?","?","M","R","E","$","T","M","R","E","?","E","R","BOSS","M","M","$","M","$","R","?","E","T","M","R","M","R","M","R","BOSS"],"items_purchased_type":["Card","Card","Relic","Card"],"build_version":"2020-12-22","purchased_purges":0,"victory":false,"max_hp_per_floor":[75,75,75,80,80,80,80,80,80,80,80,80,80,80,80,80,80,80,80,80,83,83,83,83,87,87,87,87,91,91,91,91,91,91],"relic_stats":{"counters":[16,65],"Tiny Chest":0,"Bag of Preparation":[20],"Juzu Bracelet":0,"War Paint":["Defend_R","Defend_R"],"obtain_stats":[{"Matryoshka":24,"Orrery":20,"Tiny Chest":9,"Mark of Pain":17,"Bag of Preparation":12,"Juzu Bracelet":25,"Bag of Marbles":26,"War Paint":14,"StrikeDummy":26,"Burning Blood":0,"InkBottle":7},{"Matryoshka":11,"Orrery":10,"Tiny Chest":4,"Mark of Pain":8,"Bag of Preparation":6,"Juzu Bracelet":12,"Bag of Marbles":12,"War Paint":7,"StrikeDummy":12,"Burning Blood":0,"InkBottle":4},{"Matryoshka":45,"Orrery":41,"Tiny Chest":16,"Mark of Pain":36,"Bag of Preparation":25,"Juzu Bracelet":48,"Bag of Marbles":48,"War Paint":27,"StrikeDummy":48,"Burning Blood":0,"InkBottle":16}],"Burning Blood":90,"InkBottle":[11]},"card_choices":[{"not_picked":["Thunderclap","Pommel Strike"],"picked":"Spot Weakness","floor":1.0},{"not_picked":["Rupture","Body Slam"],"picked":"Sword Boomerang","floor":3.0},{"not_picked":["Berserk","Pommel Strike"],"picked":"Thunderclap","floor":5.0},{"not_picked":["Evolve","Rage"],"picked":"Flex","floor":7.0},{"not_picked":["Havoc","Cleave"],"picked":"Sword Boomerang","floor":10.0},{"not_picked":["Havoc","Rupture"],"picked":"Offering","floor":12.0},{"not_picked":["Dual Wield","Havoc"],"picked":"Uppercut","floor":14.0},{"not_picked":["Fiend Fire","Bludgeon"],"picked":"Feed","floor":16},{"not_picked":["Clothesline","Rage"],"picked":"Second Wind","floor":18},{"not_picked":["Havoc","Armaments","True Grit"],"picked":"SKIP","floor":19},{"not_picked":["Clothesline","Clash"],"picked":"Twin Strike+1","floor":20},{"not_picked":["Evolve","Twin Strike"],"picked":"Sword Boomerang+1","floor":20},{"not_picked":["Clothesline","Flex"],"picked":"Immolate","floor":21},{"not_picked":["Rage","Power Through"],"picked":"Spot Weakness","floor":25},{"not_picked":["Twin Strike","Clash","Iron Wave"],"picked":"SKIP","floor":27},{"not_picked":["Twin Strike","Armaments"],"picked":"Shrug It Off","floor":29},{"not_picked":["Power Through","Thunderclap"],"picked":"Twin Strike","floor":31}],"player_experience":1525093,"relics_obtained":[{"floor":7.0,"key":"InkBottle"},{"floor":9.0,"key":"Tiny Chest"},{"floor":12.0,"key":"Bag of Preparation"},{"floor":14.0,"key":"War Paint"},{"floor":25,"key":"Juzu Bracelet"},{"floor":26,"key":"Bag of Marbles"},{"floor":26,"key":"StrikeDummy"}],"event_choices":[{"damage_healed":0.0,"max_hp_gain":0.0,"max_hp_loss":0.0,"gold_gain":0.0,"event_name":"Upgrade Shrine","player_choice":"Upgraded","floor":2.0,"gold_loss":0.0,"damage_taken":0.0,"cards_upgraded":["Spot Weakness"]},{"damage_healed":0.0,"max_hp_gain":5.0,"max_hp_loss":0.0,"gold_gain":0.0,"event_name":"Big Fish","player_choice":"Donut","floor":4.0,"gold_loss":0.0,"damage_taken":0.0},{"damage_healed":20.0,"max_hp_gain":0.0,"max_hp_loss":0.0,"gold_gain":0.0,"event_name":"The Cleric","player_choice":"Healed","floor":13.0,"gold_loss":35.0,"damage_taken":0.0},{"damage_healed":0,"gold_gain":0,"player_choice":"Stole Relic","damage_taken":0,"relics_obtained":["Matryoshka"],"max_hp_gain":0,"max_hp_loss":0,"event_name":"Addict","floor":24,"gold_loss":0,"cards_obtained":["Shame"]}],"is_beta":false,"boss_relics":[{"not_picked":["Philosopher\u0027s Stone","Black Blood"],"picked":"Mark of Pain"}],"items_purged_floors":[],"is_endless":false,"potions_floor_spawned":[5,12,14,16,19,25,27,31],"killed_by":"Champ","ascension_level":20}}