{"host":"kybn6ox37urbij4t","time":1614177854,"event":{"mods":["Aspiration","BaseMod","Better Third Choice","Dota2Spire","Downfall","Hermit","Minty Spire (QoL Compilation)","Reliquary","Replay The Spire","Robot Space Explorer","StSLib","The Blue Laboratory","TheWitcher"],"gold_per_floor":[112,112,126,126,3,29,29,47,72,72,72,72,247,281,281,380,380,400,3,87,87,107,133,8,8,8,8,8,37,61,80,80,179,179,192,212,212,62,109,140,140,140,212,245,245,279,298,318,318,318],"floor_reached":51,"language":"ENG","playtime":3369,"items_purged":["RobotSpaceExplorer:Strike","RobotSpaceExplorer:Defend","RobotSpaceExplorer:Defend"],"score":900,"play_id":"15b24c8f-3eb5-4a54-81ae-a34266e23da9","local_time":"20210224154414","is_ascension_mode":false,"campfire_choices":[{"data":"RobotSpaceExplorer:MiniLasers","floor":7,"key":"SMITH"},{"data":"RobotSpaceExplorer:MiniDrones","floor":10,"key":"SMITH"},{"data":"RobotSpaceExplorer:StarLightning","floor":32,"key":"SMITH"},{"data":"RobotSpaceExplorer:Comet","floor":41,"key":"SMITH"},{"data":"RobotSpaceExplorer:Pulsar","floor":45,"key":"SMITH"}],"circlet_count":0,"master_deck":["RobotSpaceExplorer:Strike","RobotSpaceExplorer:Strike","RobotSpaceExplorer:Defend","RobotSpaceExplorer:Defend","RobotSpaceExplorer:Scan","RobotSpaceExplorer:MiniLasers+1","RobotSpaceExplorer:SelfCleaning","RobotSpaceExplorer:StunGrenade","RobotSpaceExplorer:MiniDrones+1","RobotSpaceExplorer:StarLightning+1","RobotSpaceExplorer:TrailblazerForm","RobotSpaceExplorer:StarLightning","RobotSpaceExplorer:Pulsar+1","RobotSpaceExplorer:DualCore","RobotSpaceExplorer:ScrapMissile","RobotSpaceExplorer:Comet+1","RobotSpaceExplorer:DroneSwarm","RobotSpaceExplorer:StarLightning+1","Madness","Madness"],"relics":["RobotSpaceExplorer:RoboCore","NeowsBlessing","reliquary:JackalopeAntler","Bronze Scales","Centennial Puzzle","Strawberry","Oddly Smooth Stone","Dota2Spire:LinkenSphere","bronze:MakeshiftBattery","Dota2Spire:ShivaGuard","Tiny Chest","Ice Cream","Du-Vu Doll","Pen Nib","aspiration:ChemicalBlood","reliquary:ThirdArm","Lee\u0027s Waffle","reliquary:ExpiredCoupon","Simple Rune","Chameleon Ring","Ginger","reliquary:BoilingFlask"],"acts_visited":["Exordium","TheCity","TheBeyond"],"potions_floor_usage":[16,31,33,40,50,50,50],"damage_taken":[{"damage":0,"enemies":"Jaw Worm","floor":1,"turns":1},{"damage":0,"enemies":"Cultist","floor":3,"turns":1},{"damage":0,"enemies":"Gremlin Nob","floor":6,"turns":1},{"damage":0,"enemies":"2 Louse","floor":8,"turns":2},{"damage":4,"enemies":"3 Sentries","floor":14,"turns":10},{"damage":22,"enemies":"Slime Boss","floor":16,"turns":13},{"damage":4,"enemies":"2 Thieves","floor":18,"turns":4},{"damage":0,"enemies":"Chosen","floor":22,"turns":6},{"damage":1,"enemies":"Book of Stabbing","floor":23,"turns":7},{"damage":5,"enemies":"Replay:Snechameleon","floor":29,"turns":7},{"damage":0,"enemies":"Centurion and Healer","floor":31,"turns":8},{"damage":14,"enemies":"Automaton","floor":33,"turns":11},{"damage":12,"enemies":"3 Darklings","floor":35,"turns":6},{"damage":1,"enemies":"3 Shapes","floor":36,"turns":4},{"damage":2,"enemies":"R_Hoarder","floor":40,"turns":9},{"damage":28,"enemies":"Nemesis","floor":44,"turns":7},{"damage":0,"enemies":"Giant Head","floor":46,"turns":10},{"damage":0,"enemies":"Transient","floor":47,"turns":5},{"damage":0,"enemies":"Writhing Mass","floor":48,"turns":6},{"damage":2,"enemies":"Donu and Deca","floor":50,"turns":9}],"seed_played":"-435906992114515045","potions_obtained":[{"floor":3,"key":"sneckomod:MuddlingPotion"},{"floor":14,"key":"SkillPotion"},{"floor":16,"key":"FearPotion"},{"floor":18,"key":"Swift Potion"},{"floor":33,"key":"blueLaboratory:HorrorPotion"},{"floor":40,"key":"Dota2Spire:HealingSalve"}],"is_trial":false,"path_per_floor":["M","?","M","?","$","E","R","M","T","R","?","T","?","E","R","B",null,"M","$","?","$","M","E","$","?","T","?","$","E","T","M","R","B",null,"M","M","?","$","T","E","R","$","T","E","R","E","M","M","R","B",null],"character_chosen":"RobotSpaceExplorer","items_purchased":["RobotSpaceExplorer:StunGrenade","Dota2Spire:ShivaGuard","Lee\u0027s Waffle"],"campfire_rested":0,"item_purchase_floors":[5,19,38],"current_hp_per_floor":[75,75,75,80,80,80,80,80,80,80,80,80,80,76,76,54,87,83,83,49,49,49,48,48,31,31,31,31,26,26,26,26,12,92,80,79,61,104,104,104,104,104,104,76,76,76,76,76,63,61],"gold":318,"neow_bonus":"THREE_ENEMY_KILL","is_daily":false,"chose_seed":false,"campfire_upgraded":5,"win_rate":0.0,"timestamp":1614177854,"path_taken":["M","?","?","?","$","E","R","M","T","R","?","?","?","E","R","BOSS","M","$","?","?","?","E","$","?","T","?","?","E","?","M","R","BOSS","M","?","?","?","?","E","R","$","T","E","R","E","M","?","R","BOSS"],"items_purchased_type":["Card","Relic","Relic"],"build_version":"2020-12-22","purchased_purges":3,"victory":true,"max_hp_per_floor":[75,75,75,80,80,80,80,80,80,80,87,87,87,87,87,87,87,87,87,87,87,87,87,87,92,92,92,92,92,92,92,92,92,92,92,92,97,104,104,104,104,104,104,104,104,104,104,104,104,104],"card_choices":[{"not_picked":["RobotSpaceExplorer:DoubleBlock","RobotSpaceExplorer:DoubleFind"],"picked":"RobotSpaceExplorer:ScrapMissile","floor":1},{"not_picked":["RobotSpaceExplorer:FranticSearch","RobotSpaceExplorer:SlimeMissile"],"picked":"RobotSpaceExplorer:SelfCleaning","floor":3},{"not_picked":["RobotSpaceExplorer:JunkDive","RobotSpaceExplorer:MetalStrike"],"picked":"RobotSpaceExplorer:MiniDrones","floor":6},{"not_picked":["RobotSpaceExplorer:ToxicBomb","RobotSpaceExplorer:FrostMissile"],"picked":"RobotSpaceExplorer:Wormhole","floor":8},{"not_picked":["RobotSpaceExplorer:TurboDodge","RobotSpaceExplorer:ImprovisedAttack"],"picked":"RobotSpaceExplorer:StarLightning","floor":14},{"not_picked":["RobotSpaceExplorer:HighVoltage","RobotSpaceExplorer:Multitool"],"picked":"RobotSpaceExplorer:TrailblazerForm","floor":16},{"not_picked":["RobotSpaceExplorer:Ammunition","RobotSpaceExplorer:FrostMissile"],"picked":"RobotSpaceExplorer:StarLightning","floor":18},{"not_picked":["RobotSpaceExplorer:Smokescreen","RobotSpaceExplorer:GlueSpray+1"],"picked":"RobotSpaceExplorer:Pulsar","floor":20},{"not_picked":["RobotSpaceExplorer:Arsenal","RobotSpaceExplorer:GlueSpray+1"],"picked":"RobotSpaceExplorer:DualCore","floor":20},{"not_picked":["RobotSpaceExplorer:FreezeRay","RobotSpaceExplorer:FrostMissile+1","RobotSpaceExplorer:Ammunition"],"picked":"SKIP","floor":22},{"not_picked":["RobotSpaceExplorer:MakeshiftVolley","RobotSpaceExplorer:HighVoltage","RobotSpaceExplorer:IronShell+1"],"picked":"SKIP","floor":23},{"not_picked":["RobotSpaceExplorer:ShovelStrike+1","RobotSpaceExplorer:ToxicBomb+1","RobotSpaceExplorer:StunGrenade+1"],"picked":"SKIP","floor":29},{"not_picked":["RobotSpaceExplorer:SurgingShield","RobotSpaceExplorer:Probe"],"picked":"RobotSpaceExplorer:ScrapMissile","floor":31},{"not_picked":["RobotSpaceExplorer:Autoloader","RobotSpaceExplorer:Scanner"],"picked":"RobotSpaceExplorer:Comet","floor":33},{"not_picked":["RobotSpaceExplorer:SurgingStrike+1","RobotSpaceExplorer:ExhaustFan","RobotSpaceExplorer:TurboDodge+1"],"picked":"SKIP","floor":35},{"not_picked":["RobotSpaceExplorer:IronShell+1","RobotSpaceExplorer:ShovelStrike+1","RobotSpaceExplorer:Electroshield"],"picked":"SKIP","floor":36},{"not_picked":["RobotSpaceExplorer:LaserBurst","RobotSpaceExplorer:SurgingShield","RobotSpaceExplorer:ShockKick"],"picked":"SKIP","floor":40},{"not_picked":["RobotSpaceExplorer:ImprovisedAttack","RobotSpaceExplorer:Pulsar"],"picked":"RobotSpaceExplorer:DroneSwarm","floor":44},{"not_picked":["RobotSpaceExplorer:DoubleBlock","RobotSpaceExplorer:IronShell","RobotSpaceExplorer:FrostMissile"],"picked":"SKIP","floor":46},{"not_picked":["RobotSpaceExplorer:DoubleBlock+1","RobotSpaceExplorer:Pulsar+1"],"picked":"RobotSpaceExplorer:StarLightning+1","floor":47},{"not_picked":["RobotSpaceExplorer:StunGrenade+1","RobotSpaceExplorer:FreezeRay+1","RobotSpaceExplorer:Probe"],"picked":"SKIP","floor":48}],"player_experience":431623,"relics_obtained":[{"floor":6,"key":"Bronze Scales"},{"floor":9,"key":"Centennial Puzzle"},{"floor":12,"key":"Oddly Smooth Stone"},{"floor":14,"key":"Dota2Spire:LinkenSphere"},{"floor":23,"key":"Tiny Chest"},{"floor":23,"key":"Ice Cream"},{"floor":26,"key":"Du-Vu Doll"},{"floor":29,"key":"Pen Nib"},{"floor":30,"key":"aspiration:ChemicalBlood"},{"floor":39,"key":"reliquary:ExpiredCoupon"},{"floor":40,"key":"Simple Rune"},{"floor":43,"key":"Chameleon Ring"},{"floor":44,"key":"Ginger"},{"floor":46,"key":"reliquary:BoilingFlask"}],"event_choices":[{"cards_removed":["RobotSpaceExplorer:ScrapMissile"],"damage_healed":0,"gold_gain":0,"player_choice":"Gave Card","damage_taken":0,"relics_obtained":["reliquary:JackalopeAntler"],"max_hp_gain":0,"max_hp_loss":0,"event_name":"WeMeetAgain","floor":2,"gold_loss":0},{"damage_healed":0,"gold_gain":0,"player_choice":"Donut","damage_taken":0,"max_hp_gain":5,"max_hp_loss":0,"event_name":"Big Fish","floor":4,"gold_loss":0},{"damage_healed":0,"gold_gain":0,"player_choice":"Relic ","damage_taken":7,"max_hp_gain":0,"max_hp_loss":0,"event_name":"betterThird:BetterScrap","floor":11,"gold_loss":0,"cards_obtained":["Doom and Gloom"]},{"damage_healed":0,"gold_gain":175,"player_choice":"AGREE","damage_taken":72,"max_hp_gain":0,"max_hp_loss":0,"event_name":"betterThird:BetterSerpent","floor":13,"gold_loss":0},{"damage_healed":0,"gold_gain":0,"player_choice":"Shed Blood","damage_taken":22,"max_hp_gain":5,"max_hp_loss":0,"event_name":"Forgotten Altar","floor":25,"gold_loss":0},{"damage_healed":0,"gold_gain":0,"player_choice":"Random: Violet","damage_taken":0,"max_hp_gain":0,"max_hp_loss":0,"event_name":"betterThird:BetterPortal","floor":37,"gold_loss":0},{"damage_healed":0,"gold_gain":0,"player_choice":"Shed Blood","damage_taken":23,"max_hp_gain":5,"max_hp_loss":0,"event_name":"Forgotten Altar","floor":37,"gold_loss":0},{"damage_healed":0,"gold_gain":0,"player_choice":"Embrace Madness","damage_taken":13,"max_hp_gain":0,"max_hp_loss":0,"event_name":"Winding Halls","floor":49,"gold_loss":0,"cards_obtained":["Madness","Madness"]}],"is_beta":false,"boss_relics":[{"not_picked":["aspiration:RunicSpoon","Snecko Eye"],"picked":"bronze:MakeshiftBattery"},{"not_picked":["reliquary:RedPaperclip","Runic Dome"],"picked":"reliquary:ThirdArm"}],"items_purged_floors":[5,19,24],"is_endless":false,"potions_floor_spawned":[3,14,16,18,33,35,44,46,48],"ascension_level":0}}