{"host":"qz0goigh82dax5l2","time":1614165381,"event":{"mods":["Act Like it!","Alarm Clock","BaseMod","Energized Spire","Minty Spire (QoL Compilation)","Quick Restart","Reliquary","StSLib","The Jungle","Yuyuko","¡¾ÒÅÎï¿¨ÅÆ¡¿REMEMod"],"gold_per_floor":[112,112,137,212,212,243,258,66,91,91,111,111,130,95,95,216,216,240,14,14,14,14,14,45,70,94,94,138,138,138,138,138,257,257,277,277,277,610,660,660,59,138,162,197,273,285,285,11,11,11],"floor_reached":51,"language":"ZHS","playtime":6999,"items_purged":[],"score":851,"play_id":"0d36806f-0fac-4c9f-aa32-119331f85732","local_time":"20210224191621","is_ascension_mode":false,"campfire_choices":[{"floor":12,"key":"RECALL"},{"floor":15,"key":"REST"},{"floor":23,"key":"REST"},{"floor":27,"key":"REST"},{"floor":29,"key":"REST"},{"floor":32,"key":"REST"},{"data":"Unfulfilling Attachment","floor":40,"key":"SMITH"},{"data":"REME_Flogging","floor":49,"key":"SMITH"}],"circlet_count":0,"master_deck":["Fantasy Butterflies","Fantasy Butterflies","Fantasy Butterflies","Fantasy Butterflies","Fantasy Butterflies","Dreamy Sakura+1","Dreamy Sakura","Dreamy Sakura","Dreamy Sakura","Dreamy Sakura","Deathly Ground","Faramita\u0027s Temptation","Dancing Butterflies","Injury","Dancing Butterflies","Ghostdom Sakura","Dying Sakura","Lunch","Become Phantom","Sweet of Phantom","Unborn Light","Unpaved Way","Bloom","Unfulfilling Attachment+1","Echo Form","Dancing Soul","Chase The Sukhavati","Writhe","Immigrant Phantom","Sweet of Phantom","Infinite Sin","The Way to Death","Trap Lamp+1","REME_Flogging+1","Nihility+1","REME_FirmDetermination","Spear of Papilio","Serene Spring","Nihility","Become Phantom","Elegance+1","City of Death","Steamed Phantom","Gauzy Sakura","Final of Final"],"relics":["Coronal","Yuyuko\u0027s fan","REME_ComplimentaryCards","NeowsBlessing","reliquary:PorcupineQuills","reliquary:HotPoker","Black Star","Tiny Chest","TungstenRod","Enchiridion","reliquary:Spinner","WingedGreaves","Regal Pillow","PreservedInsect","reliquary:NewFriend","Juzu Bracelet","SlaversCollar","Bottled Tornado","Girya","Omamori","Toy Ornithopter","InkBottle","War Paint","Smiling Mask","Boot","reliquary:HotPoker","reliquary:PartyBalloon"],"acts_visited":["Exordium","TheCity","TheBeyond"],"potions_floor_usage":[7,16,28,33,50,50],"damage_taken":[{"damage":1,"enemies":"Small Slimes","floor":1,"turns":1},{"damage":1,"enemies":"2 Louse","floor":3,"turns":1},{"damage":2,"enemies":"Lagavulin","floor":6,"turns":2},{"damage":40,"enemies":"Cultist","floor":7,"turns":6},{"damage":21,"enemies":"2 Fungi Beasts","floor":11,"turns":4},{"damage":21,"enemies":"Looter","floor":13,"turns":3},{"damage":78,"enemies":"The Guardian","floor":16,"turns":11},{"damage":12,"enemies":"3 Byrds","floor":18,"turns":4},{"damage":60,"enemies":"Gremlin Leader","floor":24,"turns":6},{"damage":94,"enemies":"REME_1_Revenger","floor":28,"turns":6},{"damage":35,"enemies":"Collector","floor":33,"turns":4},{"damage":0,"enemies":"Orb Walker","floor":35,"turns":1},{"damage":25,"enemies":"2 Orb Walkers","floor":39,"turns":3},{"damage":15,"enemies":"Giant Head","floor":44,"turns":6},{"damage":23,"enemies":"3 Darklings","floor":46,"turns":5},{"damage":30,"enemies":"Time Eater","floor":50,"turns":5}],"seed_played":"-1577493768302852194","potions_obtained":[{"floor":6,"key":"Block Potion"},{"floor":7,"key":"EssenceOfSteel"},{"floor":18,"key":"Strength Potion"},{"floor":28,"key":"Swift Potion"},{"floor":35,"key":"PowerPotion"},{"floor":44,"key":"SkillPotion"}],"is_trial":false,"path_per_floor":["M","?","M","?","?","E","M","$","T","T","M","R","M","?","R","B",null,"M","$","?","?","?","R","E","T","T","R","E","R","?","?","R","B",null,"M","?","T","?","?","R","$","T","T","E","T","M","?","$","R","B",null],"character_chosen":"YUYOKO","items_purchased":["Lunch","Become Phantom","Sweet of Phantom","Unborn Light","Tiny Chest","Chase The Sukhavati","Omamori","REME_FirmDetermination","Spear of Papilio","Serene Spring","Nihility","Become Phantom","Toy Ornithopter","Steamed Phantom","reliquary:PartyBalloon","Gauzy Sakura","Final of Final"],"campfire_rested":5,"item_purchase_floors":[8,8,8,8,19,19,41,41,41,41,41,41,41,48,48,48,48],"current_hp_per_floor":[39,39,38,27,32,35,20,20,20,20,19,19,5,16,29,9,45,41,41,41,29,26,39,13,13,13,41,2,30,30,30,45,30,45,45,45,45,45,43,43,43,43,43,40,40,31,31,31,31,25],"gold":11,"neow_bonus":"THREE_ENEMY_KILL","is_daily":false,"chose_seed":false,"campfire_upgraded":2,"win_rate":0.0,"timestamp":1614165381,"path_taken":["M","?","M","?","?","E","M","$","T","?","M","R","M","?","R","BOSS","M","$","?","?","?","R","E","?","T","R","E","R","?","?","R","BOSS","M","?","?","?","?","R","$","?","T","E","?","M","?","$","R","BOSS"],"items_purchased_type":["Card","Card","Card","Card","Relic","Card","Relic","Card","Card","Card","Card","Card","Relic","Card","Relic","Card","Card"],"build_version":"2020-12-22","purchased_purges":0,"victory":true,"max_hp_per_floor":[40,40,40,40,45,45,45,45,45,45,45,45,45,45,45,45,45,45,45,45,45,45,45,45,45,45,45,45,45,45,45,45,45,45,45,45,45,45,45,45,45,45,45,45,45,45,45,45,45,45],"card_choices":[{"not_picked":["Infinite Sin","City of Death"],"picked":"Dancing Butterflies","floor":1},{"not_picked":["Immigrant Phantom","Showy Withering"],"picked":"Dancing Butterflies","floor":3},{"not_picked":["Gone","Unstable Ward"],"picked":"Ghostdom Sakura","floor":6},{"not_picked":["Spear of Papilio","Unborn Light"],"picked":"Dying Sakura","floor":7},{"not_picked":["Bomb","Stifle"],"picked":"Unpaved Way","floor":11},{"not_picked":["Unreal","Immigrant Phantom"],"picked":"Bloom","floor":13},{"not_picked":["Mirror of Mind","Revive The Butterflies"],"picked":"Unfulfilling Attachment","floor":16},{"not_picked":["Unreal+1","Dying Sakura"],"picked":"Dancing Soul","floor":18},{"not_picked":["Phantom Gift","Dark Wind+1"],"picked":"Immigrant Phantom","floor":24},{"not_picked":["Explore Ghostdom","Chase The Sukhavati"],"picked":"Sweet of Phantom","floor":28},{"not_picked":["Ghost Spot","Home of Suicide"],"picked":"The Way to Death","floor":33},{"not_picked":["Snow","Fondling of Papilio"],"picked":"Trap Lamp","floor":35},{"not_picked":["Discovery","REME_TheoryOfElimination"],"picked":"REME_Flogging","floor":36},{"not_picked":["Gauzy Sakura+1","Open The Fan"],"picked":"Nihility+1","floor":39},{"not_picked":["Fondling of Papilio","City of Death+1"],"picked":"Elegance+1","floor":44},{"not_picked":["End of Faramita","Dancing Soul"],"picked":"City of Death","floor":46}],"player_experience":83739,"relics_obtained":[{"floor":6,"key":"reliquary:PorcupineQuills"},{"floor":10,"key":"reliquary:HotPoker"},{"floor":21,"key":"Enchiridion"},{"floor":24,"key":"reliquary:Spinner"},{"floor":24,"key":"WingedGreaves"},{"floor":25,"key":"Regal Pillow"},{"floor":26,"key":"PreservedInsect"},{"floor":28,"key":"reliquary:NewFriend"},{"floor":28,"key":"Juzu Bracelet"},{"floor":37,"key":"Bottled Tornado"},{"floor":39,"key":"Girya"},{"floor":42,"key":"InkBottle"},{"floor":43,"key":"War Paint"},{"floor":44,"key":"Smiling Mask"},{"floor":44,"key":"Boot"},{"floor":45,"key":"reliquary:SculptingSteel"}],"event_choices":[{"damage_healed":0,"gold_gain":0,"player_choice":"Take Wound","damage_taken":0,"relics_obtained":["Golden Idol"],"max_hp_gain":0,"max_hp_loss":0,"event_name":"Golden Idol","floor":2,"gold_loss":0,"cards_obtained":["Injury"]},{"damage_healed":0,"gold_gain":75,"player_choice":"Gather Gold","damage_taken":11,"max_hp_gain":0,"max_hp_loss":0,"event_name":"World of Goop","floor":4,"gold_loss":0},{"damage_healed":0,"gold_gain":0,"player_choice":"Donut","damage_taken":0,"max_hp_gain":5,"max_hp_loss":0,"event_name":"Big Fish","floor":5,"gold_loss":0},{"damage_healed":11,"gold_gain":0,"player_choice":"Healed","damage_taken":0,"max_hp_gain":0,"max_hp_loss":0,"event_name":"The Cleric","floor":14,"gold_loss":35},{"damage_healed":0,"gold_gain":0,"player_choice":"Opened","damage_taken":0,"relics_obtained":["TungstenRod"],"max_hp_gain":0,"max_hp_loss":0,"event_name":"The Mausoleum","floor":20,"gold_loss":0,"cards_obtained":["Writhe"]},{"damage_healed":0,"gold_gain":0,"player_choice":"Obtained Book","damage_taken":16,"max_hp_gain":0,"max_hp_loss":0,"event_name":"Cursed Tome","floor":21,"gold_loss":0},{"damage_healed":0,"gold_gain":0,"player_choice":"Damaged","damage_taken":4,"max_hp_gain":0,"max_hp_loss":0,"event_name":"Wheel of Change","floor":22,"gold_loss":0},{"damage_healed":0,"gold_gain":0,"player_choice":"Read","damage_taken":0,"max_hp_gain":0,"max_hp_loss":0,"event_name":"The Library","floor":30,"gold_loss":0,"cards_obtained":["Infinite Sin"]},{"damage_healed":0,"gold_gain":0,"player_choice":"Ignored","damage_taken":0,"max_hp_gain":0,"max_hp_loss":0,"event_name":"Vampires","floor":31,"gold_loss":0},{"damage_healed":0,"gold_gain":0,"player_choice":"Memory 1","damage_taken":0,"max_hp_gain":0,"max_hp_loss":0,"event_name":"SensoryStone","floor":36,"gold_loss":0},{"damage_healed":0,"gold_gain":333,"player_choice":"Gave Idol","damage_taken":0,"max_hp_gain":0,"max_hp_loss":0,"event_name":"The Moai Head","floor":38,"relics_lost":["Golden Idol"],"gold_loss":0},{"damage_healed":0,"gold_gain":0,"player_choice":"Fight","damage_taken":0,"max_hp_gain":0,"max_hp_loss":0,"event_name":"Mysterious Sphere","floor":39,"gold_loss":0},{"damage_healed":0,"gold_gain":0,"player_choice":"Ignored","damage_taken":0,"max_hp_gain":0,"max_hp_loss":0,"event_name":"Tomb of Lord Red Mask","floor":47,"gold_loss":0}],"is_beta":false,"boss_relics":[{"not_picked":["reliquary:RedPaperclip","Tiny House"],"picked":"Black Star"},{"not_picked":["Cursed Key","Velvet Choker"],"picked":"SlaversCollar"}],"items_purged_floors":[],"is_endless":false,"potions_floor_spawned":[6,7,18,28,35,44],"ascension_level":0}}