{"host":"2d926qfvvz477zl6","time":1614192932,"event":{"mods":["Aspiration","BaseMod","Challenge The Spire","Colorless Booster Pack","Conspire","Defective Defect","Downfall","GifTheSpireLib","Googly Eyes","GungeonMod","Halation","Hermit","Hero for Fun","Hubris","Infinite Spire","Minty Spire (QoL Compilation)","Morshu Shopkeeper","Permanent Neow","Pikachu Mod","Poor People Problems","Quick Restart","Rare Cards Sparkle","Reliquary","Replay The Spire","Shedinja","Shop Mod","Somnambulant","Spicy Shops","StS++","StSLib","Stuff the Spire","Td1madao Mod","The Awakened One except there are too many feathers","The Blue Laboratory","The Bug Knight","The Construct","The Cursed","The Disciple","The Edgeheg","The Forsaken","The Hierophant","The Servant 0.9.4","TheFirefly","Uncapped","Useless Jewels Mod","Wandering Minibosses","Wide Potions","[JumpMod]????","egg","everything is the same but u backflip on backflip","slay the spire mod where everything is the same but ironclad has a cowboy hat","thorton"],"gold_per_floor":[115,115,115,134,134,134,134,13,13,13,54,54,99,143,143,278,278,294,294,294,375,432,432,457,563,586,669,18,87,87,150,150,397,397,448,448,503,643,643,643,859,37,37,37,238,238,84,106,106,188],"floor_reached":51,"language":"ENG","playtime":2015,"items_purged":["Normality","thethorton:Strike","thethorton:Strike"],"score":1012,"play_id":"0fc8c997-de06-4986-a96b-ee3a3da7bcc2","local_time":"20210224135532","is_ascension_mode":false,"campfire_choices":[{"data":"thethorton:CreditCard","floor":6.0,"key":"SMITH"},{"data":"thethorton:CreditCard+2","floor":10.0,"key":"SMITH"},{"data":"thethorton:CreditCard+3","floor":12.0,"key":"SMITH"},{"data":"thethorton:CreditCard+4","floor":15.0,"key":"SMITH"},{"data":"thethorton:CreditCard+5","floor":23,"key":"SMITH"},{"data":"thethorton:CowardiceForm","floor":30,"key":"SMITH"},{"data":"thethorton:CreditCard+6","floor":32,"key":"SMITH"},{"data":"thethorton:PennyToss","floor":40,"key":"SMITH"},{"floor":49,"key":"REST"},{"data":"thethorton:CowardiceForm","floor":49,"key":"SMITH"}],"circlet_count":0,"master_deck":["thethorton:Strike","thethorton:Strike","thethorton:Defend","thethorton:Defend","thethorton:Defend","thethorton:Defend+1","thethorton:Heckle","thethorton:CreditCard+7","thethorton:BusinessCard","thethorton:RunningKick+1","thethorton:BusinessBoom","thethorton:Crash","thethorton:EquivalentExchange+1","thethorton:SummonProfit","thethorton:HitAhead+1","infinitespire:Punishment","infinitespire:Gouge","thethorton:TakeAccounts+1","thethorton:SnowDay","thethorton:LastDitchEffort+1","thethorton:BusinessCard","thethorton:CowardiceForm+1","thethorton:BookBash","thethorton:CallIn+1","thethorton:PennyToss+1","thethorton:YoureFired","thethorton:CashBash+1","StuffTheSpire:Brawn","thethorton:Crash","thethorton:PowerUp","infinitespire:Punishment","thethorton:FeelNoBrain+1","thethorton:BusinessCard","thethorton:ShoutAndRun+1","thethorton:CowardiceForm+1","thethorton:RunningKick"],"relics":["thethorton:CouragePotion","HowToJump","halation:EternalFortune","theForsaken:ScaryMask","Bronze Scales","Replay:Bronze Core","thethorton:TimeNecklace","Nloth\u0027s Gift","Gremlin Horn","Regal Pillow","War Paint","Mirror","FossilizedHelix","Durian","Lantern","infinitespire:EvilPickle","reliquary:RedCape","conspire:Boomerang","halation:AfternoonTea","halation:BottledLove","infinitespire:Magic Flask","ClockworkSouvenir","DemoMod:NanoMachines","DemoMod:Armor","Blue Candle","halation:YellowSoulGem","conspire:GiftBox","Potion Belt","conspire:InfiniteJournal"],"acts_visited":["Exordium","TheCity","TheBeyond"],"potions_floor_usage":[18,25,33,33,50,50],"damage_taken":[{"damage":7.0,"enemies":"2 Louse","floor":1.0,"turns":4.0},{"damage":21.0,"enemies":"Jaw Worm","floor":4.0,"turns":9.0},{"damage":4.0,"enemies":"Small Slimes","floor":11.0,"turns":4.0},{"damage":0.0,"enemies":"Blue Slaver","floor":13.0,"turns":3.0},{"damage":0.0,"enemies":"Exordium Wildlife","floor":14.0,"turns":7.0},{"damage":0.0,"enemies":"Slime Boss","floor":16.0,"turns":9.0},{"damage":4,"enemies":"3 Byrds","floor":18,"turns":2},{"damage":4,"enemies":"Shell Parasite","floor":21,"turns":3},{"damage":0,"enemies":"Snecko","floor":22,"turns":3},{"damage":0,"enemies":"Sentry and Sphere","floor":25,"turns":3},{"damage":1,"enemies":"Gremlin Leader","floor":27,"turns":4},{"damage":0,"enemies":"Cultist and Chosen","floor":29,"turns":6},{"damage":5,"enemies":"Snake Plant","floor":31,"turns":3},{"damage":0,"enemies":"Pondfish","floor":33,"turns":8},{"damage":0,"enemies":"Orb Walker","floor":35,"turns":3},{"damage":0,"enemies":"3 Shapes","floor":37,"turns":5},{"damage":0,"enemies":"Writhing Mass","floor":38,"turns":4},{"damage":9,"enemies":"Reptomancer","floor":41,"turns":3},{"damage":0,"enemies":"Transient","floor":45,"turns":5},{"damage":0,"enemies":"3 Darklings","floor":48,"turns":2},{"damage":0,"enemies":"Replay:Hell Engine","floor":50,"turns":7}],"seed_played":"157602661235291483","potions_obtained":[{"floor":14.0,"key":"FearPotion"},{"floor":16,"key":"PowerPotion"},{"floor":21,"key":"blueLaboratory:AbyssPotion"},{"floor":22,"key":"Block Potion"},{"floor":27,"key":"blueLaboratory:StoneskinPotion"},{"floor":29,"key":"DemoMod:LeadSkinPotion"},{"floor":35,"key":"blueLaboratory:NullPotion"},{"floor":48,"key":"Adrenaline Potion"}],"is_trial":false,"path_per_floor":["M","?","?","M","?","R","?","$","T","R","M","R","M","M","R","B",null,"M","AVR","?","M","M","R","T","M","T","E","$","M","R","M","R","B",null,"M","?","M","M","AVR","R","E","$","T","?","M","T","$","M","R","B",null],"character_chosen":"THE_THORT","items_purchased":["theForsaken:ScaryMask","FossilizedHelix","thethorton:CowardiceForm","Durian","thethorton:BookBash","infinitespire:Magic Flask","ClockworkSouvenir","DemoMod:NanoMachines","thethorton:BusinessCard","Potion Belt"],"campfire_rested":1,"item_purchase_floors":[8,28,28,28,28,42,42,42,42,47],"current_hp_per_floor":[61,64,64,46,46,46,46,46,46,46,42,42,42,42,42,42,74,70,70,70,66,66,66,66,66,66,68,73,73,73,68,68,68,82,82,82,82,82,82,82,73,73,73,73,73,73,73,73,82,82],"gold":188,"neow_bonus":"RANDOM_COMMON_RELIC","is_daily":false,"chose_seed":false,"campfire_upgraded":9,"win_rate":0.0,"timestamp":1614192932,"path_taken":["M","?","?","M","?","R","?","$","T","R","M","R","M","?","R","BOSS","BOSS","M","AVR","?","?","M","R","?","M","T","E","?","M","R","M","R","BOSS","M","?","M","M","AVR","R","E","$","T","?","M","?","$","M","R","BOSS"],"items_purchased_type":["Relic","Relic","Card","Relic","Card","Relic","Relic","Relic","Card","Relic"],"build_version":"2020-12-22","purchased_purges":3,"victory":true,"max_hp_per_floor":[68,71,71,74,74,74,74,74,74,74,74,74,74,74,74,74,74,74,74,74,74,74,74,74,74,74,77,82,82,82,82,82,82,82,82,82,82,82,82,82,82,82,82,82,82,82,82,82,82,82],"card_choices":[{"not_picked":["thethorton:AngerMoment","thethorton:DesperateRun"],"picked":"thethorton:BusinessCard","floor":1.0},{"not_picked":["thethorton:Distance","thethorton:DownPayment"],"picked":"thethorton:RunningKick","floor":4.0},{"not_picked":["thethorton:DesperateRun","thethorton:FocusStrength"],"picked":"thethorton:BusinessBoom","floor":11.0},{"not_picked":["thethorton:CoinClash","thethorton:ElbowSmash"],"picked":"thethorton:Crash","floor":13.0},{"not_picked":["thethorton:StampSmack","thethorton:LongTermPayoff"],"picked":"thethorton:EquivalentExchange","floor":14.0},{"not_picked":["thethorton:MidnightStrike","thethorton:Fortune"],"picked":"thethorton:SummonProfit","floor":16},{"not_picked":["thethorton:BookBash","thethorton:SicklyRun"],"picked":"thethorton:HitAhead+1","floor":18},{"not_picked":["thethorton:DualBap","thethorton:CashBash"],"picked":"thethorton:TakeAccounts+1","floor":21},{"not_picked":["thethorton:Fortune","thethorton:CoffeeBlast"],"picked":"thethorton:SnowDay","floor":22},{"not_picked":["thethorton:FocusStrength+1","thethorton:CoffeeBlast+1"],"picked":"thethorton:LastDitchEffort+1","floor":25},{"not_picked":["thethorton:DoubleRun","thethorton:CoinClash+1"],"picked":"thethorton:BusinessCard","floor":27},{"not_picked":["thethorton:DownPayment","thethorton:OddChange"],"picked":"thethorton:CallIn+1","floor":29},{"not_picked":["thethorton:Rebalance","thethorton:Distance+1"],"picked":"thethorton:PennyToss","floor":31},{"not_picked":["thethorton:Demotion","thethorton:DodgeAndRollAndRun"],"picked":"thethorton:YoureFired","floor":33},{"not_picked":["thethorton:DualBap","thethorton:BoardroomBlast"],"picked":"thethorton:CashBash+1","floor":35},{"not_picked":["StuffTheSpire:BrainWave","StuffTheSpire:Innocence"],"picked":"StuffTheSpire:Brawn","floor":36},{"not_picked":["thethorton:BusinessBoom","thethorton:LastDitchEffort"],"picked":"thethorton:Crash","floor":37},{"not_picked":["thethorton:ElbowSmash","thethorton:DownPayment"],"picked":"thethorton:PowerUp","floor":38},{"not_picked":["thethorton:Investment","thethorton:CardboardBox"],"picked":"thethorton:FeelNoBrain+1","floor":41},{"not_picked":["thethorton:AngerMoment","thethorton:LongTermPayoff+1"],"picked":"thethorton:ShoutAndRun+1","floor":45},{"not_picked":["thethorton:MidnightStrike","thethorton:Hexaghostify"],"picked":"thethorton:CowardiceForm","floor":46},{"not_picked":["thethorton:SicklyRun+1","thethorton:StumblingSlap"],"picked":"thethorton:RunningKick","floor":48}],"player_experience":562522,"relics_obtained":[{"floor":4.0,"key":"halation:EternalFortune"},{"floor":9.0,"key":"Bronze Scales"},{"floor":24,"key":"Regal Pillow"},{"floor":26,"key":"War Paint"},{"floor":27,"key":"halation:EternalFortune"},{"floor":27,"key":"Mirror"},{"floor":41,"key":"halation:BottledLove"},{"floor":43,"key":"Blue Candle"},{"floor":46,"key":"conspire:GiftBox"}],"event_choices":[{"damage_healed":0.0,"max_hp_gain":0.0,"max_hp_loss":0.0,"gold_gain":0.0,"event_name":"Living Wall","player_choice":"Grow","floor":7.0,"gold_loss":0.0,"damage_taken":0.0,"cards_upgraded":["thethorton:CreditCard"]},{"damage_healed":0,"gold_gain":0,"player_choice":"Traded Relic","damage_taken":0,"relics_obtained":["Nloth\u0027s Gift"],"max_hp_gain":0,"max_hp_loss":0,"event_name":"N\u0027loth","floor":20,"relics_lost":["Orichalcum"],"gold_loss":0}],"is_beta":false,"boss_relics":[{"not_picked":["hubris:Backtick","Snecko Eye"],"picked":"Replay:Bronze Core"},{"not_picked":["halation:ForbiddenBikini","SacredBark"],"picked":"reliquary:RedCape"}],"items_purged_floors":[19,39,42],"is_endless":false,"potions_floor_spawned":[14,16,21,22,27,29,35,48],"ascension_level":0}}