{"host":"dz37y7s0f4dytpbs","time":1614132341,"event":{"mods":["2.2 Compatiblity","AchievementEnabler","BaseMod","BetterRewards","Colored Map","Custom Start","Keyboard Shortcuts","Marisa£¨Ùöéë¡¡Øª×âÞÞ£©","Minty Spire (QoL Compilation)","Permanent Neow","StSLib","SuperFastMode","everything is the same but u backflip on backflip"],"gold_per_floor":[116,132,132,148,160,160,186,186,211,211,251,251,285,306,306,399,399,420,420,439,462,462,497,509,143,218,5,45,64,98,117,117,213,213,226,104,104,104,104,143,143,184,208,252,266,266,266,287,287,287,287,287,37,75,75],"floor_reached":56,"language":"KOR","playtime":4029,"items_purged":["Strike_G","Strike_G","Strike_G","Defend_G","Defend_G","Defend_G","Strike_G","Defend_G"],"score":3478,"play_id":"38175fec-2bbb-451b-be06-26f328af7917","local_time":"20210224110541","is_ascension_mode":true,"campfire_choices":[{"data":"Catalyst","floor":6.0,"key":"SMITH"},{"data":"Well Laid Plans","floor":12.0,"key":"SMITH"},{"data":"Burst","floor":15.0,"key":"SMITH"},{"data":"Catalyst","floor":24.0,"key":"SMITH"},{"data":"Tactician","floor":32.0,"key":"SMITH"},{"data":"Acrobatics","floor":41.0,"key":"SMITH"},{"floor":46.0,"key":"RECALL"},{"data":"Tactician","floor":49.0,"key":"SMITH"},{"data":"Bouncing Flask","floor":52.0,"key":"SMITH"}],"circlet_count":0,"master_deck":["AscendersBane","Survivor","Neutralize+1","Tactician+1","Bouncing Flask+1","Well Laid Plans+1","Blur","Envenom+1","Deadly Poison","Accuracy+1","Catalyst+1","Accuracy+1","Deflect","Bane+1","Venomology","Footwork+1","Catalyst+1","Burst+1","Blade Dance","Wraith Form v2+1","Cloak And Dagger","Backflip","Footwork+1","Tactician+1","Wraith Form v2+1","Accuracy+1","Envenom+1","PiercingWail","Acrobatics+1","Blade Dance","Wraith Form v2+1","Caltrops+1","Wraith Form v2+1","Wraith Form v2+1","Noxious Fumes+1","Bouncing Flask+1","Setup+1","Infinite Blades+1","Madness","Madness","Acrobatics+1","Backflip","Caltrops+1","Wraith Form v2+1"],"relics":["Ring of the Snake","OrangePellets","Mummified Hand","Membership Card","FossilizedHelix","Happy Flower","Question Card","Frozen Egg 2","HandDrill","Sundial","Blood Vial","Golden Idol","Vajra","Boot","Pocketwatch","Nunchaku","Philosopher\u0027s Stone","Potion Belt","MawBank","Juzu Bracelet","ClockworkSouvenir","Gambling Chip","Meat on the Bone","Red Mask","Busted Crown","DollysMirror","Darkstone Periapt","The Specimen","Pen Nib","Snake Skull","Orichalcum","Medical Kit","Whetstone"],"acts_visited":["Exordium","TheCity","TheBeyond","TheEnding"],"potions_floor_usage":[55,55,55,55,55],"damage_taken":[{"damage":0.0,"enemies":"Cultist","floor":1.0,"turns":4.0},{"damage":0.0,"enemies":"Jaw Worm","floor":2.0,"turns":5.0},{"damage":6.0,"enemies":"2 Louse","floor":4.0,"turns":4.0},{"damage":0.0,"enemies":"Exordium Wildlife","floor":5.0,"turns":3.0},{"damage":0.0,"enemies":"Lagavulin","floor":7.0,"turns":5.0},{"damage":0.0,"enemies":"Gremlin Nob","floor":11.0,"turns":3.0},{"damage":0.0,"enemies":"3 Sentries","floor":13.0,"turns":6.0},{"damage":0.0,"enemies":"Red Slaver","floor":14.0,"turns":3.0},{"damage":0.0,"enemies":"The Guardian","floor":16.0,"turns":3.0},{"damage":0.0,"enemies":"Shell Parasite","floor":18.0,"turns":2.0},{"damage":12.0,"enemies":"Spheric Guardian","floor":20.0,"turns":4.0},{"damage":10.0,"enemies":"Centurion and Healer","floor":21.0,"turns":3.0},{"damage":0.0,"enemies":"Slavers","floor":23.0,"turns":4.0},{"damage":0.0,"enemies":"Book of Stabbing","floor":28.0,"turns":4.0},{"damage":0.0,"enemies":"Snake Plant","floor":29.0,"turns":2.0},{"damage":0.0,"enemies":"Masked Bandits","floor":30.0,"turns":4.0},{"damage":0.0,"enemies":"Cultist and Chosen","floor":31.0,"turns":4.0},{"damage":0.0,"enemies":"Champ","floor":33.0,"turns":5.0},{"damage":0.0,"enemies":"3 Shapes","floor":35.0,"turns":5.0},{"damage":0.0,"enemies":"Giant Head","floor":40.0,"turns":4.0},{"damage":0.0,"enemies":"Nemesis","floor":42.0,"turns":5.0},{"damage":0.0,"enemies":"Reptomancer","floor":44.0,"turns":5.0},{"damage":0.0,"enemies":"3 Darklings","floor":45.0,"turns":4.0},{"damage":0.0,"enemies":"4 Shapes","floor":48.0,"turns":2.0},{"damage":0.0,"enemies":"Time Eater","floor":50.0,"turns":5.0},{"damage":0.0,"enemies":"Shield and Spear","floor":54.0,"turns":2.0},{"damage":16,"enemies":"The Heart","floor":55,"turns":6}],"seed_played":"6808210209096827165","potions_obtained":[{"floor":1.0,"key":"SteroidPotion"},{"floor":4.0,"key":"Block Potion"},{"floor":13.0,"key":"Energy Potion"},{"floor":14.0,"key":"Block Potion"},{"floor":18.0,"key":"PowerPotion"},{"floor":28.0,"key":"Poison Potion"},{"floor":30.0,"key":"DuplicationPotion"},{"floor":31.0,"key":"ColorlessPotion"},{"floor":44.0,"key":"SkillPotion"},{"floor":45.0,"key":"Poison Potion"}],"is_trial":false,"path_per_floor":["M","M","?","M","M","R","E","?","T","?","E","R","E","M","R","B",null,"M","?","M","M","T","E","R","$","T","$","E","M","?","M","R","B",null,"M","$","?","?","?","E","R","E","T","E","M","R","?","M","R","B",null,"R","$","E","B",null],"character_chosen":"THE_SILENT","items_purchased":["OrangePellets","Mummified Hand","Tactician","Bouncing Flask","Well Laid Plans","Membership Card","FossilizedHelix","Happy Flower","Question Card","Frozen Egg 2","HandDrill","Blur","Envenom+1","Deadly Poison","Sundial","Accuracy+1","Catalyst","Accuracy+1","Deflect","Wraith Form v2+1","Juzu Bracelet","ClockworkSouvenir","Accuracy+1","Gambling Chip","Caltrops+1","DollysMirror","Backflip","Orichalcum","Medical Kit","Caltrops+1","SteroidPotion"],"campfire_rested":0,"item_purchase_floors":[0,0,0,0,0,0,0,0,0,0,0,0,0,0,0,0,0,0,0,25,25,25,27,27,36,36,53,53,53,53,53],"current_hp_per_floor":[59,59,64,58,58,58,58,34,34,29,31,31,33,35,35,37,63,65,65,55,47,47,49,49,49,49,49,51,53,55,57,57,59,68,70,70,70,70,70,71,71,71,71,71,71,71,58,60,60,62,69,69,69,71,55],"gold":75,"neow_bonus":"","is_daily":false,"chose_seed":false,"campfire_upgraded":8,"win_rate":0.0,"timestamp":1614132341,"path_taken":["M","M","?","M","M","R","E","?","T","?","E","R","E","M","R","BOSS","M","?","M","?","?","E","R","$","T","?","E","M","?","M","R","BOSS","M","$","?","?","?","E","R","E","T","E","M","R","?","M","R","BOSS","R","$","E","BOSS"],"items_purchased_type":["Relic","Relic","Card","Card","Card","Relic","Relic","Relic","Relic","Relic","Relic","Card","Card","Card","Relic","Card","Card","Card","Card","Card","Relic","Relic","Card","Relic","Card","Relic","Card","Relic","Relic","Card","Potion"],"build_version":"2020-12-22","purchased_purges":8,"victory":true,"max_hp_per_floor":[66,66,71,71,71,71,71,71,71,71,71,71,71,71,71,71,71,71,71,71,71,71,71,71,71,71,71,71,71,71,71,71,71,71,71,71,71,71,71,71,71,71,71,71,71,71,71,71,71,71,71,71,71,71,71],"card_choices":[{"not_picked":["Dagger Spray","Quick Slash","Flying Knee","Calculated Gamble"],"picked":"SKIP","floor":1.0},{"not_picked":["Acrobatics","Distraction","Endless Agony"],"picked":"Bane","floor":2.0},{"not_picked":["Endless Agony","Prepared","Dagger Throw"],"picked":"Venomology","floor":4.0},{"not_picked":["Outmaneuver","Prepared","Endless Agony"],"picked":"Dagger Throw","floor":5.0},{"not_picked":["Outmaneuver","Flechettes","Acrobatics"],"picked":"Footwork+1","floor":7.0},{"not_picked":["Bullet Time","Prepared","Sucker Punch"],"picked":"Catalyst","floor":11.0},{"not_picked":["Cloak And Dagger","Doppelganger","Bane"],"picked":"Burst","floor":13.0},{"not_picked":["Flechettes","Deadly Poison","Terror"],"picked":"Blade Dance","floor":14.0},{"not_picked":["Adrenaline","Doppelganger","Corpse Explosion"],"picked":"Wraith Form v2+1","floor":16.0},{"not_picked":["Dodge and Roll","Prepared","Terror"],"picked":"Cloak And Dagger","floor":18.0},{"not_picked":["Blur","Well Laid Plans+1","All Out Attack"],"picked":"Backflip","floor":20.0},{"not_picked":["Acrobatics","Flying Knee","Underhanded Strike"],"picked":"Footwork+1","floor":21.0},{"not_picked":["Cloak And Dagger","Escape Plan","Prepared+1"],"picked":"Tactician","floor":23.0},{"not_picked":["Bane","Unload","Terror"],"picked":"Envenom+1","floor":28.0},{"not_picked":["Well Laid Plans+1","Escape Plan","Dagger Spray"],"picked":"PiercingWail","floor":29.0},{"not_picked":["Bane","Flying Knee","Deflect"],"picked":"Acrobatics","floor":30.0},{"not_picked":["Flechettes","Skewer","Bane"],"picked":"Blade Dance","floor":31.0},{"not_picked":["Doppelganger","Adrenaline","Envenom+1"],"picked":"Wraith Form v2+1","floor":33.0},{"not_picked":["Slice","Skewer"],"picked":"SKIP","floor":35.0},{"not_picked":["Blade Dance"],"picked":"Noxious Fumes+1","floor":40.0},{"not_picked":["Doppelganger"],"picked":"Bouncing Flask+1","floor":42.0},{"not_picked":["Dodge and Roll"],"picked":"Setup+1","floor":44.0},{"not_picked":["Catalyst+1"],"picked":"Infinite Blades+1","floor":45.0},{"not_picked":["Sucker Punch"],"picked":"Acrobatics+1","floor":48.0},{"not_picked":["Bane"],"picked":"Wraith Form v2+1","floor":54.0}],"player_experience":373669,"relics_obtained":[{"floor":7.0,"key":"Blood Vial"},{"floor":9.0,"key":"Vajra"},{"floor":11.0,"key":"Pocketwatch"},{"floor":13.0,"key":"Nunchaku"},{"floor":22.0,"key":"Potion Belt"},{"floor":23.0,"key":"MawBank"},{"floor":28.0,"key":"Meat on the Bone"},{"floor":30.0,"key":"Red Mask"},{"floor":40.0,"key":"Darkstone Periapt"},{"floor":42.0,"key":"The Specimen"},{"floor":43.0,"key":"Pen Nib"},{"floor":44.0,"key":"Snake Skull"},{"floor":54.0,"key":"Whetstone"}],"event_choices":[{"damage_healed":0.0,"max_hp_gain":5.0,"max_hp_loss":0.0,"gold_gain":0.0,"event_name":"Big Fish","player_choice":"Donut","floor":3.0,"gold_loss":0.0,"damage_taken":0.0},{"damage_healed":0.0,"max_hp_gain":0.0,"max_hp_loss":0.0,"gold_gain":0.0,"event_name":"Golden Idol","player_choice":"Take Damage","floor":8.0,"gold_loss":0.0,"damage_taken":24.0,"relics_obtained":["Golden Idol"]},{"damage_healed":0.0,"max_hp_gain":0.0,"max_hp_loss":0.0,"gold_gain":0.0,"event_name":"Scrap Ooze","player_choice":"Success","floor":10.0,"gold_loss":0.0,"damage_taken":5.0,"relics_obtained":["Boot"]},{"cards_removed":["Strike_G"],"damage_healed":0.0,"max_hp_gain":0.0,"max_hp_loss":0.0,"gold_gain":0.0,"event_name":"Purifier","player_choice":"Purged","floor":19.0,"gold_loss":0.0,"damage_taken":0.0},{"damage_healed":0.0,"max_hp_gain":0.0,"max_hp_loss":0.0,"gold_gain":0.0,"event_name":"Masked Bandits","player_choice":"Fought Bandits","floor":30.0,"gold_loss":0.0,"damage_taken":0.0},{"damage_healed":0.0,"max_hp_gain":0.0,"max_hp_loss":0.0,"gold_gain":0.0,"event_name":"Match and Keep!","player_choice":"1 cards matched","floor":37.0,"gold_loss":0.0,"damage_taken":0.0,"cards_obtained":["Wraith Form v2"]},{"cards_removed":["Defend_G"],"damage_healed":0.0,"max_hp_gain":0.0,"max_hp_loss":0.0,"gold_gain":0.0,"event_name":"Wheel of Change","player_choice":"Card Removal","floor":38.0,"gold_loss":0.0,"damage_taken":0.0},{"cards_removed":["Dagger Throw"],"damage_healed":0.0,"max_hp_gain":0.0,"max_hp_loss":0.0,"gold_gain":0.0,"event_name":"Falling","player_choice":"Removed Attack","floor":39.0,"gold_loss":0.0,"damage_taken":0.0},{"damage_healed":0.0,"max_hp_gain":0.0,"max_hp_loss":0.0,"gold_gain":0.0,"event_name":"Winding Halls","player_choice":"Embrace Madness","floor":47.0,"gold_loss":0.0,"damage_taken":13.0,"cards_obtained":["Madness","Madness"]}],"is_beta":false,"boss_relics":[{"not_picked":["Empty Cage","Ring of the Serpent"],"picked":"Philosopher\u0027s Stone"},{"not_picked":["Calling Bell","Runic Pyramid"],"picked":"Busted Crown"}],"items_purged_floors":[0,0,0,0,0,0,0,25],"is_endless":false,"potions_floor_spawned":[1,4,13,14,18,28,30,31,35,40,44,45,54],"ascension_level":17}}