{"host":"uafoej811sw8via1","time":1614138788,"event":{"mods":["BaseMod","Minty Spire (QoL Compilation)","Relic Stats","StSLib"],"gold_per_floor":[113,126,201,217,367,367,40,40,40,55,55,87,102,102,102,102,102],"floor_reached":16,"language":"ENG","playtime":753,"items_purged":[],"score":200,"play_id":"4059faa6-690c-41fe-8fc5-e24df1dbed50","local_time":"20210223225308","is_ascension_mode":true,"campfire_choices":[{"data":"Sweeping Beam","floor":6,"key":"SMITH"},{"data":"1","floor":8,"key":"LIFT"},{"data":"2","floor":11,"key":"LIFT"},{"floor":15,"key":"REST"}],"circlet_count":0,"master_deck":["AscendersBane","Strike_B","Strike_B","Strike_B","Strike_B","Defend_B","Defend_B","Defend_B","Defend_B","Zap","Dualcast","Leap","Sweeping Beam+1","Gash","Barrage","Static Discharge","Doom and Gloom"],"relics":["Cracked Core","Lantern","Girya","Strawberry","Bag of Marbles"],"acts_visited":["Exordium"],"potions_floor_usage":[12,16],"damage_taken":[{"damage":0,"enemies":"Small Slimes","floor":1,"turns":3},{"damage":2,"enemies":"Jaw Worm","floor":2,"turns":3},{"damage":1,"enemies":"Cultist","floor":4,"turns":4},{"damage":6,"enemies":"Blue Slaver","floor":10,"turns":5},{"damage":12,"enemies":"Lagavulin","floor":12,"turns":6},{"damage":9,"enemies":"3 Louse","floor":13,"turns":4},{"damage":53,"enemies":"The Guardian","floor":16,"turns":9}],"seed_played":"-7301889860923455645","potions_obtained":[{"floor":4,"key":"SkillPotion"},{"floor":13,"key":"SneckoOil"}],"is_trial":false,"path_per_floor":["M","M","?","M","?","R","$","R","T","M","R","E","M","?","R","B"],"character_chosen":"DEFECT","items_purchased":["Girya"],"campfire_rested":1,"item_purchase_floors":[7],"current_hp_per_floor":[64,62,51,50,50,50,50,50,57,51,51,39,30,23,46,0,0],"gold":102,"neow_bonus":"RANDOM_COMMON_RELIC","is_daily":false,"chose_seed":false,"campfire_upgraded":1,"win_rate":0.0,"timestamp":1614138788,"path_taken":["M","M","?","M","?","R","$","R","T","M","R","E","M","?","R","BOSS"],"items_purchased_type":["Relic"],"build_version":"2020-12-22","purchased_purges":0,"victory":false,"max_hp_per_floor":[71,71,71,71,71,71,71,71,78,78,78,78,78,78,78,78,78],"relic_stats":{"counters":[7,34],"obtain_stats":[{"Girya":7,"Lantern":0,"Strawberry":9,"Bag of Marbles":12,"Cracked Core":0},{"Girya":3,"Lantern":0,"Strawberry":3,"Bag of Marbles":5,"Cracked Core":0},{"Girya":10,"Lantern":0,"Strawberry":10,"Bag of Marbles":21,"Cracked Core":0}]},"card_choices":[{"not_picked":["White Noise","Turbo"],"picked":"Leap","floor":1},{"not_picked":["Defragment","Compile Driver"],"picked":"Sweeping Beam","floor":2},{"not_picked":["Steam","Scrape"],"picked":"Gash","floor":4},{"not_picked":["Reboot","Leap"],"picked":"Barrage","floor":10},{"not_picked":["Creative AI","Capacitor"],"picked":"Static Discharge","floor":12},{"not_picked":["Double Energy","Coolheaded"],"picked":"Doom and Gloom","floor":13}],"player_experience":1103712,"relics_obtained":[{"floor":9,"key":"Strawberry"},{"floor":12,"key":"Bag of Marbles"}],"event_choices":[{"damage_healed":0,"gold_gain":75,"player_choice":"Gather Gold","damage_taken":11,"max_hp_gain":0,"max_hp_loss":0,"event_name":"World of Goop","floor":3,"gold_loss":0},{"damage_healed":0,"gold_gain":150,"player_choice":"AGREE","damage_taken":0,"max_hp_gain":0,"max_hp_loss":0,"event_name":"Liars Game","floor":5,"gold_loss":0,"cards_obtained":["Doubt"]},{"cards_removed":["Doubt"],"damage_healed":0,"gold_gain":0,"player_choice":"Card Removal","damage_taken":7,"max_hp_gain":0,"max_hp_loss":0,"event_name":"Golden Wing","floor":14,"gold_loss":0}],"is_beta":false,"boss_relics":[],"items_purged_floors":[],"is_endless":false,"potions_floor_spawned":[4,13],"killed_by":"The Guardian","ascension_level":20}}