{"host":"7jag2woc339g1nhm","time":1614137078,"event":{"mods":["AchievementEnabler","BaseMod","Bestiary","DeckTracker","Minty Spire (QoL Compilation)"],"gold_per_floor":[112,287,287,299,317,317,343,343,366,381,381,407,71,86,86,189,189,173,184,184,204,216,216,216],"floor_reached":23,"language":"ENG","playtime":4871,"items_purged":[],"score":223,"play_id":"46116ad5-0706-4bdf-9a30-290be825fb78","local_time":"20210224135438","is_ascension_mode":true,"campfire_choices":[{"data":"Fusion","floor":6,"key":"SMITH"},{"data":"Zap","floor":8,"key":"SMITH"},{"floor":15,"key":"REST"}],"circlet_count":0,"master_deck":["Strike_B","Strike_B","Strike_B","Strike_B","Defend_B","Defend_B","Defend_B","Defend_B","Zap+1","Dualcast","Fusion+1","Reinforced Body","Reinforced Body","Barrage","Redo","Melter","Redo","Echo Form","Cold Snap","White Noise","Bandage Up","Reboot","Coolheaded+1","Reprogram"],"relics":["Cracked Core","NeowsBlessing","Boot","Vajra","Mummified Hand","Torii","Busted Crown"],"acts_visited":["Exordium","TheCity"],"potions_floor_usage":[7,7,12,12,16,16,16,16],"damage_taken":[{"damage":0,"enemies":"2 Louse","floor":1,"turns":1},{"damage":0,"enemies":"Cultist","floor":4,"turns":1},{"damage":0,"enemies":"Small Slimes","floor":5,"turns":1},{"damage":8,"enemies":"3 Sentries","floor":7,"turns":8},{"damage":0,"enemies":"2 Fungi Beasts","floor":10,"turns":4},{"damage":44,"enemies":"Gremlin Nob","floor":12,"turns":6},{"damage":8,"enemies":"3 Louse","floor":14,"turns":4},{"damage":33,"enemies":"Slime Boss","floor":16,"turns":15},{"damage":24,"enemies":"2 Thieves","floor":18,"turns":4},{"damage":12,"enemies":"Shell Parasite","floor":19,"turns":5},{"damage":26,"enemies":"Snake Plant","floor":21,"turns":5},{"damage":16,"enemies":"Shelled Parasite and Fungi","floor":22,"turns":7},{"damage":12,"enemies":"Gremlin Leader","floor":23,"turns":4}],"seed_played":"7643790337568691326","potions_obtained":[{"floor":1,"key":"Strength Potion"},{"floor":3,"key":"DistilledChaos"},{"floor":3,"key":"Dexterity Potion"},{"floor":7,"key":"Dexterity Potion"},{"floor":14,"key":"EntropicBrew"}],"is_trial":false,"path_per_floor":["M","?","?","M","M","R","E","R","T","M","?","E","$","M","R","B",null,"M","M","?","M","M","E"],"character_chosen":"DEFECT","items_purchased":["Torii","Melter"],"campfire_rested":1,"item_purchase_floors":[13,13],"current_hp_per_floor":[75,75,75,75,75,75,67,67,67,67,60,16,16,8,30,12,75,51,39,39,13,1,0,0],"gold":216,"neow_bonus":"THREE_ENEMY_KILL","is_daily":false,"chose_seed":false,"campfire_upgraded":2,"win_rate":0.0,"timestamp":1614137078,"path_taken":["M","?","?","M","?","R","E","R","T","M","?","E","$","M","R","BOSS","M","M","?","M","?","E"],"items_purchased_type":["Relic","Card"],"build_version":"2020-12-22","purchased_purges":0,"victory":false,"max_hp_per_floor":[75,75,75,75,75,75,75,75,75,75,75,75,75,75,75,75,75,75,75,75,75,75,75,75],"card_choices":[{"not_picked":["Compile Driver","Force Field","Sunder"],"picked":"SKIP","floor":1},{"not_picked":["Stack","Aggregate"],"picked":"Fusion","floor":4},{"not_picked":["Compile Driver","Fusion"],"picked":"Reinforced Body","floor":5},{"not_picked":["Ball Lightning","Rebound"],"picked":"Reinforced Body","floor":7},{"not_picked":["Gash","Leap"],"picked":"Barrage","floor":10},{"not_picked":["All For One","Cold Snap"],"picked":"Redo","floor":12},{"not_picked":["Reinforced Body","Undo"],"picked":"Redo","floor":14},{"not_picked":["Core Surge","All For One"],"picked":"Echo Form","floor":16},{"not_picked":[],"picked":"Cold Snap","floor":18},{"not_picked":[],"picked":"White Noise","floor":19},{"not_picked":[],"picked":"Coolheaded+1","floor":21},{"not_picked":[],"picked":"Reprogram","floor":22}],"player_experience":112887,"relics_obtained":[{"floor":7,"key":"Boot"},{"floor":9,"key":"Vajra"},{"floor":12,"key":"Mummified Hand"}],"event_choices":[{"damage_healed":0,"gold_gain":175,"player_choice":"AGREE","damage_taken":0,"max_hp_gain":0,"max_hp_loss":0,"event_name":"Liars Game","floor":2,"gold_loss":0,"cards_obtained":["Doubt"]},{"damage_healed":0,"gold_gain":0,"player_choice":"Got Potions","damage_taken":0,"max_hp_gain":0,"max_hp_loss":0,"event_name":"Lab","floor":3,"gold_loss":0},{"cards_removed":["Doubt"],"damage_healed":0,"gold_gain":0,"player_choice":"Card Removal","damage_taken":7,"max_hp_gain":0,"max_hp_loss":0,"event_name":"Golden Wing","floor":11,"gold_loss":0},{"damage_healed":0,"gold_gain":0,"player_choice":"2 cards matched","damage_taken":0,"max_hp_gain":0,"max_hp_loss":0,"event_name":"Match and Keep!","floor":20,"gold_loss":0,"cards_obtained":["Bandage Up","Reboot"]}],"is_beta":false,"boss_relics":[{"not_picked":["FrozenCore","Philosopher\u0027s Stone"],"picked":"Busted Crown"}],"items_purged_floors":[],"is_endless":false,"potions_floor_spawned":[1,7,14],"killed_by":"Gremlin Leader","ascension_level":2}}