{"host":"gaqyve1328ta0etl","time":1614192966,"event":{"mods":["BaseMod","Colored Map","Colored Powertips","Duelist Mod","Googly Eyes","Hero for Fun","Minty Spire (QoL Compilation)","Shop Mod","StSLib","SuperFastMode","The Hierophant","The Runesmith"],"gold_per_floor":[391,316,336,356,84,112,112,146,146,146,161,161,176,176,176,250,250,261,280,280,155,170,170,180,199,251,251,263,277,277,287,287,361,361,372,388,388,388],"floor_reached":37,"language":"ENG","playtime":1125,"items_purged":["theDuelist:Sparks","theDuelist:Sparks","theDuelist:BeaverWarrior"],"score":816,"play_id":"4d601087-87cf-4485-9170-c1373e601ab5","local_time":"20210224105606","is_ascension_mode":true,"campfire_choices":[{"floor":7,"key":"REST"},{"data":"theDuelist:GravityLash","floor":10,"key":"SMITH"},{"floor":15,"key":"REST"},{"floor":23,"key":"REST"},{"floor":30,"key":"REST"},{"floor":32,"key":"REST"}],"circlet_count":0,"master_deck":["AscendersBane","theDuelist:BeaverWarrior","theDuelist:FinalFlame","theDuelist:GiantSoldier","theDuelist:GiantSoldier","theDuelist:GravityLash+1","theDuelist:BerserkerCrush","theDuelist:RainbowNeos+1","theDuelist:MillenniumShield","theDuelist:BerserkerCrush","theDuelist:Reinforcements+1","theDuelist:RainbowNeos+1","theDuelist:Gandora","theDuelist:HappyLover+1","theDuelist:HappyLover+1","theDuelist:DarkBurningMagic+1","theDuelist:EgoBoost+1","theDuelist:GridRod+1","theDuelist:AmuletAmbition","theDuelist:Nameless:War:ForbiddenLance","theDuelist:RainbowNeos+1","theDuelist:BattleFootballer+1","theDuelist:MudGolem","theDuelist:AmuletAmbition","theDuelist:Wiretap+1","theDuelist:KamionTimelord"],"relics":["theDuelist:MillenniumPuzzle","theDuelist:CardPoolRelic","theDuelist:CardPoolBasicRelic","theDuelist:BoosterPackPoolRelic","theDuelist:CardPoolAddRelic","theDuelist:CardPoolMinusRelic","theDuelist:CardPoolSaveRelic","theDuelist:CardPoolOptionsRelic","Matryoshka","theDuelist:BoosterBetterBoostersRelic","Boot","theDuelist:GiftAnubis","theDuelist:NamelessHungerRelic","War Paint","Potion Belt","Astrolabe","Bronze Scales","theDuelist:MetronomeRelicB"],"acts_visited":["Exordium","TheCity","TheBeyond"],"potions_floor_usage":[6,13,16,19,33,37],"damage_taken":[{"damage":0,"enemies":"2 Louse","floor":1,"turns":3},{"damage":0,"enemies":"Cultist","floor":3,"turns":4},{"damage":11,"enemies":"Small Slimes","floor":4,"turns":4},{"damage":10,"enemies":"3 Sentries","floor":6,"turns":6},{"damage":0,"enemies":"Gremlin Nob","floor":8,"turns":4},{"damage":1,"enemies":"Blue Slaver","floor":11,"turns":3},{"damage":0,"enemies":"3 Louse","floor":13,"turns":2},{"damage":18,"enemies":"Slime Boss","floor":16,"turns":10},{"damage":10,"enemies":"Chosen","floor":18,"turns":5},{"damage":19,"enemies":"2 Thieves","floor":19,"turns":4},{"damage":21,"enemies":"Centurion and Healer","floor":22,"turns":7},{"damage":15,"enemies":"Snecko","floor":24,"turns":6},{"damage":15,"enemies":"Sentry and Sphere","floor":28,"turns":5},{"damage":8,"enemies":"Snake Plant","floor":29,"turns":3},{"damage":2,"enemies":"Snecko","floor":31,"turns":4},{"damage":32,"enemies":"Automaton","floor":33,"turns":10},{"damage":11,"enemies":"3 Shapes","floor":35,"turns":6},{"damage":0,"enemies":"Orb Walker","floor":36,"turns":4},{"damage":30,"enemies":"Transient","floor":37,"turns":6}],"seed_played":"-3978791118479749355","potions_obtained":[{"floor":1,"key":"AttackPotion"},{"floor":4,"key":"theDuelist:SummonFuryPotion"},{"floor":8,"key":"theDuelist:BottledKuriboh"},{"floor":13,"key":"theDuelist:SealedPackE"},{"floor":16,"key":"DistilledChaos"},{"floor":22,"key":"Swift Potion"},{"floor":28,"key":"theDuelist:DebuffFuryPotion"},{"floor":29,"key":"PowerPotion"}],"is_trial":false,"path_per_floor":["M","$","M","M","$","E","R","E","T","R","M","?","M","T","R","B",null,"M","M","?","$","M","R","M","?","T","?","M","M","R","M","R","B",null,"M","M","M"],"character_chosen":"THE_DUELIST","items_purchased":["theDuelist:MillenniumShield"],"campfire_rested":5,"item_purchase_floors":[5],"current_hp_per_floor":[45,45,45,34,34,24,45,45,45,45,44,34,36,36,57,41,66,56,37,51,51,32,59,44,44,44,36,23,17,45,43,71,39,80,69,69,39,39],"gold":388,"neow_bonus":"TWO_FIFTY_GOLD","is_daily":false,"chose_seed":false,"campfire_upgraded":1,"win_rate":0.0,"timestamp":1614192966,"path_taken":["M","$","M","M","$","E","R","E","T","R","M","?","?","?","R","BOSS","M","M","?","$","M","R","M","?","T","?","M","M","R","M","R","BOSS","M","M","M"],"items_purchased_type":["Card"],"build_version":"2020-12-22","purchased_purges":3,"victory":false,"max_hp_per_floor":[70,70,70,70,70,70,70,70,70,70,70,70,72,72,72,74,74,74,74,88,88,90,90,90,90,90,90,92,94,94,94,94,94,94,94,94,94,94],"card_choices":[{"not_picked":["theDuelist:FeatherShot","theDuelist:AncientGearFist"],"picked":"theDuelist:GravityLash","floor":1},{"not_picked":["theDuelist:UnderworldCannon","theDuelist:LightningVortex"],"picked":"theDuelist:BerserkerCrush","floor":3},{"not_picked":["theDuelist:Sangan","theDuelist:MythicalBeast","theDuelist:WormApocalypse","theDuelist:Eva"],"picked":"theDuelist:RainbowNeos","floor":4},{"not_picked":["theDuelist:MeteorDestruction","theDuelist:CombinationAttack","theDuelist:PowerKaishin","theDuelist:MagnumShield"],"picked":"theDuelist:BerserkerCrush","floor":6},{"not_picked":["theDuelist:PineappleBlast","theDuelist:CrystalRaigeki","theDuelist:Wiretap","theDuelist:WhiteHowling"],"picked":"theDuelist:Reinforcements","floor":8},{"not_picked":["theDuelist:MeteorDestruction","theDuelist:Hinotama","theDuelist:CoreBlaster","theDuelist:MythicalBeast"],"picked":"theDuelist:RainbowNeos","floor":11},{"not_picked":["theDuelist:AncientGearFist","theDuelist:DarkFactory","theDuelist:Sangan","theDuelist:SevenCompleted"],"picked":"theDuelist:HappyLover","floor":13},{"not_picked":["theDuelist:RainbowNeos","theDuelist:KamionTimelord","theDuelist:Eva","theDuelist:RainbowOverdragon"],"picked":"theDuelist:HappyLover","floor":16},{"not_picked":["theDuelist:Raigeki","theDuelist:LightningBlade","theDuelist:MillenniumShield","theDuelist:Mathematician"],"picked":"theDuelist:AmuletAmbition","floor":18},{"not_picked":["theDuelist:DoubleTool","theDuelist:SilverApples","theDuelist:EgoBoost","theDuelist:Graverobber"],"picked":"theDuelist:Tuningware","floor":19},{"not_picked":["theDuelist:MeteorDestruction","theDuelist:DoubleTool","theDuelist:CombinationAttack","theDuelist:UnderworldCannon"],"picked":"theDuelist:RainbowNeos+1","floor":22},{"not_picked":["theDuelist:SpellShatteringArrow","theDuelist:CoreBlaster","theDuelist:ScrapFactory+1","theDuelist:Invigoration+1","theDuelist:DeltaAttacker"],"picked":"SKIP","floor":24},{"not_picked":["theDuelist:AttackTheMoon","theDuelist:DarkFactory","theDuelist:ShardGreed","theDuelist:Mausoleum"],"picked":"theDuelist:BattleFootballer","floor":28},{"not_picked":["theDuelist:DarklordSuperbia","theDuelist:GilfordLegend","theDuelist:LightningDarts","theDuelist:PowerGiant"],"picked":"theDuelist:MudGolem","floor":29},{"not_picked":["theDuelist:SpellShatteringArrow","theDuelist:Invigoration+1","theDuelist:RainbowNeos","theDuelist:CombinationAttack+1","theDuelist:WhiteMagicalHat"],"picked":"SKIP","floor":31},{"not_picked":["theDuelist:YamiForm","theDuelist:SwordsConcealing","theDuelist:LightningBlade","theDuelist:InstantFusion"],"picked":"theDuelist:AmuletAmbition","floor":33},{"not_picked":["theDuelist:ImperialOrder+1","theDuelist:WhiteHowling","theDuelist:Graverobber+1","theDuelist:PineappleBlast+1"],"picked":"theDuelist:Wiretap+1","floor":35},{"not_picked":["theDuelist:Sangan","theDuelist:MythicalBeast","theDuelist:WhiteNinja+1","theDuelist:PreventRat"],"picked":"theDuelist:KamionTimelord","floor":36}],"player_experience":2254022,"relics_obtained":[{"floor":6,"key":"Matryoshka"},{"floor":8,"key":"theDuelist:BoosterBetterBoostersRelic"},{"floor":9,"key":"Boot"},{"floor":9,"key":"theDuelist:GiftAnubis"},{"floor":14,"key":"War Paint"},{"floor":14,"key":"Potion Belt"},{"floor":26,"key":"Bronze Scales"}],"event_choices":[{"total_magic_score":63,"gold_gain":0,"duelist":true,"damage_taken":10,"relics_obtained":["theDuelist:NamelessHungerRelic"],"points":7,"war_reward":4,"max_hp_gain":0,"max_hp_loss":0,"spent_points":{"magic":0,"greed":0,"war":4,"power":0,"hunger":3},"event_name":"Nameless Tomb","hunger_reward":3,"floor":12,"gold_loss":0,"cards_obtained":["theDuelist:Gandora"]},{"total_magic_score":80,"gold_gain":0,"duelist":true,"damage_taken":0,"relics_obtained":[],"points":8,"war_reward":4,"max_hp_gain":14,"max_hp_loss":0,"spent_points":{"magic":0,"greed":0,"war":4,"power":0,"hunger":4},"event_name":"Nameless Tomb","hunger_reward":4,"floor":20,"gold_loss":0,"cards_obtained":["theDuelist:Nameless:War:ForbiddenLance"]},{"damage_healed":0,"gold_gain":0,"player_choice":"Sold Tuningware for 19 Gold.","duelist":true,"damage_taken":0,"max_hp_gain":0,"max_hp_loss":0,"event_name":"Card Trader","floor":25,"gold_loss":0},{"damage_healed":0,"gold_gain":0,"player_choice":"Dig - random Duelist relic","duelist":true,"damage_taken":0,"max_hp_gain":0,"max_hp_loss":0,"event_name":"Aknamkanon\u0027s Tomb","floor":27,"gold_loss":0}],"is_beta":false,"boss_relics":[{"not_picked":["theDuelist:HauntedRelic","Inserter"],"picked":"Astrolabe"},{"not_picked":["Velvet Choker","Fusion Hammer","theDuelist:MillenniumKey"]}],"items_purged_floors":[2,5,21],"is_endless":false,"potions_floor_spawned":[1,4,8,13,16,22,28,29,31],"killed_by":"Transient","ascension_level":20}}