{"host":"5ffrjkuvgrxgllwx","time":1614203567,"event":{"mods":["AchievementEnabler","BaseMod","Colored Map","Colored Powertips","Minty Spire (QoL Compilation)","Quick Restart","Rare Cards Sparkle","StSLib","everything is the same but u backflip on backflip"],"gold_per_floor":[116,136,136,61,61,95,109,153,153,26,41,61,84,234,234,330,330,351,370,8,8,8,8,8,8],"floor_reached":24,"language":"ENG","playtime":967,"items_purged":["Injury"],"score":427,"play_id":"e1b1a486-6964-47b5-aa80-b87d71d0d079","local_time":"20210224165247","is_ascension_mode":true,"campfire_choices":[{"floor":15,"key":"REST"},{"floor":23,"key":"REST"}],"circlet_count":0,"master_deck":["AscendersBane","Strike_B","Strike_B","Strike_B","Defend_B","Defend_B","Defend_B","Defend_B","Zap","Dualcast","Auto Shields","Chill","Sunder","Coolheaded","Blizzard","Glacier","Blizzard","Storm+1","Leap","Coolheaded","Doubt","Creative AI+1","Doom and Gloom","Leap","Loop+1","Writhe"],"relics":["Cracked Core","NeowsBlessing","Bloody Idol","HornCleat","Frozen Egg 2","Question Card","Black Star","CaptainsWheel","Strawberry"],"acts_visited":["Exordium","TheCity"],"potions_floor_usage":[12,18,24],"damage_taken":[{"damage":0,"enemies":"Jaw Worm","floor":1,"turns":1},{"damage":0,"enemies":"Small Slimes","floor":2,"turns":1},{"damage":0,"enemies":"Gremlin Nob","floor":6,"turns":1},{"damage":0,"enemies":"2 Louse","floor":7,"turns":2},{"damage":18,"enemies":"Lagavulin","floor":8,"turns":7},{"damage":9,"enemies":"Large Slime","floor":11,"turns":5},{"damage":2,"enemies":"Blue Slaver","floor":12,"turns":4},{"damage":1,"enemies":"Exordium Thugs","floor":13,"turns":6},{"damage":43,"enemies":"The Guardian","floor":16,"turns":22},{"damage":27,"enemies":"3 Byrds","floor":18,"turns":6},{"damage":5,"enemies":"Chosen","floor":19,"turns":5},{"damage":62,"enemies":"Slavers","floor":24,"turns":5}],"seed_played":"-8288571570644573243","potions_obtained":[{"floor":11,"key":"SkillPotion"},{"floor":12,"key":"Strength Potion"},{"floor":16,"key":"EssenceOfSteel"},{"floor":18,"key":"EssenceOfSteel"}],"is_trial":false,"path_per_floor":["M","M","?","$","?","E","M","E","T","$","M","M","M","?","R","B",null,"M","M","$","?","?","R","E"],"character_chosen":"DEFECT","items_purchased":["Glacier","Blizzard","CaptainsWheel","Loop+1"],"campfire_rested":2,"item_purchase_floors":[10,10,20,20],"current_hp_per_floor":[64,64,64,64,57,57,57,39,39,39,30,28,27,27,48,5,55,28,23,23,30,30,53,0,0],"gold":8,"neow_bonus":"THREE_ENEMY_KILL","is_daily":false,"chose_seed":false,"campfire_upgraded":0,"win_rate":0.0,"timestamp":1614203567,"path_taken":["M","M","?","$","?","E","M","E","T","$","M","M","M","?","R","BOSS","M","M","$","?","?","R","E"],"items_purchased_type":["Card","Card","Relic","Card"],"build_version":"2020-12-22","purchased_purges":1,"victory":false,"max_hp_per_floor":[71,71,71,71,71,71,71,71,71,71,71,71,71,71,71,71,71,71,71,71,78,78,78,78,78],"card_choices":[{"not_picked":["Compile Driver","Stack"],"picked":"Auto Shields","floor":1},{"not_picked":["Consume","Cold Snap"],"picked":"Chill","floor":2},{"not_picked":["Steam","Rainbow"],"picked":"Sunder","floor":6},{"not_picked":["Hologram","Go for the Eyes"],"picked":"Coolheaded","floor":7},{"not_picked":["Streamline","Compile Driver"],"picked":"Blizzard","floor":8},{"not_picked":["Fusion","Compile Driver","Consume"],"picked":"Storm+1","floor":11},{"not_picked":["Barrage","Rebound","Fusion"],"picked":"Leap","floor":12},{"not_picked":["Blizzard","Skim","Steam Power"],"picked":"Coolheaded","floor":13},{"not_picked":["Seek","Machine Learning+1","Core Surge"],"picked":"Creative AI+1","floor":16},{"not_picked":["Leap","Go for the Eyes","Undo"],"picked":"Doom and Gloom","floor":18},{"not_picked":["FTL","Ball Lightning","Rip and Tear"],"picked":"Leap","floor":19}],"player_experience":1403553,"relics_obtained":[{"floor":6,"key":"HornCleat"},{"floor":8,"key":"Frozen Egg 2"},{"floor":9,"key":"Question Card"}],"event_choices":[{"damage_healed":0,"gold_gain":0,"player_choice":"Take Wound","damage_taken":0,"relics_obtained":["Golden Idol"],"max_hp_gain":0,"max_hp_loss":0,"event_name":"Golden Idol","floor":3,"gold_loss":0,"cards_obtained":["Injury"]},{"cards_removed":["Strike_B"],"damage_healed":0,"gold_gain":0,"player_choice":"Card Removal","damage_taken":7,"max_hp_gain":0,"max_hp_loss":0,"event_name":"Golden Wing","floor":5,"gold_loss":0},{"damage_healed":0,"gold_gain":150,"player_choice":"AGREE","damage_taken":0,"max_hp_gain":0,"max_hp_loss":0,"event_name":"Liars Game","floor":14,"gold_loss":0,"cards_obtained":["Doubt"]},{"damage_healed":0,"gold_gain":0,"player_choice":"Opened","damage_taken":0,"relics_obtained":["Strawberry"],"max_hp_gain":0,"max_hp_loss":0,"event_name":"The Mausoleum","floor":21,"gold_loss":0,"cards_obtained":["Writhe"]},{"damage_healed":0,"gold_gain":0,"player_choice":"Gave Idol","damage_taken":0,"relics_obtained":["Bloody Idol"],"max_hp_gain":0,"max_hp_loss":0,"event_name":"Forgotten Altar","floor":22,"relics_lost":["Golden Idol"],"gold_loss":0}],"is_beta":false,"boss_relics":[{"not_picked":["Runic Dome","Empty Cage"],"picked":"Black Star"}],"items_purged_floors":[4],"is_endless":false,"potions_floor_spawned":[11,12,16,18],"killed_by":"Slavers","ascension_level":17}}