{"host":"en4narc5947t7k9n","time":1614192027,"event":{"mods":["AchievementEnabler","BaseMod","Colored Map","Minty Spire (QoL Compilation)","SuperFastMode"],"gold_per_floor":[118,134,134,148,52,71,71,97,121,121,71,71,87,87,87,191,191,205,217,217,63,77,77,77,2,27,40,51,51,69,69,69,69,69],"floor_reached":33,"language":"KOR","playtime":1394,"items_purged":[],"score":247,"play_id":"f53cdb40-a206-4e42-9b63-8680d0197ed7","local_time":"20210225034027","is_ascension_mode":false,"campfire_choices":[{"data":"Rampage","floor":7,"key":"SMITH"},{"floor":15,"key":"RECALL"},{"data":"Immolate","floor":23,"key":"SMITH"},{"data":"Exhume","floor":29,"key":"SMITH"},{"data":"Discovery","floor":32,"key":"SMITH"}],"circlet_count":0,"master_deck":["Strike_R+1","Strike_R+1","Strike_R+1","Defend_R+1","Defend_R+1","Defend_R+1","Defend_R+1","Bash","Battle Trance","Rage","Headbutt","Jack Of All Trades","Rampage+1","Discovery+1","Anger","Disarm","Intimidate","Immolate+1","Bloodletting","Pommel Strike","Flex+1","Shrug It Off+1","Exhume+1","Spot Weakness"],"relics":["Burning Blood","NeowsBlessing","Pen Nib","Philosopher\u0027s Stone","Sling","Enchiridion","Omamori"],"acts_visited":["Exordium","TheCity"],"potions_floor_usage":[16,16,33],"damage_taken":[{"damage":0,"enemies":"Small Slimes","floor":1,"turns":1},{"damage":0,"enemies":"Cultist","floor":2,"turns":1},{"damage":0,"enemies":"2 Louse","floor":4,"turns":1},{"damage":12,"enemies":"Blue Slaver","floor":6,"turns":5},{"damage":31,"enemies":"3 Sentries","floor":8,"turns":10},{"damage":0,"enemies":"2 Fungi Beasts","floor":13,"turns":5},{"damage":41,"enemies":"Hexaghost","floor":16,"turns":10},{"damage":16,"enemies":"Chosen","floor":18,"turns":5},{"damage":0,"enemies":"Spheric Guardian","floor":19,"turns":2},{"damage":0,"enemies":"Cultist and Chosen","floor":22,"turns":3},{"damage":24,"enemies":"Snake Plant","floor":27,"turns":4},{"damage":0,"enemies":"Chosen and Byrds","floor":28,"turns":4},{"damage":18,"enemies":"3 Cultists","floor":30,"turns":5},{"damage":40,"enemies":"Champ","floor":33,"turns":6}],"seed_played":"1043141626582765865","potions_obtained":[{"floor":1,"key":"ElixirPotion"},{"floor":4,"key":"ColorlessPotion"},{"floor":30,"key":"AttackPotion"}],"is_trial":false,"path_per_floor":["M","M","?","M","$","M","R","E","T","$","?","$","M","?","R","B",null,"M","M","?","$","M","R","?","?","T","M","M","R","M","$","R","B"],"character_chosen":"IRONCLAD","items_purchased":["Discovery","Sling"],"campfire_rested":0,"item_purchase_floors":[5,21],"current_hp_per_floor":[80,80,80,80,80,74,74,49,49,49,49,49,55,55,55,20,80,70,76,76,76,80,80,64,64,64,46,52,52,40,40,40,0,0],"gold":69,"neow_bonus":"THREE_ENEMY_KILL","is_daily":false,"chose_seed":false,"campfire_upgraded":4,"win_rate":0.0,"timestamp":1614192027,"path_taken":["M","M","?","M","$","M","R","E","T","?","?","$","M","?","R","BOSS","M","M","?","$","M","R","?","?","T","?","M","R","M","$","R","BOSS"],"items_purchased_type":["Card","Relic"],"build_version":"2020-12-22","purchased_purges":0,"victory":false,"max_hp_per_floor":[80,80,80,80,80,80,80,80,80,80,80,80,80,80,80,80,80,80,80,80,80,80,80,80,80,80,80,80,80,80,80,80,80,80],"card_choices":[{"not_picked":["Perfected Strike","Headbutt"],"picked":"Battle Trance","floor":1},{"not_picked":["Shrug It Off","Whirlwind"],"picked":"Rage","floor":2},{"not_picked":["Twin Strike","Clothesline"],"picked":"Rampage","floor":4},{"not_picked":["Clothesline","Havoc"],"picked":"Anger","floor":6},{"not_picked":["Uppercut","Brutality"],"picked":"Disarm","floor":8},{"not_picked":["Uppercut","Armaments"],"picked":"Intimidate","floor":13},{"not_picked":["Offering","Impervious"],"picked":"Immolate","floor":16},{"not_picked":["Sword Boomerang","Perfected Strike+1"],"picked":"Bloodletting","floor":18},{"not_picked":["Headbutt","Clothesline"],"picked":"Pommel Strike","floor":19},{"not_picked":["Thunderclap","Entrench"],"picked":"Flex+1","floor":22},{"not_picked":["Flex+1","Headbutt+1"],"picked":"Shrug It Off+1","floor":27},{"not_picked":["Flex","True Grit"],"picked":"Exhume","floor":28},{"not_picked":["Wild Strike+1","Perfected Strike"],"picked":"Spot Weakness","floor":30}],"player_experience":207498,"relics_obtained":[{"floor":8,"key":"Pen Nib"},{"floor":24,"key":"Enchiridion"},{"floor":26,"key":"Omamori"}],"event_choices":[{"damage_healed":0,"gold_gain":0,"player_choice":"2 cards matched","damage_taken":0,"max_hp_gain":0,"max_hp_loss":0,"event_name":"Match and Keep!","floor":3,"gold_loss":0,"cards_obtained":["Headbutt","Jack Of All Trades"]},{"cards_removed":["Strike_R"],"damage_healed":0,"gold_gain":0,"player_choice":"Card Removal","damage_taken":0,"max_hp_gain":0,"max_hp_loss":0,"event_name":"The Cleric","floor":11,"gold_loss":50},{"damage_healed":0,"gold_gain":0,"player_choice":"Ignored","damage_taken":0,"max_hp_gain":0,"max_hp_loss":0,"event_name":"Liars Game","floor":14,"gold_loss":0},{"damage_healed":0,"gold_gain":0,"player_choice":"Simplicity","damage_taken":0,"max_hp_gain":0,"max_hp_loss":0,"event_name":"Back to Basics","floor":20,"gold_loss":0,"cards_upgraded":["Strike_R","Strike_R","Strike_R","Strike_R","Defend_R","Defend_R","Defend_R","Defend_R"]},{"damage_healed":0,"gold_gain":0,"player_choice":"Obtained Book","damage_taken":16,"max_hp_gain":0,"max_hp_loss":0,"event_name":"Cursed Tome","floor":24,"gold_loss":0},{"cards_removed":["Strike_R"],"damage_healed":0,"gold_gain":0,"player_choice":"Gave Gold","damage_taken":0,"max_hp_gain":0,"max_hp_loss":0,"event_name":"Beggar","floor":25,"gold_loss":75}],"is_beta":false,"boss_relics":[{"not_picked":["Tiny House","Runic Cube"],"picked":"Philosopher\u0027s Stone"}],"items_purged_floors":[],"is_endless":false,"potions_floor_spawned":[1,4,30],"killed_by":"Champ","ascension_level":0}}