{"host":"dj20jyxj5yo6mk8a","time":1614201933,"event":{"mods":["AchievementEnabler","BaseMod","BetterRewards","Card Forge","Gold Saver","Minty Spire (QoL Compilation)","Reliquary","Replay The Spire","StSLib","Uncapped"],"gold_per_floor":[112,129,142,154,174,201,201,232,232,256,256,256,256,256,288,302,302,405,405,418,436,454,308,319,345,345,373,373,373,373,373,398,416,416,178,178,279,279,292,302,302,322,342,375,226,254,254,254,284,284,329,30,86,86],"floor_reached":55,"language":"ENG","playtime":3358,"items_purged":[],"score":1446,"play_id":"244ce3d9-0ff1-4ffd-9010-5aaffee602f9","local_time":"20210224182533","is_ascension_mode":true,"campfire_choices":[{"floor":7,"key":"RECALL"},{"floor":11,"key":"REST"},{"data":"Draining Mist","floor":17,"key":"SMITH"},{"floor":26,"key":"REST"},{"floor":31,"key":"REST"},{"floor":36,"key":"REST"},{"floor":48,"key":"REST"}],"circlet_count":0,"master_deck":["Strike_G+1","Strike_G+1","Strike_G+1","Neutralize+1","White Noise+1","BecomeAlmighty+1","LiveForever+1","White Noise+1","BecomeAlmighty+1","Discovery+1","LiveForever+1","White Noise+1","Distraction+1","Discovery+1","BecomeAlmighty+1","LiveForever+1","LiveForever+1","Noxious Fumes+1","Dramatic Entrance+1","Discovery+1","LiveForever+1","Draining Mist+1","After Image+1","Sucker Punch+1","Dagger Spray+1","Caltrops+1","Night Terror+1","Deflect+1","All Out Attack+1","Catalyst+1","Heel Hook+1","ReplayTheSpireMod:Exploit Weakness+1","Replay:Poison Smokescreen+1"],"relics":["Hammer of Thor","Seething Fire","Anvil of the Gods","reliquary:ThirdArm","BranchBurnRelic","Pocketwatch","Replay:Towering Pillar of Hats","Odd Mushroom","CaptainsWheel","Sozu","reliquary:Spinner","Incense Burner","reliquary:Buckler","Counterbalance","Pear","Pen Nib","Pantograph","Ring of Chaos","reliquary:BallBearing","reliquary:Knoch","Replay:Bottled Steam","Replay:Accelerometer","reliquary:Sod","Garlic","Strange Spoon","Bronze Scales"],"acts_visited":["Exordium","TheCity","TheBeyond"],"potions_floor_usage":[],"damage_taken":[{"damage":5,"enemies":"Cultist","floor":1,"turns":5},{"damage":0,"enemies":"Jaw Worm","floor":2,"turns":3},{"damage":0,"enemies":"Small Slimes","floor":3,"turns":3},{"damage":2,"enemies":"Red Slaver","floor":4,"turns":2},{"damage":5,"enemies":"Exordium Wildlife","floor":5,"turns":3},{"damage":0,"enemies":"Gremlin Nob","floor":6,"turns":4},{"damage":5,"enemies":"Replay:BlueRogue","floor":8,"turns":4},{"damage":2,"enemies":"The Mushroom Lair","floor":10,"turns":3},{"damage":2,"enemies":"3 Sentries","floor":15,"turns":4},{"damage":0,"enemies":"Looter","floor":16,"turns":2},{"damage":0,"enemies":"Hexaghost","floor":18,"turns":6},{"damage":0,"enemies":"Spheric Guardian","floor":20,"turns":4},{"damage":3,"enemies":"Chosen","floor":21,"turns":4},{"damage":0,"enemies":"Snake Plant","floor":22,"turns":4},{"damage":0,"enemies":"Shelled Parasite and Fungi","floor":24,"turns":5},{"damage":0,"enemies":"Gremlin Leader","floor":25,"turns":5},{"damage":6,"enemies":"Replay:Snechameleon","floor":27,"turns":5},{"damage":0,"enemies":"Slavers","floor":32,"turns":4},{"damage":0,"enemies":"Cultist and Chosen","floor":33,"turns":3},{"damage":0,"enemies":"Automaton","floor":37,"turns":7},{"damage":0,"enemies":"Orb Walker","floor":39,"turns":4},{"damage":0,"enemies":"3 Darklings","floor":40,"turns":4},{"damage":5,"enemies":"Spire Growth","floor":42,"turns":4},{"damage":19,"enemies":"4 Shapes","floor":43,"turns":3},{"damage":0,"enemies":"R_Hoarder","floor":44,"turns":7},{"damage":12,"enemies":"Nemesis","floor":46,"turns":7},{"damage":0,"enemies":"R_Hoarder","floor":49,"turns":7},{"damage":31,"enemies":"Awakened One","floor":54,"turns":10}],"seed_played":"-2218673470256500317","potions_obtained":[],"is_trial":false,"path_per_floor":["M","M","M","M","M","E","R","E","T","?","R","PTL","PTL","?","E","M","R","B",null,"M","M","M","$","M","E","R","E","PTL","PTL","T","R","E","M","?","$","R","B",null,"M","M","?","M","M","E","$","E","T","R","E","?","?","$","R","B",null],"character_chosen":"THE_SILENT","items_purchased":["reliquary:Spinner","Pantograph","reliquary:Knoch","Strange Spoon","Bronze Scales"],"campfire_rested":5,"item_purchase_floors":[23,35,45,52,52],"current_hp_per_floor":[58,58,58,56,51,51,51,60,60,58,70,70,70,70,70,70,70,70,70,70,67,67,67,67,67,70,68,68,68,68,70,80,80,80,80,80,80,80,80,80,80,75,56,56,56,44,44,68,80,76,57,57,57,55],"gold":86,"neow_bonus":"BOSS_RELIC","is_daily":false,"chose_seed":false,"campfire_upgraded":1,"win_rate":0.0,"timestamp":1614201933,"path_taken":["M","M","M","M","?","E","R","E","T","?","R","PTL","PTL","?","E","M","R","BOSS","M","M","M","$","M","E","R","E","PTL","PTL","T","R","E","M","?","$","R","BOSS","M","M","?","?","M","E","$","E","T","R","E","?","?","$","R","BOSS"],"items_purchased_type":["Relic","Relic","Relic","Relic","Relic"],"build_version":"2020-12-22","purchased_purges":0,"victory":true,"max_hp_per_floor":[70,70,70,70,70,70,70,70,70,70,70,70,70,70,70,70,70,70,70,70,70,70,70,70,70,70,70,70,70,70,70,80,80,80,80,80,80,80,80,80,80,80,80,80,80,80,80,80,80,76,76,76,76,76],"card_choices":[{"not_picked":["PiercingWail","ReplayTheSpireMod:Tripwire","Bane"],"picked":"SKIP","floor":1},{"not_picked":["Endless Agony","Crippling Poison","Dodge and Roll"],"picked":"SKIP","floor":2},{"not_picked":["Dodge and Roll","Footwork"],"picked":"Noxious Fumes","floor":3},{"not_picked":["Prepared","Dagger Spray","Masterful Stab"],"picked":"SKIP","floor":4},{"not_picked":["Reflex","Dodge and Roll","ReplayTheSpireMod:Scrap Shanks"],"picked":"SKIP","floor":5},{"not_picked":["Catalyst","ReplayTheSpireMod:Exploit Weakness","Hidden Blade"],"picked":"SKIP","floor":6},{"not_picked":["Prepared","ReplayTheSpireMod:The Works","Terror"],"picked":"SKIP","floor":8},{"not_picked":["Slice","Deflect","ReplayTheSpireMod:Tripwire"],"picked":"SKIP","floor":15},{"not_picked":["Prepared","Flying Knee"],"picked":"Draining Mist","floor":16},{"not_picked":["Wraith Form v2","Grand Finale"],"picked":"After Image","floor":18},{"not_picked":["Deflect","Bane"],"picked":"Sucker Punch+1","floor":20},{"not_picked":["Sucker Punch","Slice","Atom Bomb"],"picked":"SKIP","floor":21},{"not_picked":["Quick Slash","Tactician+1","Prepared"],"picked":"SKIP","floor":22},{"not_picked":["Concentrate","Flying Knee","Prepared"],"picked":"SKIP","floor":24},{"not_picked":["Malaise","Hidden Blade","ReplayTheSpireMod:Tripwire"],"picked":"SKIP","floor":25},{"not_picked":["ReplayTheSpireMod:Shiv Toss","Flying Knee","Burst"],"picked":"SKIP","floor":27},{"not_picked":["Quick Slash","Acrobatics"],"picked":"Dagger Spray","floor":32},{"not_picked":["Poisoned Stab","Bane"],"picked":"Caltrops","floor":33},{"not_picked":["Storm of Steel","Die Die Die"],"picked":"Night Terror","floor":37},{"not_picked":["Setup","Outmaneuver"],"picked":"Deflect+1","floor":39},{"not_picked":["Slice+1","Sucker Punch+1"],"picked":"All Out Attack+1","floor":40},{"not_picked":["Acrobatics","Cloak And Dagger"],"picked":"Catalyst+1","floor":42},{"not_picked":["Eviscerate","Unload"],"picked":"Heel Hook","floor":43},{"not_picked":["Distraction","Blur"],"picked":"ReplayTheSpireMod:Exploit Weakness+1","floor":44},{"not_picked":["Masterful Stab","Slice","Acrobatics+1"],"picked":"SKIP","floor":46},{"not_picked":["Expertise","Bane"],"picked":"Replay:Poison Smokescreen+1","floor":49}],"player_experience":132736,"relics_obtained":[{"floor":6,"key":"Dead Branch"},{"floor":8,"key":"Pocketwatch"},{"floor":9,"key":"Replay:Towering Pillar of Hats"},{"floor":10,"key":"Odd Mushroom"},{"floor":15,"key":"CaptainsWheel"},{"floor":25,"key":"Incense Burner"},{"floor":27,"key":"reliquary:Buckler"},{"floor":30,"key":"Counterbalance"},{"floor":32,"key":"Pear"},{"floor":44,"key":"reliquary:BallBearing"},{"floor":46,"key":"Replay:Bottled Steam"},{"floor":47,"key":"Replay:Accelerometer"},{"floor":49,"key":"reliquary:Sod"},{"floor":51,"key":"Garlic"}],"event_choices":[{"damage_healed":0,"gold_gain":0,"player_choice":"Fought Mushrooms","damage_taken":0,"max_hp_gain":0,"max_hp_loss":0,"event_name":"Mushrooms","floor":10,"gold_loss":0},{"damage_healed":0,"gold_gain":0,"player_choice":"Leave","damage_taken":0,"max_hp_gain":0,"max_hp_loss":0,"event_name":"The Cleric","floor":14,"gold_loss":0},{"damage_healed":0,"gold_gain":0,"player_choice":"Stole Relic","damage_taken":0,"relics_obtained":["Pen Nib"],"max_hp_gain":0,"max_hp_loss":0,"event_name":"Addict","floor":34,"gold_loss":0,"cards_obtained":["Shame"]},{"damage_healed":0,"gold_gain":0,"player_choice":"Ignored","damage_taken":0,"max_hp_gain":0,"max_hp_loss":0,"event_name":"Upgrade Shrine","floor":41,"gold_loss":0},{"damage_healed":0,"gold_gain":0,"player_choice":"Max HP","damage_taken":0,"max_hp_gain":0,"max_hp_loss":4,"event_name":"Winding Halls","floor":50,"gold_loss":0}],"is_beta":false,"boss_relics":[{"not_picked":["Cursed Key","ReplayTheSpireMod:DimensionalGlitch"],"picked":"Sozu"},{"not_picked":["Velvet Choker","reliquary:WritOfMandamus"],"picked":"Ring of Chaos"}],"items_purged_floors":[],"is_endless":false,"potions_floor_spawned":[3,10,15,16,18,20,25,32,44,46,49],"ascension_level":6}}