{"host":"2se5dq1do2gp0x9k","time":1614137335,"event":{"mods":["AchievementEnabler","BaseMod","Block Reminder","Colored Map","Colored Powertips","Minty Spire (QoL Compilation)","Relic Stats","StSLib","SuperFastMode"],"gold_per_floor":[116,116,133,89,13,13,163,88,114,141,141,141,141],"floor_reached":12,"language":"ENG","playtime":356,"items_purged":["Doubt"],"score":144,"play_id":"e08140a7-bddd-4e97-b3f7-094c43cf0297","local_time":"20210223192855","is_ascension_mode":true,"campfire_choices":[{"data":"Worship","floor":6.0,"key":"SMITH"},{"floor":11,"key":"REST"}],"circlet_count":0,"master_deck":["AscendersBane","Strike_P","Strike_P","Strike_P+1","Defend_P+1","Defend_P","Defend_P","Defend_P+1","Eruption","Vigilance","LessonLearned","CrushJoints","FollowUp","Worship+1","Wireheading","JustLucky"],"relics":["PureWater","Blood Vial","Ice Cream"],"acts_visited":["Exordium"],"potions_floor_usage":[10],"damage_taken":[{"damage":4.0,"enemies":"Small Slimes","floor":1.0,"turns":4.0},{"damage":0.0,"enemies":"Cultist","floor":3.0,"turns":2.0},{"damage":32,"enemies":"Gremlin Nob","floor":10,"turns":4},{"damage":49,"enemies":"3 Sentries","floor":12,"turns":11}],"seed_played":"6432128953655876112","potions_obtained":[{"floor":3.0,"key":"Strength Potion"}],"is_trial":false,"path_per_floor":["M","?","M","$","$","R","?","$","T","E","R","E"],"character_chosen":"WATCHER","items_purchased":["Worship","Wireheading"],"campfire_rested":1,"item_purchase_floors":[4,5],"current_hp_per_floor":[39,39,39,39,39,39,39,39,39,9,29,0,0],"gold":141,"neow_bonus":"THREE_RARE_CARDS","is_daily":false,"chose_seed":false,"campfire_upgraded":1,"win_rate":0.0,"timestamp":1614137335,"path_taken":["M","?","M","?","$","R","?","$","T","E","R","E"],"items_purchased_type":["Card","Card"],"build_version":"2020-12-22","purchased_purges":1,"victory":false,"max_hp_per_floor":[68,68,68,68,68,68,68,68,68,68,68,68,68],"relic_stats":{"Blood Vial":4,"counters":[4,21],"obtain_stats":[{"Blood Vial":9,"Ice Cream":10,"PureWater":0},{"Blood Vial":2,"Ice Cream":3,"PureWater":0},{"Blood Vial":6,"Ice Cream":10,"PureWater":0}]},"card_choices":[{"not_picked":["MasterReality","SpiritShield"],"picked":"LessonLearned","floor":0.0},{"not_picked":["ClearTheMind","DeceiveReality"],"picked":"CrushJoints","floor":1.0},{"not_picked":["SashWhip","Perseverance"],"picked":"FollowUp","floor":3.0},{"not_picked":["FlyingSleeves","Crescendo"],"picked":"JustLucky","floor":10}],"player_experience":4135048,"relics_obtained":[{"floor":9,"key":"Blood Vial"},{"floor":10,"key":"Ice Cream"}],"event_choices":[{"cards_removed":["Strike_P"],"damage_healed":0.0,"max_hp_gain":0.0,"max_hp_loss":0.0,"gold_gain":0.0,"event_name":"Purifier","player_choice":"Purged","floor":2.0,"gold_loss":0.0,"damage_taken":0.0},{"damage_healed":0.0,"max_hp_gain":0.0,"max_hp_loss":0.0,"gold_gain":150.0,"event_name":"Liars Game","player_choice":"AGREE","floor":7.0,"gold_loss":0.0,"damage_taken":0.0,"cards_obtained":["Doubt"]}],"is_beta":false,"boss_relics":[],"items_purged_floors":[8],"is_endless":false,"potions_floor_spawned":[3],"killed_by":"3 Sentries","ascension_level":19}}