{"host":"9n6i2vl93jt4o42q","time":1614174288,"event":{"mods":["BaseMod","Minty Spire (QoL Compilation)","Relic Stats"],"gold_per_floor":[112,125,125,151,165,165,165,165,165,200,42,93,93,105,105,179,179,194,194,213,232,252,278,288,319,372,382,33,52,152,152,152,225,225,236,236,216,236,16,16,49,49,49,49,82,94,7,33,33,33,33,33,33,13,48,48],"floor_reached":57,"language":"ENG","playtime":10949,"items_purged":["Strike_G"],"score":2901,"play_id":"e336e7ca-0c86-4464-a6ce-a0d817f101c8","local_time":"20210224144448","is_ascension_mode":true,"campfire_choices":[{"data":"Underhanded Strike","floor":6.0,"key":"SMITH"},{"floor":8.0,"key":"REST"},{"data":"Cloak And Dagger","floor":15.0,"key":"SMITH"},{"data":"Terror","floor":32.0,"key":"SMITH"},{"floor":40.0,"key":"RECALL"},{"data":"After Image","floor":42.0,"key":"SMITH"},{"data":"Phantasmal Killer","floor":44.0,"key":"SMITH"},{"data":"Wraith Form v2","floor":49.0,"key":"SMITH"},{"data":"Madness","floor":53.0,"key":"SMITH"}],"circlet_count":0,"master_deck":["AscendersBane","Strike_G+1","Strike_G+1","Defend_G","Defend_G","Defend_G","Survivor","Neutralize+1","Underhanded Strike+1","All Out Attack+1","Leg Sweep","Heel Hook","After Image+1","Flechettes","Cloak And Dagger+1","Corpse Explosion","Backstab","Reflex","Backflip+1","PiercingWail+1","Acrobatics","Terror+1","Prepared","Madness+1","Phantasmal Killer+1","Backflip","Master of Strategy","Good Instincts","Blade Dance+1","Wraith Form v2","Acrobatics+1","Wraith Form v2+1","Blade Dance+1","Well Laid Plans","PiercingWail+1"],"relics":["Ring of the Snake","Whetstone","Meat on the Bone","InkBottle","HandDrill","Art of War","Coffee Dripper","CultistMask","Dead Branch","Lantern","Blood Vial","Membership Card","CaptainsWheel","Darkstone Periapt","SlaversCollar","Letter Opener","Nunchaku","Pantograph","Ornamental Fan","Akabeko","Bronze Scales"],"acts_visited":["Exordium","TheCity","TheBeyond","TheEnding"],"potions_floor_usage":[],"damage_taken":[{"damage":0.0,"enemies":"Small Slimes","floor":1.0,"turns":4.0},{"damage":0.0,"enemies":"Jaw Worm","floor":2.0,"turns":5.0},{"damage":0.0,"enemies":"2 Louse","floor":5.0,"turns":1.0},{"damage":40.0,"enemies":"Gremlin Nob","floor":10.0,"turns":5.0},{"damage":7.0,"enemies":"3 Sentries","floor":12.0,"turns":4.0},{"damage":0.0,"enemies":"Large Slime","floor":14.0,"turns":5.0},{"damage":37.0,"enemies":"Slime Boss","floor":16.0,"turns":13.0},{"damage":2.0,"enemies":"Shell Parasite","floor":18.0,"turns":4.0},{"damage":9.0,"enemies":"2 Thieves","floor":20.0,"turns":2.0},{"damage":16.0,"enemies":"Sentry and Sphere","floor":21.0,"turns":5.0},{"damage":16.0,"enemies":"Snake Plant","floor":22.0,"turns":3.0},{"damage":33.0,"enemies":"Slavers","floor":23.0,"turns":4.0},{"damage":0.0,"enemies":"Shelled Parasite and Fungi","floor":24.0,"turns":3.0},{"damage":4.0,"enemies":"Gremlin Leader","floor":25.0,"turns":6.0},{"damage":4.0,"enemies":"Sentry and Sphere","floor":27.0,"turns":6.0},{"damage":0.0,"enemies":"Centurion and Healer","floor":29.0,"turns":4.0},{"damage":2.0,"enemies":"Colosseum Slavers","floor":30.0,"turns":2.0},{"damage":0.0,"enemies":"Colosseum Nobs","floor":30.0,"turns":2.0},{"damage":22.0,"enemies":"Champ","floor":33.0,"turns":14.0},{"damage":0.0,"enemies":"3 Shapes","floor":35.0,"turns":3.0},{"damage":6.0,"enemies":"3 Darklings","floor":38.0,"turns":2.0},{"damage":4.0,"enemies":"Nemesis","floor":41.0,"turns":5.0},{"damage":0.0,"enemies":"Reptomancer","floor":45.0,"turns":4.0},{"damage":4.0,"enemies":"Maw","floor":46.0,"turns":7.0},{"damage":0.0,"enemies":"Nemesis","floor":48.0,"turns":3.0},{"damage":19.0,"enemies":"Time Eater","floor":50.0,"turns":10.0},{"damage":6.0,"enemies":"Awakened One","floor":51.0,"turns":14.0},{"damage":0.0,"enemies":"Shield and Spear","floor":55.0,"turns":3.0},{"damage":31,"enemies":"The Heart","floor":56,"turns":8}],"seed_played":"3523850815678554980","potions_obtained":[{"floor":5.0,"key":"ColorlessPotion"},{"floor":10.0,"key":"GhostInAJar"},{"floor":16.0,"key":"PowerPotion"},{"floor":18.0,"key":"DistilledChaos"},{"floor":23.0,"key":"Ancient Potion"},{"floor":24.0,"key":"Dexterity Potion"},{"floor":27.0,"key":"Swift Potion"},{"floor":33.0,"key":"PowerPotion"}],"is_trial":false,"path_per_floor":["M","M","?","T","M","R","?","R","T","E","$","E","?","M","R","B",null,"M","?","M","M","M","E","M","E","T","M","$","M","?","?","R","B",null,"M","?","?","M","$","R","E","R","T","R","E","M","$","E","R","B","B",null,"R","$","E","B",null],"character_chosen":"THE_SILENT","items_purchased":["HandDrill","Membership Card","Terror","Prepared","Madness","EntropicBrew","Letter Opener","Nunchaku","Wraith Form v2","Well Laid Plans"],"campfire_rested":1,"item_purchase_floors":[11,28,28,28,28,28,39,39,47,54],"current_hp_per_floor":[59,59,39,39,39,39,32,51,51,23,23,28,28,40,40,15,53,51,51,42,38,34,13,25,33,33,43,43,45,47,47,47,39,59,61,56,56,52,52,52,50,50,50,50,52,50,50,52,52,47,60,65,65,65,66,35],"gold":48,"neow_bonus":"REMOVE_CARD","is_daily":false,"chose_seed":false,"campfire_upgraded":7,"win_rate":0.0,"timestamp":1614174288,"path_taken":["M","M","?","?","M","R","?","R","T","E","$","E","?","M","R","BOSS","M","?","M","M","?","E","M","E","T","?","$","M","?","?","R","BOSS","M","?","?","?","?","R","E","R","T","R","E","M","$","E","R","BOSS","BOSS","R","$","E","BOSS"],"items_purchased_type":["Relic","Relic","Card","Card","Card","Potion","Relic","Relic","Card","Card"],"build_version":"2020-12-22","purchased_purges":1,"victory":true,"max_hp_per_floor":[66,66,66,66,66,66,66,66,66,66,66,66,66,66,66,66,66,66,66,66,66,66,66,66,66,66,66,66,66,66,66,66,66,66,66,66,66,66,66,66,66,66,66,66,66,66,66,66,66,66,66,66,66,66,66,66],"relic_stats":{"Darkstone Periapt":0,"counters":[29,151],"Dead Branch":[224],"Whetstone":["Strike_G","All Out Attack"],"Letter Opener":[248],"Blood Vial":23,"Nunchaku":[20],"Ornamental Fan":[136],"Pantograph":33,"Bronze Scales":[138],"HandDrill":[62],"Art of War":[8],"obtain_stats":[{"Darkstone Periapt":30,"Lantern":25,"Dead Branch":23,"Whetstone":4,"Letter Opener":39,"Akabeko":48,"Blood Vial":26,"SlaversCollar":34,"CaptainsWheel":30,"Nunchaku":39,"Ornamental Fan":45,"Pantograph":41,"Bronze Scales":55,"CultistMask":19,"HandDrill":11,"Art of War":12,"Coffee Dripper":17,"Membership Card":28,"InkBottle":10,"Ring of the Snake":0,"Meat on the Bone":9},{"Darkstone Periapt":18,"Lantern":14,"Dead Branch":12,"Whetstone":2,"Letter Opener":21,"Akabeko":25,"Blood Vial":14,"SlaversCollar":19,"CaptainsWheel":18,"Nunchaku":21,"Ornamental Fan":23,"Pantograph":22,"Bronze Scales":28,"CultistMask":8,"HandDrill":4,"Art of War":5,"Coffee Dripper":7,"Membership Card":15,"InkBottle":4,"Ring of the Snake":0,"Meat on the Bone":3},{"Darkstone Periapt":78,"Lantern":64,"Dead Branch":55,"Whetstone":9,"Letter Opener":97,"Akabeko":116,"Blood Vial":64,"SlaversCollar":92,"CaptainsWheel":78,"Nunchaku":97,"Ornamental Fan":106,"Pantograph":102,"Bronze Scales":143,"CultistMask":41,"HandDrill":15,"Art of War":19,"Coffee Dripper":37,"Membership Card":70,"InkBottle":15,"Ring of the Snake":0,"Meat on the Bone":10}],"InkBottle":[79],"Ring of the Snake":[58],"Meat on the Bone":132},"card_choices":[{"not_picked":["Backflip","Well Laid Plans"],"picked":"Underhanded Strike","floor":1.0},{"not_picked":["Sucker Punch","Eviscerate"],"picked":"All Out Attack","floor":2.0},{"not_picked":["PiercingWail","Bane"],"picked":"Leg Sweep","floor":5.0},{"not_picked":["Prepared","Blade Dance"],"picked":"Heel Hook","floor":10.0},{"not_picked":["Masterful Stab","Riddle With Holes"],"picked":"After Image","floor":12.0},{"not_picked":["Underhanded Strike","Slice"],"picked":"Cloak And Dagger","floor":14.0},{"not_picked":["Night Terror","Unload"],"picked":"Corpse Explosion","floor":16.0},{"not_picked":["All Out Attack","Bane"],"picked":"Backstab","floor":18.0},{"not_picked":["Bane","Outmaneuver+1"],"picked":"Reflex","floor":20.0},{"not_picked":["Infinite Blades","Caltrops","Skewer"],"picked":"SKIP","floor":21.0},{"not_picked":["Underhanded Strike","Leg Sweep","Finisher"],"picked":"SKIP","floor":22.0},{"not_picked":["Underhanded Strike","Leg Sweep","Finisher"],"picked":"SKIP","floor":22.0},{"not_picked":["Finisher","Outmaneuver"],"picked":"Backflip+1","floor":23.0},{"not_picked":["Slice","Cloak And Dagger","Accuracy"],"picked":"SKIP","floor":24.0},{"not_picked":["Envenom","Sucker Punch"],"picked":"PiercingWail+1","floor":25.0},{"not_picked":["Blade Dance","Poisoned Stab"],"picked":"Acrobatics","floor":27.0},{"not_picked":["Dagger Spray","Slice","Dash"],"picked":"SKIP","floor":29.0},{"not_picked":["Glass Knife","Venomology"],"picked":"Phantasmal Killer","floor":33.0},{"not_picked":["Poisoned Stab","Cloak And Dagger"],"picked":"Backflip","floor":35.0},{"not_picked":["Flash of Steel","Mind Blast"],"picked":"Master of Strategy","floor":36.0},{"not_picked":["Impatience","Magnetism"],"picked":"Good Instincts","floor":36.0},{"not_picked":["Cloak And Dagger","Poisoned Stab"],"picked":"Blade Dance+1","floor":38.0},{"not_picked":["Flying Knee","Deadly Poison","Dagger Spray"],"picked":"SKIP","floor":41.0},{"not_picked":["Tactician","Flying Knee"],"picked":"Wraith Form v2","floor":45.0},{"not_picked":["Heel Hook+1","Backflip+1"],"picked":"Acrobatics+1","floor":46.0},{"not_picked":["Dagger Spray","Flechettes"],"picked":"Blade Dance+1","floor":48.0},{"not_picked":["Deflect","Wraith Form v2"],"picked":"PiercingWail+1","floor":55.0}],"player_experience":2612805,"relics_obtained":[{"floor":4.0,"key":"Whetstone"},{"floor":9.0,"key":"Meat on the Bone"},{"floor":10.0,"key":"InkBottle"},{"floor":12.0,"key":"Art of War"},{"floor":23.0,"key":"Dead Branch"},{"floor":25.0,"key":"Lantern"},{"floor":26.0,"key":"Blood Vial"},{"floor":30.0,"key":"CaptainsWheel"},{"floor":30.0,"key":"Darkstone Periapt"},{"floor":41.0,"key":"Pantograph"},{"floor":45.0,"key":"Ornamental Fan"},{"floor":48.0,"key":"Akabeko"},{"floor":55.0,"key":"Bronze Scales"}],"event_choices":[{"damage_healed":0.0,"max_hp_gain":0.0,"max_hp_loss":0.0,"gold_gain":0.0,"event_name":"Shining Light","player_choice":"Entered Light","floor":3.0,"gold_loss":0.0,"damage_taken":20.0,"cards_upgraded":["Neutralize","Strike_G"]},{"cards_removed":["Strike_G"],"damage_healed":0.0,"max_hp_gain":0.0,"max_hp_loss":0.0,"gold_gain":0.0,"event_name":"Golden Wing","player_choice":"Card Removal","floor":7.0,"gold_loss":0.0,"damage_taken":7.0},{"damage_healed":0.0,"max_hp_gain":0.0,"max_hp_loss":0.0,"gold_gain":0.0,"cards_transformed":["Strike_G"],"event_name":"Living Wall","player_choice":"Change","floor":13.0,"gold_loss":0.0,"damage_taken":0.0,"cards_obtained":["Flechettes"]},{"damage_healed":0.0,"max_hp_gain":0.0,"max_hp_loss":0.0,"gold_gain":0.0,"event_name":"FaceTrader","player_choice":"Trade","floor":19.0,"gold_loss":0.0,"damage_taken":0.0,"relics_obtained":["CultistMask"]},{"damage_healed":0.0,"max_hp_gain":0.0,"max_hp_loss":0.0,"gold_gain":0.0,"event_name":"Colosseum","player_choice":"Fight","floor":30.0,"gold_loss":0.0,"damage_taken":0.0},{"damage_healed":0.0,"max_hp_gain":0.0,"max_hp_loss":0.0,"gold_gain":0.0,"event_name":"Colosseum","player_choice":"Fought Nobs","floor":30.0,"gold_loss":0.0,"damage_taken":0.0},{"cards_removed":["Defend_G"],"damage_healed":0.0,"max_hp_gain":0.0,"max_hp_loss":0.0,"gold_gain":0.0,"event_name":"Purifier","player_choice":"Purged","floor":31.0,"gold_loss":0.0,"damage_taken":0.0},{"damage_healed":0.0,"max_hp_gain":0.0,"max_hp_loss":0.0,"gold_gain":0.0,"event_name":"SensoryStone","player_choice":"Memory 2","floor":36.0,"gold_loss":0.0,"damage_taken":5.0},{"damage_healed":0.0,"max_hp_gain":0.0,"max_hp_loss":0.0,"gold_gain":0.0,"event_name":"The Woman in Blue","player_choice":"Bought 1 Potion","floor":37.0,"gold_loss":0.0,"damage_taken":0.0}],"is_beta":false,"boss_relics":[{"not_picked":["Cursed Key","Pandora\u0027s Box"],"picked":"Coffee Dripper"},{"not_picked":["Runic Pyramid","Black Star"],"picked":"SlaversCollar"}],"items_purged_floors":[28],"is_endless":false,"potions_floor_spawned":[5,10,16,18,23,24,27,30,33,46],"ascension_level":20}}