{"host":"Brandi","time":1614210811,"event":{"mods":["BaseMod","Colored Map","Minty Spire (QoL Compilation)","Relic Stats","StSLib"],"gold_per_floor":[209,209,222,13,28,28,57,57,57,82,82,93,93,16,16,118,118,134,151,186,186,196,196,228,240,240,240,240,271,9,27,27,131,131,143,64,64,37,37,37,69,69,150,166,166,193,193,193,193,193],"floor_reached":51,"language":"ENG","playtime":2470,"items_purged":["Defend_R","Defend_R"],"score":858,"play_id":"095af95b-e856-4a16-9b42-9e963ae22738","local_time":"20210224185331","is_ascension_mode":true,"campfire_choices":[{"data":"True Grit","floor":6,"key":"SMITH"},{"data":"Power Through","floor":8,"key":"SMITH"},{"data":"Metallicize","floor":11,"key":"SMITH"},{"data":"Shockwave","floor":15,"key":"SMITH"},{"data":"Spot Weakness","floor":23,"key":"SMITH"},{"data":"Flame Barrier","floor":27,"key":"SMITH"},{"data":"Barricade","floor":32,"key":"SMITH"},{"data":"Metallicize","floor":40,"key":"SMITH"},{"data":"Disarm","floor":42,"key":"SMITH"},{"data":"Uppercut","floor":45,"key":"SMITH"},{"data":"Impervious","floor":47,"key":"SMITH"},{"data":"Power Through","floor":49,"key":"SMITH"}],"circlet_count":0,"master_deck":["Defend_R+1","Defend_R","Bite","Bite","Bite+1","Bite","Bite","Feed+1","LessonLearned","Power Through+1","True Grit+1","Shrug It Off","Shockwave+1","Metallicize+1","Flame Barrier+1","Bandage Up+1","Impervious+1","Spot Weakness+1","Feed+1","Barricade+1","Impervious+1","Battle Trance+1","Power Through+1","Metallicize+1","Disarm+1","Madness+1","Madness","Uppercut+1","Heavy Blade+1"],"relics":["Burning Blood","WarpedTongs","Medical Kit","White Beast Statue","Dream Catcher","The Courier","Runic Pyramid","Red Mask","Potion Belt","Pear","Magic Flower","Membership Card","Kunai","SlaversCollar","Juzu Bracelet","Bottled Lightning","Turnip"],"acts_visited":["Exordium","TheCity","TheBeyond"],"potions_floor_usage":[7,20,41,50,50,50,50],"damage_taken":[{"damage":7,"enemies":"Small Slimes","floor":1,"turns":4},{"damage":3,"enemies":"2 Louse","floor":3,"turns":3},{"damage":6,"enemies":"Cultist","floor":5,"turns":3},{"damage":12,"enemies":"Gremlin Nob","floor":7,"turns":5},{"damage":15,"enemies":"Lagavulin","floor":10,"turns":7},{"damage":5,"enemies":"Blue Slaver","floor":12,"turns":7},{"damage":8,"enemies":"Hexaghost","floor":16,"turns":16},{"damage":3,"enemies":"Shell Parasite","floor":18,"turns":8},{"damage":11,"enemies":"3 Byrds","floor":19,"turns":5},{"damage":45,"enemies":"Masked Bandits","floor":20,"turns":12},{"damage":4,"enemies":"Shelled Parasite and Fungi","floor":22,"turns":10},{"damage":18,"enemies":"Book of Stabbing","floor":24,"turns":8},{"damage":19,"enemies":"Snake Plant","floor":25,"turns":6},{"damage":48,"enemies":"Gremlin Leader","floor":29,"turns":14},{"damage":0,"enemies":"Centurion and Healer","floor":31,"turns":10},{"damage":7,"enemies":"Champ","floor":33,"turns":20},{"damage":11,"enemies":"Orb Walker","floor":35,"turns":7},{"damage":0,"enemies":"Giant Head","floor":41,"turns":11},{"damage":0,"enemies":"3 Shapes","floor":44,"turns":9},{"damage":6,"enemies":"Nemesis","floor":46,"turns":11},{"damage":4,"enemies":"Time Eater","floor":50,"turns":14}],"seed_played":"5247994307130824043","potions_obtained":[{"floor":1,"key":"SteroidPotion"},{"floor":3,"key":"Explosive Potion"},{"floor":10,"key":"Strength Potion"},{"floor":12,"key":"Explosive Potion"},{"floor":16,"key":"Dexterity Potion"},{"floor":18,"key":"PowerPotion"},{"floor":20,"key":"SkillPotion"},{"floor":24,"key":"Block Potion"},{"floor":25,"key":"Weak Potion"},{"floor":29,"key":"HeartOfIron"},{"floor":31,"key":"Dexterity Potion"},{"floor":35,"key":"Fruit Juice"},{"floor":41,"key":"SneckoOil"},{"floor":44,"key":"LiquidMemories"}],"is_trial":false,"path_per_floor":["M","?","M","$","M","R","E","R","T","E","R","M","?","$","R","B",null,"M","M","?","?","M","R","E","M","T","R","?","E","$","M","R","B",null,"M","$","?","$","?","R","E","R","T","M","R","E","R","?","R","B",null],"character_chosen":"IRONCLAD","items_purchased":["Medical Kit","Shrug It Off","Bandage Up","Membership Card","Kunai","Power Through","Disarm"],"campfire_rested":0,"item_purchase_floors":[4,4,14,30,30,36,38],"current_hp_per_floor":[8,8,12,12,16,16,14,14,14,20,20,24,29,29,29,29,29,33,37,38,38,49,49,53,52,62,62,62,69,69,79,79,83,83,87,87,87,87,76,76,96,96,96,104,104,104,104,104,104,108],"gold":193,"neow_bonus":"HUNDRED_GOLD","is_daily":false,"chose_seed":false,"campfire_upgraded":12,"win_rate":0.0,"timestamp":1614210811,"path_taken":["M","?","M","$","M","R","E","R","T","E","R","M","?","$","R","BOSS","M","M","?","?","M","R","E","?","T","R","?","E","$","M","R","BOSS","M","$","?","?","?","R","E","R","T","M","R","E","R","?","R","BOSS"],"items_purchased_type":["Relic","Card","Card","Relic","Relic","Card","Card"],"build_version":"2020-12-18","purchased_purges":2,"victory":true,"max_hp_per_floor":[8,8,12,12,16,16,20,20,20,20,20,24,29,29,29,29,29,33,37,41,41,49,49,53,57,67,67,67,71,71,79,79,83,83,87,87,87,87,87,87,96,96,96,104,104,104,104,104,104,108],"relic_stats":{"Dream Catcher":0,"counters":[21,190],"Magic Flower":[12],"Turnip":[0],"Juzu Bracelet":0,"Kunai":[14],"Medical Kit":[84],"obtain_stats":[{"Potion Belt":24,"Pear":26,"Magic Flower":29,"The Courier":10,"Juzu Bracelet":41,"Medical Kit":4,"Burning Blood":0,"White Beast Statue":7,"WarpedTongs":0,"SlaversCollar":34,"Dream Catcher":9,"Turnip":46,"Red Mask":20,"Membership Card":30,"Kunai":30,"Bottled Lightning":43,"Runic Pyramid":17},{"Potion Belt":12,"Pear":13,"Magic Flower":14,"The Courier":5,"Juzu Bracelet":18,"Medical Kit":2,"Burning Blood":0,"White Beast Statue":4,"WarpedTongs":0,"SlaversCollar":16,"Dream Catcher":4,"Turnip":20,"Red Mask":10,"Membership Card":14,"Kunai":14,"Bottled Lightning":18,"Runic Pyramid":7},{"Potion Belt":88,"Pear":94,"Magic Flower":108,"The Courier":22,"Juzu Bracelet":156,"Medical Kit":7,"Burning Blood":0,"White Beast Statue":15,"WarpedTongs":0,"SlaversCollar":138,"Dream Catcher":15,"Turnip":176,"Red Mask":70,"Membership Card":108,"Kunai":108,"Bottled Lightning":156,"Runic Pyramid":45}],"Burning Blood":41,"WarpedTongs":[157]},"card_choices":[{"not_picked":["Anger","Armaments"],"picked":"Power Through","floor":1},{"not_picked":["Headbutt","Whirlwind"],"picked":"True Grit","floor":3},{"not_picked":["Seeing Red","Burning Pact"],"picked":"Shockwave","floor":5},{"not_picked":["Clash","Headbutt","Anger"],"picked":"SKIP","floor":7},{"not_picked":["Entrench","Cleave"],"picked":"Metallicize","floor":10},{"not_picked":["Ghostly Armor","Perfected Strike"],"picked":"Flame Barrier","floor":12},{"not_picked":["Limit Break","Corruption"],"picked":"Impervious","floor":16},{"not_picked":["Dropkick","Twin Strike","Headbutt+1"],"picked":"SKIP","floor":18},{"not_picked":["Iron Wave","Pommel Strike"],"picked":"Spot Weakness","floor":19},{"not_picked":["Iron Wave+1","Wild Strike","Evolve"],"picked":"SKIP","floor":22},{"not_picked":["Cleave+1","Second Wind","Shrug It Off"],"picked":"SKIP","floor":24},{"not_picked":["Second Wind","Heavy Blade+1","Combust"],"picked":"SKIP","floor":25},{"not_picked":["Thunderclap","Flex+1","Twin Strike"],"picked":"SKIP","floor":29},{"not_picked":["Uppercut","Evolve+1","Rupture"],"picked":"SKIP","floor":31},{"not_picked":["Bludgeon","Immolate"],"picked":"Impervious","floor":33},{"not_picked":["Searing Blow","Clothesline"],"picked":"Battle Trance+1","floor":35},{"not_picked":["Clash+1","Infernal Blade+1"],"picked":"Uppercut","floor":41},{"not_picked":["Warcry+1","Spot Weakness+1"],"picked":"Heavy Blade+1","floor":44},{"not_picked":["Thunderclap+1","Warcry+1","Dark Embrace+1"],"picked":"SKIP","floor":46}],"player_experience":819350,"relics_obtained":[{"floor":7,"key":"White Beast Statue"},{"floor":9,"key":"Dream Catcher"},{"floor":10,"key":"The Courier"},{"floor":20,"key":"Red Mask"},{"floor":24,"key":"Potion Belt"},{"floor":26,"key":"Pear"},{"floor":29,"key":"Magic Flower"},{"floor":41,"key":"Juzu Bracelet"},{"floor":43,"key":"Bottled Lightning"},{"floor":46,"key":"Turnip"}],"event_choices":[{"damage_healed":0,"gold_gain":0,"player_choice":"Fled","damage_taken":0,"max_hp_gain":0,"max_hp_loss":0,"event_name":"Scrap Ooze","floor":2,"gold_loss":0},{"damage_healed":0,"gold_gain":0,"player_choice":"Donut","damage_taken":0,"max_hp_gain":5,"max_hp_loss":0,"event_name":"Big Fish","floor":13,"gold_loss":0},{"damage_healed":0,"gold_gain":0,"player_choice":"Fought Bandits","damage_taken":0,"max_hp_gain":0,"max_hp_loss":0,"event_name":"Masked Bandits","floor":20,"gold_loss":0},{"damage_healed":0,"gold_gain":0,"player_choice":"Copied","damage_taken":0,"max_hp_gain":0,"max_hp_loss":0,"event_name":"Duplicator","floor":21,"gold_loss":0,"cards_obtained":["Feed"]},{"damage_healed":0,"gold_gain":0,"player_choice":"Read","damage_taken":0,"max_hp_gain":0,"max_hp_loss":0,"event_name":"The Library","floor":28,"gold_loss":0,"cards_obtained":["Barricade"]},{"damage_healed":0,"gold_gain":0,"player_choice":"1 cards matched","damage_taken":0,"max_hp_gain":0,"max_hp_loss":0,"event_name":"Match and Keep!","floor":37,"gold_loss":0,"cards_obtained":["Metallicize"]},{"damage_healed":0,"gold_gain":0,"player_choice":"Embrace Madness","damage_taken":11,"max_hp_gain":0,"max_hp_loss":0,"event_name":"Winding Halls","floor":39,"gold_loss":0,"cards_obtained":["Madness","Madness"]},{"cards_removed":["Bash"],"damage_healed":0,"gold_gain":0,"player_choice":"Purged","damage_taken":0,"max_hp_gain":0,"max_hp_loss":0,"event_name":"Purifier","floor":48,"gold_loss":0}],"is_beta":true,"boss_relics":[{"not_picked":["Black Star","Ectoplasm"],"picked":"Runic Pyramid"},{"not_picked":["Sozu","Runic Cube"],"picked":"SlaversCollar"}],"items_purged_floors":[30,36],"is_endless":false,"potions_floor_spawned":[1,3,10,12,16,18,19,20,22,24,25,29,31,33,35,41,44,46],"ascension_level":1}}