{"host":"yx5rao87132cy5xq","time":1614178845,"event":{"mods":["2.2 Compatiblity","AchievementEnabler","BaseMod","Bestiary","Colored Map","Colored Powertips","Highlight Path","Minty Spire (QoL Compilation)","Quick Restart","Relic Stats","Slay-I","SuperFastMode"],"gold_per_floor":[114,128,140,140,140,170,170,195,241,252,266,300,300,27,27,100,100,118,147,166,166,183,183,200,200,200,200,200],"floor_reached":27,"language":"ENG","playtime":4444,"items_purged":["Strike_R"],"score":466,"play_id":"e10f1d1e-54b0-4106-aec0-01a0898fa044","local_time":"20210224160045","is_ascension_mode":true,"campfire_choices":[{"floor":7.0,"key":"REST"},{"data":"Bash","floor":13.0,"key":"SMITH"},{"floor":15.0,"key":"REST"},{"data":"Entrench","floor":23,"key":"SMITH"},{"floor":25,"key":"REST"}],"circlet_count":0,"master_deck":["AscendersBane","Strike_R","Defend_R","Defend_R","Defend_R","Defend_R","Bash+1","Anger","Shrug It Off","Sword Boomerang","Feel No Pain","Iron Wave","Twin Strike","Flex","Iron Wave","PanicButton","Barricade","Double Tap+1","Second Wind+1","Feel No Pain+1","True Grit+1","Wild Strike","Warcry","Entrench+1"],"relics":["Burning Blood","Matryoshka","Akabeko","Toy Ornithopter","Boot","Charon\u0027s Ashes","Astrolabe","Red Mask","Frozen Egg 2","Nunchaku"],"acts_visited":["Exordium","TheCity"],"potions_floor_usage":[19,22],"damage_taken":[{"damage":7.0,"enemies":"Small Slimes","floor":1.0,"turns":3.0},{"damage":1.0,"enemies":"Cultist","floor":2.0,"turns":3.0},{"damage":4.0,"enemies":"Jaw Worm","floor":3.0,"turns":5.0},{"damage":37.0,"enemies":"Lagavulin","floor":6.0,"turns":8.0},{"damage":26.0,"enemies":"3 Sentries","floor":8.0,"turns":14.0},{"damage":5.0,"enemies":"Blue Slaver","floor":10.0,"turns":2.0},{"damage":9.0,"enemies":"Exordium Thugs","floor":11.0,"turns":2.0},{"damage":8.0,"enemies":"Gremlin Nob","floor":12.0,"turns":3.0},{"damage":33.0,"enemies":"The Guardian","floor":16.0,"turns":7.0},{"damage":23.0,"enemies":"Spheric Guardian","floor":18.0,"turns":8.0},{"damage":36,"enemies":"Masked Bandits","floor":19,"turns":4},{"damage":1,"enemies":"Chosen","floor":20,"turns":5},{"damage":9,"enemies":"Centurion and Healer","floor":22,"turns":7},{"damage":27,"enemies":"Snake Plant","floor":24,"turns":6},{"damage":49,"enemies":"Book of Stabbing","floor":27,"turns":6}],"seed_played":"-1598736570140777708","potions_obtained":[{"floor":0.0,"key":"Energy Potion"},{"floor":0.0,"key":"HeartOfIron"},{"floor":1.0,"key":"FearPotion"},{"floor":10.0,"key":"Fire Potion"},{"floor":11.0,"key":"Swift Potion"},{"floor":12.0,"key":"LiquidMemories"},{"floor":19,"key":"Ancient Potion"},{"floor":20,"key":"Regen Potion"}],"is_trial":false,"path_per_floor":["M","M","M","?","?","E","R","E","T","M","M","E","R","$","R","B",null,"M","?","M","?","M","R","M","R","T","E"],"character_chosen":"IRONCLAD","items_purchased":["CultistPotion","PanicButton"],"campfire_rested":3,"item_purchase_floors":[14,14],"current_hp_per_floor":[67,72,74,74,63,32,54,34,34,35,37,40,40,40,62,40,66,49,24,29,29,46,46,25,47,47,0,0],"gold":200,"neow_bonus":"THREE_SMALL_POTIONS","is_daily":false,"chose_seed":false,"campfire_upgraded":2,"win_rate":0.0,"timestamp":1614178845,"path_taken":["M","M","M","?","?","E","R","E","T","M","?","E","R","$","R","BOSS","M","?","M","?","?","R","M","R","T","E"],"items_purchased_type":["Potion","Card"],"build_version":"2020-12-22","purchased_purges":1,"victory":false,"max_hp_per_floor":[75,75,75,75,75,75,75,75,75,75,75,75,75,75,75,75,75,75,75,75,75,75,75,75,75,75,75,75],"relic_stats":{"Nunchaku":[0],"counters":[15,83],"Astrolabe":["Double Tap","Second Wind","Feel No Pain"],"Charon\u0027s Ashes":[93],"Boot":[60],"obtain_stats":[{"Nunchaku":26,"Matryoshka":6,"Astrolabe":17,"Charon\u0027s Ashes":12,"Red Mask":19,"Frozen Egg 2":26,"Boot":9,"Burning Blood":0,"Akabeko":8,"Toy Ornithopter":9},{"Nunchaku":14,"Matryoshka":4,"Astrolabe":9,"Charon\u0027s Ashes":8,"Red Mask":11,"Frozen Egg 2":14,"Boot":5,"Burning Blood":0,"Akabeko":5,"Toy Ornithopter":5},{"Nunchaku":77,"Matryoshka":19,"Astrolabe":47,"Charon\u0027s Ashes":40,"Red Mask":59,"Frozen Egg 2":77,"Boot":33,"Burning Blood":0,"Akabeko":33,"Toy Ornithopter":33}],"Burning Blood":84,"Toy Ornithopter":25},"card_choices":[{"not_picked":["Flex","Perfected Strike"],"picked":"Anger","floor":1.0},{"not_picked":["Body Slam","True Grit"],"picked":"Shrug It Off","floor":2.0},{"not_picked":["Armaments","Pommel Strike"],"picked":"Sword Boomerang","floor":3.0},{"not_picked":["Armaments","Limit Break"],"picked":"Feel No Pain","floor":6.0},{"not_picked":["Second Wind","Perfected Strike"],"picked":"Iron Wave","floor":8.0},{"not_picked":["Flex","Inflame"],"picked":"Twin Strike","floor":10.0},{"not_picked":["Infernal Blade","Dual Wield"],"picked":"Flex","floor":11.0},{"not_picked":["Anger","Heavy Blade"],"picked":"Iron Wave","floor":12.0},{"not_picked":["Double Tap","Limit Break"],"picked":"Barricade","floor":16.0},{"not_picked":["Sword Boomerang","Body Slam"],"picked":"True Grit","floor":18.0},{"not_picked":["Headbutt","Havoc"],"picked":"Wild Strike","floor":19},{"not_picked":["Body Slam+1","Flex"],"picked":"Warcry","floor":20},{"not_picked":["Warcry","Perfected Strike"],"picked":"Entrench","floor":22},{"not_picked":["Pommel Strike+1","Dropkick","Blood for Blood"],"picked":"SKIP","floor":24}],"player_experience":1163336,"relics_obtained":[{"floor":6.0,"key":"Matryoshka"},{"floor":8.0,"key":"Akabeko"},{"floor":9.0,"key":"Toy Ornithopter"},{"floor":9.0,"key":"Boot"},{"floor":12.0,"key":"Charon\u0027s Ashes"},{"floor":19,"key":"Red Mask"},{"floor":26,"key":"Frozen Egg 2"},{"floor":26,"key":"Nunchaku"}],"event_choices":[{"damage_healed":0.0,"max_hp_gain":0.0,"max_hp_loss":0.0,"gold_gain":0.0,"event_name":"Liars Game","player_choice":"Ignored","floor":4.0,"gold_loss":0.0,"damage_taken":0.0},{"damage_healed":0.0,"max_hp_gain":0.0,"max_hp_loss":0.0,"gold_gain":0.0,"event_name":"Wheel of Change","player_choice":"Damaged","floor":5.0,"gold_loss":0.0,"damage_taken":11.0},{"damage_healed":0,"gold_gain":0,"player_choice":"Fought Bandits","damage_taken":0,"max_hp_gain":0,"max_hp_loss":0,"event_name":"Masked Bandits","floor":19,"gold_loss":0},{"damage_healed":0,"gold_gain":0,"player_choice":"Forge","damage_taken":0,"max_hp_gain":0,"max_hp_loss":0,"event_name":"Accursed Blacksmith","floor":21,"gold_loss":0,"cards_upgraded":["True Grit"]}],"is_beta":false,"boss_relics":[{"not_picked":["Philosopher\u0027s Stone","Fusion Hammer"],"picked":"Astrolabe"}],"items_purged_floors":[14],"is_endless":false,"potions_floor_spawned":[1,10,11,12,19,20],"killed_by":"Book of Stabbing","ascension_level":20}}