{"host":"fbdlh90rovbiajun","time":1614138121,"event":{"mods":["AchievementEnabler","BaseMod","Colored Map","Keyboard Shortcuts","Minty Spire (QoL Compilation)","SuperFastMode"],"gold_per_floor":[118,135,60,60,60,60,89,89,114,114,14,33,59,71,71,167,167,186,30,30,30,30,30,56,75,101,101,114,114,114,133,133,236,236,255,255,255,270,270,270,270],"floor_reached":40,"language":"KOR","playtime":1382,"items_purged":["Defend_P","Regret"],"score":621,"play_id":"01491658-ed46-4ba3-b7e9-4d5427e751a8","local_time":"20210224124201","is_ascension_mode":true,"campfire_choices":[{"data":"Eruption","floor":6.0,"key":"SMITH"},{"data":"Halt","floor":8.0,"key":"SMITH"},{"data":"Vigilance","floor":15.0,"key":"SMITH"},{"data":"Adaptation","floor":23.0,"key":"SMITH"},{"data":"MentalFortress","floor":27.0,"key":"SMITH"},{"floor":30.0,"key":"DIG"},{"floor":32.0,"key":"DIG"}],"circlet_count":0,"master_deck":["Strike_P","Strike_P","Strike_P","Defend_P","Defend_P","Defend_P","Eruption+1","Vigilance+1","Halt+1","MentalFortress+1","Adaptation+1"],"relics":["PureWater","NeowsBlessing","InkBottle","Bronze Scales","Bag of Marbles","Blood Vial","Coffee Dripper","Orrery","Centennial Puzzle","Shovel","PreservedInsect","Potion Belt","Toy Ornithopter","Busted Crown"],"acts_visited":["Exordium","TheCity","TheBeyond"],"potions_floor_usage":[],"damage_taken":[{"damage":0.0,"enemies":"2 Louse","floor":1.0,"turns":1.0},{"damage":0.0,"enemies":"Small Slimes","floor":2.0,"turns":1.0},{"damage":0.0,"enemies":"Gremlin Nob","floor":7.0,"turns":1.0},{"damage":0.0,"enemies":"Jaw Worm","floor":12.0,"turns":3.0},{"damage":10.0,"enemies":"Lagavulin","floor":13.0,"turns":8.0},{"damage":4.0,"enemies":"Blue Slaver","floor":14.0,"turns":3.0},{"damage":31.0,"enemies":"Slime Boss","floor":16.0,"turns":12.0},{"damage":16.0,"enemies":"3 Byrds","floor":18.0,"turns":4.0},{"damage":23.0,"enemies":"Gremlin Leader","floor":24.0,"turns":8.0},{"damage":0.0,"enemies":"Chosen","floor":25.0,"turns":3.0},{"damage":14.0,"enemies":"Snake Plant","floor":28.0,"turns":3.0},{"damage":12.0,"enemies":"Centurion and Healer","floor":31.0,"turns":6.0},{"damage":26.0,"enemies":"Collector","floor":33.0,"turns":6.0},{"damage":34.0,"enemies":"3 Darklings","floor":35.0,"turns":10.0},{"damage":12.0,"enemies":"Orb Walker","floor":38.0,"turns":4.0},{"damage":56,"enemies":"Giant Head","floor":40,"turns":9}],"seed_played":"8654321790173514273","potions_obtained":[{"floor":12.0,"key":"SmokeBomb"},{"floor":13.0,"key":"Block Potion"},{"floor":14.0,"key":"GamblersBrew"},{"floor":18.0,"key":"GamblersBrew"},{"floor":25.0,"key":"SneckoOil"},{"floor":29.0,"key":"StancePotion"},{"floor":29.0,"key":"SkillPotion"},{"floor":38.0,"key":"Energy Potion"}],"is_trial":false,"path_per_floor":["M","M","$","?","?","R","E","R","T","?","$","M","E","M","R","B",null,"M","$","?","?","T","R","E","M","T","R","M","?","R","M","R","B",null,"M","?","?","M","?","E"],"character_chosen":"WATCHER","items_purchased":["Orrery"],"campfire_rested":0,"item_purchase_floors":[19],"current_hp_per_floor":[65,65,65,65,65,65,65,65,65,65,65,65,55,53,53,24,60,46,46,46,70,70,70,49,51,51,51,39,39,39,29,29,20,59,27,63,63,51,51,0,0],"gold":270,"neow_bonus":"THREE_ENEMY_KILL","is_daily":false,"chose_seed":false,"campfire_upgraded":5,"win_rate":0.0,"timestamp":1614138121,"path_taken":["M","M","$","?","?","R","E","R","T","?","$","M","E","M","R","BOSS","M","$","?","?","?","R","E","M","T","R","M","?","R","M","R","BOSS","M","?","?","?","?","E"],"items_purchased_type":["Relic"],"build_version":"2020-12-22","purchased_purges":2,"victory":false,"max_hp_per_floor":[72,72,72,72,72,72,72,72,72,72,72,72,72,72,72,72,72,72,72,72,72,72,72,72,72,72,72,72,72,72,72,72,72,72,72,63,63,63,63,63,63],"card_choices":[{"not_picked":["SashWhip","Nirvana"],"picked":"Halt","floor":1.0},{"not_picked":["Nirvana","FlurryOfBlows","Perseverance"],"picked":"SKIP","floor":2.0},{"not_picked":["Wireheading","Weave"],"picked":"MentalFortress","floor":7.0},{"not_picked":["ThirdEye","SashWhip","Halt"],"picked":"SKIP","floor":12.0},{"not_picked":["CrushJoints","FlyingSleeves","EmptyFist"],"picked":"SKIP","floor":13.0},{"not_picked":["Tantrum","FlyingSleeves","MentalFortress"],"picked":"SKIP","floor":14.0},{"not_picked":["ClearTheMind+1","Sanctity","Wireheading"],"picked":"SKIP","floor":18.0},{"not_picked":["EmptyFist+1","Protect"],"picked":"Adaptation","floor":19.0},{"not_picked":["Establishment","Conclude+1","FlurryOfBlows"],"picked":"SKIP","floor":24.0},{"not_picked":["BowlingBash+1","CrushJoints","FlurryOfBlows"],"picked":"SKIP","floor":25.0},{"not_picked":["BowlingBash+1","CrushJoints","FlurryOfBlows"],"picked":"SKIP","floor":25.0},{"not_picked":["Prostrate","Wallop+1","Nirvana"],"picked":"SKIP","floor":28.0},{"not_picked":["FollowUp","Protect","Wish"],"picked":"SKIP","floor":31.0},{"not_picked":["Indignation+1"],"picked":"SKIP","floor":35.0},{"not_picked":["JustLucky"],"picked":"SKIP","floor":38.0}],"player_experience":125182,"relics_obtained":[{"floor":7.0,"key":"InkBottle"},{"floor":9.0,"key":"Bronze Scales"},{"floor":13.0,"key":"Blood Vial"},{"floor":22.0,"key":"Centennial Puzzle"},{"floor":24.0,"key":"Shovel"},{"floor":26.0,"key":"PreservedInsect"},{"floor":30.0,"key":"Potion Belt"},{"floor":32.0,"key":"Toy Ornithopter"}],"event_choices":[{"damage_healed":0.0,"max_hp_gain":0.0,"max_hp_loss":0.0,"gold_gain":0.0,"event_name":"Liars Game","player_choice":"Ignored","floor":4.0,"gold_loss":0.0,"damage_taken":0.0},{"cards_removed":["Strike_P"],"damage_healed":0.0,"max_hp_gain":0.0,"max_hp_loss":0.0,"gold_gain":0.0,"event_name":"Living Wall","player_choice":"Forget","floor":5.0,"gold_loss":0.0,"damage_taken":0.0},{"damage_healed":0.0,"max_hp_gain":0.0,"max_hp_loss":0.0,"gold_gain":0.0,"event_name":"Big Fish","player_choice":"Box","floor":10.0,"gold_loss":0.0,"damage_taken":0.0,"relics_obtained":["Bag of Marbles"],"cards_obtained":["Regret"]},{"damage_healed":24.0,"max_hp_gain":0.0,"max_hp_loss":0.0,"gold_gain":0.0,"event_name":"The Library","player_choice":"Heal","floor":21.0,"gold_loss":0.0,"damage_taken":0.0},{"damage_healed":0.0,"max_hp_gain":0.0,"max_hp_loss":0.0,"gold_gain":0.0,"event_name":"Lab","player_choice":"Got Potions","floor":29.0,"gold_loss":0.0,"damage_taken":0.0},{"damage_healed":63.0,"max_hp_gain":0.0,"max_hp_loss":9.0,"gold_gain":0.0,"event_name":"The Moai Head","player_choice":"Heal","floor":36.0,"gold_loss":0.0,"damage_taken":0.0},{"damage_healed":0.0,"max_hp_gain":0.0,"max_hp_loss":0.0,"gold_gain":0.0,"event_name":"The Woman in Blue","player_choice":"Bought 0 Potions","floor":37.0,"gold_loss":0.0,"damage_taken":0.0},{"damage_healed":0,"gold_gain":0,"player_choice":"Ignored","damage_taken":0,"max_hp_gain":0,"max_hp_loss":0,"event_name":"Mysterious Sphere","floor":39,"gold_loss":0}],"is_beta":false,"boss_relics":[{"not_picked":["Runic Dome","SlaversCollar"],"picked":"Coffee Dripper"},{"not_picked":["Snecko Eye","Cursed Key"],"picked":"Busted Crown"}],"items_purged_floors":[3,11],"is_endless":false,"potions_floor_spawned":[12,13,14,18,25,38],"killed_by":"Giant Head","ascension_level":7}}