{"host":"8iprjuzow65cevwy","time":1614197995,"event":{"mods":["BaseMod","Colored Map","Highlight Path","Minty Spire (QoL Compilation)","Permanent Neow"],"gold_per_floor":[112,131,131,148,160,160,174,174,201,215,215,245,195,195,195,325,325,339,362,362,219,219,219,66,78,78,78,78,93,93,104,104,203,203,215,234,234,247,267,267,285,300,300,300,240,265,38,53,53,53],"floor_reached":51,"language":"ENG","playtime":3376,"items_purged":["Writhe"],"score":1112,"play_id":"71394f9c-b5da-4e27-a5d4-1bc08ad1618f","local_time":"20210224211955","is_ascension_mode":true,"campfire_choices":[{"data":"Uppercut","floor":6.0,"key":"SMITH"},{"floor":8.0,"key":"REST"},{"floor":11.0,"key":"REST"},{"data":"Flame Barrier","floor":15.0,"key":"SMITH"},{"data":"Offering","floor":23,"key":"SMITH"},{"data":"Double Tap","floor":27,"key":"SMITH"},{"floor":32,"key":"REST"},{"floor":40,"key":"REST"},{"floor":49,"key":"REST"}],"circlet_count":0,"master_deck":["Strike_R+1","Strike_R+1","Defend_R+1","Defend_R+1","Defend_R+1","Bash","Combust","Uppercut+1","Second Wind+1","Rupture","Cleave","Flame Barrier+1","Double Tap+1","Clothesline","Offering+1","Dual Wield+1","Ghostly Armor+1","Metallicize","Bludgeon","Juggernaut+1","Demon Form+1","Battle Trance+1","Barricade","Shrug It Off+1","Carnage+1","HandOfGreed","Heavy Blade+1"],"relics":["Snecko Eye","Bag of Preparation","Juzu Bracelet","Bloody Idol","Cursed Key","Strawberry","Toxic Egg 2","Enchiridion","Astrolabe","Sundial","War Paint","MealTicket"],"acts_visited":["Exordium","TheCity","TheBeyond"],"potions_floor_usage":[29,33,33,33,38,46,48,48],"damage_taken":[{"damage":5.0,"enemies":"Small Slimes","floor":1.0,"turns":5.0},{"damage":1.0,"enemies":"2 Louse","floor":2.0,"turns":2.0},{"damage":11.0,"enemies":"Jaw Worm","floor":4.0,"turns":3.0},{"damage":0.0,"enemies":"Looter","floor":5.0,"turns":2.0},{"damage":16.0,"enemies":"3 Louse","floor":7.0,"turns":4.0},{"damage":4.0,"enemies":"2 Fungi Beasts","floor":10.0,"turns":4.0},{"damage":1.0,"enemies":"Gremlin Nob","floor":12.0,"turns":3.0},{"damage":13.0,"enemies":"The Guardian","floor":16.0,"turns":9.0},{"damage":12,"enemies":"2 Thieves","floor":18,"turns":4},{"damage":2,"enemies":"Chosen","floor":19,"turns":4},{"damage":19,"enemies":"Snake Plant","floor":25,"turns":3},{"damage":18,"enemies":"Sentry and Sphere","floor":29,"turns":5},{"damage":1,"enemies":"Centurion and Healer","floor":31,"turns":4},{"damage":72,"enemies":"Automaton","floor":33,"turns":10},{"damage":9,"enemies":"3 Shapes","floor":35,"turns":4},{"damage":0,"enemies":"3 Darklings","floor":36,"turns":2},{"damage":13,"enemies":"Writhing Mass","floor":38,"turns":3},{"damage":12,"enemies":"4 Shapes","floor":39,"turns":4},{"damage":28,"enemies":"Spire Growth","floor":41,"turns":5},{"damage":10,"enemies":"Jaw Worm Horde","floor":42,"turns":4},{"damage":8,"enemies":"Giant Head","floor":46,"turns":5},{"damage":23,"enemies":"Transient","floor":48,"turns":5},{"damage":42,"enemies":"Time Eater","floor":50,"turns":7}],"seed_played":"-4384614001263952707","potions_obtained":[{"floor":4.0,"key":"Block Potion"},{"floor":7.0,"key":"DuplicationPotion"},{"floor":12.0,"key":"HeartOfIron"},{"floor":19,"key":"GamblersBrew"},{"floor":31,"key":"Block Potion"},{"floor":36,"key":"BlessingOfTheForge"},{"floor":39,"key":"Dexterity Potion"},{"floor":42,"key":"Explosive Potion"},{"floor":46,"key":"LiquidBronze"}],"is_trial":false,"path_per_floor":["M","M","?","M","M","R","M","R","T","M","R","E","?","?","R","B",null,"M","M","?","$","?","R","$","M","T","R","?","M","?","M","R","B",null,"M","M","?","M","M","R","M","M","T","?","?","E","$","M","R","B",null],"character_chosen":"IRONCLAD","items_purchased":["Offering","Strawberry","MealTicket"],"campfire_rested":5,"item_purchase_floors":[21,24,47],"current_hp_per_floor":[67,66,59,48,48,48,32,56,56,52,76,75,75,74,74,61,71,59,57,57,57,57,57,64,50,50,50,34,21,48,52,76,9,63,59,64,64,56,49,73,50,45,45,45,45,42,42,24,48,6],"gold":53,"neow_bonus":"BOSS_RELIC","is_daily":false,"chose_seed":false,"campfire_upgraded":4,"win_rate":0.0,"timestamp":1614197995,"path_taken":["M","M","?","M","M","R","M","R","T","M","R","E","?","?","R","BOSS","M","M","?","$","?","R","$","M","T","R","?","M","?","M","R","BOSS","M","M","?","M","M","R","M","M","T","?","?","E","$","M","R","BOSS"],"items_purchased_type":["Card","Relic","Relic"],"build_version":"2020-12-22","purchased_purges":1,"victory":true,"max_hp_per_floor":[80,80,80,80,80,80,80,80,80,80,80,80,80,74,74,74,74,74,74,74,74,74,74,81,81,81,81,81,81,81,81,81,81,81,81,81,81,81,81,81,81,81,81,81,81,81,81,81,81,81],"card_choices":[{"not_picked":["Warcry","Body Slam"],"picked":"Combust","floor":1.0},{"not_picked":["Rage","Rupture"],"picked":"Uppercut","floor":2.0},{"not_picked":["Shrug It Off","Sentinel"],"picked":"Second Wind","floor":4.0},{"not_picked":["Pommel Strike","Warcry"],"picked":"Rupture","floor":5.0},{"not_picked":["Heavy Blade","Body Slam"],"picked":"Cleave","floor":7.0},{"not_picked":["Dropkick","Intimidate","Fire Breathing"],"picked":"SKIP","floor":10.0},{"not_picked":["Iron Wave","Sentinel"],"picked":"Flame Barrier","floor":12.0},{"not_picked":["Fiend Fire","Exhume"],"picked":"Double Tap","floor":16.0},{"not_picked":["Reckless Charge","Cleave"],"picked":"Clothesline","floor":18},{"not_picked":["Carnage","Twin Strike"],"picked":"Rage+1","floor":19},{"not_picked":["Flex","Dark Embrace+1"],"picked":"Dual Wield+1","floor":25},{"not_picked":["Shrug It Off+1","Anger"],"picked":"Ghostly Armor+1","floor":29},{"not_picked":["Intimidate+1","Pommel Strike+1"],"picked":"Metallicize","floor":31},{"not_picked":["Brutality","Reaper"],"picked":"Bludgeon","floor":33},{"not_picked":["Anger","Headbutt+1","Pommel Strike"],"picked":"SKIP","floor":35},{"not_picked":["Headbutt+1","Wild Strike","Cleave+1"],"picked":"SKIP","floor":36},{"not_picked":["Cleave","Warcry+1","Havoc+1"],"picked":"SKIP","floor":38},{"not_picked":["Body Slam","Flame Barrier+1"],"picked":"Barricade","floor":39},{"not_picked":["Rampage+1","Perfected Strike+1"],"picked":"Shrug It Off+1","floor":41},{"not_picked":["Twin Strike","Heavy Blade"],"picked":"Carnage+1","floor":42},{"not_picked":["Purity+1","Thinking Ahead+1"],"picked":"HandOfGreed","floor":44},{"not_picked":["Pummel+1","Shrug It Off+1","Whirlwind+1"],"picked":"SKIP","floor":46},{"not_picked":["Flex+1","Perfected Strike+1"],"picked":"Heavy Blade+1","floor":48}],"player_experience":394477,"relics_obtained":[{"floor":9.0,"key":"Bag of Preparation"},{"floor":12.0,"key":"Juzu Bracelet"},{"floor":26,"key":"Toxic Egg 2"},{"floor":28,"key":"Enchiridion"},{"floor":43,"key":"Sundial"},{"floor":46,"key":"War Paint"}],"event_choices":[{"cards_removed":["Strike_R"],"damage_healed":0.0,"max_hp_gain":0.0,"max_hp_loss":0.0,"gold_gain":0.0,"event_name":"Golden Wing","player_choice":"Card Removal","floor":3.0,"gold_loss":0.0,"damage_taken":7.0},{"cards_removed":["Strike_R"],"damage_healed":0.0,"max_hp_gain":0.0,"max_hp_loss":0.0,"gold_gain":0.0,"event_name":"The Cleric","player_choice":"Card Removal","floor":13.0,"gold_loss":50.0,"damage_taken":0.0},{"damage_healed":0.0,"max_hp_gain":0.0,"max_hp_loss":6.0,"gold_gain":0.0,"event_name":"Golden Idol","player_choice":"Lose Max HP","floor":14.0,"gold_loss":0.0,"damage_taken":0.0,"relics_obtained":["Golden Idol"]},{"damage_healed":0,"gold_gain":0,"player_choice":"Gave Idol","damage_taken":0,"relics_obtained":["Bloody Idol"],"max_hp_gain":0,"max_hp_loss":0,"event_name":"Forgotten Altar","floor":20,"relics_lost":["Golden Idol"],"gold_loss":0},{"damage_healed":0,"gold_gain":0,"player_choice":"Simplicity","damage_taken":0,"max_hp_gain":0,"max_hp_loss":0,"event_name":"Back to Basics","floor":22,"gold_loss":0,"cards_upgraded":["Strike_R","Strike_R","Strike_R","Defend_R","Defend_R","Defend_R","Defend_R"]},{"damage_healed":0,"gold_gain":0,"player_choice":"Obtained Book","damage_taken":16,"max_hp_gain":0,"max_hp_loss":0,"event_name":"Cursed Tome","floor":28,"gold_loss":0},{"damage_healed":27,"gold_gain":0,"player_choice":"Heal","damage_taken":0,"max_hp_gain":0,"max_hp_loss":0,"event_name":"The Library","floor":30,"gold_loss":0},{"damage_healed":0,"gold_gain":0,"player_choice":"Ignored","damage_taken":0,"max_hp_gain":0,"max_hp_loss":0,"event_name":"Tomb of Lord Red Mask","floor":37,"gold_loss":0},{"damage_healed":0,"gold_gain":0,"player_choice":"Memory 1","damage_taken":0,"max_hp_gain":0,"max_hp_loss":0,"event_name":"SensoryStone","floor":44,"gold_loss":0},{"cards_removed":["Normality"],"damage_healed":0,"gold_gain":0,"player_choice":"Single Remove","damage_taken":0,"max_hp_gain":0,"max_hp_loss":0,"event_name":"Designer","floor":45,"gold_loss":60}],"is_beta":false,"boss_relics":[{"not_picked":["Sozu","Runic Cube"],"picked":"Cursed Key"},{"not_picked":["Calling Bell","Tiny House"],"picked":"Astrolabe"}],"items_purged_floors":[47],"is_endless":false,"potions_floor_spawned":[4,7,12,19,25,31,36,39,42,46],"ascension_level":9}}