{"host":"d52brwsy6af8zvaq","time":1614198039,"event":{"mods":["AchievementEnabler","BaseMod","Bestiary","Highlight Path","Minty Spire (QoL Compilation)","Quick Restart","Relic Stats","ojb\u0027s Better Paths Mod"],"gold_per_floor":[116,128,128,69,86,86,103,136,160,160,170,192,212,245,245,321,321,336,14,14,32,46,46,80,80,80,80,115,115,30,44,44,44,44],"floor_reached":33,"language":"ENG","playtime":1495,"items_purged":[],"score":640,"play_id":"4f906970-3e73-48bd-a92c-fce57575d9ec","local_time":"20210224132039","is_ascension_mode":true,"campfire_choices":[{"data":"Streamline","floor":6.0,"key":"SMITH"},{"data":"Hyperbeam","floor":10.0,"key":"SMITH"},{"floor":15.0,"key":"REST"},{"floor":23.0,"key":"REST"},{"floor":25.0,"key":"REST"},{"data":"Defragment","floor":32,"key":"SMITH"}],"circlet_count":0,"master_deck":["AscendersBane","Strike_B","Defend_B","Defend_B","Defend_B","Defend_B","Zap","Dualcast","Hyperbeam+1","Genetic Algorithm","Go for the Eyes","Streamline+1","Rip and Tear","Beam Cell","Undo","Buffer","Hologram","Hologram","Seek","Conserve Battery","Defragment+1","Melter","Chaos","Redo","Conserve Battery","FTL","Consume+1","Darkness","Auto Shields"],"relics":["Cracked Core","Nunchaku","Odd Mushroom","PreservedInsect","Nuclear Battery","OrangePellets","Bird Faced Urn","Gremlin Horn","The Courier","Pantograph","Turnip"],"acts_visited":["Exordium","TheCity"],"potions_floor_usage":[],"damage_taken":[{"damage":0.0,"enemies":"Small Slimes","floor":1.0,"turns":1.0},{"damage":0.0,"enemies":"Cultist","floor":2.0,"turns":2.0},{"damage":0.0,"enemies":"2 Louse","floor":5.0,"turns":1.0},{"damage":8.0,"enemies":"Exordium Thugs","floor":7.0,"turns":3.0},{"damage":17.0,"enemies":"3 Sentries","floor":8.0,"turns":6.0},{"damage":8.0,"enemies":"Large Slime","floor":11.0,"turns":2.0},{"damage":4.0,"enemies":"The Mushroom Lair","floor":12.0,"turns":2.0},{"damage":21.0,"enemies":"3 Louse","floor":13.0,"turns":3.0},{"damage":0.0,"enemies":"Gremlin Nob","floor":14.0,"turns":3.0},{"damage":24.0,"enemies":"Hexaghost","floor":16.0,"turns":9.0},{"damage":16.0,"enemies":"Spheric Guardian","floor":18.0,"turns":4.0},{"damage":9.0,"enemies":"Shell Parasite","floor":21.0,"turns":5.0},{"damage":27.0,"enemies":"Snake Plant","floor":22.0,"turns":4.0},{"damage":32.0,"enemies":"Book of Stabbing","floor":24.0,"turns":5.0},{"damage":17.0,"enemies":"Slavers","floor":28.0,"turns":3.0},{"damage":2.0,"enemies":"Centurion and Healer","floor":31.0,"turns":8.0},{"damage":54,"enemies":"Collector","floor":33,"turns":8}],"seed_played":"-7808042786636276759","potions_obtained":[{"floor":1.0,"key":"FairyPotion"},{"floor":8.0,"key":"LiquidBronze"},{"floor":13.0,"key":"SmokeBomb"},{"floor":14.0,"key":"DuplicationPotion"},{"floor":18.0,"key":"Ancient Potion"},{"floor":31.0,"key":"SteroidPotion"}],"is_trial":false,"path_per_floor":["M","M","?","$","M","R","M","E","T","R","M","?","M","E","R","B",null,"M","$","?","M","M","R","E","R","T","T","E","?","?","M","R","B"],"character_chosen":"DEFECT","items_purchased":["Streamline","OrangePellets","Defragment","Melter"],"campfire_rested":3,"item_purchase_floors":[4,19,19,19],"current_hp_per_floor":[64,64,64,64,64,64,56,39,39,39,31,27,6,6,27,3,54,38,38,38,29,2,23,14,35,35,35,20,20,20,22,22,0,0],"gold":44,"neow_bonus":"ONE_RANDOM_RARE_CARD","is_daily":false,"chose_seed":false,"campfire_upgraded":3,"win_rate":0.0,"timestamp":1614198039,"path_taken":["M","M","?","$","M","R","M","E","T","R","?","?","M","E","R","BOSS","M","$","?","M","M","R","E","R","T","?","E","?","?","M","R","BOSS"],"items_purchased_type":["Card","Relic","Card","Card"],"build_version":"2020-12-22","purchased_purges":0,"victory":false,"max_hp_per_floor":[71,71,71,71,71,71,71,71,71,71,71,71,71,71,71,71,71,71,71,71,71,71,71,71,71,71,71,71,71,71,71,71,71,71],"relic_stats":{"OrangePellets":[7],"Nunchaku":[8],"Gremlin Horn":[6,6],"counters":[17,69],"Bird Faced Urn":[8],"Pantograph":25,"PreservedInsect":84,"Turnip":[5],"obtain_stats":[{"OrangePellets":19,"Nunchaku":8,"Gremlin Horn":26,"Bird Faced Urn":24,"Pantograph":28,"PreservedInsect":14,"The Courier":27,"Turnip":30,"Odd Mushroom":12,"Cracked Core":0,"Nuclear Battery":17},{"OrangePellets":11,"Nunchaku":5,"Gremlin Horn":14,"Bird Faced Urn":14,"Pantograph":15,"PreservedInsect":9,"The Courier":14,"Turnip":15,"Odd Mushroom":7,"Cracked Core":0,"Nuclear Battery":10},{"OrangePellets":36,"Nunchaku":13,"Gremlin Horn":50,"Bird Faced Urn":50,"Pantograph":53,"PreservedInsect":23,"The Courier":50,"Turnip":53,"Odd Mushroom":17,"Cracked Core":0,"Nuclear Battery":32}]},"card_choices":[{"not_picked":["Heatsinks","Hologram"],"picked":"Genetic Algorithm","floor":1.0},{"not_picked":["Scrape","Turbo"],"picked":"Go for the Eyes","floor":2.0},{"not_picked":["Compile Driver","Sunder"],"picked":"Rip and Tear","floor":5.0},{"not_picked":["Turbo","Gash"],"picked":"Beam Cell","floor":7.0},{"not_picked":["Sunder","Redo","Barrage"],"picked":"SKIP","floor":8.0},{"not_picked":["Beam Cell","Go for the Eyes"],"picked":"Undo","floor":11.0},{"not_picked":["Compile Driver","Sweeping Beam"],"picked":"Buffer","floor":12.0},{"not_picked":["Rebound","Gash"],"picked":"Hologram","floor":13.0},{"not_picked":["Tempest","Hologram","Beam Cell"],"picked":"SKIP","floor":14.0},{"not_picked":["Tempest","Beam Cell"],"picked":"Hologram","floor":14.0},{"not_picked":["Meteor Strike","Hyperbeam"],"picked":"Seek","floor":16.0},{"not_picked":["Sweeping Beam","Scrape"],"picked":"Conserve Battery","floor":18.0},{"not_picked":["Gash","Rip and Tear"],"picked":"Conserve Battery","floor":21.0},{"not_picked":["Coolheaded","Tempest"],"picked":"FTL","floor":22.0},{"not_picked":["Beam Cell","Sweeping Beam"],"picked":"Consume+1","floor":24.0},{"not_picked":["Multi-Cast","Rebound"],"picked":"Darkness","floor":28.0},{"not_picked":["Force Field","Barrage"],"picked":"Auto Shields","floor":31.0}],"player_experience":2358850,"relics_obtained":[{"floor":8.0,"key":"Nunchaku"},{"floor":12.0,"key":"Odd Mushroom"},{"floor":14.0,"key":"PreservedInsect"},{"floor":24.0,"key":"Bird Faced Urn"},{"floor":26.0,"key":"Gremlin Horn"},{"floor":27.0,"key":"The Courier"},{"floor":28.0,"key":"Pantograph"}],"event_choices":[{"cards_removed":["Strike_B"],"damage_healed":0.0,"max_hp_gain":0.0,"max_hp_loss":0.0,"gold_gain":0.0,"event_name":"Bonfire Elementals","player_choice":"Offered Basic","floor":3.0,"gold_loss":0.0,"damage_taken":0.0},{"damage_healed":0.0,"max_hp_gain":0.0,"max_hp_loss":0.0,"gold_gain":0.0,"event_name":"Mushrooms","player_choice":"Fought Mushrooms","floor":12.0,"gold_loss":0.0,"damage_taken":0.0},{"damage_healed":0.0,"max_hp_gain":0.0,"max_hp_loss":0.0,"gold_gain":0.0,"cards_transformed":["Strike_B","Strike_B"],"event_name":"Drug Dealer","player_choice":"Became Test Subject","floor":20.0,"gold_loss":0.0,"damage_taken":0.0,"cards_obtained":["Chaos","Redo"]},{"damage_healed":0.0,"max_hp_gain":0.0,"max_hp_loss":0.0,"gold_gain":0.0,"event_name":"The Mausoleum","player_choice":"Ignored","floor":29.0,"gold_loss":0.0,"damage_taken":0.0},{"damage_healed":0.0,"max_hp_gain":0.0,"max_hp_loss":0.0,"gold_gain":0.0,"event_name":"Addict","player_choice":"Obtained Relic","floor":30.0,"gold_loss":85.0,"damage_taken":0.0,"relics_obtained":["Turnip"]}],"is_beta":false,"boss_relics":[{"not_picked":["Inserter","Busted Crown"],"picked":"Nuclear Battery"}],"items_purged_floors":[],"is_endless":false,"potions_floor_spawned":[1,8,11,13,14,18,22,31],"killed_by":"Collector","ascension_level":20}}