{"host":"sgdhw3pdkzxa44vc","time":1614135921,"event":{"mods":["BaseMod","Bestiary","Colored Map","Highlight Path","Minty Spire (QoL Compilation)","Relic Stats"],"gold_per_floor":[12,12,12,12,27,58,58,20,47,81,111,127,158,158,158,261,261,275,275,275],"floor_reached":19,"language":"ENG","playtime":677,"items_purged":[],"score":183,"play_id":"c226344a-8b57-4700-8513-5f77792155ea","local_time":"20210224050521","is_ascension_mode":false,"campfire_choices":[{"floor":7,"key":"REST"},{"data":"Buffer","floor":15,"key":"SMITH"}],"circlet_count":0,"master_deck":["Zap+1","Dualcast","Capacitor","Leap","Loop","Buffer+1","Buffer","Recycle","Core Surge","Reinforced Body","Compile Driver","Creative AI","Skim","Double Energy","Fusion","Melter+1"],"relics":["Cracked Core","Emotion Chip","Toy Ornithopter","Anchor","Oddly Smooth Stone","Mummified Hand","Juzu Bracelet","Strawberry","Pandora\u0027s Box"],"acts_visited":["Exordium","TheCity"],"potions_floor_usage":[16],"damage_taken":[{"damage":2,"enemies":"Small Slimes","floor":1,"turns":4},{"damage":5,"enemies":"2 Louse","floor":5,"turns":3},{"damage":35,"enemies":"Gremlin Nob","floor":6,"turns":5},{"damage":11,"enemies":"Lagavulin","floor":10,"turns":5},{"damage":0,"enemies":"Jaw Worm","floor":12,"turns":3},{"damage":6,"enemies":"3 Sentries","floor":13,"turns":7},{"damage":2,"enemies":"The Guardian","floor":16,"turns":15},{"damage":48,"enemies":"3 Byrds","floor":18,"turns":5},{"damage":0,"enemies":"2 Thieves","floor":19,"turns":1}],"seed_played":"1230045757596196508","potions_obtained":[{"floor":1,"key":"LiquidMemories"},{"floor":6,"key":"Fire Potion"},{"floor":16,"key":"AttackPotion"}],"is_trial":false,"path_per_floor":["M","?","$","?","M","E","R","?","T","E","?","M","E","?","R","B",null,"M","M"],"character_chosen":"DEFECT","items_purchased":[],"campfire_rested":1,"item_purchase_floors":[],"current_hp_per_floor":[73,73,73,73,68,33,55,55,55,44,44,44,38,38,38,41,82,34,34,34],"gold":275,"neow_bonus":"ONE_RARE_RELIC","is_daily":false,"chose_seed":false,"campfire_upgraded":1,"win_rate":0.0,"timestamp":1614135921,"path_taken":["M","?","$","?","M","E","R","?","T","E","?","M","E","?","R","BOSS","M","M"],"items_purchased_type":[],"build_version":"2020-12-22","purchased_purges":0,"victory":false,"max_hp_per_floor":[75,75,75,75,75,75,75,75,75,75,75,75,75,82,82,82,82,82,82,82],"relic_stats":{"Emotion Chip":[23,20,0,0,3],"counters":[9,48],"Mummified Hand":[16],"Pandora\u0027s Box":["Recycle","Core Surge","Reinforced Body","Compile Driver","Creative AI","Skim","Double Energy","Fusion"],"Juzu Bracelet":1,"obtain_stats":[{"Emotion Chip":0,"Anchor":9,"Mummified Hand":11,"Strawberry":14,"Oddly Smooth Stone":10,"Pandora\u0027s Box":17,"Juzu Bracelet":13,"Cracked Core":0,"Toy Ornithopter":6},{"Emotion Chip":0,"Anchor":3,"Mummified Hand":4,"Strawberry":6,"Oddly Smooth Stone":4,"Pandora\u0027s Box":7,"Juzu Bracelet":6,"Cracked Core":0,"Toy Ornithopter":3},{"Emotion Chip":0,"Anchor":12,"Mummified Hand":17,"Strawberry":27,"Oddly Smooth Stone":17,"Pandora\u0027s Box":42,"Juzu Bracelet":27,"Cracked Core":0,"Toy Ornithopter":12}],"Toy Ornithopter":5},"card_choices":[{"not_picked":["FTL","Beam Cell","Barrage"],"picked":"SKIP","floor":1},{"not_picked":["Hologram","Stack","Go for the Eyes"],"picked":"SKIP","floor":5},{"not_picked":["Compile Driver","Gash"],"picked":"Capacitor","floor":6},{"not_picked":["Go for the Eyes","Static Discharge"],"picked":"Leap","floor":10},{"not_picked":["Rebound","Hologram"],"picked":"Loop","floor":12},{"not_picked":["Storm","White Noise"],"picked":"Buffer","floor":13},{"not_picked":["Core Surge","Seek"],"picked":"Buffer","floor":16},{"not_picked":["Recycle+1","Double Energy+1"],"picked":"Melter+1","floor":18}],"player_experience":573840,"relics_obtained":[{"floor":6,"key":"Toy Ornithopter"},{"floor":9,"key":"Anchor"},{"floor":10,"key":"Oddly Smooth Stone"},{"floor":13,"key":"Juzu Bracelet"}],"event_choices":[{"damage_healed":0,"gold_gain":0,"player_choice":"Grow","damage_taken":0,"max_hp_gain":0,"max_hp_loss":0,"event_name":"Living Wall","floor":2,"gold_loss":0,"cards_upgraded":["Zap"]},{"damage_healed":0,"gold_gain":0,"player_choice":"Ignored","damage_taken":0,"max_hp_gain":0,"max_hp_loss":0,"event_name":"Liars Game","floor":4,"gold_loss":0},{"damage_healed":0,"gold_gain":0,"player_choice":"Left Gold","damage_taken":0,"max_hp_gain":0,"max_hp_loss":0,"event_name":"World of Goop","floor":8,"gold_loss":38},{"damage_healed":0,"gold_gain":30,"player_choice":"Searched \u00272\u0027 times","damage_taken":0,"relics_obtained":["Mummified Hand"],"max_hp_gain":0,"max_hp_loss":0,"event_name":"Dead Adventurer","floor":11,"gold_loss":0},{"damage_healed":0,"gold_gain":0,"player_choice":"Success","damage_taken":7,"relics_obtained":["Strawberry"],"max_hp_gain":0,"max_hp_loss":0,"event_name":"Scrap Ooze","floor":14,"gold_loss":0}],"is_beta":false,"boss_relics":[{"not_picked":["Snecko Eye","Runic Dome"],"picked":"Pandora\u0027s Box"}],"items_purged_floors":[],"is_endless":false,"potions_floor_spawned":[1,6,16],"killed_by":"2 Thieves","ascension_level":0}}