{"host":"03jd0k347uuzjnun","time":1614174215,"event":{"mods":["BaseMod","Bestiary","Minty Spire (QoL Compilation)","Permanent Neow","Quick Restart","Random Character Button","Relic Stats"],"gold_per_floor":[119,44,54,64,29,63,63,80,80,114,114,132,207,241,241,318,318,329,329,343,323,333,333,333,360,360,360,360],"floor_reached":27,"language":"ENG","playtime":1555,"items_purged":["Writhe"],"score":527,"play_id":"9f35d94e-9deb-4ec6-a89e-651cb976b3d1","local_time":"20210224144335","is_ascension_mode":true,"campfire_choices":[{"data":"Zap","floor":7.0,"key":"SMITH"},{"data":"Capacitor","floor":11.0,"key":"SMITH"},{"floor":15.0,"key":"REST"},{"floor":23,"key":"REST"}],"circlet_count":0,"master_deck":["AscendersBane","Defend_B","Defend_B","Defend_B","Defend_B","Zap+1","Dualcast","Scrape","Capacitor+1","Conserve Battery","Glacier","Compile Driver","Conserve Battery","Ball Lightning","Gash","Consume","Amplify","Bite","Bite","Bite","Bite","Bite","Redo","Electrodynamics","BootSequence","Fission"],"relics":["Cracked Core","Bottled Flame","Shuriken","Strawberry","Emotion Chip","Cursed Key","Tiny Chest"],"acts_visited":["Exordium","TheCity"],"potions_floor_usage":[25,27],"damage_taken":[{"damage":1.0,"enemies":"2 Louse","floor":1.0,"turns":3.0},{"damage":10.0,"enemies":"Small Slimes","floor":3.0,"turns":4.0},{"damage":0.0,"enemies":"Cultist","floor":4.0,"turns":4.0},{"damage":25.0,"enemies":"3 Sentries","floor":6.0,"turns":15.0},{"damage":0.0,"enemies":"Exordium Wildlife","floor":8.0,"turns":4.0},{"damage":11.0,"enemies":"Lagavulin","floor":10.0,"turns":9.0},{"damage":0.0,"enemies":"Looter","floor":12.0,"turns":2.0},{"damage":29.0,"enemies":"Gremlin Nob","floor":14.0,"turns":5.0},{"damage":4.0,"enemies":"Hexaghost","floor":16.0,"turns":9.0},{"damage":36,"enemies":"Shell Parasite","floor":18,"turns":5},{"damage":8,"enemies":"Spheric Guardian","floor":20,"turns":6},{"damage":25,"enemies":"Snake Plant","floor":22,"turns":5},{"damage":27,"enemies":"Gremlin Leader","floor":25,"turns":7},{"damage":42,"enemies":"Cultist and Chosen","floor":27,"turns":7}],"seed_played":"7290505391602258029","potions_obtained":[{"floor":6.0,"key":"AttackPotion"},{"floor":8.0,"key":"LiquidBronze"},{"floor":12.0,"key":"FocusPotion"},{"floor":14.0,"key":"Fire Potion"},{"floor":16.0,"key":"SkillPotion"},{"floor":21,"key":"DuplicationPotion"}],"is_trial":false,"path_per_floor":["M","$","M","M","?","E","R","M","T","E","R","M","?","E","R","B",null,"M","?","M","?","M","R","?","E","T","M"],"character_chosen":"DEFECT","items_purchased":[],"campfire_rested":2,"item_purchase_floors":[],"current_hp_per_floor":[63,63,53,53,70,45,45,45,45,41,41,41,30,1,24,20,64,28,28,28,28,15,31,31,18,18,0,0],"gold":360,"neow_bonus":"TRANSFORM_TWO_CARDS","is_daily":false,"chose_seed":false,"campfire_upgraded":2,"win_rate":0.0,"timestamp":1614174215,"path_taken":["M","$","M","M","?","E","R","M","T","E","R","M","?","E","R","BOSS","M","?","M","?","?","R","?","E","T","M"],"items_purchased_type":[],"build_version":"2020-12-22","purchased_purges":1,"victory":false,"max_hp_per_floor":[71,71,71,71,71,71,71,71,71,78,78,78,78,78,78,78,78,78,54,54,54,54,54,54,54,54,54,54],"relic_stats":{"Emotion Chip":[36,26,10,0,0],"counters":[14,85],"Shuriken":[8],"Tiny Chest":0,"Cursed Key":0,"obtain_stats":[{"Bottled Flame":6,"Emotion Chip":14,"Shuriken":9,"Strawberry":10,"Tiny Chest":25,"Cracked Core":0,"Cursed Key":17},{"Bottled Flame":4,"Emotion Chip":8,"Shuriken":5,"Strawberry":6,"Tiny Chest":13,"Cracked Core":0,"Cursed Key":9},{"Bottled Flame":26,"Emotion Chip":46,"Shuriken":30,"Strawberry":39,"Tiny Chest":78,"Cracked Core":0,"Cursed Key":55}]},"card_choices":[{"not_picked":["Turbo","Steam"],"picked":"Conserve Battery","floor":1.0},{"not_picked":["Coolheaded","Leap"],"picked":"Glacier","floor":3.0},{"not_picked":["Glacier","Rip and Tear"],"picked":"Compile Driver","floor":4.0},{"not_picked":["Leap","Glacier"],"picked":"Conserve Battery","floor":6.0},{"not_picked":["Leap","Conserve Battery"],"picked":"Ball Lightning","floor":8.0},{"not_picked":["Reboot","Skim","Coolheaded"],"picked":"SKIP","floor":10.0},{"not_picked":["Lockon","Aggregate"],"picked":"Gash","floor":12.0},{"not_picked":["Redo","Stack"],"picked":"Consume","floor":14.0},{"not_picked":["Hyperbeam","Rainbow"],"picked":"Amplify","floor":16.0},{"not_picked":["Stack","Chaos","Streamline"],"picked":"SKIP","floor":18},{"not_picked":["Steam","Streamline"],"picked":"Redo","floor":20},{"not_picked":["Auto Shields","Conserve Battery"],"picked":"Electrodynamics","floor":22},{"not_picked":["Tempest","Hologram"],"picked":"Fission","floor":25}],"player_experience":1462568,"relics_obtained":[{"floor":6.0,"key":"Bottled Flame"},{"floor":9.0,"key":"Shuriken"},{"floor":10.0,"key":"Strawberry"},{"floor":14.0,"key":"Emotion Chip"},{"floor":25,"key":"Tiny Chest"}],"event_choices":[{"damage_healed":17.0,"max_hp_gain":0.0,"max_hp_loss":0.0,"gold_gain":0.0,"event_name":"The Cleric","player_choice":"Healed","floor":5.0,"gold_loss":35.0,"damage_taken":0.0},{"damage_healed":0.0,"max_hp_gain":0.0,"max_hp_loss":0.0,"gold_gain":75.0,"event_name":"World of Goop","player_choice":"Gather Gold","floor":13.0,"gold_loss":0.0,"damage_taken":11.0},{"damage_healed":0,"gold_gain":0,"player_choice":"Became a vampire","damage_taken":0,"max_hp_gain":0,"max_hp_loss":24,"event_name":"Vampires","floor":19,"gold_loss":0,"cards_obtained":["Bite","Bite","Bite","Bite","Bite"]},{"damage_healed":0,"gold_gain":0,"player_choice":"Bought 1 Potion","damage_taken":0,"max_hp_gain":0,"max_hp_loss":0,"event_name":"The Woman in Blue","floor":21,"gold_loss":0},{"damage_healed":0,"gold_gain":0,"player_choice":"Read","damage_taken":0,"max_hp_gain":0,"max_hp_loss":0,"event_name":"The Library","floor":24,"gold_loss":0,"cards_obtained":["BootSequence"]}],"is_beta":false,"boss_relics":[{"not_picked":["Calling Bell","Fusion Hammer"],"picked":"Cursed Key"}],"items_purged_floors":[2],"is_endless":false,"potions_floor_spawned":[6,8,12,14,16,18,22],"killed_by":"Cultist and Chosen","ascension_level":20}}