{"host":"yq9izw6r1wt570l5","time":1614194824,"event":{"mods":["AchievementEnabler","BaseMod","BetterRewards","Colored Powertips","Downfall","Hermit","Infinite Spire","Jorbs\u0027s Wanderer Trilogy","Minty Spire (QoL Compilation)","Replay The Spire","StSLib","The Bladedancer","The Cursed","The Runesmith"],"gold_per_floor":[117,117,117,136,156,191,206,206,206,237,250,250,283,293,293,393,393,404,319,319,329,343,343,343],"floor_reached":23,"language":"ENG","playtime":1528,"items_purged":[],"score":213,"play_id":"73a1cdac-6479-4be1-96c1-17e89bcdbd66","local_time":"20210224162704","is_ascension_mode":false,"campfire_choices":[{"data":"Perfected Strike","floor":8,"key":"SMITH"},{"data":"Brutality","floor":15,"key":"SMITH"}],"circlet_count":0,"master_deck":["Strike_R","Strike_R","Strike_R","Strike_R","Strike_R","Bash+1","Dropkick","Perfected Strike+1","Clash+1","Brutality+1","Pommel Strike+1","Thunderclap+1","Berserk","Offering+1","Dropkick+1","Iron Wave+1","Pommel Strike+1","Iron Wave+1","Reaper+1"],"relics":["Burning Blood","Molten Egg 2","Calipers","infinitespire:Satchel","Astrolabe","HornCleat"],"acts_visited":["Exordium","TheCity"],"potions_floor_usage":[6,13,13,16,16,22],"damage_taken":[{"damage":1,"enemies":"Cultist","floor":1,"turns":3},{"damage":3,"enemies":"2 Louse","floor":4,"turns":3},{"damage":6,"enemies":"Jaw Worm","floor":5,"turns":2},{"damage":36,"enemies":"3 Sentries","floor":6,"turns":10},{"damage":21,"enemies":"2 Fungi Beasts","floor":7,"turns":3},{"damage":13,"enemies":"Lagavulin","floor":10,"turns":4},{"damage":0,"enemies":"Exordium Thugs","floor":11,"turns":2},{"damage":17,"enemies":"3 Sentries","floor":13,"turns":6},{"damage":0,"enemies":"Large Slime","floor":14,"turns":3},{"damage":19,"enemies":"The Guardian","floor":16,"turns":7},{"damage":10,"enemies":"Spheric Guardian","floor":18,"turns":3},{"damage":10,"enemies":"Chosen","floor":21,"turns":2},{"damage":19,"enemies":"Sentry and Sphere","floor":22,"turns":4},{"damage":66,"enemies":"Slavers","floor":23,"turns":4}],"seed_played":"7934185706943989074","potions_obtained":[{"floor":5,"key":"Block Potion"},{"floor":6,"key":"Reflective Coating"},{"floor":10,"key":"BloodPotion"},{"floor":11,"key":"SteroidPotion"},{"floor":14,"key":"HeartOfIron"},{"floor":18,"key":"ColorlessPotion"}],"is_trial":false,"path_per_floor":["M","$","?","M","M","E","M","R","T","E","M","?","E","M","R","B",null,"M","?","?","M","M","E"],"character_chosen":"IRONCLAD","items_purchased":[],"campfire_rested":0,"item_purchase_floors":[],"current_hp_per_floor":[80,80,80,80,80,50,35,35,35,28,34,34,39,45,45,32,80,76,76,61,57,44,0,0],"gold":343,"neow_bonus":"UPGRADE_CARD","is_daily":false,"chose_seed":false,"campfire_upgraded":2,"win_rate":0.0,"timestamp":1614194824,"path_taken":["M","?","?","?","M","E","M","R","T","E","M","?","E","M","R","BOSS","M","?","?","M","M","E"],"items_purchased_type":[],"build_version":"2020-12-22","purchased_purges":0,"victory":false,"max_hp_per_floor":[80,80,80,80,80,80,80,80,80,80,80,80,80,80,80,80,80,80,80,85,85,85,85,85],"card_choices":[{"not_picked":["Run Through","Wild Strike","Sword Boomerang"],"picked":"SKIP","floor":1},{"not_picked":["ReplayTheSpireMod:Strike From Hell","Evolve"],"picked":"Dropkick","floor":4},{"not_picked":["ReplayTheSpireMod:Strike From Hell","Dark Embrace"],"picked":"Perfected Strike","floor":5},{"not_picked":["Replay:Many Hands","Body Slam+1","Sword Boomerang+1"],"picked":"SKIP","floor":6},{"not_picked":["Sword Boomerang+1","Headbutt+1"],"picked":"Clash+1","floor":7},{"not_picked":["Headbutt+1","Hemokinesis+1"],"picked":"Brutality","floor":10},{"not_picked":["Inflame","Carnage+1"],"picked":"Pommel Strike+1","floor":11},{"not_picked":["Body Slam+1","Replay:Undeath\u0027s Touch+1"],"picked":"Thunderclap+1","floor":13},{"not_picked":["Warcry","Reckless Charge+1","Seeing Red"],"picked":"SKIP","floor":14},{"not_picked":["Barricade","Hemogenesis+1"],"picked":"Berserk","floor":16},{"not_picked":["Sword Boomerang+1","True Grit"],"picked":"Pommel Strike+1","floor":18},{"not_picked":["Massacre+1","Headbutt+1"],"picked":"Iron Wave+1","floor":21},{"not_picked":["Evolve","Clash+1"],"picked":"Reaper+1","floor":22}],"player_experience":99951,"relics_obtained":[{"floor":6,"key":"Molten Egg 2"},{"floor":10,"key":"Calipers"},{"floor":13,"key":"infinitespire:Satchel"}],"event_choices":[{"cards_removed":["Defend_R"],"damage_healed":0,"gold_gain":0,"player_choice":"Offered Basic","damage_taken":0,"max_hp_gain":0,"max_hp_loss":0,"event_name":"Bonfire Elementals","floor":3,"gold_loss":0},{"damage_healed":0,"gold_gain":0,"player_choice":"Ignored","damage_taken":0,"max_hp_gain":0,"max_hp_loss":0,"event_name":"Shining Light","floor":12,"gold_loss":0},{"damage_healed":0,"gold_gain":0,"player_choice":"Obtained Relic","damage_taken":0,"relics_obtained":["HornCleat"],"max_hp_gain":0,"max_hp_loss":0,"event_name":"Addict","floor":19,"gold_loss":85},{"damage_healed":0,"gold_gain":0,"player_choice":"Shed Blood","damage_taken":20,"max_hp_gain":5,"max_hp_loss":0,"event_name":"Forgotten Altar","floor":20,"gold_loss":0}],"is_beta":false,"boss_relics":[{"not_picked":["ChewingGum","bronze:MakeshiftBattery"],"picked":"Astrolabe"}],"items_purged_floors":[],"is_endless":false,"potions_floor_spawned":[5,6,10,11,14,18],"killed_by":"Slavers","ascension_level":0}}