{"host":"p4yrwepmrl4g8pul","time":1614162804,"event":{"mods":["Act Like it!","BaseMod","BetterRewards","Colored Map","Custom Start","Downfall","Gensokyo","Marisa£®ÏF”Í°°ƒß¿Ì…≥£©","Minty Spire (QoL Compilation)","Quick Restart","Rare Cards Sparkle","Reimu£®≤©¿ˆ¡È√Œ£©","Remilia£®¿Ÿ√◊¿Ú—«£©","Remove Card Discount Mod","Shop Mod","StSLib"],"gold_per_floor":[99,99,99,99,99,125,152,152,166,195,195,34,34,48,62,135,135,135,153,153,169,274,302,302,331,184,194,244,244,262,287,303,377,377,377,390,410,422,449,449,501,520,531,531,531,550,56,56,71,71],"floor_reached":51,"language":"ZHS","playtime":2218,"items_purged":["Strike_MRS","Strike_MRS","Strike_MRS","Defend_MRS","Defend_MRS","Defend_MRS","MasterSpark","Defend_MRS","Wraith","Injury","downfall:Aged","StarBarrage+1"],"score":1580,"play_id":"bf665f7c-224d-4cc4-9e93-4177a970b55d","local_time":"20210224183324","is_ascension_mode":true,"campfire_choices":[{"data":"UpSweep","floor":1.0,"key":"SMITH"},{"data":"MilkyWay","floor":11.0,"key":"SMITH"},{"data":"NonDirectionalLaser","floor":13.0,"key":"SMITH"},{"data":"StarBarrage","floor":18.0,"key":"SMITH"},{"floor":35.0,"key":"RECALL"},{"data":"CollectingQuirk","floor":45,"key":"SMITH"}],"circlet_count":0,"master_deck":["AscendersBane","UpSweep+1","ShootTheMoon+1","MilkyWay+1","Parasite","Parasite","NonDirectionalLaser+1","ShootingEcho+1","MilkyWay+1","MagicAbsorber","expansioncontent:QuickStudy+1","CollectingQuirk+1"],"relics":["MiniHakkero","downfall:HeartsMalice","The Courier","Toy Ornithopter","downfall:BrokenWingStatue","ShroomBag","DollysMirror","SlaversCollar","BreadOfAWashokuLover","TungstenRod","Lizard Tail","Mercury Hourglass","RuthlessExorcism:ReiMu","Cursed Key","Whetstone","Anchor","Art of War","FossilizedHelix"],"acts_visited":["Exordium","TheCity","TheBeyond"],"potions_floor_usage":[46,50,50],"damage_taken":[{"damage":0.0,"enemies":"2 Louse","floor":2.0,"turns":1.0},{"damage":0.0,"enemies":"Cultist","floor":4.0,"turns":1.0},{"damage":0.0,"enemies":"Small Slimes","floor":5.0,"turns":1.0},{"damage":32.0,"enemies":"Lagavulin","floor":6.0,"turns":8.0},{"damage":2.0,"enemies":"2 Fungi Beasts","floor":9.0,"turns":3.0},{"damage":7.0,"enemies":"3 Sentries","floor":10.0,"turns":9.0},{"damage":10.0,"enemies":"downfall:FleeingMerchant","floor":12.0,"turns":4.0},{"damage":0.0,"enemies":"Exordium Wildlife","floor":14.0,"turns":2.0},{"damage":6.0,"enemies":"3 Louse","floor":15.0,"turns":2.0},{"damage":0.0,"enemies":"SI_SHIV_ARCHETYPE","floor":16.0,"turns":5.0},{"damage":0.0,"enemies":"Spheric Guardian","floor":19.0,"turns":3.0},{"damage":0.0,"enemies":"Shell Parasite","floor":21.0,"turns":2.0},{"damage":1.0,"enemies":"downfall:FleeingMerchant","floor":22.0,"turns":4.0},{"damage":22.0,"enemies":"Gremlin Leader","floor":23.0,"turns":4.0},{"damage":5.0,"enemies":"Slavers","floor":25.0,"turns":2.0},{"damage":0.0,"enemies":"Sentry and Sphere","floor":27.0,"turns":2.0},{"damage":6.0,"enemies":"Centurion and Healer","floor":30.0,"turns":2.0},{"damage":10.0,"enemies":"Book of Stabbing","floor":31.0,"turns":3.0},{"damage":1.0,"enemies":"Snake Plant","floor":32.0,"turns":2.0},{"damage":0.0,"enemies":"IC_MUSHROOM_ARCHETYPE","floor":33.0,"turns":4.0},{"damage":0.0,"enemies":"3 Darklings","floor":36.0,"turns":3.0},{"damage":7.0,"enemies":"Orb Walker","floor":37.0,"turns":2.0},{"damage":2.0,"enemies":"Spire Growth","floor":38.0,"turns":3.0},{"damage":3.0,"enemies":"Writhing Mass","floor":42.0,"turns":4.0},{"damage":8.0,"enemies":"3 Darklings","floor":43.0,"turns":3.0},{"damage":0,"enemies":"Maw","floor":46,"turns":4},{"damage":0,"enemies":"Sphere and 2 Shapes","floor":49,"turns":4},{"damage":36,"enemies":"DF_ARCHETYPE_ORBS","floor":50,"turns":5}],"seed_played":"-772274844980670416","potions_obtained":[{"floor":6.0,"key":"BlessingOfTheForge"},{"floor":9.0,"key":"Regen Potion"},{"floor":10.0,"key":"LiquidMemories"},{"floor":15.0,"key":"Block Potion"},{"floor":23.0,"key":"Swift Potion"},{"floor":25.0,"key":"GrandPatriotsElixir:ReiMu"},{"floor":32.0,"key":"ColorlessPotion"},{"floor":36.0,"key":"Slimebound:ThreeZeroPotion"},{"floor":37.0,"key":"Slimebound:ThreeZeroPotion"},{"floor":42.0,"key":"Regen Potion"},{"floor":49,"key":"StarNLove"}],"is_trial":false,"path_per_floor":["R","M","?","M","M","E","T","?","M","E","R","$","R","M","M","B",null,"R","M","?","M","$","E","T","E","$","M","?","?","M","E","M","B",null,"R","M","M","M","?","?","T","M","M","?","R","M","$","?","M","B",null],"character_chosen":"MARISA","items_purchased":["DollysMirror","BreadOfAWashokuLover","expansioncontent:QuickStudy","Anchor","Art of War","FossilizedHelix"],"campfire_rested":0,"item_purchase_floors":[12,22,26,47,47,47],"current_hp_per_floor":[63,63,63,63,63,31,31,31,29,47,47,41,41,45,43,52,66,66,70,70,70,69,48,48,55,55,61,61,61,61,71,79,83,83,83,83,78,80,80,80,80,80,76,76,76,83,83,83,83,62],"gold":71,"neow_bonus":"THREE_ENEMY_KILL","is_daily":false,"chose_seed":false,"campfire_upgraded":5,"win_rate":0.0,"timestamp":1614162804,"path_taken":["R","M","?","?","M","E","T","?","M","E","R","$","R","M","M","BOSS","R","M","?","M","$","E","T","E","$","M","?","?","M","E","M","BOSS","R","M","M","M","?","?","T","M","M","?","R","M","$","?","M","BOSS"],"items_purchased_type":["Relic","Relic","Card","Relic","Relic","Relic"],"build_version":"2020-12-22","purchased_purges":12,"victory":true,"max_hp_per_floor":[70,70,70,70,70,70,70,70,70,70,70,70,70,70,70,70,70,70,70,70,70,70,70,70,70,70,70,70,70,70,83,83,83,83,83,83,83,83,83,83,83,83,83,83,83,83,83,83,83,83],"card_choices":[{"not_picked":["ChargingUp","EnergyRecoil"],"picked":"ShootTheMoon","floor":2.0},{"not_picked":["AlicesGift","ShootingEcho"],"picked":"6A","floor":4.0},{"not_picked":["RefractionSpark","DragonMeteor"],"picked":"MilkyWay","floor":5.0},{"not_picked":["EnergyFlow","WitchOfGreed","WitchLeyline"],"picked":"SKIP","floor":6.0},{"not_picked":["Acceleration","GalacticHalo","LuminesStrike"],"picked":"SKIP","floor":9.0},{"not_picked":["DC","GrandCross"],"picked":"NonDirectionalLaser","floor":10.0},{"not_picked":["DoubleSpark","DeepEcoloBomb"],"picked":"ShootingEcho","floor":12.0},{"not_picked":["FairyDestructionRay","DoubleSpark"],"picked":"StarBarrage","floor":14.0},{"not_picked":["LuminesStrike","OpenUniverse"],"picked":"MagicAbsorber","floor":15.0},{"not_picked":["WitchOfGreed","SuperPerseids","AsteroidBelt"],"picked":"SKIP","floor":19.0},{"not_picked":["UnstableBomb","GrandCross","DarkMatter"],"picked":"SKIP","floor":21.0},{"not_picked":["SporeBomb+1","LuminesStrike","Robbery"],"picked":"SKIP","floor":22.0},{"not_picked":["GalacticHalo","Acceleration","GravityBeat"],"picked":"SKIP","floor":23.0},{"not_picked":["GalacticHalo","RefractionSpark","BlazeAway+1"],"picked":"SKIP","floor":25.0},{"not_picked":["DoubleSpark+1","FinalSpark","EventHorizon"],"picked":"SKIP","floor":27.0},{"not_picked":["DoubleSpark+1","FinalSpark","EventHorizon"],"picked":"SKIP","floor":27.0},{"not_picked":["ShootingEcho+1","Occultation","Singularity"],"picked":"SKIP","floor":30.0},{"not_picked":["GrandCross","WitchLeyline","NonDirectionalLaser"],"picked":"SKIP","floor":31.0},{"not_picked":["OpenUniverse","SporeBomb+1","MagicAbsorber"],"picked":"SKIP","floor":32.0},{"not_picked":["MilkyWay","OrrerysSun","DarkSpark+1"],"picked":"SKIP","floor":36.0},{"not_picked":["MysteriousBeam","GravityBeat","PowerUp"],"picked":"SKIP","floor":37.0},{"not_picked":["OneTimeOff+1","DC","Acceleration"],"picked":"SKIP","floor":38.0},{"not_picked":["Acceleration","WitchLeyline+1","NonDirectionalLaser"],"picked":"SKIP","floor":42.0},{"not_picked":["ShootingEcho","FairyDestructionRay"],"picked":"CollectingQuirk","floor":43.0},{"not_picked":["EarthLightRay","Singularity","GravityBeat"],"picked":"SKIP","floor":46},{"not_picked":["ShootingEcho","LuminesStrike","StarlightTyphoon+1"],"picked":"SKIP","floor":49}],"player_experience":820515,"relics_obtained":[{"floor":6.0,"key":"The Courier"},{"floor":7.0,"key":"Toy Ornithopter"},{"floor":10.0,"key":"ShroomBag"},{"floor":23.0,"key":"TungstenRod"},{"floor":24.0,"key":"Lizard Tail"},{"floor":25.0,"key":"Mercury Hourglass"},{"floor":31.0,"key":"RuthlessExorcism:ReiMu"},{"floor":39.0,"key":"Whetstone"}],"event_choices":[{"cards_removed":["Strike_MRS"],"damage_healed":0.0,"max_hp_gain":0.0,"max_hp_loss":0.0,"gold_gain":0.0,"event_name":"Bonfire Elementals","player_choice":"Offered Basic","floor":3.0,"gold_loss":0.0,"damage_taken":0.0},{"cards_removed":["6A"],"damage_healed":0.0,"max_hp_gain":0.0,"max_hp_loss":0.0,"gold_gain":0.0,"event_name":"Back to Basics","player_choice":"Elegance","floor":20.0,"gold_loss":0.0,"damage_taken":0.0},{"damage_healed":0,"gold_gain":0,"player_choice":"Ignored","damage_taken":0,"max_hp_gain":0,"max_hp_loss":0,"event_name":"OrinTheCat","floor":44,"gold_loss":0},{"damage_healed":0,"gold_gain":0,"player_choice":"Forge","damage_taken":0,"max_hp_gain":0,"max_hp_loss":0,"event_name":"Accursed Blacksmith","floor":48,"gold_loss":0,"cards_upgraded":["expansioncontent:QuickStudy"]}],"is_beta":false,"boss_relics":[{"not_picked":["SacredBark","RedLine:ReiMu"],"picked":"SlaversCollar"},{"not_picked":["Calling Bell","Pandora\u0027s Box"],"picked":"Cursed Key"}],"items_purged_floors":[12,12,12,12,12,12,12,12,47,47,47,47],"is_endless":false,"potions_floor_spawned":[6,9,10,15,23,25,27,32,36,37,42,49],"ascension_level":20}}