{"host":"fortuna","time":1614181655,"event":{"mods":["100% Spire Juice","Act Like it!","BaseMod","CapriCore","Gensokyo","Hallownest","Koishi","Minty Spire (QoL Compilation)","MostiFishMod","Reimu£®≤©¿ˆ¡È√Œ£©","Relic Stats","StSLib","The Alterego","The Animator","The Bug Knight","The Immortal","The Senshi","Waifu the Spire","Yakumo Yukari mod"],"gold_per_floor":[114,114,125,125,138,172,187,227,227,262,289,289,327,354,354,463,463,477,402,402,426,436,436,436],"floor_reached":23,"language":"ZHS","playtime":776,"items_purged":[],"score":358,"play_id":"40af7b57-e866-4f1c-bf42-fc4755e593bc","local_time":"20210224234735","is_ascension_mode":true,"campfire_choices":[{"data":"alterego_mod:IndependentAction","floor":12,"key":"SMITH"},{"data":"alterego_mod:Nekomimi","floor":15,"key":"SMITH"}],"circlet_count":0,"master_deck":["alterego_mod:Strike","alterego_mod:Strike+1","alterego_mod:Defend","alterego_mod:Defend","alterego_mod:Defend","alterego_mod:Defend","alterego_mod:Impale+1","alterego_mod:BigMeatyClaws","alterego_mod:BrynhildrsRune","alterego_mod:Pet","alterego_mod:Mirror","alterego_mod:Complex+1","alterego_mod:Cycle","alterego_mod:MaintainEyeContact","alterego_mod:IndependentAction+1","alterego_mod:Nekomimi+1","alterego_mod:Cooking","alterego_mod:Lift","alterego_mod:SakuraLabyrinth+1"],"relics":["alterego_mod:MasochisticConstitution","DaveBox","NeowsBlessing","SynthV:TestCard","BirthdayGift-Tetrahedron","CeramicFish","Whetstone","Calipers","Nunchaku","RhineFirstAidKit"],"acts_visited":["Exordium","TheCity"],"potions_floor_usage":[],"damage_taken":[{"damage":0,"enemies":"Small Slimes","floor":1,"turns":1},{"damage":0,"enemies":"Jaw Worm","floor":3,"turns":1},{"damage":0,"enemies":"Cultist","floor":5,"turns":1},{"damage":11,"enemies":"Gremlin Nob","floor":6,"turns":3},{"damage":5,"enemies":"Exordium Thugs","floor":7,"turns":3},{"damage":10,"enemies":"Lagavulin","floor":8,"turns":4},{"damage":4,"enemies":"Gremlin Nob","floor":10,"turns":3},{"damage":4,"enemies":"3 Louse","floor":11,"turns":3},{"damage":12,"enemies":"Lagavulin","floor":13,"turns":4},{"damage":11,"enemies":"Lots of Slimes","floor":14,"turns":2},{"damage":10,"enemies":"The Guardian","floor":16,"turns":6},{"damage":7,"enemies":"Chosen","floor":18,"turns":3},{"damage":24,"enemies":"Shell Parasite","floor":21,"turns":4},{"damage":30,"enemies":"Snake Plant","floor":22,"turns":3},{"damage":40,"enemies":"Gremlin Leader","floor":23,"turns":3}],"seed_played":"2370161038219039912","potions_obtained":[{"floor":3,"key":"SkillPotion"},{"floor":5,"key":"ColorlessPotion"},{"floor":7,"key":"SteroidPotion"}],"is_trial":false,"path_per_floor":["M","?","M","?","M","E","M","E","T","E","M","R","E","M","R","B",null,"M","?","?","M","M","E"],"character_chosen":"The_Alterego","items_purchased":[],"campfire_rested":0,"item_purchase_floors":[],"current_hp_per_floor":[70,63,63,63,63,53,56,54,54,58,75,75,71,75,75,68,78,72,72,72,59,40,0,0],"gold":436,"neow_bonus":"THREE_ENEMY_KILL","is_daily":false,"chose_seed":false,"campfire_upgraded":2,"win_rate":0.0,"timestamp":1614181655,"path_taken":["M","?","M","?","M","E","M","E","T","E","M","R","E","?","R","BOSS","M","?","?","?","M","E"],"items_purchased_type":[],"build_version":"2020-12-18","purchased_purges":0,"victory":false,"max_hp_per_floor":[70,70,70,70,70,71,72,73,73,74,75,75,76,77,77,78,78,79,79,79,80,81,81,81],"relic_stats":{"Nunchaku":[4],"counters":[15,43],"CeramicFish":63,"Whetstone":["alterego_mod:Strike","alterego_mod:Complex"],"obtain_stats":[{"alterego_mod:MasochisticConstitution":0,"Nunchaku":13,"SynthV:TestCard":1,"Calipers":10,"RhineFirstAidKit":17,"DaveBox":0,"NeowsBlessing":0,"CeramicFish":6,"Whetstone":8,"BirthdayGift-Tetrahedron":1},{"alterego_mod:MasochisticConstitution":0,"Nunchaku":9,"SynthV:TestCard":1,"Calipers":7,"RhineFirstAidKit":11,"DaveBox":0,"NeowsBlessing":0,"CeramicFish":4,"Whetstone":6,"BirthdayGift-Tetrahedron":1},{"alterego_mod:MasochisticConstitution":0,"Nunchaku":23,"SynthV:TestCard":1,"Calipers":16,"RhineFirstAidKit":31,"DaveBox":0,"NeowsBlessing":0,"CeramicFish":6,"Whetstone":13,"BirthdayGift-Tetrahedron":1}]},"card_choices":[{"not_picked":["alterego_mod:PurpleHair","alterego_mod:Valentines"],"picked":"alterego_mod:Pet","floor":1},{"not_picked":["alterego_mod:Skirt","alterego_mod:Maid","alterego_mod:Pet","alterego_mod:Birthday"],"picked":"alterego_mod:Mirror","floor":3},{"not_picked":["alterego_mod:Maid","alterego_mod:Bounce","alterego_mod:Clones","alterego_mod:DeftHands"],"picked":"alterego_mod:Complex","floor":5},{"not_picked":["alterego_mod:Skirt","alterego_mod:SakuraLabyrinth","alterego_mod:Smother","alterego_mod:BusterCard"],"picked":"alterego_mod:Cycle","floor":6},{"not_picked":["alterego_mod:Maid","alterego_mod:SakuraLabyrinth","alterego_mod:Clones","alterego_mod:Table","alterego_mod:Antipathy"],"picked":"SKIP","floor":7},{"not_picked":["alterego_mod:BiFurious","alterego_mod:Complex","alterego_mod:Bunnysuit","alterego_mod:Cooking"],"picked":"alterego_mod:MaintainEyeContact","floor":8},{"not_picked":["alterego_mod:VirginLaserPalladion","alterego_mod:Cycle","alterego_mod:PurpleHair","alterego_mod:PresenceConcealment","alterego_mod:SakuraLabyrinth"],"picked":"SKIP","floor":10},{"not_picked":["alterego_mod:Complex","alterego_mod:MagicResistance","alterego_mod:DeftHands","alterego_mod:Punishment"],"picked":"alterego_mod:IndependentAction","floor":11},{"not_picked":["alterego_mod:Swimsuit","alterego_mod:Cushion","alterego_mod:IndependentAction","alterego_mod:MagicResistance"],"picked":"alterego_mod:Nekomimi","floor":13},{"not_picked":["alterego_mod:Skirt","alterego_mod:TrashNCrash","alterego_mod:BeGentle","alterego_mod:MagicResistance"],"picked":"alterego_mod:Cooking","floor":14},{"not_picked":["alterego_mod:VirginLaserPalladion","alterego_mod:RingBreak","alterego_mod:Vow","alterego_mod:GIGAMILK"],"picked":"alterego_mod:Lift","floor":16},{"not_picked":["alterego_mod:Jiggle","alterego_mod:SuperDuperMasochism","alterego_mod:IndependentAction","alterego_mod:Mirror","alterego_mod:Maid"],"picked":"SKIP","floor":18},{"not_picked":["alterego_mod:1TonWallop","alterego_mod:ChallengeComplete","alterego_mod:Belts","alterego_mod:HighServant"],"picked":"alterego_mod:SakuraLabyrinth+1","floor":21},{"not_picked":["alterego_mod:DustData+1","alterego_mod:Rip","alterego_mod:Complex","alterego_mod:Swimsuit+1","alterego_mod:Antipathy"],"picked":"SKIP","floor":22}],"player_experience":425607,"relics_obtained":[{"floor":1,"key":"SynthV:TestCard"},{"floor":6,"key":"CeramicFish"},{"floor":8,"key":"Whetstone"},{"floor":10,"key":"Calipers"},{"floor":13,"key":"Nunchaku"}],"event_choices":[{"cards_removed":["alterego_mod:Strike"],"damage_healed":0,"gold_gain":0,"player_choice":"Card Removal","damage_taken":7,"max_hp_gain":0,"max_hp_loss":0,"event_name":"Golden Wing","floor":2,"gold_loss":0},{"damage_healed":0,"gold_gain":0,"player_choice":"Upgraded","damage_taken":0,"max_hp_gain":0,"max_hp_loss":0,"event_name":"Upgrade Shrine","floor":4,"gold_loss":0,"cards_upgraded":["alterego_mod:Impale"]},{"cards_removed":["alterego_mod:Strike"],"damage_healed":0,"gold_gain":0,"player_choice":"Gave Gold","damage_taken":0,"max_hp_gain":0,"max_hp_loss":0,"event_name":"Beggar","floor":19,"gold_loss":75},{"damage_healed":0,"gold_gain":0,"player_choice":"Got Potions","damage_taken":0,"max_hp_gain":0,"max_hp_loss":0,"event_name":"Lab","floor":20,"gold_loss":0}],"is_beta":true,"boss_relics":[{"not_picked":["Tiny House","Ectoplasm"],"picked":"RhineFirstAidKit"}],"items_purged_floors":[],"is_endless":false,"potions_floor_spawned":[3,5,7,10,18],"killed_by":"Gremlin Leader","ascension_level":4}}