{"host":"emzatosnsokm6754","time":1614143483,"event":{"mods":["Act Like it!","BaseMod","Bossed Relics","Colored Powertips","Energized Spire","Minty Spire (QoL Compilation)","Rare Cards Sparkle","Replay The Spire","Ruina","StSLib","The Cursed","The Gatherer","The Hierophant","The Servant 0.9.4"],"gold_per_floor":[118,131,131,7,107,149,149,192,192,235,288,42,42,123,123,119,119],"floor_reached":16,"language":"ENG","playtime":507,"items_purged":["Amnesia"],"score":119,"play_id":"e8ec34c1-9367-44fa-9a1e-5cce8a5bdd04","local_time":"20210224181123","is_ascension_mode":false,"campfire_choices":[{"data":"hierophant:ThreeLashes","floor":7,"key":"SMITH"},{"floor":13,"key":"REST"},{"floor":15,"key":"REST"}],"circlet_count":0,"master_deck":["hierophant:Strike_Hierophant","hierophant:Strike_Hierophant","hierophant:Strike_Hierophant","hierophant:Strike_Hierophant","hierophant:Punish","hierophant:Defend_Hierophant","hierophant:Defend_Hierophant","hierophant:Defend_Hierophant","hierophant:Defend_Hierophant","hierophant:ChurchCoffers","hierophant:ThreeLashes+1","hierophant:RustyCrate","hierophant:Doubloon","hierophant:Doubloon","hierophant:CoinFling","hierophant:Doubloon","hierophant:Doubloon","hierophant:ThreeLashes","hierophant:MirrorShield","hierophant:FieryStrike","hierophant:CoinFling","hierophant:Doubloon"],"relics":["hierophant:PropheticMaskRelic","NeowsBlessing","hierophant:DonationBoxRelic","Bag of Marbles","ReplayTheSpireMod:CursedCoin","Frozen Egg 2"],"acts_visited":["Exordium"],"potions_floor_usage":[16],"damage_taken":[{"damage":0,"enemies":"Small Slimes","floor":1,"turns":1},{"damage":0,"enemies":"Cultist","floor":2,"turns":1},{"damage":0,"enemies":"2 Louse","floor":6,"turns":1},{"damage":12,"enemies":"Large Slime","floor":8,"turns":7},{"damage":14,"enemies":"3 Louse","floor":10,"turns":3},{"damage":10,"enemies":"Looter","floor":11,"turns":3},{"damage":24,"enemies":"Exordium Thugs","floor":14,"turns":4},{"damage":47,"enemies":"Hexaghost","floor":16,"turns":9}],"seed_played":"4182342405778716947","potions_obtained":[{"floor":10,"key":"Dexterity Potion"},{"floor":11,"key":"FearPotion"}],"is_trial":false,"path_per_floor":["M","M","?","$","?","M","R","M","T","M","M","$","R","M","R","B"],"character_chosen":"HIEROPHANT","items_purchased":["hierophant:RustyCrate","hierophant:CoinFling","ReplayTheSpireMod:CursedCoin","hierophant:CoinFling","Frozen Egg 2"],"campfire_rested":2,"item_purchase_floors":[4,4,12,12,12],"current_hp_per_floor":[75,75,63,63,63,63,63,51,51,37,27,27,49,25,47,0,0],"gold":119,"neow_bonus":"THREE_ENEMY_KILL","is_daily":false,"chose_seed":false,"campfire_upgraded":1,"win_rate":0.0,"timestamp":1614143483,"path_taken":["M","M","?","$","?","M","R","M","T","M","M","$","R","M","R","BOSS"],"items_purchased_type":["Card","Card","Relic","Card","Relic"],"build_version":"2020-12-22","purchased_purges":1,"victory":false,"max_hp_per_floor":[75,75,75,75,75,75,75,75,75,75,75,75,75,75,75,75,75],"card_choices":[{"not_picked":["hierophant:MorningPrayer","hierophant:Remorse","hierophant:Empathy"],"picked":"SKIP","floor":1},{"not_picked":["hierophant:Empathy","hierophant:MorningPrayer"],"picked":"hierophant:ThreeLashes","floor":2},{"not_picked":["hierophant:Zeal","hierophant:AuricBeam"],"picked":"hierophant:Doubloon","floor":6},{"not_picked":["hierophant:FaithHealing","hierophant:DisplayOfPower"],"picked":"hierophant:ThreeLashes","floor":8},{"not_picked":["hierophant:PristineSoul","hierophant:Endure"],"picked":"hierophant:MirrorShield","floor":10},{"not_picked":["hierophant:MorningPrayer","hierophant:Prophecy"],"picked":"hierophant:FieryStrike","floor":11},{"not_picked":["hierophant:HolyVerse","hierophant:Repentance","hierophant:PassingBell"],"picked":"SKIP","floor":14}],"player_experience":225956,"relics_obtained":[{"floor":9,"key":"Bag of Marbles"}],"event_choices":[{"damage_healed":0,"gold_gain":0,"player_choice":"Success","damage_taken":12,"relics_obtained":["hierophant:DonationBoxRelic"],"max_hp_gain":0,"max_hp_loss":0,"event_name":"Scrap Ooze","floor":3,"gold_loss":0},{"damage_healed":0,"gold_gain":100,"player_choice":"Pray","damage_taken":0,"max_hp_gain":0,"max_hp_loss":0,"event_name":"Golden Shrine","floor":5,"gold_loss":0}],"is_beta":false,"boss_relics":[],"items_purged_floors":[12],"is_endless":false,"potions_floor_spawned":[10,11],"killed_by":"Hexaghost","ascension_level":0}}