{"host":"cfluht5kr2kfk9p9","time":1614157303,"event":{"mods":["ATMod(°¢èªMod)","BaseMod","Highlight Path","Minty Spire (QoL Compilation)","Quick Restart","Rare Cards Sparkle","Relic Stats","Spicy Shops","StSLib","Youmu£¨»êÆÇÑýÃÎ£©"],"gold_per_floor":[114,39,39,54,54,54,84,99,174,174,204,219,249,264,264,364,364,379,478,493,518,533,563,563,578,578,257,272,272,311,335,335,444,444,459,627,627,666,681,711,735,765,815,815,830,869,893,9,9,9],"floor_reached":51,"language":"ZHS","playtime":1514,"items_purged":["Strike_G","Strike_G"],"score":1177,"play_id":"62a9f453-af45-47ed-ab6e-16cb42f09846","local_time":"20210224170143","daily_mods":["Heirloom","Red Cards","DeadlyEvents"],"is_ascension_mode":false,"campfire_choices":[{"data":"AT_FocusSwordFire","floor":6.0,"key":"SMITH"},{"data":"Choke","floor":10.0,"key":"SMITH"},{"data":"AT_FamilyPortrait","floor":15.0,"key":"SMITH"},{"data":"AT_KingSlayer","floor":24.0,"key":"SMITH"},{"data":"Dark Embrace","floor":29.0,"key":"SMITH"},{"data":"AT_Desolate","floor":32.0,"key":"SMITH"},{"floor":44.0,"key":"DIG"},{"data":"Bullet Time","floor":49,"key":"SMITH"}],"circlet_count":0,"master_deck":["Strike_G","Defend_G","Defend_G","Defend_G","Defend_G","Defend_G","Survivor","Neutralize","AT_FamilyPortrait+1","AT_FocusSwordFire+1","Choke+1","Envenom","Feel No Pain","Dark Embrace+1","Blade Dance","AT_KingSlayer+1","AT_Desolate+1","Accuracy","Blade Dance+1","AT_GerminateFire+1","Bullet Time+1","Shockwave+1","AT_BodySlamDance+1","Acrobatics+1","Backflip+1","AT_ShadowStep+1","Finesse+1"],"relics":["Ring of the Snake","AT_ATBox","Tingsha","Meat on the Bone","HornCleat","AT_ImmortalShieldbow","Bag of Marbles","WristBlade","Orichalcum","Ice Cream","Omamori","AT_GuinsooRageblade","CeramicFish","Coffee Dripper","AT_RabadonDeathcap","Pocketwatch","AT_RabadonDeathcap","Pocketwatch","Shovel","Ginger","AT_GoldPhoenixTree","Toxic Egg 2","AT_ChloranthyRing","AT_SunfireAegis","AT_SilvercatRing","Strawberry","The Specimen","AT_ForceNature","Art of War","Darkstone Periapt","TheAbacus","Potion Belt"],"acts_visited":["Exordium","TheCity","TheBeyond"],"potions_floor_usage":[50],"damage_taken":[{"damage":0.0,"enemies":"Cultist","floor":1.0,"turns":3.0},{"damage":0.0,"enemies":"Jaw Worm","floor":4.0,"turns":2.0},{"damage":13.0,"enemies":"Lagavulin","floor":7.0,"turns":9.0},{"damage":0.0,"enemies":"2 Louse","floor":8.0,"turns":2.0},{"damage":0.0,"enemies":"Gremlin Nob","floor":11.0,"turns":4.0},{"damage":0.0,"enemies":"Blue Slaver","floor":12.0,"turns":3.0},{"damage":0.0,"enemies":"Lagavulin","floor":13.0,"turns":5.0},{"damage":0.0,"enemies":"3 Louse","floor":14.0,"turns":3.0},{"damage":8.0,"enemies":"The Guardian","floor":16.0,"turns":6.0},{"damage":0.0,"enemies":"Spheric Guardian","floor":18.0,"turns":3.0},{"damage":1.0,"enemies":"2 Thieves","floor":20.0,"turns":3.0},{"damage":0.0,"enemies":"Snecko","floor":22.0,"turns":4.0},{"damage":14.0,"enemies":"Book of Stabbing","floor":23.0,"turns":6.0},{"damage":0.0,"enemies":"Centurion and Healer","floor":25.0,"turns":3.0},{"damage":10.0,"enemies":"Snake Plant","floor":28.0,"turns":3.0},{"damage":2.0,"enemies":"Slavers","floor":30.0,"turns":4.0},{"damage":0.0,"enemies":"Cultist and Chosen","floor":31.0,"turns":3.0},{"damage":0.0,"enemies":"Automaton","floor":33.0,"turns":6.0},{"damage":7.0,"enemies":"3 Shapes","floor":35.0,"turns":2.0},{"damage":18.0,"enemies":"2 Orb Walkers","floor":36.0,"turns":3.0},{"damage":0.0,"enemies":"Giant Head","floor":38.0,"turns":3.0},{"damage":0.0,"enemies":"3 Darklings","floor":39.0,"turns":1.0},{"damage":0.0,"enemies":"Reptomancer","floor":40.0,"turns":3.0},{"damage":0.0,"enemies":"Maw","floor":41.0,"turns":2.0},{"damage":0.0,"enemies":"Giant Head","floor":42.0,"turns":1.0},{"damage":0.0,"enemies":"Jaw Worm Horde","floor":45.0,"turns":2.0},{"damage":0.0,"enemies":"Reptomancer","floor":46.0,"turns":2.0},{"damage":0.0,"enemies":"4 Shapes","floor":47.0,"turns":2.0},{"damage":0,"enemies":"Time Eater","floor":50,"turns":3}],"seed_played":"1986488565424594500","potions_obtained":[{"floor":7.0,"key":"Block Potion"},{"floor":11.0,"key":"EssenceOfSteel"},{"floor":13.0,"key":"DistilledChaos"},{"floor":16.0,"key":"SneckoOil"},{"floor":18.0,"key":"BlessingOfTheForge"},{"floor":25.0,"key":"AttackPotion"},{"floor":31.0,"key":"SneckoOil"},{"floor":33.0,"key":"Fruit Juice"},{"floor":40.0,"key":"Ancient Potion"},{"floor":45.0,"key":"EntropicBrew"},{"floor":47.0,"key":"SpeedPotion"}],"is_trial":false,"path_per_floor":["M","$","?","M","?","R","E","M","T","R","E","M","E","M","R","B",null,"M","?","M","T","M","E","R","M","T","$","M","R","E","M","R","B",null,"M","?","?","E","M","E","M","E","T","R","M","E","M","$","R","B",null],"character_chosen":"THE_SILENT","items_purchased":["AT_GuinsooRageblade","AT_Desolate","Art of War","AT_ShadowStep+1","Finesse+1","Darkstone Periapt","TheAbacus","Potion Belt","CunningPotion"],"campfire_rested":0,"item_purchase_floors":[27,27,48,48,48,48,48,48,48],"current_hp_per_floor":[70,70,70,70,70,70,57,57,57,57,57,57,57,57,57,49,70,70,70,69,69,69,55,55,55,55,55,45,45,56,56,56,56,70,63,45,45,45,45,45,45,45,52,52,52,52,57,57,57,57],"gold":9,"neow_bonus":"","is_daily":true,"chose_seed":false,"campfire_upgraded":7,"win_rate":0.0,"timestamp":1614157303,"path_taken":["M","?","?","?","?","R","E","?","T","R","?","M","E","M","R","BOSS","M","?","M","?","?","E","R","M","T","$","M","R","E","M","R","BOSS","M","?","?","?","M","E","M","E","T","R","?","E","M","$","R","BOSS"],"items_purchased_type":["Relic","Card","Relic","Card","Card","Relic","Relic","Relic","Potion"],"build_version":"2020-12-22","purchased_purges":2,"victory":true,"max_hp_per_floor":[70,70,70,70,70,70,70,70,70,70,70,70,70,70,70,70,70,70,70,70,70,70,70,70,70,70,70,70,70,70,70,70,70,70,70,70,70,70,70,70,70,70,77,77,77,77,82,82,82,82],"relic_stats":{"Darkstone Periapt":0,"counters":[29,96],"CeramicFish":81,"Tingsha":[36],"Ginger":[4],"Orichalcum":[12],"Shovel":1,"TheAbacus":[0],"Art of War":[0],"obtain_stats":[{"Ice Cream":23,"Darkstone Periapt":48,"AT_ATBox":0,"CeramicFish":30,"Ginger":36,"HornCleat":9,"Shovel":36,"TheAbacus":48,"WristBlade":17,"Strawberry":43,"Toxic Egg 2":37,"AT_GuinsooRageblade":27,"Ring of the Snake":0,"AT_ChloranthyRing":38,"AT_ForceNature":46,"Potion Belt":48,"AT_RabadonDeathcap":36,"The Specimen":44,"AT_GoldPhoenixTree":36,"Tingsha":0,"Omamori":26,"Orichalcum":21,"AT_SilvercatRing":42,"AT_ImmortalShieldbow":11,"Bag of Marbles":13,"Coffee Dripper":34,"Art of War":48,"AT_SunfireAegis":40,"Meat on the Bone":7,"Pocketwatch":36},{"Ice Cream":13,"Darkstone Periapt":28,"AT_ATBox":0,"CeramicFish":16,"Ginger":20,"HornCleat":4,"Shovel":20,"TheAbacus":28,"WristBlade":9,"Strawberry":25,"Toxic Egg 2":20,"AT_GuinsooRageblade":14,"Ring of the Snake":0,"AT_ChloranthyRing":21,"AT_ForceNature":27,"Potion Belt":28,"AT_RabadonDeathcap":20,"The Specimen":25,"AT_GoldPhoenixTree":20,"Tingsha":0,"Omamori":14,"Orichalcum":11,"AT_SilvercatRing":25,"AT_ImmortalShieldbow":5,"Bag of Marbles":7,"Coffee Dripper":18,"Art of War":28,"AT_SunfireAegis":23,"Meat on the Bone":3,"Pocketwatch":20},{"Ice Cream":53,"Darkstone Periapt":93,"AT_ATBox":0,"CeramicFish":63,"Ginger":77,"HornCleat":16,"Shovel":77,"TheAbacus":93,"WristBlade":37,"Strawberry":87,"Toxic Egg 2":77,"AT_GuinsooRageblade":56,"Ring of the Snake":0,"AT_ChloranthyRing":80,"AT_ForceNature":91,"Potion Belt":93,"AT_RabadonDeathcap":77,"The Specimen":87,"AT_GoldPhoenixTree":77,"Tingsha":0,"Omamori":56,"Orichalcum":43,"AT_SilvercatRing":87,"AT_ImmortalShieldbow":20,"Bag of Marbles":28,"Coffee Dripper":72,"Art of War":93,"AT_SunfireAegis":84,"Meat on the Bone":14,"Pocketwatch":77}],"Ring of the Snake":[58],"Meat on the Bone":0,"Pocketwatch":[5]},"card_choices":[{"not_picked":["Dodge and Roll","Perfected Strike","AT_TinkerSharpsword"],"picked":"SKIP","floor":1.0},{"not_picked":["Twin Strike","AT_ShrugMaster"],"picked":"AT_FocusSwordFire","floor":4.0},{"not_picked":["Clothesline","Evolve"],"picked":"Envenom","floor":7.0},{"not_picked":["Blade Dance","AT_ShrugMaster"],"picked":"Feel No Pain","floor":8.0},{"not_picked":["Blade Dance","Skewer"],"picked":"Dark Embrace","floor":11.0},{"not_picked":["Ghostly Armor","Thunderclap","Skewer"],"picked":"SKIP","floor":12.0},{"not_picked":["Demon Form","AT_CaressingTears","Distraction"],"picked":"SKIP","floor":13.0},{"not_picked":["Twin Strike","Slice","Riddle With Holes"],"picked":"SKIP","floor":14.0},{"not_picked":["Flying Knee","AT_IchimonjiDouble","AT_BodySlamDance"],"picked":"SKIP","floor":18.0},{"not_picked":["Quick Slash+1","Clothesline"],"picked":"Blade Dance","floor":20.0},{"not_picked":["Quick Slash","Cleave","Fire Breathing+1"],"picked":"SKIP","floor":22.0},{"not_picked":["Burning Pact","Sword Boomerang"],"picked":"AT_KingSlayer","floor":23.0},{"not_picked":["Clothesline+1","Heavy Blade","Headbutt"],"picked":"SKIP","floor":25.0},{"not_picked":["Sword Boomerang","Predator"],"picked":"Accuracy","floor":28.0},{"not_picked":["Rupture","AT_Desolate"],"picked":"Blade Dance+1","floor":30.0},{"not_picked":["Accuracy","Wild Strike+1"],"picked":"AT_GerminateFire+1","floor":31.0},{"not_picked":["Barricade","Tools of the Trade"],"picked":"Bullet Time","floor":33.0},{"not_picked":["Poisoned Stab","Prepared","Searing Blow"],"picked":"SKIP","floor":35.0},{"not_picked":["Deadly Poison+1","Deflect+1"],"picked":"Shockwave+1","floor":38.0},{"not_picked":["Flying Knee","Evolve+1","Fire Breathing+1"],"picked":"SKIP","floor":39.0},{"not_picked":["Clash+1","AT_TinkerSharpsword+1","Dropkick+1"],"picked":"SKIP","floor":40.0},{"not_picked":["Bludgeon","True Grit+1"],"picked":"AT_BodySlamDance+1","floor":41.0},{"not_picked":["Sever Soul+1","Whirlwind","Prepared+1"],"picked":"SKIP","floor":42.0},{"not_picked":["Perfected Strike","Slice","Metallicize"],"picked":"SKIP","floor":45.0},{"not_picked":["Deflect+1","Inflame"],"picked":"Acrobatics+1","floor":46.0},{"not_picked":["Blade Dance+1","Sucker Punch+1"],"picked":"Backflip+1","floor":47.0}],"player_experience":54122,"relics_obtained":[{"floor":7.0,"key":"Meat on the Bone"},{"floor":9.0,"key":"HornCleat"},{"floor":11.0,"key":"AT_ImmortalShieldbow"},{"floor":13.0,"key":"Bag of Marbles"},{"floor":21.0,"key":"Orichalcum"},{"floor":23.0,"key":"Ice Cream"},{"floor":26.0,"key":"Omamori"},{"floor":30.0,"key":"CeramicFish"},{"floor":36.0,"key":"AT_RabadonDeathcap"},{"floor":36.0,"key":"Pocketwatch"},{"floor":36.0,"key":"AT_RabadonDeathcap"},{"floor":36.0,"key":"Pocketwatch"},{"floor":36.0,"key":"Shovel"},{"floor":36.0,"key":"Ginger"},{"floor":36.0,"key":"AT_GoldPhoenixTree"},{"floor":38.0,"key":"AT_ChloranthyRing"},{"floor":40.0,"key":"AT_SunfireAegis"},{"floor":42.0,"key":"AT_SilvercatRing"},{"floor":43.0,"key":"Strawberry"},{"floor":44.0,"key":"The Specimen"},{"floor":46.0,"key":"AT_ForceNature"}],"event_choices":[{"cards_removed":["Strike_G"],"damage_healed":0.0,"max_hp_gain":0.0,"max_hp_loss":0.0,"gold_gain":0.0,"event_name":"Purifier","player_choice":"Purged","floor":3.0,"gold_loss":0.0,"damage_taken":0.0},{"damage_healed":0.0,"max_hp_gain":0.0,"max_hp_loss":0.0,"gold_gain":0.0,"cards_transformed":["Strike_G"],"event_name":"Living Wall","player_choice":"Change","floor":5.0,"gold_loss":0.0,"damage_taken":0.0,"cards_obtained":["Choke"]},{"damage_healed":0.0,"max_hp_gain":0.0,"max_hp_loss":0.0,"gold_gain":99.0,"event_name":"Nest","player_choice":"Stole From Cult","floor":19.0,"gold_loss":0.0,"damage_taken":0.0},{"damage_healed":0.0,"max_hp_gain":0.0,"max_hp_loss":0.0,"gold_gain":0.0,"event_name":"Mysterious Sphere","player_choice":"Fight","floor":36.0,"gold_loss":0.0,"damage_taken":0.0},{"damage_healed":0.0,"max_hp_gain":0.0,"max_hp_loss":0.0,"gold_gain":0.0,"event_name":"Mysterious Sphere","player_choice":"Fight","floor":36.0,"gold_loss":0.0,"damage_taken":0.0},{"damage_healed":0.0,"max_hp_gain":0.0,"max_hp_loss":0.0,"gold_gain":0.0,"event_name":"Mysterious Sphere","player_choice":"Fight","floor":36.0,"gold_loss":0.0,"damage_taken":0.0},{"damage_healed":0.0,"max_hp_gain":0.0,"max_hp_loss":0.0,"gold_gain":0.0,"event_name":"Mysterious Sphere","player_choice":"Fight","floor":36.0,"gold_loss":0.0,"damage_taken":0.0},{"damage_healed":0.0,"max_hp_gain":0.0,"max_hp_loss":0.0,"gold_gain":0.0,"event_name":"Mysterious Sphere","player_choice":"Fight","floor":36.0,"gold_loss":0.0,"damage_taken":0.0},{"damage_healed":0.0,"max_hp_gain":0.0,"max_hp_loss":0.0,"gold_gain":0.0,"event_name":"WeMeetAgain","player_choice":"Gave Potion","floor":37.0,"gold_loss":0.0,"damage_taken":0.0,"relics_obtained":["Toxic Egg 2"]}],"is_beta":false,"boss_relics":[{"not_picked":["Black Star","Ectoplasm"],"picked":"WristBlade"},{"not_picked":["Snecko Eye","Tiny House"],"picked":"Coffee Dripper"}],"items_purged_floors":[2,27],"is_endless":false,"potions_floor_spawned":[7,11,13,16,18,25,31,33,36,36,36,40,42,45,47],"ascension_level":0}}