{"host":"l6t8kvs6xu8ynp71","time":1614131877,"event":{"mods":["BaseMod","Curses Come First","Highlight Path","Minty Spire (QoL Compilation)","Permanent Neow","Relic Stats","StSLib"],"gold_per_floor":[110,126,126,136,147,177,177,177,177,177,190,209,249,265,265,358,358,381,394,309,309,328,328,368,393,440,440,440,453,474,90,90,188,188,201,220,220,239,263,303,303,346,346,346,346,346,369,402,402,402,402],"floor_reached":52,"language":"ENG","playtime":4108,"items_purged":["Strike_G"],"score":1852,"play_id":"f63eceec-7385-465b-92fb-0b1a37c914a3","local_time":"20210223185757","is_ascension_mode":true,"campfire_choices":[{"floor":7.0,"key":"REST"},{"data":"Masterful Stab","floor":10.0,"key":"SMITH"},{"floor":15.0,"key":"REST"},{"data":"After Image","floor":23.0,"key":"SMITH"},{"floor":28,"key":"REST"},{"floor":32,"key":"REST"},{"data":"Wraith Form v2","floor":41,"key":"SMITH"},{"data":"Envenom","floor":44,"key":"SMITH"},{"floor":46,"key":"REST"},{"floor":49,"key":"REST"}],"circlet_count":0,"master_deck":["AscendersBane","Strike_G","Strike_G","Defend_G","Defend_G","Defend_G","Defend_G","Survivor","Neutralize","Poisoned Stab","Noxious Fumes","Crippling Poison","Dodge and Roll","Masterful Stab+1","Blade Dance","Backflip","Adrenaline","After Image+1","Noxious Fumes","Wraith Form v2+1","After Image+1","Envenom+1","PiercingWail","Sadistic Nature","Flash of Steel","Good Instincts","PiercingWail+1"],"relics":["Ring of the Snake","Mercury Hourglass","Golden Idol","Singing Bowl","Potion Belt","Runic Pyramid","Oddly Smooth Stone","Blood Vial","Smiling Mask","Happy Flower","Nunchaku","Sozu","Blue Candle","Ancient Tea Set","Calipers","Gambling Chip"],"acts_visited":["Exordium","TheCity","TheBeyond"],"potions_floor_usage":[24,25,33,51],"damage_taken":[{"damage":7.0,"enemies":"Small Slimes","floor":1.0,"turns":4.0},{"damage":0.0,"enemies":"Jaw Worm","floor":2.0,"turns":4.0},{"damage":3.0,"enemies":"2 Louse","floor":4.0,"turns":4.0},{"damage":1.0,"enemies":"Blue Slaver","floor":5.0,"turns":5.0},{"damage":18.0,"enemies":"Lagavulin","floor":6.0,"turns":6.0},{"damage":7.0,"enemies":"Red Slaver","floor":11.0,"turns":6.0},{"damage":0.0,"enemies":"3 Louse","floor":12.0,"turns":2.0},{"damage":7.0,"enemies":"3 Sentries","floor":13.0,"turns":6.0},{"damage":6.0,"enemies":"Exordium Thugs","floor":14.0,"turns":4.0},{"damage":2.0,"enemies":"The Guardian","floor":16.0,"turns":10.0},{"damage":0.0,"enemies":"Chosen","floor":18.0,"turns":5.0},{"damage":0.0,"enemies":"3 Byrds","floor":19.0,"turns":4.0},{"damage":26.0,"enemies":"Snake Plant","floor":22.0,"turns":5.0},{"damage":20,"enemies":"Gremlin Leader","floor":24,"turns":7},{"damage":2,"enemies":"3 Cultists","floor":25,"turns":5},{"damage":15,"enemies":"Shelled Parasite and Fungi","floor":29,"turns":6},{"damage":10,"enemies":"Snecko","floor":30,"turns":7},{"damage":7,"enemies":"Champ","floor":33,"turns":13},{"damage":7,"enemies":"3 Darklings","floor":35,"turns":5},{"damage":1,"enemies":"3 Shapes","floor":36,"turns":4},{"damage":12,"enemies":"Jaw Worm Horde","floor":38,"turns":4},{"damage":9,"enemies":"Spire Growth","floor":39,"turns":5},{"damage":10,"enemies":"Nemesis","floor":40,"turns":7},{"damage":6,"enemies":"Reptomancer","floor":42,"turns":6},{"damage":5,"enemies":"4 Shapes","floor":47,"turns":6},{"damage":32,"enemies":"Giant Head","floor":48,"turns":9},{"damage":31,"enemies":"Time Eater","floor":50,"turns":14},{"damage":5,"enemies":"Donu and Deca","floor":51,"turns":12}],"seed_played":"5123247975291463722","potions_obtained":[{"floor":1.0,"key":"CunningPotion"},{"floor":5.0,"key":"Energy Potion"},{"floor":11.0,"key":"SmokeBomb"},{"floor":18.0,"key":"Fire Potion"},{"floor":22.0,"key":"Explosive Potion"},{"floor":25,"key":"PowerPotion"},{"floor":30,"key":"DistilledChaos"},{"floor":33,"key":"Fire Potion"}],"is_trial":false,"path_per_floor":["M","M","?","M","M","E","R","?","T","R","M","M","E","M","R","B",null,"M","M","?","?","M","R","E","M","T","?","R","M","M","$","R","B",null,"M","M","?","M","M","E","R","E","T","R","?","R","M","E","R","B","B",null],"character_chosen":"THE_SILENT","items_purchased":["Happy Flower","Nunchaku"],"campfire_rested":6,"item_purchase_floors":[31,31],"current_hp_per_floor":[52,52,45,42,41,23,41,41,41,41,36,36,29,23,39,37,51,51,53,53,53,27,27,9,11,11,11,29,18,12,12,31,26,56,51,54,44,36,31,25,25,21,21,21,21,43,42,14,37,8,5],"gold":402,"neow_bonus":"REMOVE_TWO","is_daily":false,"chose_seed":false,"campfire_upgraded":4,"win_rate":0.0,"timestamp":1614131877,"path_taken":["M","M","?","M","M","E","R","?","T","R","M","M","E","M","R","BOSS","M","M","?","?","?","R","E","M","T","?","R","?","M","$","R","BOSS","M","M","?","M","M","E","R","E","T","R","?","R","M","E","R","BOSS","BOSS"],"items_purchased_type":["Relic","Relic"],"build_version":"2020-12-22","purchased_purges":1,"victory":true,"max_hp_per_floor":[60,60,60,60,60,60,60,54,54,54,56,56,56,56,56,56,56,56,58,58,58,58,58,60,62,62,62,62,64,66,66,66,66,66,66,68,68,70,72,74,74,74,74,74,74,74,76,78,78,78,78],"relic_stats":{"Singing Bowl":24,"Happy Flower":[28],"counters":[28,175],"Golden Idol":173,"Blue Candle":[1],"Smiling Mask":25,"Mercury Hourglass":[579],"Blood Vial":28,"Sozu":2,"Nunchaku":[20],"Gambling Chip":[3],"obtain_stats":[{"Potion Belt":13,"Calipers":43,"Singing Bowl":9,"Happy Flower":31,"Golden Idol":8,"Blue Candle":40,"Oddly Smooth Stone":20,"Smiling Mask":26,"Ancient Tea Set":42,"Mercury Hourglass":6,"Blood Vial":24,"Sozu":34,"Nunchaku":31,"Gambling Chip":48,"Ring of the Snake":0,"Runic Pyramid":17},{"Potion Belt":8,"Calipers":24,"Singing Bowl":5,"Happy Flower":17,"Golden Idol":5,"Blue Candle":23,"Oddly Smooth Stone":12,"Smiling Mask":15,"Ancient Tea Set":24,"Mercury Hourglass":5,"Blood Vial":14,"Sozu":18,"Nunchaku":17,"Gambling Chip":26,"Ring of the Snake":0,"Runic Pyramid":10},{"Potion Belt":37,"Calipers":134,"Singing Bowl":23,"Happy Flower":90,"Golden Idol":23,"Blue Candle":128,"Oddly Smooth Stone":60,"Smiling Mask":77,"Ancient Tea Set":134,"Mercury Hourglass":23,"Blood Vial":72,"Sozu":103,"Nunchaku":90,"Gambling Chip":149,"Ring of the Snake":0,"Runic Pyramid":51}],"Ring of the Snake":[56]},"card_choices":[{"not_picked":["Caltrops","Acrobatics"],"picked":"Poisoned Stab","floor":1.0},{"not_picked":["Backflip","Deflect"],"picked":"Noxious Fumes","floor":2.0},{"not_picked":["Bane","Night Terror"],"picked":"Crippling Poison","floor":4.0},{"not_picked":["Underhanded Strike","Blur"],"picked":"Dodge and Roll","floor":5.0},{"not_picked":["Deadly Poison","Quick Slash"],"picked":"Masterful Stab","floor":6.0},{"not_picked":["All Out Attack","Flying Knee","Dodge and Roll"],"picked":"Singing Bowl","floor":11.0},{"not_picked":["Dodge and Roll","Reflex"],"picked":"Blade Dance","floor":12.0},{"not_picked":["Deflect","Sucker Punch"],"picked":"Backflip","floor":13.0},{"not_picked":["Prepared","All Out Attack"],"picked":"Adrenaline","floor":14.0},{"not_picked":["Glass Knife","Burst"],"picked":"After Image","floor":16.0},{"not_picked":["Dagger Throw","Bane"],"picked":"Noxious Fumes","floor":18.0},{"not_picked":["Dagger Throw","Dagger Spray","Skewer"],"picked":"Singing Bowl","floor":19.0},{"not_picked":["Crippling Poison","Riddle With Holes"],"picked":"Wraith Form v2","floor":22.0},{"not_picked":["Deadly Poison","Outmaneuver","Underhanded Strike"],"picked":"Singing Bowl","floor":24},{"not_picked":["Sucker Punch","Escape Plan","Skewer+1"],"picked":"Singing Bowl","floor":25},{"not_picked":["Masterful Stab","Skewer","Noxious Fumes+1"],"picked":"Singing Bowl","floor":29},{"not_picked":["Dodge and Roll","Eviscerate","Outmaneuver"],"picked":"Singing Bowl","floor":30},{"not_picked":["Doppelganger","Night Terror"],"picked":"Envenom","floor":33},{"not_picked":["All Out Attack","Dagger Spray+1"],"picked":"PiercingWail","floor":35},{"not_picked":["Sucker Punch","Underhanded Strike","Prepared"],"picked":"Singing Bowl","floor":36},{"not_picked":["Bandage Up","Panacea"],"picked":"Sadistic Nature","floor":37},{"not_picked":["Apotheosis","Discovery"],"picked":"Flash of Steel","floor":37},{"not_picked":["Deep Breath","Transmutation"],"picked":"Good Instincts","floor":37},{"not_picked":["Poisoned Stab+1","Calculated Gamble","Quick Slash"],"picked":"Singing Bowl","floor":38},{"not_picked":["Concentrate","Deflect","Quick Slash+1"],"picked":"Singing Bowl","floor":39},{"not_picked":["Well Laid Plans","Distraction+1","Deflect+1"],"picked":"Singing Bowl","floor":40},{"not_picked":["Backflip+1","Bouncing Flask+1"],"picked":"PiercingWail+1","floor":42},{"not_picked":["Malaise","Dodge and Roll","Acrobatics"],"picked":"Singing Bowl","floor":47},{"not_picked":["Blur+1","Concentrate","Calculated Gamble+1"],"picked":"Singing Bowl","floor":48}],"player_experience":1513734,"relics_obtained":[{"floor":6.0,"key":"Mercury Hourglass"},{"floor":9.0,"key":"Singing Bowl"},{"floor":13.0,"key":"Potion Belt"},{"floor":24,"key":"Blood Vial"},{"floor":26,"key":"Smiling Mask"},{"floor":40,"key":"Blue Candle"},{"floor":42,"key":"Ancient Tea Set"},{"floor":43,"key":"Calipers"},{"floor":48,"key":"Gambling Chip"}],"event_choices":[{"cards_removed":["Strike_G"],"damage_healed":0.0,"max_hp_gain":0.0,"max_hp_loss":0.0,"gold_gain":0.0,"event_name":"Golden Wing","player_choice":"Card Removal","floor":3.0,"gold_loss":0.0,"damage_taken":7.0},{"damage_healed":0.0,"max_hp_gain":0.0,"max_hp_loss":6.0,"gold_gain":0.0,"event_name":"Golden Idol","player_choice":"Lose Max HP","floor":8.0,"gold_loss":0.0,"damage_taken":0.0,"relics_obtained":["Golden Idol"]},{"damage_healed":0.0,"max_hp_gain":0.0,"max_hp_loss":0.0,"gold_gain":0.0,"event_name":"Addict","player_choice":"Obtained Relic","floor":20.0,"gold_loss":85.0,"damage_taken":0.0,"relics_obtained":["Oddly Smooth Stone"]},{"damage_healed":0.0,"max_hp_gain":0.0,"max_hp_loss":0.0,"gold_gain":0.0,"event_name":"N\u0027loth","player_choice":"Ignored","floor":21.0,"gold_loss":0.0,"damage_taken":0.0},{"damage_healed":0,"gold_gain":0,"player_choice":"Copied","damage_taken":0,"max_hp_gain":0,"max_hp_loss":0,"event_name":"Duplicator","floor":27,"gold_loss":0,"cards_obtained":["After Image"]},{"damage_healed":0,"gold_gain":0,"player_choice":"Memory 3","damage_taken":10,"max_hp_gain":0,"max_hp_loss":0,"event_name":"SensoryStone","floor":37,"gold_loss":0},{"damage_healed":0,"gold_gain":0,"player_choice":"Ignored","damage_taken":0,"max_hp_gain":0,"max_hp_loss":0,"event_name":"Tomb of Lord Red Mask","floor":45,"gold_loss":0}],"is_beta":false,"boss_relics":[{"not_picked":["Black Star","Velvet Choker"],"picked":"Runic Pyramid"},{"not_picked":["Empty Cage","Busted Crown"],"picked":"Sozu"}],"items_purged_floors":[31],"is_endless":false,"potions_floor_spawned":[1,5,11,18,22,25,30,33,40,47],"ascension_level":20}}