{"host":"vhu12qr9yy4p5pn7","time":1614179691,"event":{"mods":["BaseMod","Challenge The Spire","Downfall","Minty Spire (QoL Compilation)","Permanent Neow","Quick Restart","Spicy Shops","StSLib","óô»ðÖ¸ÄÏ"],"gold_per_floor":[4861,3036,3149,3264,3380,3380,2253,231,350,468,583,583,240,4,4,4,4,4],"floor_reached":19,"language":"ZHS","playtime":2670,"items_purged":["Strike_B","Strike_B","Strike_B","Strike_B","Defend_B","Defend_B+1","Defend_B"],"score":4633,"play_id":"284ff49e-e93f-4ac9-8e4d-2528a3ea1b77","local_time":"20210224231451","daily_mods":["challengethespire:Gold Difficulty","challengethespire:Boss Rush","Uncertain Future"],"is_ascension_mode":true,"campfire_choices":[],"circlet_count":0,"master_deck":["AscendersBane","Defend_B+1","Zap","Dualcast+1","Magnetism+1","Heatsinks+1","Heatsinks+1","Loop+1","Capacitor+1","Sweeping Beam+1","Double Energy+1","Gash+1","Loop+1","Panache+1","Capacitor+1","Capacitor+1","Defragment+1","Electrodynamics+1","Hello World+1","Bandage Up+1","Chaos+1","Loop+1","Self Repair+1","Defend_B+1","Defragment+1","Storm+1","Storm+1","Storm+1","Defragment+1"],"relics":["Cracked Core","The Courier","Molten Egg 2","Toxic Egg 2","Frozen Egg 2","War Paint","Cables","Runic Capacitor","Blood Vial","Orichalcum","Lantern","Strange Spoon","Anchor","Ginger","Bag of Marbles","Pear","Bag of Preparation","Nunchaku","Fusion Hammer","bronze:DonusWashers","White Beast Statue","DataDisk","Potion Belt","Symbiotic Virus","Mummified Hand","Bottled Tornado","ClockworkSouvenir","hexamod:BolsterEngine","Guardian:PocketSentry","FossilizedHelix","Akabeko","Centennial Puzzle","Meat on the Bone","Regal Pillow","Slimebound:PreparedRelic","bronze:BronzeIdol","Ectoplasm","Membership Card","DollysMirror","Medical Kit","Boot","hexamod:Sixitude","Strawberry","Smiling Mask","Torii"],"acts_visited":["Exordium"],"potions_floor_usage":[3,11],"damage_taken":[{"damage":47,"enemies":"The Guardian","floor":3,"turns":9},{"damage":20,"enemies":"Slime Boss","floor":4,"turns":7},{"damage":3,"enemies":"Hexaghost","floor":5,"turns":7},{"damage":0,"enemies":"Automaton","floor":9,"turns":3},{"damage":0,"enemies":"Collector","floor":10,"turns":2},{"damage":0,"enemies":"Champ","floor":11,"turns":2},{"damage":0,"enemies":"Donu and Deca","floor":15,"turns":2},{"damage":9,"enemies":"Time Eater","floor":16,"turns":3},{"damage":0,"enemies":"Awakened One","floor":17,"turns":2},{"damage":16,"enemies":"The Heart","floor":18,"turns":4}],"seed_played":"-2478700430344361065","potions_obtained":[{"floor":4,"key":"Block Potion"},{"floor":9,"key":"Fire Potion"},{"floor":10,"key":"AttackPotion"},{"floor":11,"key":"Explosive Potion"}],"is_trial":true,"path_per_floor":["$","$","M","M","M","T","R","R","M","M","M","T","R","R","M","M","M","M",null],"character_chosen":"DEFECT","items_purchased":["Magnetism+1","Slimebound:ThreeZeroPotion","Heatsinks+1","Heatsinks+1","War Paint","Cables","Runic Capacitor","Loop+1","Capacitor+1","Sweeping Beam+1","Blood Vial","Orichalcum","Lantern","Strange Spoon","Anchor","Ginger","Bag of Marbles","Panache+1","Capacitor+1","Capacitor+1","Defragment+1","Electrodynamics+1","Hello World+1","bronze:DonusWashers","White Beast Statue","DataDisk","FearPotion","Potion Belt","Symbiotic Virus","Mummified Hand","Bottled Tornado","ClockworkSouvenir","hexamod:BolsterEngine","Guardian:PocketSentry","FossilizedHelix","Bandage Up+1","Chaos+1","Akabeko","Centennial Puzzle","Meat on the Bone","Membership Card","DollysMirror","Medical Kit","Boot"],"campfire_rested":0,"item_purchase_floors":[1,1,2,2,2,2,2,2,2,2,2,2,2,2,2,2,2,7,7,7,7,7,7,7,7,7,7,8,8,8,8,8,8,8,8,8,8,8,8,8,13,13,14,14],"current_hp_per_floor":[64,64,29,11,10,10,10,10,30,44,68,68,68,68,81,85,88,82],"gold":4,"neow_bonus":"","is_daily":false,"chose_seed":false,"campfire_upgraded":0,"win_rate":0.0,"timestamp":1614179691,"path_taken":["$","$","M","M","M","T","R","R","M","M","M","T","R","R","M","M","M","M"],"items_purchased_type":["Card","Potion","Card","Card","Relic","Relic","Relic","Card","Card","Card","Relic","Relic","Relic","Relic","Relic","Relic","Relic","Card","Card","Card","Card","Card","Card","Relic","Relic","Relic","Potion","Relic","Relic","Relic","Relic","Relic","Relic","Relic","Relic","Card","Card","Relic","Relic","Relic","Relic","Relic","Relic","Relic"],"build_version":"2020-11-29","purchased_purges":7,"victory":true,"max_hp_per_floor":[71,71,81,81,81,81,81,81,81,81,81,81,81,81,81,88,88,88],"card_choices":[],"player_experience":54746,"relics_obtained":[{"floor":3,"key":"Pear"},{"floor":4,"key":"Bag of Preparation"},{"floor":5,"key":"Nunchaku"},{"floor":9,"key":"Regal Pillow"},{"floor":10,"key":"Slimebound:PreparedRelic"},{"floor":11,"key":"bronze:BronzeIdol"},{"floor":15,"key":"hexamod:Sixitude"},{"floor":16,"key":"Strawberry"},{"floor":17,"key":"Smiling Mask"},{"floor":18,"key":"Torii"}],"event_choices":[],"is_beta":false,"boss_relics":[{"not_picked":["Sozu","SacredBark"],"picked":"Fusion Hammer"},{"not_picked":["Cursed Key","Snecko Eye"],"picked":"Ectoplasm"}],"items_purged_floors":[1,2,2,7,8,13,14],"is_endless":false,"potions_floor_spawned":[4,9,10,11,15,16,17,18],"ascension_level":15}}