{"host":"q8niu1x2pgv94o1d","time":1614199025,"event":{"mods":["AchievementEnabler","BaseMod","Colored Map","Colored Powertips","Minty Spire (QoL Compilation)","StSLib"],"gold_per_floor":[114,132,57,57,57,57,57,95,150,193,193,209,209,45,45,45,45],"floor_reached":16,"language":"ENG","playtime":564,"items_purged":["Regret"],"score":212,"play_id":"ab087615-6cb2-40c9-b67f-14f79c778a1e","local_time":"20210224213705","is_ascension_mode":true,"campfire_choices":[{"data":"Blood for Blood","floor":6.0,"key":"SMITH"},{"data":"Flame Barrier","floor":11.0,"key":"SMITH"},{"floor":15,"key":"REST"}],"circlet_count":0,"master_deck":["AscendersBane","Strike_R","Strike_R","Strike_R","Defend_R","Defend_R","Defend_R","Bash","Dropkick","Blood for Blood+1","Flame Barrier+1","Flame Barrier+1","Seeing Red+1","Ghostly Armor+1","Combust"],"relics":["Burning Blood","Golden Idol","Toxic Egg 2","Pear","Lantern","WingedGreaves"],"acts_visited":["Exordium"],"potions_floor_usage":[16],"damage_taken":[{"damage":1.0,"enemies":"2 Louse","floor":1.0,"turns":4.0},{"damage":1.0,"enemies":"Small Slimes","floor":2.0,"turns":4.0},{"damage":23.0,"enemies":"Lagavulin","floor":8.0,"turns":3.0},{"damage":56.0,"enemies":"3 Sentries","floor":10.0,"turns":12.0},{"damage":0.0,"enemies":"Cultist","floor":12.0,"turns":3.0},{"damage":43,"enemies":"Slime Boss","floor":16,"turns":7}],"seed_played":"4677514485698280267","potions_obtained":[{"floor":1.0,"key":"SteroidPotion"},{"floor":8.0,"key":"Ancient Potion"},{"floor":12.0,"key":"Swift Potion"}],"is_trial":false,"path_per_floor":["M","M","?","?","?","R","?","E","T","E","R","M","?","$","R","B"],"character_chosen":"IRONCLAD","items_purchased":["Combust"],"campfire_rested":1,"item_purchase_floors":[14],"current_hp_per_floor":[73,75,75,68,68,68,68,61,61,11,11,17,17,17,40,0,0],"gold":45,"neow_bonus":"TRANSFORM_CARD","is_daily":false,"chose_seed":false,"campfire_upgraded":2,"win_rate":0.0,"timestamp":1614199025,"path_taken":["M","M","?","?","?","R","?","E","T","E","R","M","?","$","R","BOSS"],"items_purchased_type":["Card"],"build_version":"2020-12-22","purchased_purges":1,"victory":false,"max_hp_per_floor":[75,75,75,75,68,68,68,78,78,78,78,78,78,78,78,78,78],"card_choices":[{"not_picked":["Perfected Strike","Sentinel"],"picked":"Blood for Blood","floor":1.0},{"not_picked":["Armaments","Searing Blow"],"picked":"Flame Barrier","floor":2.0},{"not_picked":["Warcry+1","Battle Trance+1"],"picked":"Flame Barrier+1","floor":8.0},{"not_picked":["Burning Pact+1","Headbutt"],"picked":"Seeing Red+1","floor":10.0},{"not_picked":["Flame Barrier+1","Clothesline"],"picked":"Ghostly Armor+1","floor":12.0}],"player_experience":1832224,"relics_obtained":[{"floor":8.0,"key":"Pear"},{"floor":9.0,"key":"Lantern"},{"floor":10.0,"key":"WingedGreaves"}],"event_choices":[{"cards_removed":["Defend_R"],"damage_healed":0.0,"max_hp_gain":0.0,"max_hp_loss":0.0,"gold_gain":0.0,"event_name":"The Cleric","player_choice":"Card Removal","floor":3.0,"gold_loss":75.0,"damage_taken":0.0},{"cards_removed":["Strike_R"],"damage_healed":0.0,"max_hp_gain":0.0,"max_hp_loss":0.0,"gold_gain":0.0,"event_name":"Golden Wing","player_choice":"Card Removal","floor":4.0,"gold_loss":0.0,"damage_taken":7.0},{"damage_healed":0.0,"max_hp_gain":0.0,"max_hp_loss":7.0,"gold_gain":0.0,"event_name":"Golden Idol","player_choice":"Lose Max HP","floor":5.0,"gold_loss":0.0,"damage_taken":0.0,"relics_obtained":["Golden Idol"]},{"damage_healed":0.0,"max_hp_gain":0.0,"max_hp_loss":0.0,"gold_gain":0.0,"event_name":"Big Fish","player_choice":"Box","floor":7.0,"gold_loss":0.0,"damage_taken":0.0,"relics_obtained":["Toxic Egg 2"],"cards_obtained":["Regret"]},{"damage_healed":0,"gold_gain":0,"player_choice":"Ignored","damage_taken":0,"max_hp_gain":0,"max_hp_loss":0,"event_name":"Liars Game","floor":13,"gold_loss":0}],"is_beta":false,"boss_relics":[],"items_purged_floors":[14],"is_endless":false,"potions_floor_spawned":[1,8,12],"killed_by":"Slime Boss","ascension_level":20}}