{"host":"gkm149kh1ihaqy0o","time":1614142882,"event":{"mods":["AchievementEnabler","BaseMod","Colored Powertips","Curses Come First","Dark Map","Key Reminder","Minty Spire (QoL Compilation)","Permanent Neow","Quick Restart","Random Character Button","Rare Cards Sparkle","Relic Sorter","Relic Stats","StSLib","SuperFastMode","Unceasing Turn Reminder","everything is the same but u backflip on backflip"],"gold_per_floor":[109,121,137,151,161,161,311,311,311,83,116,131,161,180,180,255,255,255,75,75,75,75,75,75,75,75,75,75,25,25,25,25,25,25],"floor_reached":33,"language":"ENG","playtime":1525,"items_purged":["Doubt","Strike_R"],"score":526,"play_id":"f780051c-6f70-4535-ac88-24516bede6e7","local_time":"20210223230122","is_ascension_mode":true,"campfire_choices":[{"data":"Armaments","floor":6,"key":"SMITH"},{"data":"Inflame","floor":8,"key":"SMITH"},{"floor":15,"key":"REST"},{"floor":23,"key":"REST"},{"floor":27,"key":"REST"},{"data":"True Grit","floor":30,"key":"SMITH"},{"data":"Battle Trance","floor":32,"key":"SMITH"}],"circlet_count":0,"master_deck":["AscendersBane","Strike_R+1","Strike_R+1","Strike_R+1","Defend_R+1","Defend_R+1","Defend_R+1","Bash","Battle Trance+1","Armaments+1","Uppercut","Juggernaut","Inflame+1","Evolve","Shockwave+1","Whirlwind+1","Impervious","True Grit+1","Spot Weakness","Shrug It Off"],"relics":["Burning Blood","Anchor","War Paint","Bottled Lightning","Ectoplasm","Bird Faced Urn","Kunai","Nunchaku"],"acts_visited":["Exordium","TheCity"],"potions_floor_usage":[4,11,16,24,24,31],"damage_taken":[{"damage":15,"enemies":"2 Louse","floor":1,"turns":3},{"damage":4,"enemies":"Jaw Worm","floor":2,"turns":5},{"damage":7,"enemies":"Cultist","floor":3,"turns":4},{"damage":12,"enemies":"Exordium Thugs","floor":4,"turns":5},{"damage":16,"enemies":"Large Slime","floor":5,"turns":7},{"damage":9,"enemies":"Lagavulin","floor":11,"turns":5},{"damage":9,"enemies":"Gremlin Gang","floor":12,"turns":3},{"damage":32,"enemies":"3 Sentries","floor":13,"turns":5},{"damage":0,"enemies":"3 Louse","floor":14,"turns":1},{"damage":24,"enemies":"The Guardian","floor":16,"turns":10},{"damage":0,"enemies":"3 Byrds","floor":18,"turns":4},{"damage":22,"enemies":"Shell Parasite","floor":22,"turns":5},{"damage":32,"enemies":"Gremlin Leader","floor":24,"turns":9},{"damage":14,"enemies":"Centurion and Healer","floor":25,"turns":7},{"damage":25,"enemies":"Snecko","floor":31,"turns":8},{"damage":72,"enemies":"Collector","floor":33,"turns":9}],"seed_played":"-7002163404472273588","potions_obtained":[{"floor":2,"key":"Dexterity Potion"},{"floor":4,"key":"Strength Potion"},{"floor":5,"key":"Ancient Potion"},{"floor":13,"key":"SneckoOil"},{"floor":18,"key":"Fire Potion"},{"floor":25,"key":"Dexterity Potion"}],"is_trial":false,"path_per_floor":["M","M","M","M","M","R","?","R","T","$","E","M","E","M","R","B",null,"M","$","?","?","M","R","E","M","T","R","T","?","R","M","R","B"],"character_chosen":"IRONCLAD","items_purchased":["Evolve","Shockwave","Spot Weakness"],"campfire_rested":3,"item_purchase_floors":[10,10,19],"current_hp_per_floor":[59,61,60,54,44,44,44,44,44,44,41,38,12,18,38,20,56,62,62,62,62,46,66,40,38,38,58,58,58,58,45,45,0,0],"gold":25,"neow_bonus":"REMOVE_TWO","is_daily":false,"chose_seed":false,"campfire_upgraded":4,"win_rate":0.0,"timestamp":1614142882,"path_taken":["M","M","M","M","M","R","?","R","T","$","E","M","E","M","R","BOSS","M","$","?","?","?","R","E","M","T","R","?","?","R","M","R","BOSS"],"items_purchased_type":["Card","Card","Card"],"build_version":"2020-12-22","purchased_purges":2,"victory":false,"max_hp_per_floor":[68,68,68,68,68,68,68,68,68,68,68,68,68,68,68,68,68,68,68,68,68,68,68,68,68,68,68,68,68,68,68,68,68,68],"relic_stats":{"Nunchaku":[2],"counters":[16,90],"Bird Faced Urn":[16],"Ectoplasm":127,"Kunai":[1],"War Paint":["Shockwave","Defend_R"],"obtain_stats":[{"Anchor":9,"Nunchaku":28,"Bird Faced Urn":24,"Ectoplasm":17,"Bottled Lightning":13,"Kunai":26,"War Paint":11,"Burning Blood":0},{"Anchor":5,"Nunchaku":14,"Bird Faced Urn":13,"Ectoplasm":10,"Bottled Lightning":8,"Kunai":14,"War Paint":6,"Burning Blood":0},{"Anchor":24,"Nunchaku":73,"Bird Faced Urn":66,"Ectoplasm":48,"Bottled Lightning":37,"Kunai":73,"War Paint":29,"Burning Blood":0}],"Burning Blood":90},"card_choices":[{"not_picked":["Headbutt","Iron Wave"],"picked":"Battle Trance","floor":1},{"not_picked":["Second Wind","Flex"],"picked":"Armaments","floor":2},{"not_picked":["Clothesline","Clash"],"picked":"Uppercut","floor":3},{"not_picked":["Second Wind","Bloodletting"],"picked":"Juggernaut","floor":4},{"not_picked":["Infernal Blade","Shockwave"],"picked":"Inflame","floor":5},{"not_picked":["Bloodletting","Exhume"],"picked":"Whirlwind","floor":11},{"not_picked":["Entrench","Sword Boomerang","Thunderclap"],"picked":"SKIP","floor":12},{"not_picked":["Burning Pact","Thunderclap"],"picked":"Impervious","floor":13},{"not_picked":["Sword Boomerang","Clothesline","Infernal Blade"],"picked":"SKIP","floor":14},{"not_picked":["Warcry","Perfected Strike"],"picked":"True Grit","floor":18},{"not_picked":["Clash","Armaments"],"picked":"Shrug It Off","floor":22},{"not_picked":["Pommel Strike","Hemokinesis","Bloodletting"],"picked":"SKIP","floor":24},{"not_picked":["Clothesline","Juggernaut","Pommel Strike"],"picked":"SKIP","floor":25},{"not_picked":["Thunderclap+1","Shockwave","Clothesline"],"picked":"SKIP","floor":31}],"player_experience":662912,"relics_obtained":[{"floor":9,"key":"Anchor"},{"floor":11,"key":"War Paint"},{"floor":13,"key":"Bottled Lightning"},{"floor":24,"key":"Bird Faced Urn"},{"floor":26,"key":"Kunai"},{"floor":28,"key":"Nunchaku"}],"event_choices":[{"damage_healed":0,"gold_gain":150,"player_choice":"AGREE","damage_taken":0,"max_hp_gain":0,"max_hp_loss":0,"event_name":"Liars Game","floor":7,"gold_loss":0,"cards_obtained":["Doubt"]},{"damage_healed":0,"gold_gain":0,"player_choice":"Simplicity","damage_taken":0,"max_hp_gain":0,"max_hp_loss":0,"event_name":"Back to Basics","floor":20,"gold_loss":0,"cards_upgraded":["Strike_R","Strike_R","Strike_R","Defend_R","Defend_R"]},{"damage_healed":0,"gold_gain":0,"player_choice":"Upgraded","damage_taken":0,"max_hp_gain":0,"max_hp_loss":0,"event_name":"Upgrade Shrine","floor":21,"gold_loss":0,"cards_upgraded":["Whirlwind"]},{"damage_healed":0,"gold_gain":0,"player_choice":"Bet on Murderer","damage_taken":0,"max_hp_gain":0,"max_hp_loss":0,"event_name":"The Joust","floor":29,"gold_loss":50}],"is_beta":false,"boss_relics":[{"not_picked":["Fusion Hammer","Pandora\u0027s Box"],"picked":"Ectoplasm"}],"items_purged_floors":[10,19],"is_endless":false,"potions_floor_spawned":[2,4,5,13,18,25],"killed_by":"Collector","ascension_level":18}}