{"host":"prxrhpgaxnj4om9r","time":1614144518,"event":{"mods":["AchievementEnabler","BaseMod","Colored Map","DeckTracker","Minty Spire (QoL Compilation)"],"gold_per_floor":[118,193,193,193,206,241,241,14,64,64,94,104,104,135,135,232,232,247,260,260,260,105,105,176,176,200,245,245,280,280,294,294,390,390,427,470,48,62,62,93,109,109,109,109,121,121,121,135,135,135,135],"floor_reached":50,"language":"KOR","playtime":2671,"items_purged":[],"score":715,"play_id":"3e675042-98b4-4707-9e94-3480e01a90e4","local_time":"20210224142838","is_ascension_mode":true,"campfire_choices":[{"floor":7,"key":"REST"},{"data":"Judgement","floor":13,"key":"SMITH"},{"floor":15,"key":"REST"},{"floor":23,"key":"REST"},{"data":"PathToVictory","floor":30,"key":"SMITH"},{"data":"Ragnarok","floor":32,"key":"SMITH"},{"data":"ForeignInfluence","floor":42,"key":"SMITH"},{"floor":44,"key":"REST"},{"data":"Tantrum","floor":49,"key":"SMITH"}],"circlet_count":0,"master_deck":["Eruption+1","Vigilance","CutThroughFate","SandsOfTime","ClearTheMind+1","Sanctity","Judgement+1","Vault+1","WheelKick","PathToVictory+1","PathToVictory","Blasphemy","Wish+1","ThirdEye","WreathOfFlame","EmptyMind","WheelKick","Protect","JustLucky","Tantrum+1","MentalFortress+1","WaveOfTheHand+1","Ragnarok+1","Halt+1","Vault","Weave+1","Adaptation+1","Prostrate+1","ForeignInfluence+1","EmptyFist+1","Perseverance","Panache+1","FearNoEvil+1"],"relics":["PureWater","Orichalcum","Ancient Tea Set","Akabeko","Blood Vial","Pandora\u0027s Box","InkBottle","Enchiridion","Toy Ornithopter","Frozen Egg 2","Anchor","Tiny Chest","Runic Pyramid","War Paint","Regal Pillow","Bottled Lightning","Smiling Mask","Pear"],"acts_visited":["Exordium","TheCity","TheBeyond"],"potions_floor_usage":[6,11,14,16,29,29,29,29,33,33,33,38,38,40,50,50],"damage_taken":[{"damage":14.0,"enemies":"Jaw Worm","floor":1.0,"turns":2.0},{"damage":0.0,"enemies":"2 Louse","floor":5.0,"turns":2.0},{"damage":15,"enemies":"Lagavulin","floor":6,"turns":6},{"damage":0,"enemies":"Gremlin Nob","floor":11,"turns":3},{"damage":0,"enemies":"Cultist","floor":12,"turns":2},{"damage":8,"enemies":"3 Sentries","floor":14,"turns":5},{"damage":37,"enemies":"Hexaghost","floor":16,"turns":6},{"damage":14,"enemies":"2 Thieves","floor":18,"turns":2},{"damage":0,"enemies":"3 Byrds","floor":19,"turns":3},{"damage":2,"enemies":"Centurion and Healer","floor":27,"turns":4},{"damage":11,"enemies":"Slavers","floor":29,"turns":4},{"damage":4,"enemies":"3 Cultists","floor":31,"turns":4},{"damage":11,"enemies":"Champ","floor":33,"turns":8},{"damage":2,"enemies":"Orb Walker","floor":35,"turns":2},{"damage":0,"enemies":"3 Shapes","floor":36,"turns":6},{"damage":19,"enemies":"Transient","floor":38,"turns":6},{"damage":17,"enemies":"Nemesis","floor":40,"turns":5},{"damage":19,"enemies":"Maw","floor":41,"turns":8},{"damage":0,"enemies":"Jaw Worm Horde","floor":45,"turns":3},{"damage":8,"enemies":"Sphere and 2 Shapes","floor":48,"turns":5},{"damage":101,"enemies":"Awakened One","floor":50,"turns":9}],"seed_played":"-1465752159698537659","potions_obtained":[{"floor":5,"key":"Block Potion"},{"floor":6,"key":"Explosive Potion"},{"floor":11,"key":"Fruit Juice"},{"floor":14,"key":"FearPotion"},{"floor":18,"key":"Ancient Potion"},{"floor":25,"key":"SneckoOil"},{"floor":25,"key":"LiquidMemories"},{"floor":25,"key":"EntropicBrew"},{"floor":38,"key":"Fruit Juice"},{"floor":45,"key":"SteroidPotion"}],"is_trial":false,"path_per_floor":["M","?","?","?","M","E","R","$","T","?","E","M","R","E","R","B",null,"M","M","T","?","$","R","T","?","T","M","?","E","R","M","R","B",null,"M","M","$","M","?","E","M","R","T","R","M","?","T","M","R","B"],"character_chosen":"WATCHER","items_purchased":["Judgement","Vault","Toy Ornithopter","War Paint","Adaptation+1","Regal Pillow","Block Potion"],"campfire_rested":4,"item_purchase_floors":[8,8,22,37,37,37,37],"current_hp_per_floor":[51,40,40,40,40,25,46,46,46,46,51,51,51,43,66,31,66,54,56,56,40,40,63,63,63,63,63,63,66,66,64,64,67,75,75,77,77,68,68,58,41,41,41,80,82,82,92,84,84,0,0],"gold":135,"neow_bonus":"UPGRADE_CARD","is_daily":false,"chose_seed":false,"campfire_upgraded":5,"win_rate":0.0,"timestamp":1614144518,"path_taken":["M","?","?","?","M","E","R","$","T","?","E","M","R","E","R","BOSS","M","M","?","?","$","R","?","?","T","?","?","E","R","M","R","BOSS","M","M","$","M","?","E","M","R","T","R","?","?","?","M","R","BOSS"],"items_purchased_type":["Card","Card","Relic","Relic","Card","Relic","Potion"],"build_version":"2020-12-22","purchased_purges":0,"victory":false,"max_hp_per_floor":[72,72,72,72,72,72,72,72,72,72,77,77,77,77,77,77,77,77,77,77,77,77,77,77,77,77,77,77,77,77,77,77,77,77,77,77,77,82,82,82,82,82,82,82,82,82,92,92,92,92,92],"card_choices":[{"not_picked":["CrushJoints","FearNoEvil"],"picked":"CutThroughFate","floor":1.0},{"not_picked":["SashWhip","Protect"],"picked":"ClearTheMind","floor":5},{"not_picked":["EmptyBody","Prostrate"],"picked":"Sanctity","floor":6},{"not_picked":["CarveReality","Prostrate"],"picked":"WheelKick","floor":11},{"not_picked":["CrushJoints","Adaptation"],"picked":"PathToVictory","floor":12},{"not_picked":["Prostrate","Vengeance"],"picked":"PathToVictory","floor":14},{"not_picked":["Establishment","MasterReality"],"picked":"Blasphemy","floor":16},{"not_picked":["BowlingBash","EmptyBody+1"],"picked":"Tantrum","floor":18},{"not_picked":["FlyingSleeves+1","ThirdEye"],"picked":"MentalFortress+1","floor":19},{"not_picked":["SandsOfTime","Worship"],"picked":"WaveOfTheHand+1","floor":27},{"not_picked":["ThirdEye","Protect"],"picked":"Ragnarok","floor":29},{"not_picked":["LikeWater+1","ForeignInfluence"],"picked":"Halt+1","floor":31},{"not_picked":["Ragnarok","Brilliance"],"picked":"Vault","floor":33},{"not_picked":["ClearTheMind","Protect+1","ThirdEye+1"],"picked":"SKIP","floor":35},{"not_picked":["FlyingSleeves","EmptyMind+1"],"picked":"Weave+1","floor":36},{"not_picked":["WheelKick+1","FlyingSleeves+1"],"picked":"Prostrate+1","floor":38},{"not_picked":["SpiritShield","ForeignInfluence","WaveOfTheHand"],"picked":"SKIP","floor":40},{"not_picked":["SpiritShield","WaveOfTheHand"],"picked":"ForeignInfluence","floor":40},{"not_picked":["Protect","Collect"],"picked":"EmptyFist+1","floor":41},{"not_picked":["FollowUp+1","Collect+1"],"picked":"Perseverance","floor":45},{"not_picked":["Finesse","Forethought"],"picked":"Panache+1","floor":46},{"not_picked":["Conclude+1","Consecrate+1"],"picked":"FearNoEvil+1","floor":48}],"player_experience":619678,"relics_obtained":[{"floor":6,"key":"Orichalcum"},{"floor":9,"key":"Ancient Tea Set"},{"floor":11,"key":"Akabeko"},{"floor":14,"key":"Blood Vial"},{"floor":20,"key":"InkBottle"},{"floor":21,"key":"Enchiridion"},{"floor":24,"key":"Frozen Egg 2"},{"floor":26,"key":"Anchor"},{"floor":29,"key":"Tiny Chest"},{"floor":40,"key":"Bottled Lightning"},{"floor":43,"key":"Smiling Mask"},{"floor":47,"key":"Pear"}],"event_choices":[{"damage_healed":0.0,"max_hp_gain":0.0,"max_hp_loss":0.0,"gold_gain":75.0,"event_name":"World of Goop","player_choice":"Gather Gold","floor":2.0,"gold_loss":0.0,"damage_taken":11.0},{"damage_healed":0.0,"max_hp_gain":0.0,"max_hp_loss":0.0,"gold_gain":0.0,"cards_transformed":["Defend_P"],"event_name":"Living Wall","player_choice":"Change","floor":3.0,"gold_loss":0.0,"damage_taken":0.0,"cards_obtained":["SandsOfTime"]},{"damage_healed":0.0,"max_hp_gain":0.0,"max_hp_loss":0.0,"gold_gain":0.0,"event_name":"Liars Game","player_choice":"Ignored","floor":4.0,"gold_loss":0.0,"damage_taken":0.0},{"damage_healed":0,"gold_gain":0,"player_choice":"Forge","damage_taken":0,"max_hp_gain":0,"max_hp_loss":0,"event_name":"Accursed Blacksmith","floor":10,"gold_loss":0,"cards_upgraded":["Vault"]},{"damage_healed":0,"gold_gain":0,"player_choice":"Obtained Book","damage_taken":16,"max_hp_gain":0,"max_hp_loss":0,"event_name":"Cursed Tome","floor":21,"gold_loss":0},{"damage_healed":0,"gold_gain":0,"player_choice":"Got Potions","damage_taken":0,"max_hp_gain":0,"max_hp_loss":0,"event_name":"Lab","floor":25,"gold_loss":0},{"damage_healed":0,"gold_gain":0,"player_choice":"Ignored","damage_taken":0,"max_hp_gain":0,"max_hp_loss":0,"event_name":"Beggar","floor":28,"gold_loss":0},{"damage_healed":0,"gold_gain":0,"player_choice":"Ignored","damage_taken":0,"max_hp_gain":0,"max_hp_loss":0,"event_name":"SecretPortal","floor":39,"gold_loss":0},{"damage_healed":0,"gold_gain":0,"player_choice":"Memory 1","damage_taken":0,"max_hp_gain":0,"max_hp_loss":0,"event_name":"SensoryStone","floor":46,"gold_loss":0}],"is_beta":false,"boss_relics":[{"not_picked":["SlaversCollar","VioletLotus"],"picked":"Pandora\u0027s Box"},{"not_picked":["Black Star","Velvet Choker"],"picked":"Runic Pyramid"}],"items_purged_floors":[],"is_endless":false,"potions_floor_spawned":[5,6,11,14,18,27,38,45],"killed_by":"Awakened One","ascension_level":6}}