{"host":"qrfkyfrpo74atslb","time":1614163651,"event":{"mods":["Astrologer","Bartender","BaseMod","Beaked The Cultist","Better Note","Better Third Choice","CapriCore","Colored Map","Colored Powertips","Conspire","DeckTracker","Downfall","GungeonMod","Hermit","Hero for Fun","Hubris","Koishi","LagranYue(???·?)","Mad Scientist","Marisa????????","Minty Spire (QoL Compilation)","Prisma Mod","Reimu??????","Remilia??????","StSLib","The Administrix","The Alterego","The Bladedancer","The Cursed","The Gatherer","The Immortal","The Mystic","The Necromancer","The Runesmith","The Servant 0.9.4","The Wild Card","TheSwordswoman","WarShipGirlsR/????R mod","Yakumo Yukari mod","Yuyuko"],"gold_per_floor":[115,0,20,20,20,20,40,65,92,92,112,125,143,153,153,153,153],"floor_reached":16,"language":"ENG","playtime":600,"items_purged":[],"score":104,"play_id":"02d030e9-fff6-4c96-88d7-58e47c60200c","local_time":"20210224234731","is_ascension_mode":false,"campfire_choices":[{"data":"Runesmith:DoubleUp","floor":6,"key":"SMITH"},{"floor":10,"key":"REST"},{"floor":15,"key":"REST"}],"circlet_count":0,"master_deck":["Runesmith:DoubleUp+1","astrologer:Strike","astrologer:Strike","astrologer:Strike","astrologer:Strike","astrologer:Defend","astrologer:Defend","astrologer:Defend","astrologer:NorthStar","astrologer:TheFool","astrologer:FrozenStar","astrologer:TheEmperor","astrologer:Eclipse","astrologer:Prismatic","astrologer:MeteorShower","astrologer:LonelyStar","astrologer:SpaceDust","astrologer:MeteorShower","astrologer:Quincunx"],"relics":["astrologer:SkyMirror","LagranYue:RandomDrawCardRelic","NeowsBlessing","DemoMod:GnawedKey","Centennial Puzzle","Mastiff:ReiMu"],"acts_visited":["Exordium"],"potions_floor_usage":[8,14,16,16,16],"damage_taken":[{"damage":0,"enemies":"Small Slimes","floor":1,"turns":1},{"damage":0,"enemies":"Cultist","floor":3,"turns":1},{"damage":0,"enemies":"Jaw Worm","floor":7,"turns":1},{"damage":44,"enemies":"Gremlin Nob","floor":8,"turns":5},{"damage":5,"enemies":"Blue Slaver","floor":11,"turns":4},{"damage":12,"enemies":"Red Slaver","floor":12,"turns":4},{"damage":0,"enemies":"3 Louse","floor":13,"turns":3},{"damage":2,"enemies":"Exordium Wildlife","floor":14,"turns":3},{"damage":56,"enemies":"Slime Boss","floor":16,"turns":11}],"seed_played":"-7046925045397297365","potions_obtained":[{"floor":3,"key":"champ:CounterPotion"},{"floor":7,"key":"Dexterity Potion"},{"floor":11,"key":"AttackPotion"},{"floor":12,"key":"SpeedPotion"},{"floor":14,"key":"Explosive Potion"}],"is_trial":false,"path_per_floor":["M","$","M","$","?","R","M","E","T","R","M","M","M","M","R","B"],"character_chosen":"ASTROLOGER","items_purchased":["DemoMod:GnawedKey"],"campfire_rested":2,"item_purchase_floors":[2],"current_hp_per_floor":[70,70,70,70,70,70,70,26,26,47,42,30,30,28,49,0,0],"gold":153,"neow_bonus":"THREE_ENEMY_KILL","is_daily":false,"chose_seed":false,"campfire_upgraded":1,"win_rate":0.0,"timestamp":1614163651,"path_taken":["M","$","M","$","?","R","?","E","T","R","M","M","M","M","R","BOSS"],"items_purchased_type":["Relic"],"build_version":"2020-12-22","purchased_purges":0,"victory":false,"max_hp_per_floor":[70,70,70,70,70,70,70,70,70,70,70,70,70,70,70,70,70],"card_choices":[{"not_picked":["astrologer:Still","astrologer:ReadTheStars"],"picked":"astrologer:FrozenStar","floor":1},{"not_picked":["astrologer:StarOfCourage","astrologer:TheHighPriestess"],"picked":"astrologer:TheEmperor","floor":3},{"not_picked":["astrologer:Eclipse","astrologer:Still"],"picked":"astrologer:Prismatic","floor":7},{"not_picked":["astrologer:Opposition","astrologer:Eclipse"],"picked":"astrologer:MeteorShower","floor":8},{"not_picked":["astrologer:Judgement","astrologer:Radiance"],"picked":"astrologer:LonelyStar","floor":11},{"not_picked":["astrologer:Radiance","astrologer:FadingStar"],"picked":"astrologer:SpaceDust","floor":12},{"not_picked":["astrologer:Moonlight","astrologer:CrystalBall"],"picked":"astrologer:MeteorShower","floor":13},{"not_picked":["astrologer:FrozenStar","astrologer:TheEmperor"],"picked":"astrologer:Quincunx","floor":14}],"player_experience":134577,"relics_obtained":[{"floor":8,"key":"Centennial Puzzle"},{"floor":9,"key":"Mastiff:ReiMu"}],"event_choices":[{"damage_healed":0,"gold_gain":0,"cards_transformed":["astrologer:Defend"],"player_choice":"Transformed","damage_taken":0,"max_hp_gain":0,"max_hp_loss":0,"event_name":"Transmorgrifier","floor":5,"gold_loss":0,"cards_obtained":["astrologer:Eclipse"]}],"is_beta":false,"boss_relics":[],"items_purged_floors":[],"is_endless":false,"potions_floor_spawned":[3,7,11,12,14],"killed_by":"Slime Boss","ascension_level":0}}