{"host":"we8ay8el3o9pwc2d","time":1614134847,"event":{"mods":["Act Like it!","Aspiration","BaseMod","BetterRewards","Colored Map","Conspire","Downfall","Elementarium","GungeonMod","Minty Spire (QoL Compilation)","Reliquary","Robot Space Explorer","Ruina","Spire Arcade","StSLib","The Marked","Waifu the Spire"],"gold_per_floor":[99,110,42,27,38,56,56,72,82,82,82,92,106,138,156,254,254,54,64,64,64,64,78,78,78,78,78],"floor_reached":25,"language":"ENG","playtime":1794,"items_purged":[],"score":205,"play_id":"07bb1af5-2b50-46ca-80c7-5f60ab156167","local_time":"20210223194727","is_ascension_mode":false,"campfire_choices":[{"floor":1,"key":"RECALL"},{"floor":11,"key":"REST"},{"data":"bronze:Assembly","floor":18,"key":"SMITH"}],"circlet_count":0,"master_deck":["bronze:Strike","bronze:Strike","bronze:Strike","bronze:Defend","bronze:Defend","bronze:Defend","bronze:Replicate","bronze:Goto","bronze:WhirlingStrike","bronze:DigitalCarnage","bronze:OilSpill","bronze:Optimize+1","bronze:Repair","bronze:CleanCode","bronze:HardenedForm+1","bronze:DelayedGuard","bronze:Iterate","bronze:GetLatest+1","bronze:Assembly+1","bronze:Safeguard+1"],"relics":["bronze:BronzeCore","DemoMod:Orange","aspiration:HatOfInfinitePower","reliquary:ThirdArm","downfall:HeartBlessingRed","downfall:HeartBlessingGreen","reliquary:GummyVitamins"],"acts_visited":["Exordium","ruina:Briah"],"potions_floor_usage":[3,6,25,25],"damage_taken":[{"damage":0,"enemies":"Cultist","floor":2,"turns":4},{"damage":0,"enemies":"downfall:FleeingMerchant","floor":3,"turns":4},{"damage":13,"enemies":"downfall:FleeingMerchant","floor":4,"turns":4},{"damage":0,"enemies":"conspire:RoseBush","floor":5,"turns":3},{"damage":0,"enemies":"Jaw Worm","floor":6,"turns":2},{"damage":12,"enemies":"Large Slime","floor":8,"turns":6},{"damage":26,"enemies":"Gremlin Gang","floor":9,"turns":3},{"damage":12,"enemies":"conspire:2 RoseBushes","floor":12,"turns":5},{"damage":10,"enemies":"downfall:LooterAlt","floor":13,"turns":3},{"damage":10,"enemies":"Gremlin Nob","floor":14,"turns":4},{"damage":0,"enemies":"2 Fungi Beasts","floor":15,"turns":3},{"damage":10,"enemies":"IC_STATUS_ARCHETYPE","floor":16,"turns":5},{"damage":7,"enemies":"ruina:Nosferatu","floor":19,"turns":4},{"damage":0,"enemies":"ruina:2_Scarecrows","floor":23,"turns":2},{"damage":47,"enemies":"ruina:Mountain","floor":25,"turns":6}],"seed_played":"4931334393238958464","potions_obtained":[{"floor":2,"key":"Block Potion"},{"floor":5,"key":"SpeedPotion"},{"floor":9,"key":"bronze:FreeFunctionsPotion"},{"floor":13,"key":"DemoMod:LeadSkinPotion"},{"floor":16,"key":"bronze:FreeFunctionsPotion"}],"is_trial":false,"path_per_floor":["R","M","$","$","M","M","T","M","M","?","R","M","M","E","M","B",null,"R","M","?","?","?","M","T","E"],"character_chosen":"THE_AUTOMATON","items_purchased":["bronze:OilSpill"],"campfire_rested":1,"item_purchase_floors":[3],"current_hp_per_floor":[75,75,75,62,62,62,62,60,34,34,56,54,51,51,58,48,75,75,68,35,28,36,36,36,0,0,0],"gold":78,"neow_bonus":"ONE_RARE_RELIC","is_daily":false,"chose_seed":false,"campfire_upgraded":1,"win_rate":0.0,"timestamp":1614134847,"path_taken":["R","M","?","$","M","?","T","M","M","?","R","M","M","E","M","BOSS","R","M","?","?","?","M","T","E"],"items_purchased_type":["Card"],"build_version":"2020-12-22","purchased_purges":0,"victory":false,"max_hp_per_floor":[75,75,75,75,75,75,75,75,75,75,75,75,75,75,75,75,75,75,75,75,75,75,75,75,75,75,75],"card_choices":[{"not_picked":["bronze:Invalidate","bronze:NullPointer"],"picked":"bronze:WhirlingStrike","floor":2},{"not_picked":["bronze:Shield","bronze:Branch"],"picked":"bronze:DigitalCarnage","floor":3},{"not_picked":["bronze:Iterate","bronze:ClassDefault"],"picked":"bronze:Optimize","floor":4},{"not_picked":["bronze:Overload","bronze:WildBeam","bronze:Repulsor"],"picked":"SKIP","floor":5},{"not_picked":["bronze:WildBeam","bronze:Shield"],"picked":"bronze:Repair","floor":6},{"not_picked":["bronze:WildBeam","bronze:BugBarrage"],"picked":"bronze:CleanCode","floor":8},{"not_picked":["bronze:Constructor","bronze:Invalidate","bronze:BugBarrage"],"picked":"SKIP","floor":9},{"not_picked":["bronze:HardenedForm","bronze:BitShift"],"picked":"bronze:DelayedGuard","floor":12},{"not_picked":["bronze:Constructor","bronze:DelayedGuard"],"picked":"bronze:Iterate","floor":13},{"not_picked":["bronze:FindAndReplace","bronze:Iterate","bronze:Deprecate"],"picked":"SKIP","floor":14},{"not_picked":["bronze:Constructor","bronze:DarkDash"],"picked":"bronze:GetLatest","floor":15},{"not_picked":["bronze:BurnOut","bronze:Break"],"picked":"bronze:Assembly","floor":16},{"not_picked":["bronze:Philosophize","bronze:Frontload+1","bronze:MaxOutput"],"picked":"SKIP","floor":19},{"not_picked":["bronze:Philosophize","bronze:CloningBeam","bronze:Overheat"],"picked":"SKIP","floor":23}],"player_experience":2165198,"relics_obtained":[{"floor":14,"key":"aspiration:HatOfInfinitePower"},{"floor":24,"key":"reliquary:GummyVitamins"}],"event_choices":[],"is_beta":false,"boss_relics":[{"not_picked":["DemoMod:RiddleOfLead","Runic Pyramid"],"picked":"reliquary:ThirdArm"}],"items_purged_floors":[],"is_endless":false,"potions_floor_spawned":[2,5,9,13,16],"killed_by":"ruina:Mountain","ascension_level":0}}