{"host":"kk6i5v7sjcm8i50x","time":1614154291,"event":{"mods":["AchievementEnabler","BaseMod","Bestiary","Colored Map","Duelist Mod","GifTheSpireLib","Minty Spire (QoL Compilation)","StSLib"],"gold_per_floor":[141,160,180,200,200,232,252,282,307,307,323,337,349,155,155,251,251,265,265,265,265,276,311,323,348,385,51,86,114,123,144,153,265,265,292,43,55,55,227,259,259,259],"floor_reached":41,"language":"ENG","playtime":3923,"items_purged":["theDuelist:CastleWalls"],"score":525,"play_id":"3d1f59ae-edb4-44b7-90fb-e6baae2b5b42","local_time":"20210224031130","is_ascension_mode":false,"campfire_choices":[{"floor":10,"key":"REST"},{"data":"theDuelist:CyberTwinDragon","floor":15,"key":"SMITH"},{"floor":24,"key":"REST"},{"floor":30,"key":"REST"},{"floor":32,"key":"REST"}],"circlet_count":0,"master_deck":["theDuelist:CaveDragon","theDuelist:ChimeratechOverdragon","theDuelist:LesserDragon","theDuelist:GravityLash","theDuelist:SilverDragon","theDuelist:CyberTwinDragon+1","theDuelist:BurstBreath","theDuelist:CaveDragon","theDuelist:BlossomBombardment","theDuelist:SilverWing","theDuelist:LesserDragon","theDuelist:SeismicShockwave","theDuelist:SmashingGround","theDuelist:SilverWing","theDuelist:DragonMirror","theDuelist:YamataDragon","theDuelist:TyrantWing","theDuelist:RainbowDragon","theDuelist:DragonZombie","theDuelist:CastleWalls","theDuelist:Sparks","theDuelist:GuardragonJusticia","theDuelist:Sparks","theDuelist:CaveDragon","theDuelist:RainbowDragon","theDuelist:CaveDragon","theDuelist:BabyDragon","theDuelist:BloomingDarkestRose+1","theDuelist:StardustDragon","theDuelist:WhiteRoseDragon","Apotheosis","theDuelist:StarlightRoad","theDuelist:OverpoweringEye"],"relics":["theDuelist:MillenniumPuzzle","theDuelist:CardPoolRelic","theDuelist:CardPoolBasicRelic","theDuelist:BoosterPackPoolRelic","theDuelist:CardPoolAddRelic","theDuelist:CardPoolMinusRelic","theDuelist:CardPoolSaveRelic","theDuelist:CardPoolOptionsRelic","Bronze Scales","Ginger","Dream Catcher","Lee\u0027s Waffle","Black Star","MawBank","Tiny Chest","CeramicFish","Regal Pillow","White Beast Statue","Incense Burner","Fusion Hammer","Thread and Needle","theDuelist:MillenniumCoin","Strawberry","Centennial Puzzle"],"acts_visited":["Exordium","TheCity","TheBeyond"],"potions_floor_usage":[23,28,28,29,33,33,37,40,40],"damage_taken":[{"damage":0,"enemies":"Small Slimes","floor":1,"turns":1},{"damage":0,"enemies":"Cultist","floor":2,"turns":1},{"damage":0,"enemies":"2 Louse","floor":3,"turns":1},{"damage":6,"enemies":"Red Slaver","floor":4,"turns":3},{"damage":4,"enemies":"Lagavulin","floor":6,"turns":4},{"damage":18,"enemies":"Lots of Slimes","floor":7,"turns":2},{"damage":23,"enemies":"3 Sentries","floor":8,"turns":5},{"damage":3,"enemies":"Blue Slaver","floor":11,"turns":3},{"damage":20,"enemies":"Gremlin Gang","floor":12,"turns":3},{"damage":1,"enemies":"2 Fungi Beasts","floor":13,"turns":3},{"damage":22,"enemies":"The Guardian","floor":16,"turns":8},{"damage":21,"enemies":"Spheric Guardian","floor":18,"turns":4},{"damage":30,"enemies":"2 Thieves","floor":22,"turns":4},{"damage":31,"enemies":"Gremlin Leader","floor":23,"turns":7},{"damage":0,"enemies":"Chosen and Byrds","floor":25,"turns":4},{"damage":11,"enemies":"Book of Stabbing","floor":28,"turns":6},{"damage":16,"enemies":"Shelled Parasite and Fungi","floor":29,"turns":6},{"damage":6,"enemies":"Cultist and Chosen","floor":31,"turns":8},{"damage":20,"enemies":"Champ","floor":33,"turns":14},{"damage":4,"enemies":"Orb Walker","floor":35,"turns":4},{"damage":25,"enemies":"3 Darklings","floor":37,"turns":8},{"damage":56,"enemies":"Reptomancer","floor":40,"turns":6},{"damage":20,"enemies":"Spire Growth","floor":41,"turns":4}],"seed_played":"-4936755034450708694","potions_obtained":[{"floor":3,"key":"theDuelist:SolderPotionB"},{"floor":7,"key":"theDuelist:SolderPotionB"},{"floor":11,"key":"SmokeBomb"},{"floor":12,"key":"theDuelist:DragonOrbPlusBottle"},{"floor":29,"key":"theDuelist:BurningPotion"},{"floor":31,"key":"theDuelist:DragonSoulPotion"},{"floor":33,"key":"theDuelist:IcePotion"},{"floor":35,"key":"FearPotion"},{"floor":37,"key":"theDuelist:LavaBottle"},{"floor":40,"key":"theDuelist:BottledKuriboh"}],"is_trial":false,"path_per_floor":["M","M","M","M","?","E","M","E","T","R","M","M","M","$","R","B",null,"M","?","?","?","M","E","R","M","T","$","E","M","R","M","R","B",null,"M","$","M","T","T","E","M"],"character_chosen":"THE_DUELIST","items_purchased":["Lee\u0027s Waffle","theDuelist:FlamingBottle","theDuelist:TyrantWing","Regal Pillow","theDuelist:StunPotion","Apotheosis","theDuelist:StarlightRoad","theDuelist:OverpoweringEye"],"campfire_rested":4,"item_purchase_floors":[14,14,27,27,27,36,36,36],"current_hp_per_floor":[80,80,80,74,74,70,52,29,29,53,50,30,29,87,87,65,87,66,66,66,66,36,5,31,31,31,31,20,4,45,39,80,60,87,83,83,62,62,62,13,0,0],"gold":259,"neow_bonus":"THREE_ENEMY_KILL","is_daily":false,"chose_seed":false,"campfire_upgraded":1,"win_rate":0.0,"timestamp":1614154290,"path_taken":["M","M","M","M","?","E","M","E","T","R","M","?","M","?","R","BOSS","M","?","?","?","M","E","R","M","T","$","E","?","R","?","R","BOSS","M","$","M","?","?","E","M"],"items_purchased_type":["Relic","Potion","Card","Relic","Potion","Card","Card","Card"],"build_version":"2020-12-22","purchased_purges":1,"victory":false,"max_hp_per_floor":[80,80,80,80,80,80,80,80,80,80,80,80,80,87,87,87,87,87,87,87,87,87,87,87,87,87,87,87,87,87,87,87,87,87,87,87,87,87,87,94,94,94],"card_choices":[{"not_picked":["theDuelist:Beatraptor","theDuelist:ArtifactIgnition","theDuelist:BlackPtera","theDuelist:LeviaDragon"],"picked":"theDuelist:DragonZombie","floor":1},{"not_picked":["theDuelist:CastleDragonSouls","theDuelist:ThreateningRoar","theDuelist:DefensiveTactics","theDuelist:SurvivalFittest"],"picked":"theDuelist:BlossomBombardment","floor":2},{"not_picked":["theDuelist:BusterBladerDDS","theDuelist:ChimeratechOverdragon"],"picked":"theDuelist:BurstBreath","floor":3},{"not_picked":["theDuelist:StoneDragon","theDuelist:FossilDragon","theDuelist:BlockGolem","theDuelist:RainbowOverdragon"],"picked":"theDuelist:RainbowDragon","floor":4},{"not_picked":["theDuelist:SpiralSpearStrike","theDuelist:StampingDestruction","theDuelist:Dracocension","theDuelist:FluteSummoning"],"picked":"theDuelist:SilverWing","floor":6},{"not_picked":["theDuelist:MaskedDragon","theDuelist:Pyrorex","theDuelist:MegafleetDragon","theDuelist:ArmedDragon5"],"picked":"theDuelist:CaveDragon","floor":7},{"not_picked":["theDuelist:BlueDuston","theDuelist:FiveHeaded","theDuelist:OceanDragonLord","theDuelist:ArmedDragon7"],"picked":"theDuelist:ChimeratechOverdragon","floor":8},{"not_picked":["theDuelist:CyberDinosaur","theDuelist:WhiteRoseDragon"],"picked":"theDuelist:GuardragonJusticia","floor":10},{"not_picked":["theDuelist:LordD","theDuelist:ExodiaRA","theDuelist:ExodiaLL","theDuelist:ExodiaLA"],"picked":"theDuelist:RainbowDragon","floor":11},{"not_picked":["theDuelist:DarkHorus","theDuelist:MangaRyuRan","theDuelist:AquaDolphin","theDuelist:BlueEyesUltimate"],"picked":"theDuelist:CaveDragon","floor":12},{"not_picked":["theDuelist:BlackBrachios","theDuelist:BlackPtera","theDuelist:TrihornedDragon","theDuelist:Kabazauls"],"picked":"theDuelist:CyberTwinDragon","floor":13},{"not_picked":["theDuelist:BerserkScales","theDuelist:BusterBladerDDS","theDuelist:ChimeratechOverdragon","theDuelist:QueenDragunDjinn"],"picked":"theDuelist:SeismicShockwave","floor":16},{"not_picked":["theDuelist:MadFlameKaiju+1","theDuelist:SeismicShockwave","theDuelist:FossilDragon"],"picked":"SKIP","floor":18},{"not_picked":["theDuelist:BarrelDragon","theDuelist:MadSwordBeast","theDuelist:TrihornedDragon","theDuelist:BlackTyranno","theDuelist:MadFlameKaiju"],"picked":"SKIP","floor":22},{"not_picked":["theDuelist:BlossomBombardment","theDuelist:CastleWalls","theDuelist:SeismicShockwave+1","theDuelist:Sparks"],"picked":"theDuelist:SilverWing","floor":23},{"not_picked":["theDuelist:Berserking","theDuelist:TotemDragon+1","theDuelist:WhiteHowling"],"picked":"theDuelist:BloomingDarkestRose+1","floor":25},{"not_picked":["theDuelist:YamataDragon+1","theDuelist:DragonPiper","theDuelist:HazyFlameHydra","theDuelist:Beatraptor","theDuelist:ExodiaRA"],"picked":"SKIP","floor":28},{"not_picked":["theDuelist:BattleguardKing","theDuelist:Hinotama","theDuelist:LightningDarts","theDuelist:RainbowOverdragon"],"picked":"theDuelist:SmashingGround","floor":29},{"not_picked":["theDuelist:CyberDinosaur","theDuelist:BabyDragon"],"picked":"theDuelist:GravityLash","floor":30},{"not_picked":["theDuelist:SpiralSpearStrike","theDuelist:CyberEmergency+1","theDuelist:SilverWing","theDuelist:ToonWorld+1"],"picked":"theDuelist:DragonMirror","floor":31},{"not_picked":["theDuelist:CyberDragonDrei","theDuelist:RainbowDragon+1"],"picked":"theDuelist:SilverDragon","floor":32},{"not_picked":["theDuelist:GravityLash","theDuelist:BlasterDragonInfernos","theDuelist:ChimeratechOverdragon","theDuelist:CyberDragonInfinity+1"],"picked":"theDuelist:StardustDragon","floor":33},{"not_picked":["theDuelist:BlackStego+1","theDuelist:ToonBarrelDragon+1","theDuelist:AquaDolphin+1","theDuelist:Frostosaurus"],"picked":"theDuelist:WhiteRoseDragon","floor":35},{"not_picked":["theDuelist:CaveDragon+1","theDuelist:ExploderDragonwing+1","theDuelist:FangCritias","theDuelist:MoltenDestruction+1","theDuelist:BlueDuston"],"picked":"SKIP","floor":37},{"not_picked":["theDuelist:Hinotama","theDuelist:Wiseman","theDuelist:PurplePainOni+1","theDuelist:MagicalStone","theDuelist:FeatherPho+1"],"picked":"SKIP","floor":40}],"player_experience":267529,"relics_obtained":[{"floor":6,"key":"Bronze Scales"},{"floor":8,"key":"Ginger"},{"floor":9,"key":"Dream Catcher"},{"floor":23,"key":"MawBank"},{"floor":23,"key":"Tiny Chest"},{"floor":26,"key":"CeramicFish"},{"floor":28,"key":"White Beast Statue"},{"floor":28,"key":"Incense Burner"},{"floor":38,"key":"Thread and Needle"},{"floor":39,"key":"theDuelist:MillenniumCoin"},{"floor":40,"key":"Strawberry"},{"floor":40,"key":"Centennial Puzzle"}],"event_choices":[{"damage_healed":0,"gold_gain":0,"player_choice":"Scored: 1484","duelist":true,"damage_taken":0,"max_hp_gain":0,"max_hp_loss":0,"event_name":"Visit from Anubis","floor":5,"gold_loss":0},{"damage_healed":0,"gold_gain":0,"player_choice":"Ignored","damage_taken":0,"max_hp_gain":0,"max_hp_loss":0,"event_name":"Ghosts","floor":19,"gold_loss":0},{"damage_healed":0,"gold_gain":0,"player_choice":"Leave","duelist":true,"damage_taken":0,"max_hp_gain":0,"max_hp_loss":0,"event_name":"Egyptian Village","floor":20,"gold_loss":0},{"damage_healed":0,"gold_gain":0,"player_choice":"Bought 0 Potions","damage_taken":0,"max_hp_gain":0,"max_hp_loss":0,"event_name":"The Woman in Blue","floor":21,"gold_loss":0}],"is_beta":false,"boss_relics":[{"not_picked":["Velvet Choker","SlaversCollar"],"picked":"Black Star"},{"not_picked":["SacredBark","Empty Cage"],"picked":"Fusion Hammer"}],"items_purged_floors":[27],"is_endless":false,"potions_floor_spawned":[3,7,11,12,18,25,29,31,33,35,37,40],"killed_by":"Spire Growth","ascension_level":0}}