{"host":"j92e2vo1957uyn9a","time":1614136273,"event":{"mods":["Act Like it!","BaseMod","Gensokyo","Hallownest","Minty Spire (QoL Compilation)","Quick Restart","Replay The Spire","StSLib","The Bug Knight"],"gold_per_floor":[111,125,125,140,155,185,196,223,295,295,295,66,66,66],"floor_reached":13,"language":"ZHS","playtime":758,"items_purged":["HollowMod:NailStrikeStart"],"score":95,"play_id":"0eaf9d15-ac53-4dd9-bd5e-2790ff13213e","local_time":"20210224111113","is_ascension_mode":false,"campfire_choices":[],"circlet_count":0,"master_deck":["HollowMod:NailStrikeStart","HollowMod:NailStrikeStart","HollowMod:NailStrikeStart","HollowMod:QuickDashStart","HollowMod:QuickDashStart","HollowMod:QuickDashStart","HollowMod:QuickDashStart","HollowMod:FocusHealStart","HollowMod:PogoStrike","HollowMod:MothsMistake","HollowMod:SoulShaman","HollowMod:SoulSplash","HollowMod:HornetsHelp","HollowMod:MothsMistake","HollowMod:NewGlowingWomb","HollowMod:InfectionAssault","HollowMod:InfectedAttack"],"relics":["HollowMod:VesselMask","Replay:Towering Pillar of Hats","HollowMod:LumaflyLanternRelic","Gambling Chip","Happy Flower"],"acts_visited":["Exordium"],"potions_floor_usage":[6,13],"damage_taken":[{"damage":0,"enemies":"Gensokyo:3_Fairies","floor":1,"turns":4},{"damage":5,"enemies":"Gensokyo:Gryphon","floor":2,"turns":5},{"damage":0,"enemies":"Gensokyo:2_Kodama","floor":4,"turns":5},{"damage":6,"enemies":"Gensokyo:VengefulSpirit","floor":5,"turns":5},{"damage":44,"enemies":"Gensokyo:Aya","floor":6,"turns":6},{"damage":0,"enemies":"Gensokyo:LivingMonolith","floor":7,"turns":3},{"damage":18,"enemies":"Gensokyo:Cirno","floor":8,"turns":6},{"damage":19,"enemies":"Gensokyo:Aya","floor":13,"turns":3}],"seed_played":"-8857571323896395205","potions_obtained":[{"floor":1,"key":"ColorlessPotion"},{"floor":8,"key":"Elixir"}],"is_trial":false,"path_per_floor":["M","M","?","M","M","E","M","E","T","?","?","$","E"],"character_chosen":"THE_BUGKNIGHT","items_purchased":["HollowMod:NewGlowingWomb","HollowMod:InfectionAssault","HollowMod:InfectedAttack"],"campfire_rested":0,"item_purchase_floors":[12,12,12],"current_hp_per_floor":[82,82,66,72,72,34,34,16,16,16,16,16,0,0],"gold":66,"neow_bonus":"TEN_PERCENT_HP_BONUS","is_daily":false,"chose_seed":false,"campfire_upgraded":0,"win_rate":0.0,"timestamp":1614136273,"path_taken":["M","?","?","?","M","E","M","E","T","?","?","$","E"],"items_purchased_type":["Card","Card","Card"],"build_version":"2020-12-22","purchased_purges":1,"victory":false,"max_hp_per_floor":[82,82,82,82,82,82,82,82,82,82,82,82,82,82],"card_choices":[{"not_picked":["HollowMod:AbyssShriek","HollowMod:SoulSplash"],"picked":"HollowMod:MothsMistake","floor":1},{"not_picked":["HollowMod:DescendingDark","HollowMod:AbyssShriek"],"picked":"HollowMod:SoulShaman","floor":2},{"not_picked":["HollowMod:SiblingsSouls","HollowMod:ChannelNail"],"picked":"HollowMod:SoulSplash","floor":4},{"not_picked":["HollowMod:GoodIntentions","HollowMod:CornifersMapStart"],"picked":"HollowMod:PureNailStrike","floor":5},{"not_picked":["HollowMod:LifebloodCocoon","HollowMod:SharpenedNail"],"picked":"HollowMod:HornetsHelp","floor":6},{"not_picked":["HollowMod:TaintedHusks","HollowMod:GreatSlash"],"picked":"HollowMod:MothsMistake","floor":7},{"not_picked":["HollowMod:AbyssShriek","HollowMod:CycloneSlash","HollowMod:DreamGate"],"picked":"SKIP","floor":8}],"player_experience":0,"relics_obtained":[{"floor":6,"key":"HollowMod:LumaflyLanternRelic"},{"floor":8,"key":"Gambling Chip"}],"event_choices":[],"is_beta":false,"boss_relics":[],"items_purged_floors":[12],"is_endless":false,"potions_floor_spawned":[1,8],"killed_by":"Gensokyo:Aya","ascension_level":0}}