{"host":"p9fmk1zxjhqthrxg","time":1614195446,"event":{"mods":["BaseMod","Bestiary","Colored Map","Colored Powertips","Highlight Path","Minty Spire (QoL Compilation)","Random Character Button","Rare Cards Sparkle","StSLib"],"gold_per_floor":[113,288,238,238,258,258,287,287,287,304,320,320,60,71,71,171,171,185,185,185,199,199,199,21,39,39,56,74,0,0,0,0,0,0],"floor_reached":33,"language":"ENG","playtime":1205,"items_purged":[],"score":270,"play_id":"ffd8f009-3e4d-431d-a149-05d883f15832","local_time":"20210224133726","is_ascension_mode":false,"campfire_choices":[{"data":"Doom and Gloom","floor":6,"key":"SMITH"},{"data":"Streamline","floor":8,"key":"SMITH"},{"data":"Self Repair","floor":15,"key":"SMITH"},{"data":"BootSequence","floor":23,"key":"SMITH"},{"floor":30,"key":"REST"},{"floor":32,"key":"REST"}],"circlet_count":0,"master_deck":["Defend_B","Defend_B","Defend_B","Defend_B","Zap","Dualcast","Doom and Gloom+1","Sweeping Beam","Redo","Streamline+1","BootSequence+1","Conserve Battery","Parasite","Self Repair+1","Cold Snap","Tempest","Rainbow","CurseOfTheBell","Leap","Bite","Bite","Bite","Bite","Bite","BootSequence","Decay","Electrodynamics","Mind Blast","Compile Driver","Creative AI","Static Discharge+1"],"relics":["Cracked Core","Blue Candle","Pen Nib","Strange Spoon","Calling Bell","Bronze Scales","Darkstone Periapt","Incense Burner","Ancient Tea Set"],"acts_visited":["Exordium","TheCity"],"potions_floor_usage":[16,27,33,33,33],"damage_taken":[{"damage":21,"enemies":"Jaw Worm","floor":1,"turns":4},{"damage":0,"enemies":"2 Louse","floor":5,"turns":2},{"damage":30,"enemies":"Gremlin Nob","floor":7,"turns":4},{"damage":0,"enemies":"Small Slimes","floor":10,"turns":2},{"damage":0,"enemies":"3 Louse","floor":11,"turns":1},{"damage":1,"enemies":"Large Slime","floor":14,"turns":4},{"damage":35,"enemies":"The Guardian","floor":16,"turns":8},{"damage":29,"enemies":"2 Thieves","floor":18,"turns":4},{"damage":3,"enemies":"Chosen","floor":21,"turns":4},{"damage":17,"enemies":"Snake Plant","floor":25,"turns":3},{"damage":16,"enemies":"Cultist and Chosen","floor":27,"turns":4},{"damage":36,"enemies":"Centurion and Healer","floor":28,"turns":7},{"damage":91,"enemies":"Automaton","floor":33,"turns":6}],"seed_played":"3977795455729200412","potions_obtained":[{"floor":1,"key":"LiquidMemories"},{"floor":5,"key":"SpeedPotion"},{"floor":11,"key":"Regen Potion"},{"floor":14,"key":"DistilledChaos"},{"floor":25,"key":"Weak Potion"},{"floor":27,"key":"Swift Potion"},{"floor":28,"key":"AttackPotion"}],"is_trial":false,"path_per_floor":["M","?","?","?","M","R","E","R","T","M","M","?","$","M","R","B",null,"M","?","?","M","?","R","$","M","T","M","M","?","R","$","R","B"],"character_chosen":"DEFECT","items_purchased":["Self Repair","Strange Spoon","Cold Snap","Electrodynamics","Mind Blast"],"campfire_rested":2,"item_purchase_floors":[13,13,13,24,24],"current_hp_per_floor":[68,68,68,68,68,68,38,38,38,38,38,60,60,66,66,41,89,70,62,62,62,68,68,68,51,51,44,26,26,46,46,66,0,0],"gold":0,"neow_bonus":"TWENTY_PERCENT_HP_BONUS","is_daily":false,"chose_seed":false,"campfire_upgraded":4,"win_rate":0.0,"timestamp":1614195446,"path_taken":["M","?","?","?","M","R","E","R","T","M","M","?","$","M","R","BOSS","M","?","?","M","?","R","$","M","T","M","?","?","R","?","R","BOSS"],"items_purchased_type":["Card","Relic","Card","Card","Card"],"build_version":"2020-12-22","purchased_purges":0,"victory":false,"max_hp_per_floor":[89,89,89,89,89,89,89,89,89,89,89,89,89,89,89,89,89,89,62,62,62,68,68,68,68,68,68,68,68,68,68,68,68,68],"card_choices":[{"not_picked":["Beam Cell","Barrage"],"picked":"Doom and Gloom","floor":1},{"not_picked":["Compile Driver","Leap"],"picked":"Redo","floor":5},{"not_picked":["Heatsinks","Static Discharge"],"picked":"Streamline","floor":7},{"not_picked":["Rebound","Sweeping Beam"],"picked":"BootSequence","floor":10},{"not_picked":["Coolheaded","Turbo"],"picked":"Conserve Battery","floor":11},{"not_picked":["Double Energy","Coolheaded"],"picked":"Tempest","floor":14},{"not_picked":["Amplify","Electrodynamics"],"picked":"Rainbow","floor":16},{"not_picked":["Steam","Capacitor"],"picked":"Leap","floor":18},{"not_picked":["Coolheaded+1","Loop+1"],"picked":"BootSequence","floor":21},{"not_picked":["Leap+1","Force Field+1"],"picked":"Compile Driver","floor":25},{"not_picked":["Cold Snap+1","Rebound"],"picked":"Creative AI","floor":27},{"not_picked":["Stack","Turbo"],"picked":"Static Discharge+1","floor":28}],"player_experience":146751,"relics_obtained":[{"floor":7,"key":"Blue Candle"},{"floor":9,"key":"Pen Nib"},{"floor":17,"key":"Bronze Scales"},{"floor":17,"key":"Darkstone Periapt"},{"floor":17,"key":"Incense Burner"},{"floor":26,"key":"Ancient Tea Set"}],"event_choices":[{"damage_healed":0,"gold_gain":175,"player_choice":"AGREE","damage_taken":0,"max_hp_gain":0,"max_hp_loss":0,"event_name":"Liars Game","floor":2,"gold_loss":0,"cards_obtained":["Doubt"]},{"cards_removed":["Pain"],"damage_healed":0,"gold_gain":0,"player_choice":"Card Removal","damage_taken":0,"max_hp_gain":0,"max_hp_loss":0,"event_name":"The Cleric","floor":3,"gold_loss":50},{"damage_healed":0,"gold_gain":0,"cards_transformed":["Strike_B"],"player_choice":"Change","damage_taken":0,"max_hp_gain":0,"max_hp_loss":0,"event_name":"Living Wall","floor":4,"gold_loss":0,"cards_obtained":["Sweeping Beam"]},{"damage_healed":22,"gold_gain":0,"player_choice":"Healed and dodged fight","damage_taken":0,"max_hp_gain":0,"max_hp_loss":0,"event_name":"Mushrooms","floor":12,"gold_loss":0,"cards_obtained":["Parasite"]},{"damage_healed":0,"gold_gain":0,"player_choice":"Became a vampire","damage_taken":0,"max_hp_gain":0,"max_hp_loss":27,"event_name":"Vampires","floor":19,"gold_loss":0,"cards_obtained":["Bite","Bite","Bite","Bite","Bite"]},{"cards_removed":["Doubt"],"damage_healed":0,"gold_gain":0,"player_choice":"Elegance","damage_taken":0,"max_hp_gain":0,"max_hp_loss":0,"event_name":"Back to Basics","floor":20,"gold_loss":0},{"damage_healed":0,"gold_gain":0,"player_choice":"Cursed","damage_taken":0,"max_hp_gain":0,"max_hp_loss":0,"event_name":"Wheel of Change","floor":22,"gold_loss":0,"cards_obtained":["Decay"]},{"damage_healed":0,"gold_gain":0,"player_choice":"Paid Fearfully","damage_taken":0,"max_hp_gain":0,"max_hp_loss":0,"event_name":"Masked Bandits","floor":29,"gold_loss":74}],"is_beta":false,"boss_relics":[{"not_picked":["Black Star","Tiny House"],"picked":"Calling Bell"}],"items_purged_floors":[],"is_endless":false,"potions_floor_spawned":[1,5,11,14,25,27,28],"killed_by":"Automaton","ascension_level":0}}