{"host":"Joker2kill","time":1614181980,"event":{"mods":["BaseMod","Bestiary","Curses Come First","Minty Spire (QoL Compilation)","StSLib"],"gold_per_floor":[110,123,135,11,29,61,79,79,79,93,126,138,138,170,170,266,266,285,300,313,313,313,340,340,369,369,11,25,37,61,61,61,160,160,170,190,201,201,221,221,271,271,271,21,21,40,60,78,78,78],"floor_reached":51,"language":"ENG","playtime":6619,"items_purged":[],"score":821,"play_id":"49baafd9-5a49-43cf-b50b-3966294e5f48","local_time":"20210224105300","is_ascension_mode":true,"campfire_choices":[{"data":"Echo Form","floor":13.0,"key":"SMITH"},{"floor":15.0,"key":"DIG"},{"floor":24.0,"key":"REST"},{"floor":32.0,"key":"REST"},{"floor":40.0,"key":"DIG"},{"floor":42,"key":"DIG"},{"floor":45,"key":"DIG"},{"floor":49,"key":"REST"}],"circlet_count":0,"master_deck":["Strike_B","Strike_B","Defend_B","Defend_B","Zap","Dualcast","Echo Form+1","Self Repair","Go for the Eyes","Turbo","Glacier","FTL","Biased Cognition","Streamline","Turbo","Steam","Reboot","Sweeping Beam","Amplify","Capacitor+1","Ball Lightning+1","Self Repair","Heatsinks","BootSequence+1","Seek+1","White Noise+1","Storm","Chill+1","Stack+1","Creative AI","Conserve Battery+1","Hologram+1","Barrage+1","Parasite","Glacier+1","Undo+1"],"relics":["Cracked Core","Bag of Preparation","Kunai","Shovel","Blue Candle","Oddly Smooth Stone","Velvet Choker","Gremlin Horn","Toxic Egg 2","The Courier","Lee\u0027s Waffle","Vajra","SacredBark","Centennial Puzzle","Unceasing Top","Symbiotic Virus","Question Card","Lizard Tail","Thread and Needle"],"acts_visited":["Exordium","TheCity","TheBeyond"],"potions_floor_usage":[46,47],"damage_taken":[{"damage":9.0,"enemies":"2 Louse","floor":1.0,"turns":2.0},{"damage":16.0,"enemies":"Cultist","floor":2.0,"turns":4.0},{"damage":12.0,"enemies":"Small Slimes","floor":3.0,"turns":3.0},{"damage":2.0,"enemies":"Blue Slaver","floor":5.0,"turns":4.0},{"damage":6.0,"enemies":"Lagavulin","floor":6.0,"turns":10.0},{"damage":15.0,"enemies":"2 Fungi Beasts","floor":7.0,"turns":3.0},{"damage":20.0,"enemies":"Lots of Slimes","floor":10.0,"turns":3.0},{"damage":16.0,"enemies":"3 Sentries","floor":11.0,"turns":7.0},{"damage":0.0,"enemies":"Blue Slaver","floor":12.0,"turns":3.0},{"damage":5.0,"enemies":"Lagavulin","floor":14.0,"turns":8.0},{"damage":13.0,"enemies":"Slime Boss","floor":16.0,"turns":6.0},{"damage":29.0,"enemies":"Spheric Guardian","floor":18.0,"turns":5.0},{"damage":9.0,"enemies":"Shell Parasite","floor":19.0,"turns":6.0},{"damage":38.0,"enemies":"Cultist and Chosen","floor":20.0,"turns":7.0},{"damage":40.0,"enemies":"Slavers","floor":23.0,"turns":5.0},{"damage":19.0,"enemies":"Book of Stabbing","floor":25.0,"turns":6.0},{"damage":25.0,"enemies":"Centurion and Healer","floor":28.0,"turns":5.0},{"damage":8.0,"enemies":"Shelled Parasite and Fungi","floor":29.0,"turns":3.0},{"damage":19.0,"enemies":"Champ","floor":33.0,"turns":9.0},{"damage":12.0,"enemies":"Orb Walker","floor":35.0,"turns":4.0},{"damage":21.0,"enemies":"3 Darklings","floor":36.0,"turns":5.0},{"damage":52.0,"enemies":"Spire Growth","floor":37.0,"turns":6.0},{"damage":47.0,"enemies":"Writhing Mass","floor":39.0,"turns":7.0},{"damage":1,"enemies":"Mind Bloom Boss Battle","floor":41,"turns":7},{"damage":59,"enemies":"Jaw Worm Horde","floor":46,"turns":6},{"damage":19,"enemies":"3 Darklings","floor":47,"turns":5},{"damage":3,"enemies":"4 Shapes","floor":48,"turns":5},{"damage":46,"enemies":"Time Eater","floor":50,"turns":7}],"seed_played":"6108971531207925041","potions_obtained":[{"floor":1.0,"key":"SkillPotion"},{"floor":6.0,"key":"Regen Potion"},{"floor":12.0,"key":"Weak Potion"},{"floor":19.0,"key":"Ancient Potion"},{"floor":23.0,"key":"LiquidMemories"},{"floor":28.0,"key":"Explosive Potion"},{"floor":33.0,"key":"AttackPotion"},{"floor":36.0,"key":"SpeedPotion"},{"floor":39.0,"key":"Explosive Potion"},{"floor":41,"key":"DistilledChaos"},{"floor":48,"key":"SmokeBomb"}],"is_trial":false,"path_per_floor":["M","M","M","$","M","E","M","?","T","M","E","M","R","E","R","B",null,"M","M","M","?","?","E","R","E","T","$","M","M","T","?","R","B",null,"M","M","M","?","M","R","?","R","T","$","R","M","M","M","R","B",null],"character_chosen":"DEFECT","items_purchased":["Glacier","BlessingOfTheForge","Lee\u0027s Waffle","Seek+1","White Noise+1","Storm","Lizard Tail"],"campfire_rested":3,"item_purchase_floors":[4,4,27,27,27,27,44],"current_hp_per_floor":[66,64,59,59,64,72,71,71,71,65,75,75,75,75,75,69,75,60,65,41,41,41,1,23,25,25,82,57,49,49,37,61,56,82,77,77,39,39,49,49,76,76,76,76,76,31,19,30,54,22],"gold":78,"neow_bonus":"ONE_RANDOM_RARE_CARD","is_daily":false,"chose_seed":false,"campfire_upgraded":1,"win_rate":0.0,"timestamp":1614181980,"path_taken":["M","M","M","$","M","E","M","?","T","?","E","M","R","E","R","BOSS","M","?","M","?","?","E","R","E","T","$","M","M","?","?","R","BOSS","M","M","?","?","M","R","?","R","T","$","R","M","M","M","R","BOSS"],"items_purchased_type":["Card","Potion","Relic","Card","Card","Card","Relic"],"build_version":"2020-12-18","purchased_purges":0,"victory":true,"max_hp_per_floor":[75,75,75,75,75,75,75,75,75,75,75,75,75,75,75,75,75,75,75,75,75,75,75,75,75,75,82,82,82,82,82,82,82,82,82,82,82,82,82,82,82,82,82,82,82,82,82,82,82,82],"card_choices":[{"not_picked":["Rebound","Turbo"],"picked":"Self Repair","floor":1.0},{"not_picked":["Hello World","Stack"],"picked":"Go for the Eyes","floor":2.0},{"not_picked":["Skim","Conserve Battery"],"picked":"Turbo","floor":3.0},{"not_picked":["Blizzard","Hello World"],"picked":"FTL","floor":5.0},{"not_picked":["Chaos","Scrape"],"picked":"Biased Cognition","floor":6.0},{"not_picked":["Melter","Turbo"],"picked":"Streamline","floor":7.0},{"not_picked":["Double Energy","Reinforced Body"],"picked":"Turbo","floor":10.0},{"not_picked":["Turbo","Fusion"],"picked":"Steam","floor":11.0},{"not_picked":["Turbo","Streamline"],"picked":"Reboot","floor":12.0},{"not_picked":["Stack","Turbo"],"picked":"Sweeping Beam","floor":14.0},{"not_picked":["Biased Cognition","Multi-Cast"],"picked":"Amplify","floor":16.0},{"not_picked":["Ball Lightning","Turbo+1","Chaos"],"picked":"SKIP","floor":18.0},{"not_picked":["Beam Cell+1","White Noise"],"picked":"Capacitor+1","floor":19.0},{"not_picked":["Defragment","Cold Snap"],"picked":"Ball Lightning+1","floor":20.0},{"not_picked":["All For One","Cold Snap"],"picked":"BootSequence+1","floor":23.0},{"not_picked":["Gash","Rebound","Go for the Eyes"],"picked":"SKIP","floor":25.0},{"not_picked":["Compile Driver","Beam Cell"],"picked":"Chill+1","floor":28.0},{"not_picked":["Scrape","Heatsinks"],"picked":"Stack+1","floor":29.0},{"not_picked":["Echo Form","Rainbow+1"],"picked":"Creative AI","floor":33.0},{"not_picked":["Beam Cell+1","Go for the Eyes+1"],"picked":"Conserve Battery+1","floor":35.0},{"not_picked":["Turbo+1","Go for the Eyes"],"picked":"Hologram+1","floor":36.0},{"not_picked":["Steam+1","Turbo+1"],"picked":"Barrage+1","floor":37.0},{"not_picked":["BootSequence+1","Streamline+1","Hello World"],"picked":"SKIP","floor":39.0},{"not_picked":["Rip and Tear","Cold Snap"],"picked":"Glacier+1","floor":41},{"not_picked":["Coolheaded+1","Compile Driver+1","Leap+1"],"picked":"Undo+1","floor":46},{"not_picked":["Compile Driver+1","Coolheaded+1","Reprogram+1","Blizzard"],"picked":"SKIP","floor":47},{"not_picked":["Scrape","Streamline","Conserve Battery+1","Leap+1"],"picked":"SKIP","floor":48}],"player_experience":365601,"relics_obtained":[{"floor":6.0,"key":"Bag of Preparation"},{"floor":9.0,"key":"Kunai"},{"floor":11.0,"key":"Shovel"},{"floor":14.0,"key":"Blue Candle"},{"floor":15.0,"key":"Oddly Smooth Stone"},{"floor":23.0,"key":"Gremlin Horn"},{"floor":25.0,"key":"Toxic Egg 2"},{"floor":26.0,"key":"The Courier"},{"floor":30.0,"key":"Vajra"},{"floor":40.0,"key":"Centennial Puzzle"},{"floor":41,"key":"Unceasing Top"},{"floor":42,"key":"Symbiotic Virus"},{"floor":43,"key":"Question Card"},{"floor":45,"key":"Thread and Needle"}],"event_choices":[{"cards_removed":["Defend_B"],"damage_healed":0.0,"max_hp_gain":0.0,"max_hp_loss":0.0,"gold_gain":0.0,"event_name":"Bonfire Elementals","player_choice":"Offered Basic","floor":8.0,"gold_loss":0.0,"damage_taken":0.0},{"damage_healed":0.0,"max_hp_gain":0.0,"max_hp_loss":0.0,"gold_gain":0.0,"cards_transformed":["Strike_B","Strike_B"],"event_name":"Drug Dealer","player_choice":"Became Test Subject","floor":21.0,"gold_loss":0.0,"damage_taken":0.0,"cards_obtained":["Self Repair","Heatsinks"]},{"cards_removed":["Defend_B"],"damage_healed":0.0,"max_hp_gain":0.0,"max_hp_loss":0.0,"gold_gain":0.0,"event_name":"Back to Basics","player_choice":"Elegance","floor":22.0,"gold_loss":0.0,"damage_taken":0.0},{"damage_healed":0.0,"max_hp_gain":0.0,"max_hp_loss":0.0,"gold_gain":0.0,"event_name":"Knowing Skull","player_choice":"POTION ","floor":31.0,"potions_obtained":["FairyPotion"],"gold_loss":0.0,"damage_taken":12.0,"cards_obtained":[]},{"damage_healed":0.0,"max_hp_gain":0.0,"max_hp_loss":0.0,"gold_gain":0.0,"event_name":"SensoryStone","player_choice":"Memory 1","floor":38.0,"gold_loss":0.0,"damage_taken":0.0},{"damage_healed":0,"gold_gain":0,"player_choice":"Fight","damage_taken":0,"max_hp_gain":0,"max_hp_loss":0,"event_name":"MindBloom","floor":41,"gold_loss":0}],"is_beta":true,"boss_relics":[{"not_picked":["Inserter","Runic Dome"],"picked":"Velvet Choker"},{"not_picked":["Nuclear Battery","Busted Crown"],"picked":"SacredBark"}],"items_purged_floors":[],"is_endless":false,"potions_floor_spawned":[1,6,12,19,23,28,33,36,39,41,48],"ascension_level":4}}