{"host":"sr8h12zimc8zi8zs","time":1614160211,"event":{"mods":["100% Spire Juice","2.2 Compatiblity","AchievementEnabler","BaseMod","CapriCore","Colored Map","GifTheSpireLib","Minty Spire (QoL Compilation)","Permanent Neow","StSLib"],"gold_per_floor":[115,40,40,40,60,60,60],"floor_reached":6,"language":"KOR","playtime":391,"items_purged":["Normality"],"score":34,"play_id":"76edc6e4-ba0b-4e14-947b-4b99f9814668","local_time":"20210224185011","is_ascension_mode":false,"campfire_choices":[],"circlet_count":0,"master_deck":["Moonworks:Strike","Moonworks:Strike","Moonworks:Strike","Moonworks:Strike","Moonworks:Defend","Moonworks:Defend","Moonworks:Defend","Moonworks:Defend","Moonworks:Ambush","Moonworks:LongDistanceShot","Moonworks:AccelHyper+1","Moonworks:Bloodlust"],"relics":["Moonworks:BrokenBomb","Moonworks:Homemark"],"acts_visited":["Exordium"],"potions_floor_usage":[],"damage_taken":[{"damage":1,"enemies":"Cultist","floor":1,"turns":4},{"damage":5,"enemies":"Jaw Worm","floor":5,"turns":3},{"damage":35,"enemies":"Gremlin Nob","floor":6,"turns":4}],"seed_played":"6486992617389451842","potions_obtained":[],"is_trial":false,"path_per_floor":["M","$","?","?","M","E"],"character_chosen":"THE_STARBREAKER","items_purchased":[],"campfire_rested":0,"item_purchase_floors":[],"current_hp_per_floor":[59,59,59,64,65,36,36],"gold":60,"neow_bonus":"THREE_RARE_CARDS","is_daily":false,"chose_seed":false,"campfire_upgraded":0,"win_rate":0.0,"timestamp":1614160211,"path_taken":["M","$","?","?","M","E"],"items_purchased_type":[],"build_version":"2020-12-22","purchased_purges":1,"victory":false,"max_hp_per_floor":[60,60,60,65,65,65,65],"card_choices":[{"not_picked":["Moonworks:ShieldCounter","Moonworks:LeapThroughSpace"],"picked":"Moonworks:AccelHyper","floor":0},{"not_picked":["Moonworks:Assault","Moonworks:Flamethrower"],"picked":"Moonworks:Bloodlust","floor":1},{"not_picked":["Moonworks:CloudOfSeagulls","Moonworks:ImOnFire","Moonworks:Assault"],"picked":"SKIP","floor":5}],"player_experience":170341,"relics_obtained":[],"event_choices":[{"damage_healed":0,"gold_gain":0,"player_choice":"Grow","damage_taken":0,"max_hp_gain":0,"max_hp_loss":0,"event_name":"Living Wall","floor":3,"gold_loss":0,"cards_upgraded":["Moonworks:AccelHyper"]},{"damage_healed":0,"gold_gain":0,"player_choice":"Donut","damage_taken":0,"max_hp_gain":5,"max_hp_loss":0,"event_name":"Big Fish","floor":4,"gold_loss":0}],"is_beta":false,"boss_relics":[],"items_purged_floors":[2],"is_endless":false,"potions_floor_spawned":[],"killed_by":"Gremlin Nob","ascension_level":0}}