{"host":"aycnbidq9d24owrh","time":1614156169,"event":{"mods":["Bard","BaseMod","BetterRewards","Colored Map","Downfall","Infinite Spire","Minty Spire (QoL Compilation)","Replay The Spire","Shop Mod","Spire Arcade","StSLib","The Cursed","The Disciple","The Hierophant","The Jungle","The Runesmith","TheBandit"],"gold_per_floor":[111,111,131,48,48,48,58,89,112,131,162,177,34,53,53,152,152,170,182,198,209,209,234,249,269,294,393,393,393,410,424,424,520,520,530,540,553,35,51,51,77,77,77,26,45,56,56,66,66,66],"floor_reached":51,"language":"ENG","playtime":2618,"items_purged":["Voices"],"score":767,"play_id":"b61c2644-792e-4002-a8d6-b18680c3026b","local_time":"20210224004249","is_ascension_mode":false,"campfire_choices":[{"data":"ReplayTheSpireMod:LeadingStrike","floor":6,"key":"SMITH"},{"floor":15,"key":"REST"},{"floor":29,"key":"REST"},{"floor":32,"key":"DIG"},{"data":"1","floor":40,"key":"LIFT"},{"data":"2","floor":42,"key":"LIFT"},{"data":"3","floor":47,"key":"LIFT"}],"circlet_count":0,"master_deck":["Strike_R","Strike_R+1","Strike_R","Strike_R","Defend_R","Defend_R","Defend_R","Bash","ReplayTheSpireMod:LeadingStrike+1","Blood for Blood","Uppercut","Flex","Entrench+1","Thunderclap","Perfected Strike","Inflame","Flame Barrier","Run Through","Sword Boomerang","Cleave","Iron Wave","Infernal Blade","Replay:Fractal Strike","infinitespire:TheBestDefense","infinitespire:Starlight","ReplayTheSpireMod:Book of Names","infinitespire:Gouge","Armaments","Shrug It Off","Flex+1","Searing Blow+1","Pummel","Limit Break","Defy Death","Sentinel+1","ReplayTheSpireMod:Corrosion Curse+1","Apotheosis","Heavy Blade","Exhume","Body Slam+1","Brutality","Clothesline+1"],"relics":["Metronome","ReplayTheSpireMod:Ninjato","Bloody Idol","infinitespire:Magic Flask","Fusion Hammer","infinitespire:Chaos","Bottled Tornado","Blood Vial","Nloth\u0027s Gift","Girya","bronze:MakeshiftBattery","ReplayTheSpireMod:CursedCoin","Anchor","Garlic","Divine Protection","Chameleon Ring"],"acts_visited":["Exordium","TheCity","TheBeyond"],"potions_floor_usage":[8,8,16,18,19,20,23,35,36,37,45,48,50,50,50],"damage_taken":[{"damage":8,"enemies":"Small Slimes","floor":1,"turns":3},{"damage":2,"enemies":"2 Louse","floor":3,"turns":3},{"damage":6,"enemies":"Jaw Worm","floor":7,"turns":2},{"damage":16,"enemies":"Gremlin Nob","floor":8,"turns":3},{"damage":7,"enemies":"Blue Slaver","floor":10,"turns":2},{"damage":44,"enemies":"Lagavulin","floor":11,"turns":6},{"damage":13,"enemies":"3 Louse","floor":12,"turns":3},{"damage":18,"enemies":"Lots of Slimes","floor":14,"turns":4},{"damage":52,"enemies":"Hexaghost","floor":16,"turns":9},{"damage":19,"enemies":"2 Thieves","floor":18,"turns":4},{"damage":1,"enemies":"Spheric Guardian","floor":19,"turns":3},{"damage":13,"enemies":"Centurion and Healer","floor":20,"turns":6},{"damage":15,"enemies":"Snecko","floor":21,"turns":6},{"damage":28,"enemies":"Book of Stabbing","floor":23,"turns":5},{"damage":11,"enemies":"3 Cultists","floor":24,"turns":5},{"damage":9,"enemies":"Snake Plant","floor":25,"turns":4},{"damage":6,"enemies":"Shelled Parasite and Fungi","floor":30,"turns":3},{"damage":0,"enemies":"Snecko","floor":31,"turns":3},{"damage":24,"enemies":"Automaton","floor":33,"turns":7},{"damage":29,"enemies":"3 Darklings","floor":35,"turns":4},{"damage":4,"enemies":"3 Shapes","floor":36,"turns":4},{"damage":3,"enemies":"Jaw Worm Horde","floor":37,"turns":4},{"damage":23,"enemies":"4 Shapes","floor":39,"turns":4},{"damage":1,"enemies":"Giant Head","floor":41,"turns":5},{"damage":0,"enemies":"Transient","floor":45,"turns":5},{"damage":0,"enemies":"Spire Growth","floor":46,"turns":3},{"damage":0,"enemies":"Sphere and 2 Shapes","floor":48,"turns":3},{"damage":17,"enemies":"Awakened One","floor":50,"turns":6}],"seed_played":"-8518237845812268991","potions_obtained":[{"floor":1,"key":"Dexterity Potion"},{"floor":7,"key":"SkillPotion"},{"floor":14,"key":"LiquidBronze"},{"floor":16,"key":"AttackPotion"},{"floor":18,"key":"DistilledChaos"},{"floor":19,"key":"infinitespire:BlackPotion"},{"floor":21,"key":"Languid Potion"},{"floor":25,"key":"Strength Potion"},{"floor":33,"key":"Swift Potion"},{"floor":35,"key":"BlessingOfTheForge"},{"floor":39,"key":"Block Potion"},{"floor":41,"key":"Weak Potion"},{"floor":48,"key":"Fire Potion"},{"floor":49,"key":"infinitespire:BlackPotion"}],"is_trial":false,"path_per_floor":["M","?","M","$","?","R","M","E","T","M","E","M","$","M","R","B",null,"M","M","M","M","AVR","E","M","M","T","?","?","R","M","M","R_BF","B",null,"M","M","M","$","M","R","E","R","T","$","M","M","R","M","R","B",null],"character_chosen":"IRONCLAD","items_purchased":["Uppercut","Flex","PreservedInsect","ReplayTheSpireMod:CursedCoin","Apotheosis","Anchor","Garlic","Energy Potion"],"campfire_rested":2,"item_purchase_floors":[4,4,13,38,38,38,38,44],"current_hp_per_floor":[78,78,80,80,80,80,80,70,70,69,31,24,24,12,51,10,60,47,57,53,44,44,31,35,46,51,56,56,60,60,60,60,51,60,46,49,53,58,52,52,58,58,58,58,60,60,60,60,60,58],"gold":66,"neow_bonus":"RANDOM_EVENT","is_daily":false,"chose_seed":false,"campfire_upgraded":1,"win_rate":0.0,"timestamp":1614156169,"path_taken":["M","?","M","$","?","R","?","E","T","M","E","M","$","M","R","BOSS","M","M","M","M","AVR","E","M","M","T","?","?","R","M","M","R_BF","BOSS","M","?","M","$","M","R","E","R","T","?","?","M","R","M","R","BOSS"],"items_purchased_type":["Card","Card","Relic","Relic","Card","Relic","Relic","Potion"],"build_version":"2020-12-22","purchased_purges":1,"victory":true,"max_hp_per_floor":[80,80,80,80,80,80,80,80,80,80,80,80,80,80,80,80,60,60,60,60,60,60,60,60,60,60,60,60,60,60,60,60,60,60,60,60,60,60,60,60,60,60,60,60,60,60,60,60,60,60],"card_choices":[{"not_picked":["infinitespire:OneForAll","Carnage"],"picked":"ReplayTheSpireMod:LeadingStrike","floor":1},{"not_picked":["Heavy Blade","Battle Trance"],"picked":"Blood for Blood","floor":3},{"not_picked":["Perfected Strike","Defy Death"],"picked":"ReplayTheSpireMod:Corrosion Curse","floor":7},{"not_picked":["Wild Strike","Uppercut"],"picked":"Thunderclap","floor":8},{"not_picked":["Pommel Strike","Wild Strike"],"picked":"Perfected Strike","floor":10},{"not_picked":["Warcry","Battle Trance"],"picked":"Inflame","floor":11},{"not_picked":["Replay:Undeath\u0027s Touch","Anger"],"picked":"Flame Barrier","floor":12},{"not_picked":["Sword Boomerang","Clash"],"picked":"Run Through","floor":14},{"not_picked":["Replay:Many Hands","Corruption"],"picked":"Barricade","floor":16},{"not_picked":["Run Through","Shockwave"],"picked":"Sword Boomerang","floor":18},{"not_picked":["Searing Blow","Thunderclap"],"picked":"Cleave","floor":19},{"not_picked":["True Grit","Flame Barrier"],"picked":"Iron Wave","floor":20},{"not_picked":["Warcry+1","Body Slam"],"picked":"Infernal Blade","floor":21},{"not_picked":["Corruption","Immolate"],"picked":"Armaments","floor":23},{"not_picked":["Dark Embrace","Warcry+1"],"picked":"Shrug It Off","floor":24},{"not_picked":["Warcry","Shrug It Off"],"picked":"Flex+1","floor":25},{"not_picked":["Sword Boomerang","Thunderclap"],"picked":"Searing Blow+1","floor":30},{"not_picked":["Flame Barrier","Run Through"],"picked":"Pummel","floor":31},{"not_picked":["Barricade","Offering"],"picked":"Limit Break","floor":33},{"not_picked":["Body Slam+1","Warcry+1"],"picked":"Defy Death","floor":35},{"not_picked":["Clothesline","Exhume"],"picked":"Sentinel+1","floor":36},{"not_picked":["Disarm","Whirlwind"],"picked":"ReplayTheSpireMod:Corrosion Curse+1","floor":37},{"not_picked":["Thunderclap+1","True Grit+1"],"picked":"Heavy Blade","floor":39},{"not_picked":["Shrug It Off","Rupture+1"],"picked":"Exhume","floor":41},{"not_picked":["Headbutt","Replay:Undeath\u0027s Touch"],"picked":"Body Slam+1","floor":45},{"not_picked":["Heavy Blade+1","Armaments+1"],"picked":"Brutality","floor":46},{"not_picked":["Defy Death","ReplayTheSpireMod:Muscle Training"],"picked":"Clothesline+1","floor":48}],"player_experience":13179,"relics_obtained":[{"floor":8,"key":"infinitespire:Beetle Shell"},{"floor":9,"key":"Regal Pillow"},{"floor":11,"key":"Toy Ornithopter"},{"floor":23,"key":"Bottled Tornado"},{"floor":26,"key":"Blood Vial"},{"floor":32,"key":"Girya"},{"floor":41,"key":"Divine Protection"},{"floor":43,"key":"Chameleon Ring"}],"event_choices":[{"damage_healed":0,"gold_gain":0,"player_choice":"Grow","damage_taken":0,"max_hp_gain":0,"max_hp_loss":0,"event_name":"Living Wall","floor":0,"gold_loss":0,"cards_upgraded":["Strike_R"]},{"damage_healed":0,"gold_gain":99,"player_choice":"Stole From Cult","damage_taken":0,"max_hp_gain":0,"max_hp_loss":0,"event_name":"Nest","floor":27,"gold_loss":0},{"damage_healed":0,"gold_gain":0,"player_choice":"Traded Relic","damage_taken":0,"relics_obtained":["Nloth\u0027s Gift"],"max_hp_gain":0,"max_hp_loss":0,"event_name":"N\u0027loth","floor":28,"relics_lost":["Vajra"],"gold_loss":0}],"is_beta":false,"boss_relics":[{"not_picked":["Electric Blood","Replay:Bronze Core"],"picked":"Replay:Drink Me"},{"not_picked":["ChewingGum","Replay:Grab Bag"],"picked":"bronze:MakeshiftBattery"}],"items_purged_floors":[38],"is_endless":false,"potions_floor_spawned":[1,7,14,16,18,19,21,25,33,35,39,41,48],"ascension_level":0}}