{"host":"7oiwk103j2prpym5","time":1614129631,"event":{"mods":["BaseMod","BetterRewards","Colored Map","Colored Powertips","GifTheSpireLib","Infinite Spire","Minty Spire (QoL Compilation)","Permanent Neow","Relic Filter Mod","Reliquary","Remove Card Discount Mod","Replay The Spire","StSLib","Stuff the Spire","Weighted Paths"],"gold_per_floor":[99,99,99,99,99,99,99,99,99,69,69,69,61,61,61,61,61,0,0,0,0,0,0,0],"floor_reached":23,"language":"ENG","playtime":901,"items_purged":["Strike_R","Defend_R","Strike_R","Defend_R","ReplayTheSpireMod:Doomed","ReplayTheSpireMod:Doomed","Decay","StuffTheSpire:CuriosityCurse"],"score":291,"play_id":"8de32ceb-474d-4de1-a74b-bcdbbc95632a","local_time":"20210223192031","is_ascension_mode":false,"campfire_choices":[{"floor":6,"key":"RECALL"},{"data":"Flame Barrier","floor":8,"key":"SMITH"},{"floor":15,"key":"REST"}],"circlet_count":0,"master_deck":["Strike_R","Strike_R","Strike_R","Defend_R+1","Defend_R","Bash","Thunderclap","Armaments+1","Cleave","Twin Strike","Whirlwind","Flame Barrier+1","Shrug It Off+1","infinitespire:NeuralNetwork","Intimidate","StuffTheSpire:Incineration","StuffTheSpire:RagingBull","Heavy Blade","Demon Form","Thunderclap+1","infinitespire:Pacifist"],"relics":["Burning Blood","Bronze Scales","Orrery","Ectoplasm","reliquary:GummyVitamins","ReplayTheSpireMod:Lightbulb","Busted Crown","War Paint"],"acts_visited":["Exordium","TheCity"],"potions_floor_usage":[23,23,23],"damage_taken":[{"damage":2,"enemies":"2 Louse","floor":1,"turns":1},{"damage":1,"enemies":"infinitespire:Voidling","floor":2,"turns":2},{"damage":6,"enemies":"Jaw Worm","floor":5,"turns":3},{"damage":0,"enemies":"Looter","floor":10,"turns":3},{"damage":42,"enemies":"Gremlin Nob","floor":11,"turns":5},{"damage":0,"enemies":"Red Slaver","floor":14,"turns":4},{"damage":32,"enemies":"The Guardian","floor":16,"turns":10},{"damage":11,"enemies":"2 Thieves","floor":18,"turns":4},{"damage":0,"enemies":"Shell Parasite","floor":19,"turns":3},{"damage":1,"enemies":"Snecko","floor":20,"turns":4},{"damage":85,"enemies":"Nightmare","floor":23,"turns":8}],"seed_played":"1543569662364753503","potions_obtained":[{"floor":1,"key":"Weak Potion"},{"floor":5,"key":"Dexterity Potion"},{"floor":10,"key":"BlessingOfTheForge"},{"floor":19,"key":"DuplicationPotion"}],"is_trial":false,"path_per_floor":["M","M","?","?","M","R","?","R","T","M","E","?","$","M","R","B",null,"M","M","M","?","?","NM"],"character_chosen":"IRONCLAD","items_purchased":["Bronze Scales","Orrery"],"campfire_rested":1,"item_purchase_floors":[0,0],"current_hp_per_floor":[71,76,76,76,76,76,76,76,76,80,44,44,44,50,74,48,80,75,80,80,80,80,0,0],"gold":0,"neow_bonus":"","is_daily":false,"chose_seed":false,"campfire_upgraded":1,"win_rate":0.0,"timestamp":1614129631,"path_taken":["M","M","?","?","?","R","?","R","T","M","E","?","$","?","R","BOSS","M","M","M","?","?","NM"],"items_purchased_type":["Relic","Relic"],"build_version":"2020-12-22","purchased_purges":8,"victory":false,"max_hp_per_floor":[80,80,80,80,80,80,80,80,80,80,80,80,80,80,80,80,80,80,80,80,80,80,80,80],"card_choices":[{"not_picked":["Defy Death","Pommel Strike"],"picked":"Thunderclap","floor":0},{"not_picked":["Ghostly Armor","Iron Wave"],"picked":"Armaments","floor":0},{"not_picked":["Twin Strike","StuffTheSpire:BloodClot"],"picked":"Cleave","floor":0},{"not_picked":["Combust","Heavy Blade"],"picked":"Twin Strike","floor":0},{"not_picked":["Eclipse","StuffTheSpire:Slingshot"],"picked":"Whirlwind","floor":0},{"not_picked":["True Grit","StuffTheSpire:Incineration"],"picked":"Flame Barrier","floor":1},{"not_picked":["Sword Boomerang","Thunderclap"],"picked":"Shrug It Off","floor":2},{"not_picked":["infinitespire:Fortify","infinitespire:FinalStrike"],"picked":"infinitespire:NeuralNetwork","floor":3},{"not_picked":["Warcry","Wild Strike"],"picked":"Intimidate","floor":5},{"not_picked":["Demonic Infusion","Replay:Undeath\u0027s Touch"],"picked":"StuffTheSpire:Incineration","floor":10},{"not_picked":["Blood for Blood","Body Slam"],"picked":"StuffTheSpire:RagingBull","floor":11},{"not_picked":["Body Slam","Blood for Blood"],"picked":"Heavy Blade","floor":14},{"not_picked":["Limit Break","Bludgeon"],"picked":"Demon Form","floor":16},{"not_picked":["Shrug It Off"],"picked":"SKIP","floor":18},{"not_picked":["Massacre"],"picked":"SKIP","floor":19},{"not_picked":[],"picked":"Thunderclap+1","floor":20}],"player_experience":905062,"relics_obtained":[{"floor":11,"key":"ReplayTheSpireMod:Lightbulb"}],"event_choices":[{"damage_healed":0,"gold_gain":0,"player_choice":"Cursed","damage_taken":0,"max_hp_gain":0,"max_hp_loss":0,"event_name":"Wheel of Change","floor":4,"gold_loss":0,"cards_obtained":["Decay"]},{"damage_healed":0,"gold_gain":0,"player_choice":"Upgraded","damage_taken":0,"max_hp_gain":0,"max_hp_loss":0,"event_name":"Upgrade Shrine","floor":12,"gold_loss":0,"cards_upgraded":["Armaments"]},{"damage_healed":0,"gold_gain":0,"player_choice":"Ignored","damage_taken":0,"max_hp_gain":0,"max_hp_loss":0,"event_name":"Ghosts","floor":21,"gold_loss":0}],"is_beta":false,"boss_relics":[{"not_picked":["reliquary:KinkedSpring","reliquary:WritOfMandamus"],"picked":"Busted Crown"}],"items_purged_floors":[0,0,0,0,13,13,13,13],"is_endless":false,"potions_floor_spawned":[1,5,10,11,19,20],"killed_by":"Nightmare","ascension_level":0}}