{"host":"z37g2hkgkh2zjyzk","time":1614125131,"event":{"mods":["2.2 Compatiblity","AchievementEnabler","BaseMod","Bestiary","Colored Map","Colored Powertips","Curses Come First","Highlight Path","Keyboard Shortcuts","Minty Spire (QoL Compilation)","Relic Stats","StSLib","SuperFastMode"],"gold_per_floor":[115,115,127,54,54,87,87,116,171,182,202,202,202,227,227,331,331,349,365,16,35,45,45,61,61,61],"floor_reached":25,"language":"ENG","playtime":1431,"items_purged":[],"score":335,"play_id":"b6ac2918-cf44-4f64-bcdc-2b4efd78b3e2","local_time":"20210224010531","is_ascension_mode":true,"campfire_choices":[{"data":"Dualcast","floor":7,"key":"SMITH"},{"data":"Double Energy","floor":13,"key":"SMITH"},{"data":"Biased Cognition","floor":15,"key":"SMITH"},{"data":"Panacea","floor":23,"key":"SMITH"}],"circlet_count":0,"master_deck":["Strike_B","Strike_B","Defend_B","Defend_B","Defend_B","Defend_B","Zap+1","Dualcast+1","Coolheaded+1","Beam Cell+1","Self Repair","Rebound","Double Energy+1","Steam","Turbo","Biased Cognition+1","Gash","Redo","Panacea+1","Turbo+1"],"relics":["Cracked Core","NeowsBlessing","War Paint","Emotion Chip","Pen Nib","HornCleat","Runic Pyramid","Ornamental Fan"],"acts_visited":["Exordium","TheCity"],"potions_floor_usage":[16,16,22,24,25],"damage_taken":[{"damage":0,"enemies":"2 Louse","floor":1,"turns":1},{"damage":0,"enemies":"Cultist","floor":3,"turns":1},{"damage":0,"enemies":"3 Sentries","floor":6,"turns":1},{"damage":16,"enemies":"Lagavulin","floor":8,"turns":6},{"damage":0,"enemies":"Small Slimes","floor":10,"turns":3},{"damage":4,"enemies":"2 Fungi Beasts","floor":11,"turns":3},{"damage":15,"enemies":"3 Sentries","floor":14,"turns":9},{"damage":22,"enemies":"Hexaghost","floor":16,"turns":6},{"damage":4,"enemies":"Spheric Guardian","floor":18,"turns":4},{"damage":0,"enemies":"Chosen","floor":19,"turns":5},{"damage":10,"enemies":"Centurion and Healer","floor":21,"turns":8},{"damage":33,"enemies":"Cultist and Chosen","floor":22,"turns":9},{"damage":39,"enemies":"Chosen and Byrds","floor":24,"turns":7},{"damage":18,"enemies":"Gremlin Leader","floor":25,"turns":4}],"seed_played":"-7477565584487747280","potions_obtained":[{"floor":3,"key":"ColorlessPotion"},{"floor":14,"key":"PowerPotion"},{"floor":16,"key":"FocusPotion"},{"floor":18,"key":"EssenceOfSteel"},{"floor":21,"key":"Dexterity Potion"},{"floor":24,"key":"GamblersBrew"}],"is_trial":false,"path_per_floor":["M","?","M","$","?","E","R","E","T","M","M","?","R","E","R","B",null,"M","M","$","M","M","R","M","E"],"character_chosen":"DEFECT","items_purchased":["Self Repair","Panacea","Ornamental Fan"],"campfire_rested":0,"item_purchase_floors":[4,20,20],"current_hp_per_floor":[68,68,68,68,68,75,75,66,66,73,75,68,68,60,60,45,68,71,75,75,72,46,46,14,0,0],"gold":61,"neow_bonus":"THREE_ENEMY_KILL","is_daily":false,"chose_seed":false,"campfire_upgraded":4,"win_rate":0.0,"timestamp":1614125131,"path_taken":["M","?","M","?","?","E","R","E","T","M","M","?","R","E","R","BOSS","M","M","$","M","M","R","M","E"],"items_purchased_type":["Card","Card","Relic"],"build_version":"2020-12-22","purchased_purges":0,"victory":false,"max_hp_per_floor":[75,75,75,75,75,75,75,75,75,75,75,75,75,75,75,75,75,75,75,75,75,75,75,75,75,75],"relic_stats":{"Emotion Chip":[35,20,14,1,0],"counters":[14,67],"Ornamental Fan":[12],"Pen Nib":[7],"War Paint":["Coolheaded","Zap"],"obtain_stats":[{"Emotion Chip":8,"HornCleat":14,"NeowsBlessing":0,"Ornamental Fan":20,"Pen Nib":9,"War Paint":6,"Cracked Core":0,"Runic Pyramid":17},{"Emotion Chip":4,"HornCleat":7,"NeowsBlessing":0,"Ornamental Fan":10,"Pen Nib":4,"War Paint":3,"Cracked Core":0,"Runic Pyramid":8},{"Emotion Chip":9,"HornCleat":24,"NeowsBlessing":0,"Ornamental Fan":39,"Pen Nib":9,"War Paint":3,"Cracked Core":0,"Runic Pyramid":30}]},"card_choices":[{"not_picked":["Melter","Conserve Battery"],"picked":"Coolheaded","floor":1},{"not_picked":["Coolheaded","Consume"],"picked":"Beam Cell","floor":3},{"not_picked":["Streamline","Cold Snap"],"picked":"Rebound","floor":6},{"not_picked":["Sunder","Rebound"],"picked":"Double Energy","floor":8},{"not_picked":["Rebound","Stack"],"picked":"Steam","floor":10},{"not_picked":["Machine Learning","Chaos"],"picked":"Turbo","floor":11},{"not_picked":["Leap","Static Discharge"],"picked":"Biased Cognition","floor":14},{"not_picked":["Sweeping Beam","Go for the Eyes"],"picked":"Gash","floor":18},{"not_picked":["Sweeping Beam","Amplify"],"picked":"Redo","floor":19},{"not_picked":["Consume","Compile Driver","White Noise"],"picked":"SKIP","floor":21},{"not_picked":["Barrage","Leap"],"picked":"Turbo+1","floor":22},{"not_picked":["Barrage","Consume","Stack"],"picked":"SKIP","floor":24}],"player_experience":239018,"relics_obtained":[{"floor":6,"key":"War Paint"},{"floor":8,"key":"Emotion Chip"},{"floor":9,"key":"Pen Nib"},{"floor":14,"key":"HornCleat"}],"event_choices":[{"cards_removed":["Strike_B"],"damage_healed":0,"gold_gain":0,"player_choice":"Offered Basic","damage_taken":0,"max_hp_gain":0,"max_hp_loss":0,"event_name":"Bonfire Elementals","floor":2,"gold_loss":0},{"damage_healed":0,"gold_gain":0,"player_choice":"Grow","damage_taken":0,"max_hp_gain":0,"max_hp_loss":0,"event_name":"Living Wall","floor":5,"gold_loss":0,"cards_upgraded":["Beam Cell"]},{"cards_removed":["Strike_B"],"damage_healed":0,"gold_gain":0,"player_choice":"Card Removal","damage_taken":7,"max_hp_gain":0,"max_hp_loss":0,"event_name":"Golden Wing","floor":12,"gold_loss":0}],"is_beta":false,"boss_relics":[{"not_picked":["SacredBark","Snecko Eye"],"picked":"Runic Pyramid"}],"items_purged_floors":[],"is_endless":false,"potions_floor_spawned":[3,14,16,18,21,24],"killed_by":"Gremlin Leader","ascension_level":7}}