{"host":"ppqll9nf92xyjrj9","time":1614148666,"event":{"mods":["Act Like it!","Arknights","BaseMod","Bestiary","Better Third Choice","Bossed Relics","Curses Come First","Ekko","Evolution","Hermit","Jorbs\u0027s Wanderer Trilogy","Keyboard Shortcuts","Marked Mod","Minty Spire (QoL Compilation)","Relic Stats","Shapeshifter Mod","Spicy Shops","StS++","StSLib","The Marked","The Runesmith","Weighted Paths","【遗物卡牌】REMEMod"],"gold_per_floor":[114,127,147,163,176,176,205,205,229,259,276,293,293,293,293],"floor_reached":14,"language":"ENG","playtime":2858,"items_purged":[],"score":109,"play_id":"36f0dc75-c546-440c-aa02-35b810f5b94d","local_time":"20210223223746","is_ascension_mode":true,"campfire_choices":[{"data":"StSpp:Patience","floor":6,"key":"SMITH"},{"data":"Zap","floor":8,"key":"SMITH"}],"circlet_count":0,"master_deck":["Sweeping Beam","Barrage+1","Compile Driver","Strike_B+1","Defend_B+1","Defend_B","Defend_B","Defend_B","Zap+1","Dualcast","Bandage Up","StSpp:Patience+1","Coolheaded","Coolheaded+1","Undo","StSpp:Mask","Barrage","Self Repair","Fusion","Gash","Turbo"],"relics":["Cracked Core","EVO:Axolotl","REME_ComplimentaryCards","Ancient Tea Set","Whetstone","Orichalcum"],"acts_visited":["Exordium"],"potions_floor_usage":[10,14],"damage_taken":[{"damage":0,"enemies":"Small Slimes","floor":1,"turns":2},{"damage":6,"enemies":"2 Louse","floor":2,"turns":3},{"damage":7,"enemies":"ats:Genji","floor":3,"turns":4},{"damage":28,"enemies":"Exordium Thugs","floor":4,"turns":7},{"damage":2,"enemies":"Looter","floor":5,"turns":4},{"damage":30,"enemies":"Gremlin Nob","floor":7,"turns":5},{"damage":5,"enemies":"3 Sentries","floor":10,"turns":5},{"damage":1,"enemies":"Red Slaver","floor":11,"turns":3},{"damage":18,"enemies":"Exordium Wildlife","floor":12,"turns":5},{"damage":34,"enemies":"Gremlin Nob","floor":14,"turns":4}],"seed_played":"-4203460691256334198","potions_obtained":[{"floor":3,"key":"DuplicationPotion"},{"floor":4,"key":"FocusPotion"},{"floor":10,"key":"Energy Potion"},{"floor":11,"key":"SteroidPotion"}],"is_trial":false,"path_per_floor":["M","M","M","M","M","R","E","R","T","E","M","M","?","E"],"character_chosen":"DEFECT","items_purchased":[],"campfire_rested":0,"item_purchase_floors":[],"current_hp_per_floor":[75,73,70,46,48,48,22,22,22,28,38,31,16,0,0],"gold":293,"neow_bonus":"RANDOM_COLORLESS","is_daily":false,"chose_seed":false,"campfire_upgraded":2,"win_rate":0.0,"timestamp":1614148666,"path_taken":["M","M","M","M","M","R","E","R","T","E","M","M","?","E"],"items_purchased_type":[],"build_version":"2020-12-22","purchased_purges":0,"victory":false,"max_hp_per_floor":[75,75,75,75,75,75,75,75,75,75,75,75,75,75,75],"relic_stats":{"counters":[10,42],"Whetstone":["Strike_B","Barrage"],"Orichalcum":[12],"obtain_stats":[{"EVO:Axolotl":0,"Whetstone":9,"Orichalcum":10,"Cracked Core":0,"Ancient Tea Set":7,"REME_ComplimentaryCards":0},{"EVO:Axolotl":0,"Whetstone":6,"Orichalcum":7,"Cracked Core":0,"Ancient Tea Set":6,"REME_ComplimentaryCards":0},{"EVO:Axolotl":0,"Whetstone":25,"Orichalcum":30,"Cracked Core":0,"Ancient Tea Set":25,"REME_ComplimentaryCards":0}]},"card_choices":[{"not_picked":["REME_MagicPocketWatch","Swift Strike"],"picked":"Bandage Up","floor":0},{"not_picked":["Rebound","Turbo"],"picked":"Coolheaded","floor":1},{"not_picked":["Redo","Skim"],"picked":"Coolheaded","floor":2},{"not_picked":["REME_Whirling","Steam"],"picked":"Undo","floor":3},{"not_picked":["Hologram","Skim"],"picked":"StSpp:Mask","floor":4},{"not_picked":["Undo","Echo Form"],"picked":"Barrage","floor":5},{"not_picked":["Steam","Skim"],"picked":"Self Repair","floor":7},{"not_picked":["Double Energy","Leap"],"picked":"Fusion","floor":10},{"not_picked":["Leap","Steam Power"],"picked":"Gash","floor":11},{"not_picked":["Sweeping Beam","Lockon"],"picked":"Turbo","floor":12}],"player_experience":198049,"relics_obtained":[{"floor":7,"key":"Ancient Tea Set"},{"floor":9,"key":"Whetstone"},{"floor":10,"key":"Orichalcum"}],"event_choices":[{"damage_healed":31,"gold_gain":0,"player_choice":"Upgrade","damage_taken":15,"max_hp_gain":0,"max_hp_loss":75,"event_name":"betterThird:BetterShining","floor":13,"gold_loss":0,"cards_upgraded":["Defend_B","Coolheaded"]}],"is_beta":false,"boss_relics":[],"items_purged_floors":[],"is_endless":false,"potions_floor_spawned":[3,4,10,11],"killed_by":"Gremlin Nob","ascension_level":1}}