{"host":"uyfpom4rlahfoee4","time":1614201253,"event":{"mods":["BaseMod","Downfall","Minty Spire (QoL Compilation)","StSLib"],"gold_per_floor":[99,113,11,68,218,231,306,306,481,13,29,14,14,26,46,149,149,149,65,65,65,76,76,76,110,110,110,110],"floor_reached":26,"language":"ENG","playtime":2099,"items_purged":["Doubt"],"score":212,"play_id":"4ec028f6-0b63-435b-aab4-a5e396a38ab2","local_time":"20210224131413","is_ascension_mode":false,"campfire_choices":[{"data":"Guardian:CurlUp","floor":1,"key":"SMITH"},{"data":"Guardian:FloatingOrbs","floor":8,"key":"SMITH"},{"floor":13,"key":"REST"},{"data":"Guardian:Orbwalk","floor":18,"key":"SMITH"},{"data":"Guardian:FloatingOrbs","floor":23,"key":"SMITH"}],"circlet_count":0,"master_deck":["Guardian:Strike_Guardian","Guardian:Strike_Guardian","Guardian:Strike_Guardian","Guardian:Defend_Guardian","Guardian:Defend_Guardian","Guardian:Defend_Guardian","Guardian:Defend_Guardian","Guardian:CurlUp+1","Guardian:TwinSlam+1","Guardian:TemporalStrike","Guardian:TimeBomb","expansioncontent:AwakenDeath","downfall:Icky","Guardian:FloatingOrbs+1","Guardian:WalkerClaw","Guardian:Orbwalk+1","Guardian:StasisField","Guardian:FloatingOrbs+1","Guardian:ShieldCharger","Guardian:WalkerClaw+1","Guardian:Gem_Blue","J.A.X.","Guardian:Gem_Green","Guardian:EvasiveProtocol","Guardian:PiercingHide+1"],"relics":["Guardian:ModeShifter","Lantern","Kunai","Ice Cream","Philosopher\u0027s Stone","Toxic Egg 2","Darkstone Periapt"],"acts_visited":["Exordium","TheCity"],"potions_floor_usage":[4,10,15,19,25],"damage_taken":[{"damage":0,"enemies":"2 Louse","floor":2,"turns":3},{"damage":0,"enemies":"downfall:FleeingMerchant","floor":3,"turns":4},{"damage":18,"enemies":"3 Sentries","floor":4,"turns":7},{"damage":8,"enemies":"Small Slimes","floor":6,"turns":4},{"damage":15,"enemies":"downfall:FleeingMerchant","floor":10,"turns":4},{"damage":11,"enemies":"Jaw Worm","floor":11,"turns":2},{"damage":10,"enemies":"downfall:FleeingMerchant","floor":12,"turns":4},{"damage":13,"enemies":"downfall:LooterAlt","floor":14,"turns":5},{"damage":0,"enemies":"Large Slime","floor":15,"turns":5},{"damage":8,"enemies":"SI_SHIV_ARCHETYPE","floor":16,"turns":7},{"damage":16,"enemies":"downfall:FleeingMerchant","floor":19,"turns":4},{"damage":12,"enemies":"Chosen","floor":22,"turns":4},{"damage":22,"enemies":"Book of Stabbing","floor":25,"turns":6},{"damage":0,"enemies":"3 Byrds","floor":26,"turns":1}],"seed_played":"-463998561559798213","potions_obtained":[{"floor":2,"key":"Dexterity Potion"},{"floor":6,"key":"SteroidPotion"},{"floor":14,"key":"Explosive Potion"},{"floor":15,"key":"bronze:BurnAndBuffPotion"},{"floor":22,"key":"AttackPotion"}],"is_trial":false,"path_per_floor":["R","M","$","?","?","M","T","R","?","$","M","$","R","M","M","B",null,"R","$","?","?","M","R","T","E","M"],"character_chosen":"GUARDIAN","items_purchased":["expansioncontent:AwakenDeath","Ice Cream","Guardian:Gem_Crimson","Guardian:Gem_Blue"],"campfire_rested":1,"item_purchase_floors":[3,10,10,19],"current_hp_per_floor":[80,80,80,62,62,54,54,54,54,39,28,18,42,29,29,21,80,80,64,64,64,52,52,52,30,30,30,30],"gold":110,"neow_bonus":"UPGRADE_CARD","is_daily":false,"chose_seed":false,"campfire_upgraded":4,"win_rate":0.0,"timestamp":1614201253,"path_taken":["R","M","$","?","?","M","T","R","?","$","M","?","R","M","M","BOSS","R","$","?","?","M","R","T","E","M"],"items_purchased_type":["Card","Relic","Card","Card"],"build_version":"2020-12-22","purchased_purges":1,"victory":false,"max_hp_per_floor":[80,80,80,80,80,80,80,80,80,80,80,80,80,80,80,80,80,80,80,80,80,80,80,80,80,80,80,80],"card_choices":[{"not_picked":["Guardian:PrismaticBarrier","Guardian:CrystalBeam"],"picked":"Guardian:TemporalStrike","floor":2},{"not_picked":["Guardian:RollAttack","Guardian:TemporalStrike"],"picked":"Guardian:TimeBomb","floor":3},{"not_picked":["Guardian:ShieldCharger","Guardian:PrismaticBarrier"],"picked":"Guardian:Gem_Lightblue","floor":4},{"not_picked":["Guardian:Harden","Guardian:RollAttack"],"picked":"Guardian:FloatingOrbs","floor":6},{"not_picked":["Guardian:Suspension","Guardian:Gem_Green"],"picked":"Guardian:WalkerClaw","floor":10},{"not_picked":["Guardian:Preprogram","Guardian:Gem_Cyan"],"picked":"Guardian:Orbwalk","floor":11},{"not_picked":["Guardian:Gem_Blue","Guardian:ShieldCharger"],"picked":"Guardian:StasisField","floor":12},{"not_picked":["Guardian:Repulse","Guardian:PolyBeam"],"picked":"Guardian:FloatingOrbs","floor":14},{"not_picked":["Guardian:TemporalStrike","Guardian:Gem_White"],"picked":"Guardian:ShieldCharger","floor":15},{"not_picked":["Guardian:StasisField","Guardian:RevengeProtocol"],"picked":"Guardian:Gem_Orange","floor":16},{"not_picked":["Guardian:PrismaticBarrier","Guardian:VentSteam"],"picked":"Guardian:WalkerClaw+1","floor":19},{"not_picked":["Guardian:Preprogram+1","Guardian:PiercingHide"],"picked":"Guardian:EvasiveProtocol","floor":22},{"not_picked":["Guardian:FloatingOrbs","Guardian:GemFinder"],"picked":"Guardian:PiercingHide+1","floor":25}],"player_experience":170562,"relics_obtained":[{"floor":4,"key":"Lantern"},{"floor":7,"key":"Kunai"},{"floor":24,"key":"Toxic Egg 2"},{"floor":25,"key":"Darkstone Periapt"}],"event_choices":[{"damage_healed":0,"gold_gain":0,"player_choice":"Obtain J.A.X.","damage_taken":0,"max_hp_gain":0,"max_hp_loss":0,"event_name":"Drug Dealer","floor":20,"gold_loss":0,"cards_obtained":["J.A.X."]}],"is_beta":false,"boss_relics":[{"not_picked":["bronze:MakeshiftBattery","Guardian:StasisSlotReductionRelic"],"picked":"Philosopher\u0027s Stone"}],"items_purged_floors":[10],"is_endless":false,"potions_floor_spawned":[2,6,14,15,22],"killed_by":"3 Byrds","ascension_level":0}}