{"host":"83h5c79dzf5zv2a9","time":1614164131,"event":{"mods":["2.2 Compatiblity","BaseMod","Bestiary","Colored Map","Colored Powertips","Curses Come First","Highlight Path","Keyboard Shortcuts","Minty Spire (QoL Compilation)","Relic Stats","Slay the Relics Exporter","StSLib","SuperFastMode"],"gold_per_floor":[110,110,110,110,126,126,137,151,151,165,165,190,190,209,209,307,307,325,325,3,14,14,14,42,42,68,85,85,85,97,197,197,296,296,307,325,343,343,87,0,15,44,67,67,67,67,67,67,67,67],"floor_reached":51,"language":"ENG","playtime":2219,"items_purged":["Strike_G"],"score":718,"play_id":"20169196-8609-4672-b048-2898d13dfd01","local_time":"20210224115531","is_ascension_mode":false,"campfire_choices":[{"data":"Neutralize","floor":6,"key":"SMITH"},{"data":"Poisoned Stab","floor":11,"key":"SMITH"},{"data":"Deadly Poison","floor":13,"key":"SMITH"},{"data":"Sucker Punch","floor":15,"key":"SMITH"},{"data":"Catalyst","floor":23,"key":"SMITH"},{"floor":25,"key":"REST"},{"data":"Catalyst","floor":29,"key":"SMITH"},{"floor":32,"key":"REST"},{"data":"PiercingWail","floor":44,"key":"SMITH"},{"data":"Envenom","floor":46,"key":"SMITH"},{"data":"Malaise","floor":49,"key":"SMITH"}],"circlet_count":0,"master_deck":["Strike_G","Strike_G","Strike_G","Defend_G","Defend_G","Defend_G","Defend_G","Survivor","Neutralize+1","Deadly Poison+1","Sucker Punch+1","Escape Plan","Poisoned Stab+1","Deadly Poison+1","Bane","Slice","Corpse Explosion","Tactician","Outmaneuver","Flying Knee","Catalyst+1","Endless Agony","Malaise+1","Well Laid Plans","Catalyst+1","Dash+1","PiercingWail+1","Envenom+1","Dagger Throw+1","PiercingWail+1","Poisoned Stab+1","Impatience","Dodge and Roll+1","Slice"],"relics":["Ring of the Serpent","NeowsBlessing","Eternal Feather","Toy Ornithopter","Blood Vial","Snake Skull","Ornamental Fan","Vajra","Thread and Needle","Bottled Tornado","SlaversCollar","Letter Opener","Red Mask","Question Card","Strawberry","Centennial Puzzle"],"acts_visited":["Exordium","TheCity","TheBeyond"],"potions_floor_usage":[12,16,21,24,27,31],"damage_taken":[{"damage":0,"enemies":"Jaw Worm","floor":1,"turns":1},{"damage":0,"enemies":"2 Louse","floor":5,"turns":1},{"damage":0,"enemies":"Cultist","floor":7,"turns":1},{"damage":2,"enemies":"3 Louse","floor":8,"turns":4},{"damage":1,"enemies":"Blue Slaver","floor":10,"turns":3},{"damage":20,"enemies":"Gremlin Nob","floor":12,"turns":4},{"damage":7,"enemies":"2 Fungi Beasts","floor":14,"turns":3},{"damage":23,"enemies":"Hexaghost","floor":16,"turns":7},{"damage":2,"enemies":"Spheric Guardian","floor":18,"turns":3},{"damage":10,"enemies":"Shell Parasite","floor":21,"turns":5},{"damage":56,"enemies":"Gremlin Leader","floor":24,"turns":7},{"damage":18,"enemies":"Chosen and Byrds","floor":27,"turns":7},{"damage":28,"enemies":"Cultist and Chosen","floor":30,"turns":5},{"damage":13,"enemies":"Colosseum Slavers","floor":31,"turns":2},{"damage":19,"enemies":"Colosseum Nobs","floor":31,"turns":7},{"damage":22,"enemies":"Collector","floor":33,"turns":4},{"damage":2,"enemies":"Orb Walker","floor":35,"turns":4},{"damage":8,"enemies":"3 Shapes","floor":36,"turns":4},{"damage":0,"enemies":"Maw","floor":37,"turns":4},{"damage":4,"enemies":"Sphere and 2 Shapes","floor":41,"turns":4},{"damage":14,"enemies":"Nemesis","floor":42,"turns":3},{"damage":38,"enemies":"Donu and Deca","floor":50,"turns":5}],"seed_played":"4760550958992936680","potions_obtained":[{"floor":8,"key":"Poison Potion"},{"floor":10,"key":"Swift Potion"},{"floor":14,"key":"Energy Potion"},{"floor":16,"key":"CunningPotion"},{"floor":24,"key":"LiquidMemories"},{"floor":30,"key":"ColorlessPotion"},{"floor":33,"key":"SpeedPotion"},{"floor":42,"key":"Explosive Potion"}],"is_trial":false,"path_per_floor":["M","?","?","?","M","R","M","M","T","M","R","E","R","M","R","B",null,"M","?","$","M","?","R","E","R","T","M","?","R","M","?","R","B",null,"M","M","M","?","$","?","M","E","T","R","$","R","T","?","R","B",null],"character_chosen":"THE_SILENT","items_purchased":["Snake Skull","Outmaneuver","Flying Knee","Letter Opener"],"campfire_rested":2,"item_purchase_floors":[20,20,20,39],"current_hp_per_floor":[70,70,75,75,75,75,75,73,73,72,75,55,64,57,66,48,75,73,73,73,65,65,75,24,58,58,47,47,62,36,13,50,30,75,73,67,69,69,69,69,67,55,62,80,80,82,82,82,82,44],"gold":67,"neow_bonus":"THREE_ENEMY_KILL","is_daily":false,"chose_seed":false,"campfire_upgraded":9,"win_rate":0.0,"timestamp":1614164131,"path_taken":["M","?","?","?","M","R","M","M","T","?","R","E","R","M","R","BOSS","M","?","$","M","?","R","E","R","T","M","?","R","M","?","R","BOSS","M","M","M","?","$","?","M","E","T","R","?","R","?","?","R","BOSS"],"items_purchased_type":["Relic","Card","Card","Relic"],"build_version":"2020-12-22","purchased_purges":1,"victory":true,"max_hp_per_floor":[70,70,75,75,75,75,75,75,75,75,75,75,75,75,75,75,75,75,75,75,75,75,75,75,75,75,75,75,75,75,75,75,75,75,75,75,75,75,75,75,75,75,82,82,82,82,82,82,82,82],"relic_stats":{"Blood Vial":20,"Centennial Puzzle":[3],"counters":[22,88],"Ornamental Fan":[52],"Eternal Feather":93,"Snake Skull":[67],"Letter Opener":[21],"Question Card":0,"obtain_stats":[{"NeowsBlessing":0,"Vajra":26,"Eternal Feather":9,"Thread and Needle":31,"Snake Skull":20,"Letter Opener":39,"Bottled Tornado":31,"Question Card":42,"Blood Vial":19,"SlaversCollar":34,"Centennial Puzzle":47,"Ornamental Fan":24,"Strawberry":43,"Red Mask":40,"Toy Ornithopter":12,"Ring of the Serpent":17,"Ring of the Snake":0},{"NeowsBlessing":0,"Vajra":11,"Eternal Feather":4,"Thread and Needle":15,"Snake Skull":9,"Letter Opener":19,"Bottled Tornado":15,"Question Card":21,"Blood Vial":9,"SlaversCollar":16,"Centennial Puzzle":21,"Ornamental Fan":11,"Strawberry":21,"Red Mask":19,"Toy Ornithopter":6,"Ring of the Serpent":8,"Ring of the Snake":0},{"NeowsBlessing":0,"Vajra":39,"Eternal Feather":7,"Thread and Needle":60,"Snake Skull":27,"Letter Opener":76,"Bottled Tornado":60,"Question Card":83,"Blood Vial":27,"SlaversCollar":64,"Centennial Puzzle":83,"Ornamental Fan":39,"Strawberry":83,"Red Mask":76,"Toy Ornithopter":14,"Ring of the Serpent":24,"Ring of the Snake":0}],"Toy Ornithopter":20},"card_choices":[{"not_picked":["Blade Dance","Dodge and Roll"],"picked":"Deadly Poison","floor":1},{"not_picked":["Predator","Underhanded Strike"],"picked":"Sucker Punch","floor":5},{"not_picked":["Underhanded Strike","Dagger Spray"],"picked":"Escape Plan","floor":7},{"not_picked":["Finisher","Quick Slash"],"picked":"Poisoned Stab","floor":8},{"not_picked":["Sucker Punch","Prepared"],"picked":"Deadly Poison","floor":10},{"not_picked":["Endless Agony","Predator"],"picked":"Bane","floor":12},{"not_picked":["Prepared","Expertise"],"picked":"Slice","floor":14},{"not_picked":["Bullet Time","Night Terror"],"picked":"Corpse Explosion","floor":16},{"not_picked":["Infinite Blades+1","Slice"],"picked":"Tactician","floor":18},{"not_picked":["Flying Knee","Backflip"],"picked":"Catalyst","floor":21},{"not_picked":["Acrobatics","Storm of Steel","Escape Plan"],"picked":"SKIP","floor":24},{"not_picked":["Acrobatics","Blade Dance"],"picked":"Well Laid Plans","floor":27},{"not_picked":["Dodge and Roll","Acrobatics+1"],"picked":"Dash+1","floor":30},{"not_picked":["Deflect","Acrobatics"],"picked":"PiercingWail","floor":31},{"not_picked":["Glass Knife","Wraith Form v2"],"picked":"Envenom","floor":33},{"not_picked":["Deflect","Reflex"],"picked":"Dagger Throw+1","floor":35},{"not_picked":["Accuracy+1","Backflip+1"],"picked":"PiercingWail+1","floor":36},{"not_picked":["Riddle With Holes","Infinite Blades"],"picked":"Poisoned Stab+1","floor":37},{"not_picked":["Discovery","Dark Shackles"],"picked":"Impatience","floor":38},{"not_picked":["Endless Agony","All Out Attack"],"picked":"Dodge and Roll+1","floor":41},{"not_picked":["Blur","All Out Attack"],"picked":"Slice","floor":42}],"player_experience":15893,"relics_obtained":[{"floor":9,"key":"Eternal Feather"},{"floor":12,"key":"Toy Ornithopter"},{"floor":24,"key":"Ornamental Fan"},{"floor":26,"key":"Vajra"},{"floor":31,"key":"Thread and Needle"},{"floor":31,"key":"Bottled Tornado"},{"floor":42,"key":"Question Card"},{"floor":43,"key":"Strawberry"},{"floor":47,"key":"Centennial Puzzle"}],"event_choices":[{"damage_healed":0,"gold_gain":0,"player_choice":"Grow","damage_taken":0,"max_hp_gain":0,"max_hp_loss":0,"event_name":"Living Wall","floor":2,"gold_loss":0,"cards_upgraded":["Deadly Poison"]},{"damage_healed":0,"gold_gain":0,"player_choice":"Donut","damage_taken":0,"max_hp_gain":5,"max_hp_loss":0,"event_name":"Big Fish","floor":3,"gold_loss":0},{"damage_healed":0,"gold_gain":0,"player_choice":"0 cards matched","damage_taken":0,"max_hp_gain":0,"max_hp_loss":0,"event_name":"Match and Keep!","floor":4,"gold_loss":0,"cards_obtained":[]},{"damage_healed":0,"gold_gain":0,"player_choice":"Opened","damage_taken":0,"relics_obtained":["Blood Vial"],"max_hp_gain":0,"max_hp_loss":0,"event_name":"The Mausoleum","floor":19,"gold_loss":0},{"damage_healed":0,"gold_gain":0,"cards_transformed":["Defend_G","Strike_G"],"player_choice":"Became Test Subject","damage_taken":0,"max_hp_gain":0,"max_hp_loss":0,"event_name":"Drug Dealer","floor":22,"gold_loss":0,"cards_obtained":["Endless Agony","Malaise"]},{"damage_healed":0,"gold_gain":0,"player_choice":"Read","damage_taken":0,"max_hp_gain":0,"max_hp_loss":0,"event_name":"The Library","floor":28,"gold_loss":0,"cards_obtained":["Catalyst"]},{"damage_healed":0,"gold_gain":0,"player_choice":"Fight","damage_taken":0,"max_hp_gain":0,"max_hp_loss":0,"event_name":"Colosseum","floor":31,"gold_loss":0},{"damage_healed":0,"gold_gain":0,"player_choice":"Fought Nobs","damage_taken":0,"max_hp_gain":0,"max_hp_loss":0,"event_name":"Colosseum","floor":31,"gold_loss":0},{"damage_healed":0,"gold_gain":0,"player_choice":"Memory 1","damage_taken":0,"max_hp_gain":0,"max_hp_loss":0,"event_name":"SensoryStone","floor":38,"gold_loss":0},{"damage_healed":0,"gold_gain":0,"player_choice":"Paid","damage_taken":0,"relics_obtained":["Red Mask"],"max_hp_gain":0,"max_hp_loss":0,"event_name":"Tomb of Lord Red Mask","floor":40,"gold_loss":87},{"damage_healed":0,"gold_gain":0,"player_choice":"Ignored","damage_taken":0,"max_hp_gain":0,"max_hp_loss":0,"event_name":"SecretPortal","floor":48,"gold_loss":0}],"is_beta":false,"boss_relics":[{"not_picked":["Astrolabe","Velvet Choker"],"picked":"Ring of the Serpent"},{"not_picked":["Fusion Hammer","Black Star"],"picked":"SlaversCollar"}],"items_purged_floors":[20],"is_endless":false,"potions_floor_spawned":[8,10,14,16,24,30,33,42],"ascension_level":0}}