{"host":"jgqxb38yl0c1w101","time":1614156160,"event":{"mods":["2.2 Compatiblity","AchievementEnabler","BaseMod","Colored Map","Downfall","Highlight Path","Minty Spire (QoL Compilation)","Monster B Gone","Random Character Button","Relic Stats","Replay The Spire","StSLib"],"gold_per_floor":[16,32,42,12,22,22,52,52,105,134,134,21,41,69,69,168,168,182,194,212,212,238,263,188,213,213,244,244,261,261,289,289,390,390,406,468,468,486,170,202,202,213,213,113,147,164,46,65,287,287,287,287,14,43,43,43],"floor_reached":55,"language":"ENG","playtime":3856,"items_purged":["Pain","Vengeance","Strike_P","Strike_P"],"score":985,"play_id":"198c9aa8-3593-4de7-8c21-6c5946011d15","local_time":"20210224034240","is_ascension_mode":true,"campfire_choices":[{"data":"Alpha","floor":6,"key":"SMITH"},{"floor":8,"key":"REST"},{"floor":15,"key":"REST"},{"data":"ConjureBlade","floor":30,"key":"PURGE"},{"floor":41,"key":"RECALL"}],"circlet_count":0,"master_deck":["Defend_P","Defend_P","Defend_P","Defend_P","Vigilance","Alpha+1","Replay:AtTheReady","Prostrate","Replay:Anticipation","DeceiveReality","Perseverance","ThirdEye","Alpha","Omniscience+1","Evaluate","WaveOfTheHand","ThirdEye","Collect","Replay:LoomingThreat","Apotheosis+1","ThirdEye","The Bomb","Omniscience"],"relics":["PureWater","White Beast Statue","ReplayTheSpireMod:Lightbulb","Blood Vial","WarpedTongs","Replay:Multitool","Velvet Choker","Red Mask","The Courier","Meat on the Bone","Kunai","BranchBurnRelic","Art of War","Runic Pyramid","BargainBundle","Bag of Preparation","Replay:Arrowhead","Orichalcum","Guide Book","TeardropLocket"],"acts_visited":["Exordium","TheCity","TheBeyond","TheEnding"],"potions_floor_usage":[14,16,22,23,50,55,55],"damage_taken":[{"damage":9,"enemies":"2 Louse","floor":1,"turns":3},{"damage":15,"enemies":"Cultist","floor":2,"turns":5},{"damage":3,"enemies":"Jaw Worm","floor":3,"turns":5},{"damage":0,"enemies":"Looter","floor":4,"turns":4},{"damage":10,"enemies":"2 Fungi Beasts","floor":5,"turns":6},{"damage":27,"enemies":"Gremlin Nob","floor":7,"turns":4},{"damage":8,"enemies":"3 Sentries","floor":10,"turns":3},{"damage":0,"enemies":"3 Louse","floor":13,"turns":4},{"damage":12,"enemies":"Gremlin Nob","floor":14,"turns":5},{"damage":14,"enemies":"The Guardian","floor":16,"turns":10},{"damage":12,"enemies":"3 Byrds","floor":18,"turns":6},{"damage":4,"enemies":"Spheric Guardian","floor":19,"turns":4},{"damage":0,"enemies":"Snake Plant","floor":20,"turns":4},{"damage":12,"enemies":"Masked Bandits","floor":22,"turns":2},{"damage":0,"enemies":"Gremlin Leader","floor":23,"turns":5},{"damage":0,"enemies":"Replay:Snechameleon","floor":25,"turns":5},{"damage":34,"enemies":"Gremlin Leader","floor":27,"turns":6},{"damage":3,"enemies":"Cultist and Chosen","floor":29,"turns":3},{"damage":11,"enemies":"Book of Stabbing","floor":31,"turns":6},{"damage":14,"enemies":"Automaton","floor":33,"turns":4},{"damage":3,"enemies":"Orb Walker","floor":35,"turns":3},{"damage":0,"enemies":"3 Shapes","floor":38,"turns":5},{"damage":17,"enemies":"Reptomancer","floor":40,"turns":5},{"damage":0,"enemies":"Jaw Worm Horde","floor":42,"turns":3},{"damage":0,"enemies":"R_Hoarder","floor":45,"turns":7},{"damage":5,"enemies":"3 Darklings","floor":46,"turns":4},{"damage":0,"enemies":"Maw","floor":48,"turns":6},{"damage":5,"enemies":"Awakened One","floor":50,"turns":9},{"damage":32,"enemies":"Shield and Spear","floor":54,"turns":4},{"damage":53,"enemies":"The Heart","floor":55,"turns":2}],"seed_played":"-564621208281495930","potions_obtained":[{"floor":1,"key":"Doom Potion"},{"floor":2,"key":"Energy Potion"},{"floor":10,"key":"bronze:BurnAndBuffPotion"},{"floor":13,"key":"LiquidMemories"},{"floor":14,"key":"bronze:BurnAndBuffPotion"},{"floor":16,"key":"FearPotion"},{"floor":18,"key":"DistilledChaos"},{"floor":19,"key":"AttackPotion"},{"floor":20,"key":"ColorlessPotion"},{"floor":22,"key":"Swift Potion"},{"floor":23,"key":"LiquidMemories"},{"floor":27,"key":"Block Potion"},{"floor":31,"key":"SkillPotion"},{"floor":42,"key":"GamblersBrew"},{"floor":45,"key":"Dexterity Potion"},{"floor":54,"key":"Toxic Potion"}],"is_trial":false,"path_per_floor":["M","M","M","M","M","R","E","R","T","E","?","$","M","E","R","B",null,"M","M","M","?","?","E","?","E","T","E","?","M","R","E","R_BF","B",null,"M","?","?","M","$","E","R","M","T","$","E","M","$","M","R_BF","B",null,"R","$","E","B"],"character_chosen":"WATCHER","items_purchased":["DeceiveReality","BargainBundle","Apotheosis","Bag of Preparation","Guide Book","The Bomb"],"campfire_rested":2,"item_purchase_floors":[12,39,39,39,47,53],"current_hp_per_floor":[63,48,45,45,35,35,8,29,29,21,21,21,23,13,34,22,72,60,58,60,60,50,52,52,54,54,34,34,45,45,51,51,53,72,69,41,41,43,43,40,40,54,54,54,56,53,53,55,55,67,72,72,72,48,0,0],"gold":43,"neow_bonus":"THREE_RARE_CARDS","is_daily":false,"chose_seed":false,"campfire_upgraded":1,"win_rate":0.0,"timestamp":1614156160,"path_taken":["M","M","M","M","M","R","E","R","T","E","?","$","?","E","R","BOSS","M","M","M","?","?","E","?","E","T","E","?","M","R","E","R_BF","BOSS","M","?","?","M","?","E","R","M","T","$","E","M","$","M","R_BF","BOSS","R","$","E","BOSS"],"items_purchased_type":["Card","Relic","Card","Relic","Relic","Card"],"build_version":"2020-12-22","purchased_purges":4,"victory":false,"max_hp_per_floor":[72,72,72,72,72,72,72,72,72,72,72,72,72,72,72,72,72,72,72,72,72,72,72,72,72,72,72,72,72,72,72,72,72,72,72,72,72,72,72,72,72,72,72,72,72,72,72,72,72,72,72,72,72,72,72,72],"relic_stats":{"Blood Vial":40,"counters":[30,142],"Art of War":[39],"Bag of Preparation":[16],"Kunai":[0],"Orichalcum":[18],"obtain_stats":[{"BargainBundle":39,"Dead Branch":26,"Guide Book":47,"Velvet Choker":17,"The Courier":23,"Replay:Multitool":14,"Bag of Preparation":39,"TeardropLocket":54,"Orichalcum":45,"White Beast Statue":7,"Replay:Arrowhead":40,"WarpedTongs":11,"Blood Vial":10,"BranchBurnRelic":30,"Red Mask":22,"Art of War":31,"Kunai":27,"PureWater":0,"ReplayTheSpireMod:Lightbulb":9,"Meat on the Bone":25,"Runic Pyramid":34},{"BargainBundle":22,"Dead Branch":16,"Guide Book":26,"Velvet Choker":10,"The Courier":15,"Replay:Multitool":9,"Bag of Preparation":22,"TeardropLocket":29,"Orichalcum":25,"White Beast Statue":6,"Replay:Arrowhead":23,"WarpedTongs":7,"Blood Vial":7,"BranchBurnRelic":18,"Red Mask":14,"Art of War":19,"Kunai":17,"PureWater":0,"ReplayTheSpireMod:Lightbulb":6,"Meat on the Bone":16,"Runic Pyramid":20},{"BargainBundle":102,"Dead Branch":75,"Guide Book":121,"Velvet Choker":49,"The Courier":70,"Replay:Multitool":39,"Bag of Preparation":102,"TeardropLocket":140,"Orichalcum":117,"White Beast Statue":27,"Replay:Arrowhead":107,"WarpedTongs":30,"Blood Vial":30,"BranchBurnRelic":84,"Red Mask":65,"Art of War":90,"Kunai":81,"PureWater":0,"ReplayTheSpireMod:Lightbulb":27,"Meat on the Bone":75,"Runic Pyramid":94}],"WarpedTongs":[102],"Meat on the Bone":36},"card_choices":[{"not_picked":["Establishment","Ragnarok"],"picked":"Alpha","floor":0},{"not_picked":["Consecrate","ForeignInfluence"],"picked":"LikeWater","floor":1},{"not_picked":["CutThroughFate","FlyingSleeves"],"picked":"InnerPeace","floor":2},{"not_picked":["ClearTheMind","Crescendo","FlurryOfBlows"],"picked":"SKIP","floor":3},{"not_picked":["LikeWater","WreathOfFlame"],"picked":"Replay:AtTheReady","floor":4},{"not_picked":["Wallop","BattleHymn"],"picked":"Prostrate","floor":5},{"not_picked":["Nirvana","Brilliance"],"picked":"Replay:Anticipation","floor":7},{"not_picked":["Halt","Replay:Battleflow","FlyingSleeves"],"picked":"SKIP","floor":10},{"not_picked":["SashWhip","Protect"],"picked":"Perseverance","floor":13},{"not_picked":["PathToVictory","FlyingSleeves"],"picked":"ThirdEye","floor":14},{"not_picked":["Judgement","Ragnarok"],"picked":"Alpha","floor":16},{"not_picked":["Wallop","PathToVictory","Weave"],"picked":"SKIP","floor":18},{"not_picked":["SashWhip+1","Collect+1","Nirvana"],"picked":"SKIP","floor":19},{"not_picked":["BowlingBash+1","Replay:ManipulateFuture"],"picked":"Omniscience","floor":20},{"not_picked":["MentalFortress","Replay:BluntJabs"],"picked":"Evaluate","floor":23},{"not_picked":["WreathOfFlame","CutThroughFate"],"picked":"WaveOfTheHand","floor":25},{"not_picked":["SandsOfTime","Ragnarok"],"picked":"ThirdEye","floor":27},{"not_picked":["Swivel","Consecrate","Halt"],"picked":"SKIP","floor":29},{"not_picked":["Replay:AtTheReady","Replay:BluntJabs"],"picked":"Collect","floor":31},{"not_picked":["Blasphemy","Devotion"],"picked":"Replay:LoomingThreat","floor":33},{"not_picked":["PathToVictory","Prostrate","ClearTheMind+1"],"picked":"SKIP","floor":35},{"not_picked":["CutThroughFate+1","Replay:Battleflow+1","Replay:AtTheReady+1"],"picked":"SKIP","floor":38},{"not_picked":["Replay:Vibes+1","Omniscience","Replay:BluntJabs"],"picked":"SKIP","floor":40},{"not_picked":["Consecrate","BattleHymn+1","EmptyMind"],"picked":"SKIP","floor":42},{"not_picked":["WreathOfFlame+1","Pray+1","LikeWater+1"],"picked":"SKIP","floor":45},{"not_picked":["Tantrum+1","Replay:AtTheReady+1","Wireheading+1"],"picked":"SKIP","floor":46},{"not_picked":["FlyingSleeves","Evaluate+1","BowlingBash"],"picked":"SKIP","floor":48},{"not_picked":["FlurryOfBlows+1","Evaluate+1"],"picked":"Omniscience","floor":54}],"player_experience":202489,"relics_obtained":[{"floor":7,"key":"White Beast Statue"},{"floor":9,"key":"ReplayTheSpireMod:Lightbulb"},{"floor":10,"key":"Blood Vial"},{"floor":14,"key":"Replay:Multitool"},{"floor":22,"key":"Red Mask"},{"floor":23,"key":"The Courier"},{"floor":25,"key":"Meat on the Bone"},{"floor":26,"key":"Dead Branch"},{"floor":27,"key":"Kunai"},{"floor":31,"key":"Art of War"},{"floor":40,"key":"Replay:Arrowhead"},{"floor":45,"key":"Orichalcum"},{"floor":54,"key":"TeardropLocket"}],"event_choices":[{"damage_healed":0,"gold_gain":0,"player_choice":"Rummage","damage_taken":0,"relics_obtained":["WarpedTongs"],"max_hp_gain":0,"max_hp_loss":0,"event_name":"Accursed Blacksmith","floor":11,"gold_loss":0,"cards_obtained":["Pain"]},{"damage_healed":0,"gold_gain":0,"player_choice":"Ignored","damage_taken":0,"max_hp_gain":0,"max_hp_loss":0,"event_name":"Ghosts","floor":21,"gold_loss":0},{"damage_healed":0,"gold_gain":0,"player_choice":"Fought Bandits","damage_taken":0,"max_hp_gain":0,"max_hp_loss":0,"event_name":"Masked Bandits","floor":22,"gold_loss":0},{"cards_removed":["Strike_P"],"damage_healed":0,"gold_gain":0,"player_choice":"Gave Gold","damage_taken":0,"max_hp_gain":0,"max_hp_loss":0,"event_name":"Beggar","floor":24,"gold_loss":75},{"damage_healed":0,"gold_gain":0,"cards_transformed":["InnerPeace","Eruption"],"player_choice":"Became Test Subject","damage_taken":0,"max_hp_gain":0,"max_hp_loss":0,"event_name":"Drug Dealer","floor":28,"gold_loss":0,"cards_obtained":["ConjureBlade","LikeWater"]},{"cards_removed":["Strike_P"],"damage_healed":0,"gold_gain":0,"player_choice":"Removed Attack","damage_taken":0,"max_hp_gain":0,"max_hp_loss":0,"event_name":"Falling","floor":37,"gold_loss":0},{"damage_healed":0,"gold_gain":222,"player_choice":"Wore Mask","damage_taken":0,"max_hp_gain":0,"max_hp_loss":0,"event_name":"Tomb of Lord Red Mask","floor":49,"gold_loss":0}],"is_beta":false,"boss_relics":[{"not_picked":["Sozu","ChewingGum"],"picked":"Velvet Choker"},{"not_picked":["ReplayTheSpireMod:DimensionalGlitch","Coffee Dripper"],"picked":"Runic Pyramid"}],"items_purged_floors":[12,39,44,53],"is_endless":false,"potions_floor_spawned":[1,2,10,13,14,16,18,19,20,22,23,25,27,29,31,33,35,38,40,42,45,46,48,54],"killed_by":"The Heart","ascension_level":2}}