{"host":"ekyl8r8j8fco3zlk","time":1614128422,"event":{"mods":["Act Like it!","Arknights","BaseMod","CapriCore","Dota2Spire","Friendly Minions","Gensokyo","GifTheSpireLib","Library of Ruina","Marisa（霧雨　魔理沙）","Minty Spire (QoL Compilation)","READ ME - Guardian Mod","Reimu（博???）","StSLib","The Alterego","The Animator","The Immortal","TheWitcher","Waifu the Spire","WarShipGirlsR/??少女R mod","Yakumo Yukari mod","【?物卡牌】REMEMod"],"gold_per_floor":[119,131,144,164,177,209,229,229,254,254,274,294,274,19,19,122,122,142,158,158,169,183,215,226,226,226],"floor_reached":25,"language":"ZHS","playtime":992,"items_purged":[],"score":256,"play_id":"2cd5de4c-3c28-4355-a70b-c6d33da3abf3","local_time":"20210224090022","is_ascension_mode":false,"campfire_choices":[{"data":"FrontalAssault","floor":8.0,"key":"SMITH"},{"data":"SharpenedBlade","floor":10.0,"key":"SMITH"},{"data":"Observe","floor":15.0,"key":"SMITH"}],"circlet_count":0,"master_deck":["Dodge","LightDefense","LightAttack","LightAttack","LightAttack","LightDefense","LightDefense","LightDefense","ChargeAndCover","FocusedStrikes","SkyClearingCut","SharpenedBlade+1","Multislash","FrontalAssault+1","SnakesPrey","DimensionalRift","DesperateStruggle","Observe+1","CleanUp","InkOver","EndlessBattle+1","HandlingWork","FlyingSword"],"relics":["PageOfLibrarian","REME_ComplimentaryCards","Dota2Spire:OctarineCore","PreservedInsect","PageOfTheQueenOfHatred","REME_ChargedStone","PageOfTheKnightOfDespair"],"acts_visited":["Exordium","TheCity"],"potions_floor_usage":[25],"damage_taken":[{"damage":0.0,"enemies":"2 Louse","floor":1.0,"turns":5.0},{"damage":0.0,"enemies":"Jaw Worm","floor":2.0,"turns":5.0},{"damage":0.0,"enemies":"Small Slimes","floor":3.0,"turns":3.0},{"damage":14.0,"enemies":"Gremlin Gang","floor":4.0,"turns":3.0},{"damage":10.0,"enemies":"Exordium Thugs","floor":5.0,"turns":3.0},{"damage":9.0,"enemies":"Gremlin Nob","floor":6.0,"turns":3.0},{"damage":0.0,"enemies":"3 Louse","floor":7.0,"turns":2.0},{"damage":0.0,"enemies":"Large Slime","floor":11.0,"turns":4.0},{"damage":7.0,"enemies":"Blue Slaver","floor":12.0,"turns":3.0},{"damage":18.0,"enemies":"The Guardian","floor":16.0,"turns":6.0},{"damage":12.0,"enemies":"2 Thieves","floor":18.0,"turns":2.0},{"damage":16.0,"enemies":"Shell Parasite","floor":19.0,"turns":2.0},{"damage":18.0,"enemies":"Sentry and Sphere","floor":21.0,"turns":4.0},{"damage":14.0,"enemies":"Centurion and Healer","floor":22.0,"turns":6.0},{"damage":24.0,"enemies":"Gremlin Leader","floor":23.0,"turns":3.0},{"damage":9.0,"enemies":"Snake Plant","floor":24.0,"turns":3.0},{"damage":12,"enemies":"Book of Stabbing","floor":25,"turns":1}],"seed_played":"-7028654240896967690","potions_obtained":[{"floor":0.0,"key":"Regen Potion"},{"floor":0.0,"key":"LiquidMemories"},{"floor":0.0,"key":"EssenceOfSteel"},{"floor":5.0,"key":"Explosive Potion"},{"floor":7.0,"key":"FairyPotion"},{"floor":18.0,"key":"LiquidMemories"},{"floor":21.0,"key":"Fruit Juice"},{"floor":24.0,"key":"Energy Potion"}],"is_trial":false,"path_per_floor":["M","M","M","M","M","E","M","R","T","R","M","M","?","$","R","B",null,"M","M","?","M","M","E","M","E"],"character_chosen":"Librarian","items_purchased":["PageOfTheQueenOfHatred"],"campfire_rested":0,"item_purchase_floors":[14],"current_hp_per_floor":[60,60,60,46,45,36,36,36,36,36,36,29,29,29,29,11,70,58,42,42,29,15,18,9,0,0],"gold":226,"neow_bonus":"THREE_SMALL_POTIONS","is_daily":false,"chose_seed":false,"campfire_upgraded":3,"win_rate":0.0,"timestamp":1614128422,"path_taken":["M","M","M","M","M","E","M","R","T","R","M","M","?","$","R","BOSS","M","M","?","M","M","E","M","E"],"items_purchased_type":["Relic"],"build_version":"2020-12-22","purchased_purges":0,"victory":false,"max_hp_per_floor":[62,62,70,70,70,70,70,70,70,70,70,70,70,70,70,70,70,70,70,70,75,75,75,75,75,75],"card_choices":[{"not_picked":["UnavoidableGaze","Pound","ViolentFlame","Leap_lor"],"picked":"SKIP","floor":1.0},{"not_picked":["StrongStrike","SnakesPrey","NightInTheBackstreets"],"picked":"SkyClearingCut","floor":2.0},{"not_picked":["Multislash","Zzzzzap","Castigation"],"picked":"SharpenedBlade","floor":3.0},{"not_picked":["HandleRequest","DarkCloud","Parry2"],"picked":"Multislash","floor":4.0},{"not_picked":["Castigation","Unlock1","Multislash"],"picked":"FrontalAssault","floor":5.0},{"not_picked":["Pound","ForcefulGesture","HandleRequest"],"picked":"SnakesPrey","floor":6.0},{"not_picked":["StrongStrike","Rewind","InnerArdor"],"picked":"DimensionalRift","floor":7.0},{"not_picked":["SinglePointStab","EmotionalTurbulence","SnakesPrey","MultiBlock"],"picked":"SKIP","floor":11.0},{"not_picked":["Leap_lor","BindingArms","SunsetBlade"],"picked":"DesperateStruggle","floor":12.0},{"not_picked":[],"picked":"Observe","floor":13.0},{"not_picked":["Eradication","TrashDisposal"],"picked":"CleanUp","floor":16.0},{"not_picked":["FrontalAssault","FlowOfTheSword","DarkCloud+1"],"picked":"InkOver","floor":18.0},{"not_picked":["Eject","InnerArdor","YoureAHindrance+1"],"picked":"EndlessBattle+1","floor":19.0},{"not_picked":["Pound","SkyClearingCut","FleetFootsteps"],"picked":"HandlingWork","floor":21.0},{"not_picked":["Rewind","DaringDecision","SnakesPrey","Parry2"],"picked":"SKIP","floor":22.0},{"not_picked":["StrongStrike","Leap_lor","ForcefulGesture","Parry2+1"],"picked":"SKIP","floor":23.0},{"not_picked":["MultiBlock","Pound","SinglePointStab"],"picked":"FlyingSword","floor":24.0}],"player_experience":737267,"relics_obtained":[{"floor":6.0,"key":"Dota2Spire:OctarineCore"},{"floor":9.0,"key":"PreservedInsect"},{"floor":23.0,"key":"PageOfTheKnightOfDespair"}],"event_choices":[{"damage_healed":0.0,"max_hp_gain":0.0,"max_hp_loss":0.0,"gold_gain":0.0,"event_name":"Duplicator","player_choice":"Ignored","floor":20.0,"gold_loss":0.0,"damage_taken":0.0}],"is_beta":false,"boss_relics":[{"not_picked":["RedLine:ReiMu","SacredBark"],"picked":"REME_ChargedStone"}],"items_purged_floors":[],"is_endless":false,"potions_floor_spawned":[5,6,7,11,18,21,24],"killed_by":"Book of Stabbing","ascension_level":0}}