{"host":"qez74tnat1m51qn0","time":1614179812,"event":{"mods":["AchievementEnabler","BaseMod","Googly Eyes","Minty Spire (QoL Compilation)","Random Character Button","Rare Cards Sparkle","StSLib"],"gold_per_floor":[114,114,214,229,229,259,274,274,349,349,364,394,394,409,409,509,509,524,623,638,653,668,668,693,723,723,738,753,753,783,798,798,898,898,913,937,847,847,847],"floor_reached":38,"language":"POL","playtime":1596,"items_purged":[],"score":426,"play_id":"42ab8a34-852f-4e70-a467-5d807c8e1eb4","local_time":"20210224161652","daily_mods":["Heirloom","Colorless Cards","DeadlyEvents"],"is_ascension_mode":false,"campfire_choices":[{"data":"Heavy Blade","floor":8,"key":"SMITH"},{"data":"Flex","floor":10,"key":"SMITH"},{"floor":13,"key":"REST"},{"data":"Rage","floor":15,"key":"SMITH"},{"floor":23,"key":"REST"},{"floor":29,"key":"REST"},{"floor":32,"key":"REST"}],"circlet_count":0,"master_deck":["Strike_R","Strike_R","Strike_R+1","Strike_R","Strike_R","Defend_R","Defend_R","Defend_R","Defend_R","Bash+1","Flex+1","Inflame","Anger","Heavy Blade+1","Forethought","Rage+1","Shrug It Off","Metamorphosis","Pommel Strike+1","Iron Wave","Perfected Strike","Sword Boomerang","Pommel Strike","Flex","Pummel","Seeing Red","Wild Strike+1","Barricade","Anger+1","Bandage Up+1"],"relics":["Burning Blood","Magic Flower","Gremlin Horn","Sundial","Bottled Flame","Black Star","Centennial Puzzle","Toy Ornithopter","Ice Cream","Whetstone","Red Skull","Mummified Hand","Runic Cube","Gambling Chip","Oddly Smooth Stone"],"acts_visited":["Exordium","TheCity","TheBeyond"],"potions_floor_usage":[12,16,20,25,30,31,33,38],"damage_taken":[{"damage":6,"enemies":"Cultist","floor":1,"turns":3},{"damage":11,"enemies":"Jaw Worm","floor":4,"turns":2},{"damage":50,"enemies":"Lagavulin","floor":6,"turns":9},{"damage":0,"enemies":"2 Louse","floor":7,"turns":2},{"damage":12,"enemies":"Blue Slaver","floor":11,"turns":3},{"damage":29,"enemies":"Gremlin Nob","floor":12,"turns":5},{"damage":0,"enemies":"3 Louse","floor":14,"turns":2},{"damage":32,"enemies":"The Guardian","floor":16,"turns":8},{"damage":5,"enemies":"Spheric Guardian","floor":18,"turns":5},{"damage":20,"enemies":"2 Thieves","floor":20,"turns":4},{"damage":25,"enemies":"Snecko","floor":21,"turns":5},{"damage":31,"enemies":"Centurion and Healer","floor":22,"turns":6},{"damage":37,"enemies":"Book of Stabbing","floor":25,"turns":5},{"damage":13,"enemies":"Snake Plant","floor":27,"turns":3},{"damage":21,"enemies":"Cultist and Chosen","floor":28,"turns":6},{"damage":60,"enemies":"Slavers","floor":30,"turns":6},{"damage":8,"enemies":"3 Cultists","floor":31,"turns":4},{"damage":68,"enemies":"Automaton","floor":33,"turns":11},{"damage":22,"enemies":"3 Shapes","floor":35,"turns":4},{"damage":57,"enemies":"2 Orb Walkers","floor":36,"turns":5},{"damage":38,"enemies":"Giant Head","floor":38,"turns":6}],"seed_played":"1986488565424594500","potions_obtained":[{"floor":7,"key":"BloodPotion"},{"floor":11,"key":"Block Potion"},{"floor":14,"key":"EssenceOfSteel"},{"floor":18,"key":"DistilledChaos"},{"floor":27,"key":"BlessingOfTheForge"},{"floor":30,"key":"Regen Potion"},{"floor":31,"key":"AttackPotion"},{"floor":35,"key":"SmokeBomb"},{"floor":36,"key":"DistilledChaos"}],"is_trial":false,"path_per_floor":["M","$","?","M","?","E","M","R","T","R","M","E","R","M","R","B",null,"M","?","M","M","M","R","T","E","T","M","M","R","E","M","R","B",null,"M","?","?","E"],"character_chosen":"IRONCLAD","items_purchased":[],"campfire_rested":4,"item_purchase_floors":[],"current_hp_per_floor":[80,80,80,78,78,37,46,46,46,46,43,23,47,56,56,33,80,80,80,69,53,31,55,55,51,51,47,35,59,16,39,63,12,80,67,19,19,0,0],"gold":847,"neow_bonus":"","is_daily":true,"chose_seed":false,"campfire_upgraded":3,"win_rate":0.0,"timestamp":1614179812,"path_taken":["M","?","?","?","?","E","?","R","T","R","M","?","R","M","R","BOSS","M","?","M","M","M","R","?","E","T","?","M","R","E","M","R","BOSS","M","?","?","?"],"items_purchased_type":[],"build_version":"2020-12-22","purchased_purges":0,"victory":false,"max_hp_per_floor":[80,80,80,80,80,80,80,80,80,80,80,80,80,80,80,80,80,80,80,80,80,80,80,80,80,80,80,80,80,80,80,80,80,80,80,80,80,80,80],"card_choices":[{"not_picked":["Cleave","Body Slam"],"picked":"Flex","floor":1},{"not_picked":["Second Wind","Flash of Steel"],"picked":"Inflame","floor":4},{"not_picked":["Warcry","Flex"],"picked":"Anger","floor":6},{"not_picked":["Cleave","Dark Embrace"],"picked":"Heavy Blade","floor":7},{"not_picked":["Feel No Pain","Demon Form"],"picked":"Forethought","floor":11},{"not_picked":["Thunderclap","Spot Weakness"],"picked":"Rage","floor":12},{"not_picked":["Sword Boomerang","Havoc"],"picked":"Shrug It Off","floor":14},{"not_picked":["Chrysalis","Limit Break"],"picked":"Metamorphosis","floor":16},{"not_picked":["Warcry+1","Feel No Pain"],"picked":"Pommel Strike","floor":18},{"not_picked":["Evolve","Heavy Blade"],"picked":"Iron Wave","floor":20},{"not_picked":["Deep Breath","Warcry"],"picked":"Perfected Strike","floor":21},{"not_picked":["Swift Strike","Dropkick"],"picked":"Sword Boomerang","floor":22},{"not_picked":["Searing Blow","Impatience"],"picked":"Pommel Strike","floor":25},{"not_picked":["Cleave","Purity+1"],"picked":"Flex","floor":27},{"not_picked":["Armaments","Shockwave"],"picked":"Pummel","floor":28},{"not_picked":["Rage","Iron Wave"],"picked":"Seeing Red","floor":30},{"not_picked":["Perfected Strike","Havoc"],"picked":"Wild Strike+1","floor":31},{"not_picked":["Juggernaut","Master of Strategy"],"picked":"Barricade","floor":33},{"not_picked":["Wild Strike+1","True Grit+1"],"picked":"Anger+1","floor":35},{"not_picked":["Pommel Strike","Perfected Strike"],"picked":"Bandage Up+1","floor":36}],"player_experience":64194,"relics_obtained":[{"floor":6,"key":"Gremlin Horn"},{"floor":9,"key":"Sundial"},{"floor":12,"key":"Bottled Flame"},{"floor":24,"key":"Centennial Puzzle"},{"floor":25,"key":"Toy Ornithopter"},{"floor":25,"key":"Ice Cream"},{"floor":26,"key":"Whetstone"},{"floor":30,"key":"Red Skull"},{"floor":30,"key":"Mummified Hand"},{"floor":36,"key":"Gambling Chip"}],"event_choices":[{"damage_healed":0,"gold_gain":100,"player_choice":"Pray","damage_taken":0,"max_hp_gain":0,"max_hp_loss":0,"event_name":"Golden Shrine","floor":3,"gold_loss":0},{"damage_healed":0,"gold_gain":0,"player_choice":"Grow","damage_taken":0,"max_hp_gain":0,"max_hp_loss":0,"event_name":"Living Wall","floor":5,"gold_loss":0,"cards_upgraded":["Bash"]},{"damage_healed":0,"gold_gain":99,"player_choice":"Stole From Cult","damage_taken":0,"max_hp_gain":0,"max_hp_loss":0,"event_name":"Nest","floor":19,"gold_loss":0},{"damage_healed":0,"gold_gain":0,"player_choice":"Fight","damage_taken":0,"max_hp_gain":0,"max_hp_loss":0,"event_name":"Mysterious Sphere","floor":36,"gold_loss":0},{"damage_healed":0,"gold_gain":0,"player_choice":"Paid Gold","damage_taken":0,"relics_obtained":["Oddly Smooth Stone"],"max_hp_gain":0,"max_hp_loss":0,"event_name":"WeMeetAgain","floor":37,"gold_loss":90}],"is_beta":false,"boss_relics":[{"not_picked":["SlaversCollar","Tiny House"],"picked":"Black Star"},{"not_picked":["Runic Pyramid","Coffee Dripper"],"picked":"Runic Cube"}],"items_purged_floors":[],"is_endless":false,"potions_floor_spawned":[7,11,14,18,27,30,31,35,36],"killed_by":"Giant Head","ascension_level":0}}