{"host":"soyfmymeou4emntr","time":1614135552,"event":{"mods":["BaseMod","Custom Start","Minty Spire (QoL Compilation)","Permanent Neow","Relic Sorter","Relic Stats","StSLib"],"gold_per_floor":[13,13,88,88,88,100,146,158,170,200,212,257,282,315,327,435,510,540,595,607,640,175,175,175,175],"floor_reached":24,"language":"ENG","playtime":1829,"items_purged":[],"score":404,"play_id":"87e3672b-d02f-4552-993f-722a151a7bda","local_time":"20210223195912","is_ascension_mode":true,"campfire_choices":[{"floor":6,"key":"REST"},{"floor":11,"key":"REST"},{"data":"1","floor":15,"key":"LIFT"},{"floor":23,"key":"REST"}],"circlet_count":0,"master_deck":["AscendersBane","Strike_G","Strike_G","Strike_G","Strike_G","Strike_G+1","Defend_G+1","Defend_G","Defend_G","Defend_G","Defend_G","Survivor","Neutralize","Apotheosis+1","PiercingWail","Poisoned Stab","Backstab","Blade Dance+1","Dagger Throw","Burst+1","Accuracy","Cloak And Dagger","Deadly Poison+1","PiercingWail","Blade Dance","Footwork","Calculated Gamble","Well Laid Plans","Tools of the Trade","Noxious Fumes","Caltrops"],"relics":["Ring of the Snake","Golden Idol","MawBank","Gremlin Horn","Dream Catcher","Girya","Tiny House","Red Mask","Orrery","War Paint"],"acts_visited":["Exordium","TheCity"],"potions_floor_usage":[7,12,16,16,18],"damage_taken":[{"damage":0,"enemies":"2 Louse","floor":1,"turns":4},{"damage":24,"enemies":"Gremlin Nob","floor":7,"turns":4},{"damage":1,"enemies":"Small Slimes","floor":10,"turns":5},{"damage":8,"enemies":"Lagavulin","floor":12,"turns":5},{"damage":1,"enemies":"Cultist","floor":13,"turns":3},{"damage":2,"enemies":"Exordium Wildlife","floor":14,"turns":5},{"damage":24,"enemies":"Hexaghost","floor":16,"turns":8},{"damage":3,"enemies":"2 Thieves","floor":18,"turns":5},{"damage":31,"enemies":"Masked Bandits","floor":19,"turns":6},{"damage":7,"enemies":"Chosen","floor":21,"turns":5},{"damage":43,"enemies":"Slavers","floor":24,"turns":3}],"seed_played":"-3320171341961242165","potions_obtained":[{"floor":1,"key":"SkillPotion"},{"floor":10,"key":"Fire Potion"},{"floor":12,"key":"Strength Potion"},{"floor":14,"key":"Fruit Juice"},{"floor":17,"key":"AttackPotion"},{"floor":21,"key":"SmokeBomb"}],"is_trial":false,"path_per_floor":["M","?","?","?","?","R","E","?","T","M","R","E","M","M","R","B",null,"M","?","?","M","$","R","E"],"character_chosen":"THE_SILENT","items_purchased":["Blade Dance","Orrery","War Paint","Noxious Fumes"],"campfire_rested":3,"item_purchase_floors":[22,22,22,22],"current_hp_per_floor":[59,59,48,30,12,30,6,26,26,25,43,35,34,32,32,13,57,54,23,23,16,16,37,0,0],"gold":175,"neow_bonus":"RANDOM_COLORLESS_2","is_daily":false,"chose_seed":false,"campfire_upgraded":0,"win_rate":0.0,"timestamp":1614135552,"path_taken":["M","?","?","?","?","R","E","?","T","M","R","E","M","M","R","BOSS","M","?","?","?","$","R","E"],"items_purchased_type":["Card","Relic","Relic","Card"],"build_version":"2020-12-22","purchased_purges":0,"victory":false,"max_hp_per_floor":[66,60,60,60,60,60,60,60,60,60,60,60,60,60,60,65,70,70,70,70,70,70,70,70,70],"relic_stats":{"Dream Catcher":2,"Gremlin Horn":[6,6],"counters":[11,53],"Golden Idol":74,"War Paint":["Deadly Poison","Blade Dance"],"MawBank":204,"obtain_stats":[{"Girya":12,"Dream Catcher":9,"Tiny House":17,"Gremlin Horn":7,"Golden Idol":2,"Orrery":22,"Red Mask":19,"War Paint":22,"MawBank":5,"Ring of the Snake":0},{"Girya":4,"Dream Catcher":2,"Tiny House":7,"Gremlin Horn":2,"Golden Idol":1,"Orrery":10,"Red Mask":9,"War Paint":10,"MawBank":1,"Ring of the Snake":0},{"Girya":18,"Dream Catcher":8,"Tiny House":34,"Gremlin Horn":8,"Golden Idol":4,"Orrery":50,"Red Mask":45,"War Paint":50,"MawBank":4,"Ring of the Snake":0}],"Ring of the Snake":[22]},"card_choices":[{"not_picked":["Thinking Ahead","Panache"],"picked":"Apotheosis","floor":0},{"not_picked":["Acrobatics","Prepared"],"picked":"PiercingWail","floor":1},{"not_picked":["Sucker Punch","Accuracy"],"picked":"Poisoned Stab","floor":7},{"not_picked":["Dodge and Roll","Backflip"],"picked":"Backstab","floor":10},{"not_picked":["Dodge and Roll","Calculated Gamble"],"picked":"Blade Dance","floor":11},{"not_picked":["Prepared","Backstab","Underhanded Strike"],"picked":"SKIP","floor":13},{"not_picked":["Quick Slash","Concentrate"],"picked":"Dagger Throw","floor":14},{"not_picked":["Unload","Doppelganger"],"picked":"Burst","floor":16},{"not_picked":["Leg Sweep","Masterful Stab"],"picked":"Accuracy","floor":17},{"not_picked":["Dagger Throw","Blur"],"picked":"Cloak And Dagger","floor":18},{"not_picked":["Catalyst","Underhanded Strike"],"picked":"Deadly Poison","floor":19},{"not_picked":["Dagger Spray","Calculated Gamble"],"picked":"PiercingWail","floor":21},{"not_picked":["Outmaneuver","Quick Slash"],"picked":"Footwork","floor":22},{"not_picked":["Concentrate","Slice"],"picked":"Calculated Gamble","floor":22},{"not_picked":["Sucker Punch","Flying Knee"],"picked":"Well Laid Plans","floor":22},{"not_picked":["Quick Slash+1","Bane+1"],"picked":"Tools of the Trade","floor":22},{"not_picked":["Riddle With Holes","Quick Slash"],"picked":"Caltrops","floor":23}],"player_experience":3516290,"relics_obtained":[{"floor":7,"key":"Gremlin Horn"},{"floor":9,"key":"Dream Catcher"},{"floor":12,"key":"Girya"},{"floor":19,"key":"Red Mask"}],"event_choices":[{"damage_healed":0,"gold_gain":0,"player_choice":"Lose Max HP","damage_taken":0,"relics_obtained":["Golden Idol"],"max_hp_gain":0,"max_hp_loss":6,"event_name":"Golden Idol","floor":2,"gold_loss":0},{"damage_healed":0,"gold_gain":75,"player_choice":"Gather Gold","damage_taken":11,"max_hp_gain":0,"max_hp_loss":0,"event_name":"World of Goop","floor":3,"gold_loss":0},{"damage_healed":0,"gold_gain":0,"player_choice":"Entered Light","damage_taken":18,"max_hp_gain":0,"max_hp_loss":0,"event_name":"Shining Light","floor":4,"gold_loss":0,"cards_upgraded":["Defend_G","Strike_G"]},{"damage_healed":0,"gold_gain":0,"player_choice":"Success","damage_taken":18,"relics_obtained":["MawBank"],"max_hp_gain":0,"max_hp_loss":0,"event_name":"Scrap Ooze","floor":5,"gold_loss":0},{"damage_healed":20,"gold_gain":0,"player_choice":"Banana","damage_taken":0,"max_hp_gain":0,"max_hp_loss":0,"event_name":"Big Fish","floor":8,"gold_loss":0},{"damage_healed":0,"gold_gain":0,"player_choice":"Fought Bandits","damage_taken":0,"max_hp_gain":0,"max_hp_loss":0,"event_name":"Masked Bandits","floor":19,"gold_loss":0},{"damage_healed":0,"gold_gain":0,"player_choice":"Upgraded","damage_taken":0,"max_hp_gain":0,"max_hp_loss":0,"event_name":"Upgrade Shrine","floor":20,"gold_loss":0,"cards_upgraded":["Apotheosis"]}],"is_beta":false,"boss_relics":[{"not_picked":["Busted Crown","Velvet Choker"],"picked":"Tiny House"}],"items_purged_floors":[],"is_endless":false,"potions_floor_spawned":[1,10,12,14,21],"killed_by":"Slavers","ascension_level":20}}