{"host":"raaimkojny05jekw","time":1614183426,"event":{"mods":["AchievementEnabler","BaseMod","Colored Map","Colored Powertips","DeckTracker","Minty Spire (QoL Compilation)","Quick Restart","Rare Cards Sparkle","everything is the same but u backflip on backflip"],"gold_per_floor":[110,110,129,18,33,33,48,48,48,80,80,410,375,391,391,493,493,504,524,524,623,623,623,640,640,640],"floor_reached":25,"language":"KOR","playtime":697,"items_purged":["Strike_R"],"score":338,"play_id":"4938d7eb-eba5-41a3-8f7e-706832986b08","local_time":"20210225011706","is_ascension_mode":true,"campfire_choices":[{"data":"Bash","floor":6,"key":"SMITH"},{"data":"Blood for Blood","floor":8,"key":"SMITH"},{"data":"Iron Wave","floor":11,"key":"SMITH"},{"data":"Armaments","floor":15,"key":"SMITH"},{"floor":23,"key":"REST"}],"circlet_count":0,"master_deck":["AscendersBane","Strike_R","Strike_R","Defend_R","Defend_R","Defend_R","Defend_R","Bash+1","Demon Form+1","Cleave","Bloodletting","Evolve","Blood for Blood+1","Iron Wave+1","Headbutt","Armaments+1","Thunderclap","Brutality","Shrug It Off","Rage","Combust"],"relics":["Burning Blood","Bottled Flame","Juzu Bracelet","Old Coin","Mark of Pain"],"acts_visited":["Exordium","TheCity"],"potions_floor_usage":[10,12,16,24],"damage_taken":[{"damage":4,"enemies":"2 Louse","floor":1,"turns":3},{"damage":1,"enemies":"Cultist","floor":3,"turns":3},{"damage":13,"enemies":"Jaw Worm","floor":5,"turns":4},{"damage":0,"enemies":"Large Slime","floor":7,"turns":4},{"damage":35,"enemies":"Lagavulin","floor":10,"turns":5},{"damage":18,"enemies":"3 Sentries","floor":12,"turns":6},{"damage":15,"enemies":"Exordium Wildlife","floor":14,"turns":4},{"damage":32,"enemies":"Hexaghost","floor":16,"turns":7},{"damage":28,"enemies":"2 Thieves","floor":18,"turns":3},{"damage":25,"enemies":"3 Byrds","floor":19,"turns":5},{"damage":17,"enemies":"Centurion and Healer","floor":24,"turns":4},{"damage":20,"enemies":"Chosen and Byrds","floor":25,"turns":4}],"seed_played":"-2022500751289646252","potions_obtained":[{"floor":1,"key":"SteroidPotion"},{"floor":3,"key":"Fire Potion"},{"floor":14,"key":"DuplicationPotion"},{"floor":16,"key":"FearPotion"},{"floor":18,"key":"Strength Potion"}],"is_trial":false,"path_per_floor":["M","?","M","$","M","R","M","R","T","E","R","E","?","M","R","B",null,"M","M","?","?","?","R","M","M"],"character_chosen":"IRONCLAD","items_purchased":["Evolve"],"campfire_rested":1,"item_purchase_floors":[4],"current_hp_per_floor":[72,72,72,72,65,65,71,71,71,42,42,30,48,39,39,13,57,35,16,3,3,3,26,15,0,0],"gold":640,"neow_bonus":"THREE_RARE_CARDS","is_daily":false,"chose_seed":false,"campfire_upgraded":4,"win_rate":0.0,"timestamp":1614183426,"path_taken":["M","?","M","$","?","R","M","R","T","E","R","E","?","M","R","BOSS","M","M","?","?","?","R","M","M"],"items_purchased_type":["Card"],"build_version":"2020-12-22","purchased_purges":1,"victory":false,"max_hp_per_floor":[72,72,72,72,72,72,72,72,72,72,72,72,72,72,72,72,72,72,72,77,77,77,77,77,77,77],"card_choices":[{"not_picked":["Exhume","Feed"],"picked":"Demon Form","floor":0},{"not_picked":["Spot Weakness","True Grit"],"picked":"Cleave","floor":1},{"not_picked":["Clash","Twin Strike"],"picked":"Bloodletting","floor":3},{"not_picked":["Searing Blow","Perfected Strike"],"picked":"Blood for Blood","floor":5},{"not_picked":["Cleave","Fire Breathing"],"picked":"Iron Wave","floor":7},{"not_picked":["Dual Wield","Exhume"],"picked":"Headbutt","floor":10},{"not_picked":["Combust","Cleave"],"picked":"Armaments","floor":12},{"not_picked":["Rupture","Iron Wave"],"picked":"Thunderclap","floor":14},{"not_picked":["Fiend Fire","Corruption"],"picked":"Brutality","floor":16},{"not_picked":["Spot Weakness","Clash"],"picked":"Shrug It Off","floor":18},{"not_picked":["Armaments","Havoc","Feel No Pain"],"picked":"SKIP","floor":19},{"not_picked":["Iron Wave","Thunderclap","Infernal Blade"],"picked":"SKIP","floor":24}],"player_experience":785143,"relics_obtained":[{"floor":9,"key":"Bottled Flame"},{"floor":10,"key":"Juzu Bracelet"},{"floor":12,"key":"Old Coin"}],"event_choices":[{"damage_healed":0,"gold_gain":0,"player_choice":"Upgraded","damage_taken":0,"max_hp_gain":0,"max_hp_loss":0,"event_name":"Upgrade Shrine","floor":2,"gold_loss":0,"cards_upgraded":["Demon Form"]},{"damage_healed":18,"gold_gain":0,"player_choice":"Healed","damage_taken":0,"max_hp_gain":0,"max_hp_loss":0,"event_name":"The Cleric","floor":13,"gold_loss":35},{"damage_healed":0,"gold_gain":0,"player_choice":"Shed Blood","damage_taken":18,"max_hp_gain":5,"max_hp_loss":0,"event_name":"Forgotten Altar","floor":20,"gold_loss":0},{"damage_healed":0,"gold_gain":99,"player_choice":"Stole From Cult","damage_taken":0,"max_hp_gain":0,"max_hp_loss":0,"event_name":"Nest","floor":21,"gold_loss":0},{"damage_healed":0,"gold_gain":0,"cards_transformed":["Strike_R","Strike_R"],"player_choice":"Became Test Subject","damage_taken":0,"max_hp_gain":0,"max_hp_loss":0,"event_name":"Drug Dealer","floor":22,"gold_loss":0,"cards_obtained":["Rage","Combust"]}],"is_beta":false,"boss_relics":[{"not_picked":["Velvet Choker","Calling Bell"],"picked":"Mark of Pain"}],"items_purged_floors":[4],"is_endless":false,"potions_floor_spawned":[1,3,14,16,18,19],"killed_by":"Chosen and Byrds","ascension_level":12}}