{"host":"gzkog77z98jljj1h","time":1614211067,"event":{"mods":["Act Like it!","Astrologer","BaseMod","Colored Map","Conspire","Downfall","Energized Spire","Fiend Mod","Halation","Hubris","Infinite Spire","Marisa????????","Mimic Mod","Minty Spire (QoL Compilation)","Random Character Button","Relic Sorter","Replay The Spire","Ruina","Shop Mod","Somnambulant","StSLib","Td1madao Mod","The Administrix","The Construct","The Cursed","The Disciple","The Elementalist","The Hierophant","The Jungle","The Marked","The Mystic","The Runesmith","The Servant 0.9.4","Trackpad"],"gold_per_floor":[119,85,85,163,163,188,188,198,198,217,232,251,16,16,16,111,111,111,111],"floor_reached":18,"language":"ENG","playtime":779,"items_purged":[],"score":168,"play_id":"fab3c0bf-b154-4ab2-aa39-a08ff280ca98","local_time":"20210224175747","is_ascension_mode":true,"campfire_choices":[{"data":"Genetic Algorithm","floor":7,"key":"SMITH"},{"floor":15,"key":"REST"}],"circlet_count":0,"master_deck":["Strike_B","Strike_B","Strike_B","Strike_B","Defend_B","Defend_B","Defend_B","Defend_B","Zap+1","Dualcast","Ball Lightning","Doom and Gloom","Gash","Genetic Algorithm+1","White Noise","Sunder","Defragment","Rip and Tear","Loop","hubris:SpecializedCircuitry"],"relics":["Cracked Core","trackpad:WritersBlock","Boot","Mirror","Regal Pillow","Prayer Wheel","hubris:TerracottaHorce"],"acts_visited":["Exordium","TheCity"],"potions_floor_usage":[6,16,16],"damage_taken":[{"damage":1,"enemies":"Jaw Worm","floor":1,"turns":3},{"damage":15,"enemies":"Lagavulin","floor":6,"turns":5},{"damage":5,"enemies":"Small Slimes","floor":8,"turns":3},{"damage":1,"enemies":"2 Louse","floor":10,"turns":2},{"damage":14,"enemies":"Exordium Wildlife","floor":11,"turns":3},{"damage":9,"enemies":"Gremlin Gang","floor":12,"turns":2},{"damage":47,"enemies":"The Guardian","floor":16,"turns":9},{"damage":2,"enemies":"Shell Parasite","floor":18,"turns":3}],"seed_played":"955011430122812263","potions_obtained":[{"floor":1,"key":"Energy Potion"},{"floor":4,"key":"Doom Potion"},{"floor":4,"key":"Milkshake"},{"floor":8,"key":"SkillPotion"},{"floor":11,"key":"Strength Potion"}],"is_trial":false,"path_per_floor":["M","$","?","?","?","E","R","M","T","M","M","M","$","?","R","B",null,"M"],"character_chosen":"DEFECT","items_purchased":["Doom and Gloom","Regal Pillow","Loop"],"campfire_rested":1,"item_purchase_floors":[2,13,13],"current_hp_per_floor":[74,74,74,56,56,41,41,36,36,35,21,12,12,12,49,2,57,55,55],"gold":111,"neow_bonus":"UPGRADE_CARD","is_daily":false,"chose_seed":false,"campfire_upgraded":1,"win_rate":0.0,"timestamp":1614211067,"path_taken":["M","$","?","?","?","E","R","M","T","?","M","?","$","?","R","BOSS","M"],"items_purchased_type":["Card","Relic","Card"],"build_version":"2020-12-22","purchased_purges":0,"victory":false,"max_hp_per_floor":[75,75,75,75,75,75,75,75,75,75,75,75,75,75,75,75,75,75,75],"card_choices":[{"not_picked":["Gash","Leap"],"picked":"Ball Lightning","floor":1},{"not_picked":["Steam","Chill"],"picked":"Gash","floor":4},{"not_picked":["Undo","Meteor Strike"],"picked":"Genetic Algorithm","floor":6},{"not_picked":["Redo","Barrage"],"picked":"White Noise","floor":8},{"not_picked":["Redo","Beam Cell"],"picked":"Sunder","floor":10},{"not_picked":["ReplayTheSpireMod:Repulse","ReplayTheSpireMod:Reroute Power"],"picked":"Defragment","floor":11},{"not_picked":["Rebound","Streamline"],"picked":"Rip and Tear","floor":12},{"not_picked":["Rainbow","Multi-Cast"],"picked":"hubris:SpecializedCircuitry","floor":16}],"player_experience":290068,"relics_obtained":[{"floor":4,"key":"trackpad:WritersBlock"},{"floor":6,"key":"Boot"},{"floor":9,"key":"Mirror"}],"event_choices":[{"damage_healed":0,"gold_gain":0,"player_choice":"Disagree","damage_taken":0,"max_hp_gain":0,"max_hp_loss":0,"event_name":"conspire:LoneGhost","floor":3,"gold_loss":0},{"damage_healed":0,"gold_gain":0,"player_choice":"Ignored","damage_taken":0,"max_hp_gain":0,"max_hp_loss":0,"event_name":"Shining Light","floor":14,"gold_loss":0}],"is_beta":false,"boss_relics":[{"not_picked":["halation:PinkAlligatorPlush","Fiend:Scarf"],"picked":"hubris:TerracottaHorce"}],"items_purged_floors":[],"is_endless":false,"potions_floor_spawned":[1,8,11],"killed_by":"Shell Parasite","ascension_level":1}}