{"host":"imy0w7zcgpxryx7c","time":1614143339,"event":{"mods":["AchievementEnabler","BaseMod","Colored Powertips","Minty Spire (QoL Compilation)","Relic Sorter","StSLib"],"gold_per_floor":[117,117,117,130,140,140,12,40,40,40,5,5,24,42,42,42,42],"floor_reached":16,"language":"ENG","playtime":1534,"items_purged":["Strike_B"],"score":155,"play_id":"8b15df70-e777-415f-953e-56f4e79ccf39","local_time":"20210224000859","is_ascension_mode":true,"campfire_choices":[{"data":"Zap","floor":6,"key":"SMITH"},{"data":"Coolheaded","floor":12,"key":"SMITH"},{"data":"Go for the Eyes","floor":15,"key":"SMITH"}],"circlet_count":0,"master_deck":["AscendersBane","Strike_B","Strike_B","Defend_B","Defend_B","Defend_B","Defend_B","Zap+1","Dualcast","Conserve Battery","Skim","Go for the Eyes+1","Coolheaded+1","Seek","Chill"],"relics":["Cracked Core","NeowsBlessing","Mummified Hand","Matryoshka"],"acts_visited":["Exordium"],"potions_floor_usage":[8,16],"damage_taken":[{"damage":0,"enemies":"2 Louse","floor":1,"turns":1},{"damage":0,"enemies":"Small Slimes","floor":4,"turns":1},{"damage":0,"enemies":"Cultist","floor":5,"turns":1},{"damage":24,"enemies":"Lagavulin","floor":8,"turns":8},{"damage":0,"enemies":"2 Fungi Beasts","floor":13,"turns":3},{"damage":9,"enemies":"3 Louse","floor":14,"turns":4},{"damage":6,"enemies":"Hexaghost","floor":16,"turns":11}],"seed_played":"-328538187795862669","potions_obtained":[{"floor":4,"key":"EntropicBrew"}],"is_trial":false,"path_per_floor":["M","?","?","M","M","R","$","E","T","?","?","R","M","M","R","B"],"character_chosen":"DEFECT","items_purchased":["Coolheaded"],"campfire_rested":0,"item_purchase_floors":[7],"current_hp_per_floor":[68,73,66,66,66,66,66,42,42,42,62,62,62,53,53,47,47],"gold":42,"neow_bonus":"THREE_ENEMY_KILL","is_daily":false,"chose_seed":false,"campfire_upgraded":3,"win_rate":0.0,"timestamp":1614143339,"path_taken":["M","?","?","M","M","R","$","E","T","?","?","R","M","M","R","BOSS"],"items_purchased_type":["Card"],"build_version":"2020-12-22","purchased_purges":1,"victory":false,"max_hp_per_floor":[75,80,80,80,80,80,80,80,80,80,80,80,80,80,80,80,80],"card_choices":[{"not_picked":["Compile Driver","Beam Cell"],"picked":"Conserve Battery","floor":1},{"not_picked":["Coolheaded","Redo"],"picked":"Skim","floor":4},{"not_picked":["Coolheaded","Sweeping Beam"],"picked":"Go for the Eyes","floor":5},{"not_picked":["Chaos","Cold Snap"],"picked":"Seek","floor":8},{"not_picked":["Ball Lightning","Leap","Glacier"],"picked":"SKIP","floor":13},{"not_picked":["Melter","Rebound"],"picked":"Chill","floor":14}],"player_experience":491863,"relics_obtained":[{"floor":8,"key":"Mummified Hand"},{"floor":9,"key":"Matryoshka"}],"event_choices":[{"damage_healed":0,"gold_gain":0,"player_choice":"Donut","damage_taken":0,"max_hp_gain":5,"max_hp_loss":0,"event_name":"Big Fish","floor":2,"gold_loss":0},{"cards_removed":["Strike_B"],"damage_healed":0,"gold_gain":0,"player_choice":"Card Removal","damage_taken":7,"max_hp_gain":0,"max_hp_loss":0,"event_name":"Golden Wing","floor":3,"gold_loss":0},{"damage_healed":0,"gold_gain":0,"player_choice":"Ignored","damage_taken":0,"max_hp_gain":0,"max_hp_loss":0,"event_name":"Liars Game","floor":10,"gold_loss":0},{"damage_healed":20,"gold_gain":0,"player_choice":"Healed","damage_taken":0,"max_hp_gain":0,"max_hp_loss":0,"event_name":"The Cleric","floor":11,"gold_loss":35}],"is_beta":false,"boss_relics":[],"items_purged_floors":[7],"is_endless":false,"potions_floor_spawned":[4,14],"killed_by":"Hexaghost","ascension_level":11}}